4359 6250
871 468 992 532 400
1501 485 1565 530 ΙΝ
1607 483 1828 530 LIBRUM
1869 483 1890 528 1
1933 481 2414 528 SENTENRARUM.
2461 499 2542 507 —
2582 480 2735 525 msT.
2780 480 3011 542 xxxvl3
3055 479 3279 535 QUAEST.
3325 480 3346 524 1

869 663 1046 717 ctum
1079 653 1221 735 ejus
1259 653 1336 714 ad
1373 670 1508 714 rem
1546 653 1711 715 Deus
1751 659 2048 734 operatur
2078 667 2092 712 ε
2125 649 2369 732 paradi·
2396 647 2447 711 Α
2482 648 2695 730 piaris,
2721 656 2875 730 puta
2905 648 3083 722 ideae,
3108 655 3257 710 sunt
3286 667 3395 710 sex
3422 666 3436 711 ε
3470 647 3777 729 primum,
3801 646 3977 728 quod

867 772 1015 835 grna
1038 753 1210 815 enim
1241 751 1476 814 dicitur
1505 771 1541 813 a
1569 753 1740 836 παρά,
1764 750 1933 832 quod
1964 757 2057 811 est
2083 749 2281 830 juxta,
2306 755 2367 809 et
2478 747 2557 808 sit
2608 746 2965 810 similitudo
3012 755 3075 809 et
3125 747 3371 829 species
3423 744 3931 828 exemplatorum
3957 762 3976 814 ;

870 857 1076 936 δόγμᾳ,
1111 851 1291 933 quasi
1323 851 1558 913 docens
1601 849 1872 931 operari.
1907 849 2180 910 Vocatur
2214 847 2365 908 item
2477 845 2856 918 secundum,
2908 846 3076 928 quod
3129 845 3210 908 sit
3257 844 3411 906 foris
3460 850 3639 907 extra
3683 863 3783 906 res
3828 863 3978 907 om-

867 951 1146 1013 mundus
1176 950 1557 1030 archetypus
1588 966 1625 1010 a
1654 947 1905 1010 Platone
1935 946 2000 1008 in
2028 945 2285 1018 Timaeo,
2306 943 2368 1006 id
2478 961 2627 1022 nes3
2668 944 2953 1018 tertium,
2997 943 3166 1025 quod
3205 943 3286 1004 sit
3327 943 3392 1004 in
3443 943 3570 1005 Deo
3619 943 3979 1004 secundum

867 1056 962 1111 est
994 1047 1346 1130 principale
1377 1047 1724 1128 exemplar,
1747 1045 1828 1108 ab
1860 1044 2049 1130 ἁρχός,
2077 1044 2243 1125 quod
2275 1051 2370 1104 est
2480 1041 2787 1103 rationem
2824 1041 3182 1103 intellectus
3213 1041 3501 1122 practici,
3538 1041 3647 1122 qui
3679 1039 3981 1103 volunta-

868 1148 1188 1230 princepS,
1231 1154 1294 1208 et
1335 1151 1525 1218 τύπος,
1567 1145 1737 1226 quod
1778 1150 1868 1205 est
1910 1142 2255 1223 exemplar.
2290 1177 2371 1185 —
2480 1148 2607 1202 tem
2656 1139 2956 1218 includit;
3008 1146 3329 1221 quartum,
3364 1139 3547 1221 'quod
3592 1138 3719 1200 siut
3763 1137 3983 1220 priora

867 1246 996 1308 Nec
1040 1246 1160 1307 ista
1202 1243 1473 1306 dicendo
1516 1242 1858 1304 incidimus
1909 1258 2191 1302 errorem
2241 1239 2371 1302 Pla·
2481 1237 2728 1301 cunctis
2774 1238 3023 1312 creatis,
3072 1238 3224 1320 quia
3268 1246 3506 1301 aeterna
3547 1244 3697 1300 sunt
3739 1245 3805 1299 et
3844 1254 3983 1299 non

869 1345 1058 1416 tonis,
1094 1343 1205 1426 qui
1237 1342 1450 1424 posuit
1479 1341 1766 1423 duplices
1801 1340 1993 1412 ideas,
2028 1338 2365 1401 videlicet:
2479 1337 2646 1400 facta
2679 1355 2696 1415 ;
2748 1337 3069 1419 quintum,
3118 1337 3286 1419 quod
3337 1355 3404 1398 se
3454 1335 3729 1399 habeant
3776 1336 3985 1398 instar

869 1443 1106 1505 formas
1157 1441 1460 1524 quasdam
1515 1447 1832 1521 separatas
1881 1445 2027 1500 ante
2076 1456 2212 1498 rem
2265 1455 2369 1498 ex·
2482 1435 2841 1498 intellectus
2904 1435 2969 1496 in
3029 1452 3157 1517 quo
3210 1441 3380 1509 sunt,
3442 1434 3593 1516 quia
3651 1453 3831 1516 pura,
3882 1433 3983 1494 in-

870 1540 1187 1615 sistentes,
1230 1559 1372 1621 quae
1410 1538 1539 1600 sint
1580 1525 1897 1619 principia
1934 1535 2219 1598 scientiae
2252 1530 2369 1615 'ge-
2480 1531 2831 1606 variabilia,
2885 1531 3423 1614 quemadmodum
3475 1550 3657 1594 mens
3716 1531 3982 1608 divina;

869 1638 1343 1720 nerationisque
1395 1655 1632 1708 rerum,
1683 1653 1801 1698 nec
1855 1635 1982 1696 sint
2038 1633 2101 1694 in
2157 1640 2370 1695 mente
2480 1639 2754 1705 sextum,
2802 1631 2972 1713 quod
3024 1630 3151 1692 sint
3201 1647 3393 1692 causa
3442 1630 3690 1692 entium
3744 1630 3984 1712 produ-

869 1737 1106 1810 divina‚
1157 1736 1268 1798 sed
1316 1735 1444 1797 sint
1495 1734 1710 1796 lumen
1760 1732 2036 1794 effluens
2081 1752 2118 1794 a
2161 1731 2369 1813 prima
2482 1729 2666 1792 ctiva.
2709 1765 2791 1774 --
2832 1729 2976 1792 Haec
3024 1727 3371 1791 UdalricuS.

871 1856 1060 1900 causa
1110 1856 1123 1899 :
1179 1836 1345 1917 quod
1399 1835 1616 1896 lumen
1676 1841 1842 1896 esset
1897 1832 2188 1895 omnium
2243 1830 2375 1894 for-
2406 1832 2453 1895 B

871 1953 1119 1997 marum
1159 1933 1538 2016 hypostasiS,
1573 1932 1739 1994 sicut
1781 1931 2000 1992 lumen
2041 1929 2367 2011 corporale
2558 1926 2862 1988 Praeterea
2890 1926 2968 1987 de
2998 1925 3098 1988 his
3137 1925 3340 1987 multa
3377 1924 3601 1987 scribit
3641 1924 3985 1987 Durandus

870 2033 1080 2096 omnis
1117 2032 1367 2095 coloris.
1417 2031 1536 2094 Sed
1580 2031 1692 2092 has
1737 2029 1908 2092 ideas
1947 2027 2367 2108 Philosophus
2479 2043 2621 2106 quae
2667 2025 3079 2106 praeinductis
3138 2042 3414 2087 consona
3468 2042 3596 2087 non
3656 2024 3981 2086 videntur.

871 2131 1168 2219 reprobat
1199 2131 1408 2212 primo
1439 2128 1899 2211 Metaphysicae,
1933 2127 2152 2189 dicens
2193 2125 2368 2188 vani·
2480 2122 2633 2184 Nam
2699 2123 2863 2185 inter
2914 2131 3123 2185 cetera
3177 2122 3459 2206 loquitur
3512 2143 3526 2186 z
3578 2123 3715 2186 Non
3762 2123 3985 2185 omnis

873 2230 1161 2312 loquium
1193 2247 1330 2291 esse
1362 2228 1770 2310 poeticasque
1805 2225 2231 2308 metaphoras,
2259 2241 2367 2305 po·
2479 2219 2685 2283 forma
2733 2221 3181 2284 intellectualis
3230 2228 3439 2303 potest
3485 2221 3612 2283 dici
3658 2221 3818 2294 idea,
3860 2221 3985 2282 sed

873 2347 1022 2390 nere
1053 2347 1176 2390 eas.
1201 2327 1372 2388 Alias
1403 2325 1576 2388 ideas
1607 2325 1819 2407 posuit
1849 2323 2020 2386 Plato
2053 2323 2118 2384 in
2152 2328 2367 2384 mente
2480 2319 2688 2381 solum
2720 2319 2827 2382 illa
2856 2320 2935 2382 ad
2975 2319 3159 2400 cujus
3201 2318 3691 2382 similitudinem
3732 2327 3827 2381 est
3864 2318 3988 2380 ali-

871 2426 1108 2502 divina,
1143 2433 1213 2487 ut
1243 2431 1412 2508 patet
1444 2424 1510 2486 in
1544 2424 1750 2505 primo
1781 2421 2024 2496 Timaei,
2059 2421 2170 2482 ubi
2204 2438 2368 2483 asse·
2480 2418 2634 2499 quid
2674 2417 3091 2501 producibile.
3129 2417 3390 2500 Propter
3428 2417 3596 2501 quod
3620 2417 4310 2504 S.Diony-ns2nin1=1.¹

873 2527 956 2588 rit
1003 2527 1203 2588 Deum
1246 2523 1493 2606 operari
1535 2522 1613 2585 ad
1657 2529 1833 2584 extra
1875 2521 1952 2582 ad
1997 2519 2364 2602 exemplum
2480 2517 2613 2578 sius
2652 2516 2823 2578 ideas
2868 2516 3256 2598 exemplaria
3293 2525 3496 2579 vocat.
3541 2517 3777 2578 Seneca
3816 2511 4119 2598 quo-''m''¹

871 2625 1135 2687 sincerae
1171 2631 1361 2705 atque
1405 2627 1730 2703 perpetuae
1772 2626 1834 2682 et
1878 2616 2369 2681 incommutabi-
2480 2615 2696 2697 quein
2720 2615 2989 2698 epistola
3016 2615 3094 2677 ad
3120 2615 3436 2678 Lucilium
3471 2615 3806 2678 disseruit:
3830 2615 3989 2677 Idea

873 2722 952 2784 lis
993 2721 1395 2805 proprietatis
1434 2726 1495 2782 et
1540 2718 1822 2792 rationiS‚
1866 2736 1992 2780 non
2035 2717 2114 2778 ad
2157 2734 2368 2778 exem·
2481 2721 2575 2776 est
2618 2713 2943 2796 exemplar
2988 2713 3066 2775 ad
3116 2713 3284 2794 quod
3334 2713 3563 2775 artifex
3612 2713 3986 2795 adspiciens

874 2822 1010 2903 plar
1058 2821 1298 2884 factum
1348 2825 1456 2881 aut
1502 2817 1896 2880 elaboratum
1947 2835 2058 2878 seu
2109 2815 2366 2877 aliunde
2479 2820 2793 2893 operatur.
2831 2811 3170 2894 Exemplar
3198 2819 3411 2874 autem
3444 2813 3645 2874 estad
3678 2811 3864 2892 cujus
3898 2811 3989 2873 si—

872 2928 1227 3003 acceptum.
1286 2917 1400 2981 Cui
1433 2916 1755 3010 positioni
1807 2914 2175 2977 Aristoteles
2222 2931 2368 2975 con-
2481 2910 2912 2972 militudinem
2960 2909 3205 2993 aliquid
3252 2910 3331 2971 fit
3376 2917 3485 2973 aut
3528 2909 3809 2972 factibile
3850 2918 3980 2972 est.

873 3019 1087 3086 sentit,
1122 3035 1240 3078 nec
1271 3023 1491 3078 contra
1521 3014 1641 3077 hoc
1679 3013 1893 3096 aliqqa
1933 3012 2368 3092 objectionum
2400 3012 2443 3076 C
2479 3009 2621 3071 Idea
2668 3026 2818 3089 ergo
2865 3016 2960 3071 est
3009 3007 3216 3070 forma
3263 3028 3375 3071 seu
3434 3009 3594 3071 ratio
3649 3009 3726 3071 ad
3786 3008 3987 3089 cujus

875 3135 1134 3180 suarum
1196 3114 1501 3198 procedit.
1565 3113 1795 3194 Sicque
1853 3111 2245 3193 Augustinus
2304 3110 2369 3172 in
2478 3107 2967 3171 similitudinem
2998 3126 3188 3189 agens
3218 3127 3333 3190 per
3360 3115 3561 3171 artem
3594 3105 3836 3190 aliquid
3869 3126 3991 3190 po-

876 3215 1040 3277 libro
1070 3215 1148 3276 de
1181 3213 1412 3277 Ordine
1451 3212 1539 3274 ait
1572 3230 1586 3273 :
1620 3212 1758 3273 Non
1797 3209 2030 3272 erravit
2058 3210 2231 3272 Plato
2266 3227 2372 3291 po-
2478 3214 2601 3270 test
2644 3207 3012 3289 producere.

874 3332 1033 3375 nens
1067 3309 1534 3392 intelligibilem
1568 3309 1900 3381 mundum,
1934 3326 2126 3389 quem
2157 3306 2373 3390 appel-
2560 3306 2719 3368 Sunt
2759 3314 2972 3367 autem
3018 3305 3174 3369 ideae
3215 3305 3655 3388 propriissime
3706 3305 3771 3367 in
3818 3306 3985 3368 Deo.

877 3412 1030 3474 lavit
1061 3409 1528 3473 immutabilem
1559 3408 2142 3489 sempiternamque
2186 3406 2372 3468 ratio·
2480 3404 2597 3467 Res
2636 3405 2808 3466 enim
2849 3403 3084 3467 habent
3122 3422 3260 3466 esse
3300 3422 3410 3466 sex
3448 3404 3702 3467 modis:
3736 3402 3983 3515 prima,

877 3530 1023 3573 nem
1055 3529 1180 3592 qua
1210 3508 1360 3571 fecit
1392 3509 1556 3571 Deus
1588 3508 1758 3569 hunc
1791 3506 2104 3567 mundum
2135 3523 2148 3566 :
2176 3523 2366 3586 quam
2482 3503 2546 3565 in
2578 3504 2861 3585 potentia
2890 3504 3200 3582 materiae3
3233 3503 3533 3573 secundo,
3570 3502 3637 3565 in
3668 3502 3799 3565 suis
3828 3522 3990 3565 cau-

876 3610 985 3691 qui
1027 3615 1232 3690 negat,
1269 3606 1558 3689 sequitur
1587 3614 1656 3675 ut
1695 3605 1862 3667 dicat
1893 3606 2094 3667 Deum
2125 3602 2370 3665 irratio·
2480 3602 2567 3663 sis
2598 3601 2954 3683 agentibus,
2988 3601 3052 3663 in
3083 3600 3319 3682 quibus
3350 3600 3706 3663 virtualiter
3735 3619 3993 3683 praeex·

876 3708 1176 3770 nabiliter
1218 3706 1447 3768 fecisse
1491 3724 1633 3788 quae
1674 3704 1846 3765 fecit.
2482 3700 2756 3778 sistunt3
2788 3700 2996 3774 tertie,
3033 3700 3097 3762 in
3138 3719 3206 3762 se
3236 3700 3415 3781 ipsis,
3448 3701 3603 3762 dum
3642 3700 3993 3763 actualiter

957 3806 1248 3869 Clemens
1298 3822 1448 3867 vero
1499 3802 1918 3886 philosophus
1960 3801 2121 3862 dixit
2163 3808 2375 3864 exem·
2482 3806 2631 3861 sunt
2660 3799 3012 3882 productae3
3040 3806 3285 3880 quart0,
3311 3798 3376 3860 in
3402 3798 3728 3862 intellectu
3758 3808 3995 3863 nostro

875 3904 1078 3986 plaria
1116 3922 1242 3966 non
1281 3922 1419 3965 esse
1463 3901 1525 3963 iu
1566 3901 1715 3975 Deo,
1758 3919 1874 3962 nec
1914 3907 2221 3980 separata,
2264 3900 2372 3961 sed
2418 3916 2423 3919 ·
2482 3904 2943 3978 cognoscente3
2985 3896 3229 3978 quinto,
3284 3895 3349 3956 in
3398 3894 3726 3959 intellectu
3776 3906 3995 3961 moto-

876 4002 1328 4086 principaliora
1366 4002 1531 4063 inter
1577 3999 1751 4062 entia
1797 4017 1935 4060 esse
1985 3998 2375 4079 exemplaria
2484 4014 2625 4057 rum
2680 3994 2958 4068 orbium,
3007 3995 3315 4076 quoniam
3370 4012 3531 4077 opus
3588 4003 3829 4057 naturae
3884 4006 3999 4059 est

876 4102 1236 4184 aliquorum
1275 4120 1288 4163 :
1324 4099 1493 4181 quod
1525 4099 1749 4180 quinto
1786 4097 2066 4179 capitulo
2097 4096 2174 4158 de
2208 4096 2376 4158 Divi·
2484 4111 2643 4176 opus
2684 4093 3119 4174 intelligentiae
3140 4110 3157 4172 ;
3190 4100 3388 4167 sexto,
3424 4092 3489 4154 in
3522 4092 3844 4155 intellectu
3897 4095 4000 4157 di-

877 4198 978 4260 nis
1009 4195 1379 4260 nominibus
1411 4195 1470 4257 S.
1507 4194 1843 4276 Dionysius
1875 4192 2190 4274 reprobat,
2224 4209 2377 4274 quo-
2404 4196 2454 4257 D
2484 4193 2653 4254 vinc.
2695 4192 2867 4255 Nulli
2904 4200 3117 4257 autem
3152 4210 3292 4254 esse
3326 4191 3429 4279 rei·
3454 4190 3587 4271 jam
3626 4198 3789 4254 tacto
3826 4210 3999 4256 cou-

878 4296 1052 4359 niam
1081 4304 1142 4357 et
1175 4296 1458 4378 ipsorum
1493 4293 2017 4375 principaliorum
2053 4292 2374 4375 exempla-
2484 4290 2660 4353 venit
2700 4289 2857 4352 ratio
2898 4289 3053 4352 ideae
3092 4289 3216 4351 nisi
3258 4298 3435 4352 sexto
3468 4308 3483 4352 ε
3518 4290 3669 4371 quia
3704 4308 3841 4353 esse
3888 4310 3999 4353 re-

880 4396 975 4458 ria
1003 4402 1251 4477 oportet
1281 4412 1419 4455 esse
1460 4393 1526 4454 in
1559 4392 1706 4465 Dec,
1741 4410 1858 4453 nec
1892 4391 2028 4472 ipsa
2056 4390 2376 4471 principa·
2484 4410 2627 4451 rum
2662 4389 2728 4450 in
2761 4388 3047 4462 materia,
3069 4396 3166 4450 est
3196 4387 3569 4470 potentiale3
3595 4388 3733 4451 idea
3760 4395 3995 4452 autem

881 4494 1038 4557 liora
1084 4493 1148 4554 in
1181 4492 1370 4555 rebus
1401 4486 1842 4553 sunt'omnino
1874 4488 2175 4570 perfecta,
2210 4490 2377 4551 sicut
2483 4496 2579 4549 est
2603 4487 2757 4569 quid
2789 4486 3089 4569 primum,
3108 4486 3461 4568 principale
3490 4494 3555 4547 et
3578 4485 3995 4562 invariabile,

879 4592 1208 4674 exemplar
1251 4589 1541 4652 divinum
1592 4587 1749 4650 dicit
1795 4587 2066 4649 formam
2117 4605 2375 4668 prorsus
2484 4593 2603 4647 etc.
2640 4585 2707 4647 ln
2740 4585 2868 4647 Deo
2904 4592 3117 4647 autem
3158 4592 3431 4665 quatuor
3470 4584 3997 4661 considerantur,

882 4690 1252 4774 perfectam,
1294 4687 1455 4752 nihil
1506 4684 1962 4749 materialitatis
2010 4685 2370 4747 habentem.
2485 4683 2781 4745 videlicet
2818 4702 2832 4746 ε
2878 4683 3262 4758 intellectuS,
3308 4690 3371 4745 et
3414 4682 3573 4745 ratio
3622 4682 3995 4747 secundum

630 4822 764 4865 Deae.
795 4832 852 4869 w,
883 4791 1209 4872 Scriptura
1267 4804 1542 4868 namque
1601 4784 1756 4847 dicit
1812 4790 2130 4847 creaturas
2192 4782 2376 4845 nobis
2487 4801 2677 4863 quam
2712 4781 3033 4863 intelligit,
3056 4788 3235 4843 actus
3267 4799 3521 4863 quoque
3553 4780 3997 4861 intelligendi,

587 4886 726 4928 ¹⁵⁴⁹·
881 4908 1020 4953 esse
1051 4895 1334 4951 ostensas
1363 4906 1400 4947 a
1431 4886 1578 4958 Deo,
1614 4901 1739 4946 non
1772 4890 1843 4943 ut
1873 4900 2203 4944 curramus
2235 4888 2377 4963 post
2485 4888 2547 4942 et
2586 4898 2686 4942 res
2727 4879 3067 4954 intellecta,
3102 4887 3254 4961 puta
3292 4878 3619 4960 objectum
3656 4896 3670 4940 τ
3704 4898 3999 4961 quarum

881 5007 1009 5061 eas,
1043 4987 1153 5049 sed
1186 5004 1300 5068 per
1329 5002 1550 5047 earum
1584 4980 2116 5063 proportionalem
2163 4979 2375 5060 cogni·
2487 4977 2605 5040 tria
2662 4978 2871 5060 prima
2928 4986 3076 5039 sunt
3126 4978 3293 5041 idem
3349 4979 3411 5039 in
3462 4978 3611 5051 Dec,
3662 4985 3723 5039 et
3780 4977 3995 5042 etiam

880 5082 1120 5150 tionem
1163 5101 1417 5147 sursum
1457 5080 1778 5161 erigamur
1810 5080 1872 5140 in
1905 5078 2196 5141 omnium
2236 5098 2379 5140 cau·
2485 5085 2805 5158 quartum,
2850 5076 3167 5158 loquendo
3203 5077 3279 5139 de
3318 5076 3530 5158 primo
3566 5083 3628 5138 et
3660 5075 4003 5158 principa-

881 5204 1015 5247 sam
1077 5182 1358 5245 finalem.
1402 5214 1484 5225 --
1528 5176 1843 5259 AmpliuS‚
1897 5176 2064 5237 sicut
2120 5175 2376 5238 divinus
2486 5176 2527 5236 li
2574 5175 2713 5256 ejus
2758 5174 3031 5255 object0,
3073 5175 3244 5256 quod
3285 5182 3379 5237 est
3418 5173 3635 5236 divina
3676 5176 3993 5251 essentia,

882 5282 1216 5365 Dionysius
1240 5280 1425 5342 docet
1451 5277 1562 5352 ibi,
1580 5276 1658 5337 de
1686 5274 1926 5337 ratione
1954 5273 2145 5355 primi
2171 5292 2379 5335 exem·
2483 5291 2612 5335 non
2648 5280 2862 5335 autem
2904 5272 3222 5355 loquendo
3264 5273 3343 5335 de
3384 5271 3759 5335 secundario
3803 5272 3997 5355 obje-
