4359 6250
163 2451 235 2489 art.

258 2451 294 2488 l.

731 492 931 538 Unum
972 491 1127 538 DEUS
1170 490 1415 536 HABEAT
1456 488 1811 566 PERFEGTQM
1853 488 2175 534 scmNTlAM
2219 490 2342 536 NON
2384 490 2579 536 soum
2621 493 2714 538 sul
2758 493 2970 550 IPSIUS,
3013 491 3139 538 ETc.

3363 474 3483 537 383

384 659 521 724 lum
562 660 647 723 sit
684 661 915 738 scienS,
944 663 1059 728 sed
1098 661 1293 725 etiam
1332 659 1615 742 perfecte
1654 665 1717 720 et
1758 676 1887 720 ma·
1916 657 1971 720 A
2076 657 2380 720 Praeterea
2419 659 2496 720 (16
2535 659 2633 722 his
2673 659 2896 723 scribit
2928 659 3166 723 diffuse
3205 661 3272 724 in
3307 661 3487 724 Sum-

383 759 559 822 xime
601 759 813 822 sciens
856 760 1178 824 consistat.

462 858 629 921 Hinc
687 878 886 940 quum
935 877 973 920 a
1022 858 1267 921 Sanctis
1326 866 1435 920 aut
1489 855 1887 938 philosophis

384 956 644 1030 dicitur,
684 957 856 1039 quod
900 958 1066 1018 Deus
1110 973 1240 1018 non
1283 963 1379 1018 est
1423 955 1631 1018 sciens
1680 972 1887 1035 neque

384 1054 773 1135 intelligam,
808 1053 1297 1136 intelligendum
1336 1061 1433 1115 est
1467 1053 1587 1115 hoc
1627 1071 1742 1134 per
1781 1070 1887 1114 ex·

384 1170 662 1226 cessum,
704 1152 856 1234 quia
904 1151 1310 1215 eminentiori
1366 1151 1552 1214 modo
1602 1149 1726 1212 sibi
1771 1149 1890 1211 sci-

382 1250 559 1312 entia
598 1251 899 1312 convenit
936 1269 1128 1332 quam
1170 1267 1395 1332 capere
1432 1249 1774 1311 valeamus.
1808 1283 1889 1292 —

384 1347 513 1408 Nec
571 1347 841 1409 scientia
898 1347 1010 1410 Dei
1080 1347 1515 1428 praesupponit
1571 1346 1769 1407 vitam
1826 1351 1889 1405 et

384 1464 525 1506 esse
583 1445 767 1526 quasi
826 1445 1069 1526 aliquid
1117 1463 1154 1505 a
1199 1462 1268 1506 se
1316 1443 1727 1522 distinctum3
1777 1442 1887 1504 sed

384 1544 601 1625 ipsum
632 1561 773 1605 esse
802 1543 938 1616 Dei,
972 1561 1172 1624 quum
1212 1541 1293 1603 sit
1332 1541 1887 1622 simplicissimum

385 1651 447 1704 et
479 1641 863 1724 perfectum,
897 1640 1167 1703 includit
1198 1641 1263 1701 in
1296 1659 1363 1702 se
1394 1639 1729 1702 scientiam
1758 1657 1890 1700 om-

384 1759 667 1822 nemque
698 1738 1177 1822 perfectionem.
1213 1738 1358 1800 ldeo
1397 1737 1667 1799 scientia
1695 1755 1889 1818 quan-

1999 773 2101 817 ma
2132 764 2352 818 contra
2380 758 2670 837 gentileS,
2698 758 2906 840 primo
2938 759 3122 833 libr0‚
3146 760 3486 821 ostendens

1940 848 1957 863 ‘
1998 854 2167 935 quod
2201 855 2367 916 Deus
2407 855 2488 917 ob
2528 876 2709 918 suam
2750 857 3225 940 simplicitatem
3266 865 3362 920 est
3390 877 3491 920 su-

1998 971 2107 1014 um
2149 952 2314 1014 scire
2352 961 2416 1016 et
2449 954 2838 1036 intelligere3
2883 965 2944 1018 et
2975 956 3140 1018 sicut
3179 975 3367 1019 suum
3399 975 3490 1018 es—

1997 1071 2064 1114 se
2113 1052 2377 1115 omnino
2427 1052 2680 1116 infinite
2729 1053 3084 1136 perfectum
3133 1062 3249 1129 est,
3297 1055 3383 1116 ita
3429 1061 3490 1116 et

1997 1169 2111 1212 sua
2139 1151 2423 1212 scientia.
2450 1152 2590 1233 Ipse
2620 1169 2873 1234 quoque
2908 1159 3004 1214 est
3032 1153 3322 1215 omnium
3353 1171 3494 1214 cau-

1997 1266 2066 1310 sa
2116 1268 2231 1330 per
2285 1249 2680 1312 intellectum
2735 1269 2748 1312 :
2803 1251 2944 1314 ideo
2993 1251 3206 1312 omnia
3261 1251 3484 1313 noscit.

1998 1347 2260 1420 RursuS‚
2295 1349 2731 1428 cognoscendo
2765 1349 3066 1411 virtutem
3107 1356 3169 1410 et
3207 1348 3491 1430 omnipo-

1997 1445 2261 1506 tentiam
2295 1464 2497 1518 suam,
2518 1447 2840 1526 cognoscit
2868 1447 3164 1508 distincte
3196 1446 3493 1508 universa

1998 1550 2061 1604 et
2091 1542 2360 1623 singula,
2394 1544 2471 1606 ad
2514 1564 2654 1627 quae
2693 1564 2759 1606 se
2799 1546 3082 1608 extendit
3119 1565 3233 1608 sua
3277 1553 3494 1626 poten-

2002 1640 2087 1702 tia
2127 1649 2191 1703 et
2228 1662 2358 1705 suae
2399 1643 2654 1705 virtutis
2699 1644 3032 1706 causalitas
3067 1662 3080 1706 :
3114 1663 3257 1726 quae
3299 1644 3491 1706 etiam

2000 1757 2203 1821 usque
2235 1741 2312 1802 ad
2346 1741 2612 1804 minima
2652 1761 2718 1804 se
2748 1743 3051 1814 extendit,
3085 1743 3237 1824 quia
3268 1743 3334 1804 in
3363 1760 3493 1805 om-

386 1845 525 1901 tum
582 1845 681 1900 est
738 1856 814 1900 ex
874 1843 1051 1918 parte
1108 1836 1221 1910 rei,
1275 1835 1531 1918 proprie
1590 1834 1888 1896 convenit
1923 1831 1970 1895 B
2001 1837 2194 1900 nibus
2225 1857 2413 1900 causa
2444 1840 2649 1922 prima
2679 1839 2822 1921 plus
2855 1840 3071 1902 influit
3100 1859 3292 1922 quam
3323 1860 3492 1922 quae-

386 1939 537 2010 De0,
571 1954 700 1998 non
740 1935 1110 2017 improprie,
1146 1942 1364 2017 utpote
1403 1935 1480 1995 ad
1524 1933 1883 2014 negandum

382 2035 464 2097 ab
504 2053 583 2097 eo
622 2034 1065 2115 ignorantiam,
1099 2040 1208 2093 aut
1251 2040 1512 2114 propter
1552 2031 1763 2113 operis
1809 2030 1888 2092 si-

384 2133 821 2194 militudinem
868 2149 881 2192 :
927 2150 1069 2213 quae
1117 2130 1337 2212 opinio
1387 2129 1743 2212 improbata
1791 2137 1887 2191 est

382 2251 599 2313 supra.
642 2266 724 2275 —
764 2231 907 2293 Haec
950 2229 1219 2293 Thomas
1264 2229 1329 2291 in
1373 2229 1640 2310 Scripto.

463 2330 630 2392 Hinc
674 2329 743 2391 in
786 2329 993 2410 prima
1036 2335 1212 2410 parte
1256 2329 1555 2401 Summae,
1598 2325 1889 2408 quaestio·

384 2449 465 2492 ne
503 2427 981 2510 quartadecima
1014 2446 1027 2490 ε
1063 2428 1133 2488 In
1172 2428 1315 2501 hoc,
1349 2426 1578 2507 inquit,
1613 2441 1741 2487 non
1786 2441 1886 2486 co·

379 2526 759 2608 gnoscentia
810 2545 849 2587 a
898 2524 1429 2606 cognoscentibus
1486 2523 1887 2603 distinguun-

384 2634 513 2699 tur,
548 2625 702 2707 quia
738 2643 866 2687 non
896 2623 1341 2705 cognoscentia
1379 2639 1506 2686 non
1547 2622 1783 2684 habent
1818 2621 1883 2681 in

378 2743 447 2788 se
508 2723 637 2786 nisi
698 2723 1021 2805 propriam
1082 2720 1376 2794 formam,
1438 2719 1885 2801 cognoscentia

378 2840 539 2885 vero
580 2821 820 2883 habent
862 2829 973 2883 aut
1015 2829 1283 2903 possunt
1326 2819 1561 2881 habere
1611 2817 1883 2880 formam

380 2923 474 2984 rei
504 2919 793 2994 alteriuS,
826 2919 1127 3002 quoniam
1161 2917 1407 3000 species
1444 2916 1681 2998 cogniti
1720 2916 1885 2978 inest

2000 1953 2276 2017 cumque
2323 1955 2512 1998 causa
2553 1938 2849 1999 secunda.
2885 1939 3146 2011 Rursus,
3180 1937 3492 2020 quidquid

1998 2033 2065 2096 in
2096 2034 2224 2096 Deo
2253 2043 2370 2108 est,
2403 2035 2691 2098 absolute
2733 2034 3087 2117 perfectum
3129 2045 3226 2099 est
3259 2054 3272 2098 ε
3308 2035 3494 2099 idcir-

1998 2149 2073 2194 co
2122 2132 2312 2194 habet
2359 2133 2648 2194 omnium
2707 2134 3074 2196 distinctam
3123 2143 3187 2197 et
3235 2135 3488 2217 plenam

1997 2231 2326 2310 notitiam3
2368 2239 2430 2293 et
2475 2231 2540 2293 in
2582 2232 2702 2294 hoc
2746 2251 2966 2296 omnes
3015 2232 3240 2295 fideles
3287 2240 3351 2295 et
3398 2252 3491 2296 re-

1996 2337 2095 2391 cte
2134 2330 2212 2392 de
2252 2331 2378 2392 Deo
2417 2331 2760 2393 sentientes
2803 2331 3208 2394 conveniunt.
3242 2333 3385 2394 Haec
3421 2333 3488 2393 in

1996 2428 2259 2490 Summa
2301 2428 2410 2490 illa
2449 2447 2562 2510 per
2603 2430 2802 2491 multa
2841 2428 3119 2511 capitula
3156 2438 3218 2491 et
3257 2431 3324 2491 in
3364 2430 3490 2512 pri-

1998 2544 2101 2587 ma
2158 2533 2335 2609 parte
2393 2527 2670 2590 Summae
2724 2545 2837 2609 per
2895 2527 3127 2590 multos
3185 2528 3488 2591 articulos

1994 2625 2432 2686 ostenduntur.
2468 2626 2616 2698 Quae
2659 2644 2861 2707 quum
2911 2626 3038 2688 sint
3085 2626 3275 2700 clara,
3319 2634 3488 2689 certa

1993 2731 2057 2784 et
2099 2723 2309 2803 plana,
2342 2741 2469 2786 non
2513 2724 2804 2804 congruit
2848 2725 3191 2788 immorari.

2073 2821 2422 2884 Richardus
2451 2822 2710 2884 demum
2750 2822 2919 2885 circa
2956 2822 3092 2886 haec
3122 2823 3355 2887 multas
3399 2824 3492 2885 in-

1994 2920 2147 2982 serit
2175 2921 2580 3002 quaestioneS,
2613 2940 2884 3002 quarum
2925 2922 3272 2985 solutiones
3303 2922 3490 2984 dictis

380 3018 815 3102 cognoscenti.
864 3018 1036 3080 Unde
1087 3016 1497 3079 manifestum
1544 3022 1660 3088 est,
1714 3014 1884 3097 quod
1923 3019 1965 3082 C
1998 3019 2402 3092 concordant,
2464 3028 2528 3081 et
2590 3019 2656 3081 in
2717 3020 2811 3082 eis
2869 3020 3226 3082 virtualiter
3289 3021 3490 3083 conti-

381 3128 614 3181 natura
654 3116 747 3180 rei
786 3134 912 3180 non
952 3115 1413 3197 cognoscentis,
1446 3121 1542 3177 est
1582 3114 1781 3196 magis
1817 3113 1887 3175 li-

382 3218 612 3280 mitata
667 3224 731 3278 et
788 3222 1119 3287 coarctata,
1173 3221 1397 3275 natura
1454 3231 1606 3276 vero
1663 3231 1887 3294 cogno-

381 3316 731 3389 scentium,
767 3314 1165 3377 latitudinem
1205 3319 1269 3374 et
1306 3311 1742 3375 extensionem
1782 3313 1886 3373 ha-

382 3416 493 3478 bet
553 3414 883 3495 maiorem.
938 3412 1099 3474 Hinc
1157 3419 1224 3474 ut
1282 3410 1469 3473 tertio
1527 3411 1605 3473 de
1660 3410 1888 3472 Anima

382 3516 647 3588 dicitur,
699 3514 912 3576 anima
968 3520 1065 3575 est
1121 3511 1588 3594 quodammodo
1646 3510 1881 3572 omnia.

382 3612 741 3676 Coarctatio
767 3620 979 3674 autem
1010 3609 1229 3673 formae
1260 3616 1356 3672 est
1386 3628 1499 3691 per
1530 3609 1879 3670 materiam.

386 3712 546 3774 Hinc
589 3708 1097 3772 immaterialitas
1135 3715 1231 3769 est
1260 3708 1421 3769 ratio
1450 3708 1619 3789 quod
1661 3726 1761 3769 res
1792 3715 1887 3769 est

384 3808 843 3892 cognoscitiva.
863 3808 1069 3889 Atque
1100 3807 1451 3869 secundum
1480 3806 1746 3887 gradum
1779 3804 1890 3867 im-

386 3907 856 3971 materialitatis
886 3914 985 3969 est
1015 3905 1239 3967 modus
1279 3904 1678 3985 cognitionis.
1712 3904 1887 3966 Unde

384 4008 675 4071 secundo
721 4007 799 4068 de
846 4006 1076 4068 Anima
1120 4004 1378 4077 dicitur,
1427 4004 1597 4085 quod
1656 4003 1888 4086 plantae

386 4127 518 4171 non
560 4113 711 4168 sunt
751 4104 1198 4187 cognoscitivae
1238 4110 1498 4185 propter
1535 4121 1716 4164 suam
1762 4121 1890 4163 ma·

1998 3126 2246 3181 nentur.

2076 3217 2267 3280 Porro
2296 3218 2736 3281 Bonaventura
2775 3237 2900 3282 non
2945 3228 3154 3283 movet
3186 3220 3290 3282 hic
3328 3240 3495 3302 quae-

1997 3318 2236 3379 stiones
2284 3317 2362 3377 de
2411 3316 2681 3379 scientia
2737 3318 2849 3380 Dei
2909 3318 3034 3380 nisi
3081 3318 3200 3381 sub
3252 3319 3493 3381 ratione

1999 3416 2154 3479 ideae
2191 3436 2204 3479 :
2238 3416 2316 3477 de
2347 3415 2582 3496 quibus
2613 3417 2901 3497 sequenti
2936 3416 3343 3479 distinctione
3374 3418 3496 3478 erit

1997 3521 2317 3575 tractatus
2354 3514 2473 3576 Sed
2522 3514 2587 3575 in
2631 3513 3010 3595 compendio
3057 3533 3169 3576 seu
3219 3514 3495 3576 Brevilo-

1996 3612 2149 3694 quio
2207 3629 2323 3674 suo
2380 3612 2646 3692 pulchre
2696 3618 2758 3673 et
2807 3611 3086 3673 breviter
3141 3630 3335 3692 super
3393 3612 3494 3673 his

1997 3710 2281 3792 loquitur
2312 3727 2326 3771 ε
2362 3711 2448 3772 De
2486 3710 2800 3790 sapientia
2830 3709 3186 3791 (inquiens)
3224 3708 3333 3771 Dei.
3376 3708 3497 3769 ista

1998 3809 2272 3870 tenenda
2314 3815 2483 3880 sunt,
2517 3808 2688 3889 quod
2732 3807 2952 3869 divina
2995 3806 3307 3888 sapientia
3357 3807 3496 3869 lim-

1999 3906 2330 3988 pidissime
2374 3905 2697 3985 cognoscit
2739 3905 2954 3967 omnia
2996 3904 3162 3968 bona
3201 3912 3264 3967 et
3306 3904 3491 3980 mala,

1999 4003 2338 4087 praeterita,
2371 4002 2706 4086 praesentia
2747 4010 2811 4065 et
2851 4002 3086 4076 futura,
3121 4003 3394 4065 actualia
3431 4010 3496 4065 et

2000 4102 2389 4185 potentialia,
2422 4120 2495 4163 ac
2528 4120 2643 4184 per
2669 4102 2789 4164 hoc
2821 4100 3496 4184 incomprehensibilia

386 4206 1070 4283 terialitatem3sensus
1096 4218 1246 4264 vero
1277 4200 1745 4282 cognoscitivus
1774 4208 1885 4275 est,
1921 4207 1970 4268 D
2000 4201 2185 4263 nobis
2225 4208 2288 4263 et
2323 4199 2580 4262 infinita
2613 4220 2627 4264 :
2661 4201 2748 4262 ita
2785 4209 3000 4263 tamen
3040 4200 3208 4282 quod
3250 4199 3388 4283 ipsa
3427 4200 3494 4261 in

387 4306 697 4389 quoniam
753 4302 1115 4384 receptivus
1173 4308 1269 4364 est
1328 4302 1687 4383 specierum
1751 4302 1889 4364 sine

390 4405 695 4482 materia3
744 4410 807 4465 et
856 4401 1217 4463 intellectus
1275 4400 1481 4462 adhuc
1542 4400 1743 4482 magis
1792 4418 1891 4463 co-

384 4502 783 4586 gnoscitivus
844 4500 1111 4572 exsistit,
1173 4499 1476 4581 quoniam
1532 4518 1571 4560 a
1629 4498 1891 4560 materia

390 4601 597 4682 magis
653 4606 749 4661 θεῖ
806 4604 1155 4680 separatuS,
1207 4596 1360 4677 quia
1417 4595 1769 4669 immixtuS‚
1822 4602 1891 4656 ut

388 4700 599 4763 fertur
627 4698 813 4761 tertio
841 4697 919 4758 de
948 4695 1193 4757 Anima.
1228 4694 1565 4775 Quumque
1606 4694 1769 4755 Deus
1808 4693 1889 4754 sit

392 4800 459 4861 in
500 4814 756 4860 summo
794 4796 987 4858 totius
1034 4792 1613 4866 immaterialitatiS‚
1648 4798 1892 4854 constat

388 4898 566 4981 quod
606 4898 689 4958 sit
720 4896 784 4957 in
824 4894 1005 4975 apice
1036 4890 1435 4973 cognitionis
1470 4890 1521 4952 A
1552 4890 1737 4969 cujus
1776 4890 1894 4951 sci-

388 4997 571 5059 entia
607 4994 817 5059 omnis
860 4989 1259 5073 imperfectio
1298 4996 1394 5051 est
1424 4996 1667 5051 remota
1700 5008 1714 5051 :
1751 4988 1892 5050 ideo

392 5115 525 5159 non
566 5102 661 5157 est
701 5090 1078 5163 discursiva,
1113 5108 1229 5150 nec
1272 5088 1589 5161 accidenS‚
1624 5106 1743 5149 nec
1786 5088 1893 5149 ha-

392 5196 573 5259 bitus
631 5189 1079 5257 conclusionis.
1142 5188 1285 5249 Haec
1344 5187 1411 5249 in
1473 5188 1753 5249 Summa.
1815 5222 1896 5231 —

396 5292 751 5359 Concordat
790 5290 1027 5351 Petrus.

2000 4318 2067 4361 se
2097 4299 2276 4362 nullo
2316 4300 2503 4361 modo
2540 4298 3034 4372 diversificatur,
3069 4298 3362 4381 quamvis
3406 4298 3497 4360 di-

2000 4417 2181 4461 versa
2220 4398 2480 4460 nomina
2518 4398 2835 4459 sortiatur.
2871 4400 2939 4460 In
2969 4405 3278 4480 quantum
3319 4397 3493 4459 enim

2000 4505 2097 4559 est
2134 4496 2562 4579 cognoscitiva
2601 4496 2888 4559 omnium
2931 4497 3358 4579 possibilium,
3392 4515 3496 4560 vo-

2002 4602 2179 4657 catur
2227 4593 2494 4657 scientia
2543 4594 2677 4656 sive
2721 4594 2998 4675 cognitio
3018 4598 3048 4672 ;'
3076 4595 3141 4656 in
3185 4604 3495 4677 quantum

2002 4693 2430 4775 cognoscitiva
2469 4693 2759 4755 omnium
2797 4712 2940 4774 quae
2983 4693 3046 4753 in
3090 4694 3386 4756 universo
3423 4694 3499 4756 fi-

2004 4800 2117 4853 unt
2173 4799 2239 4853 et
2296 4799 2465 4865 sunt,
2517 4790 2752 4853 dicitur
2800 4791 3007 4869 visio;
3059 4791 3126 4853 in
3182 4800 3493 4873 quantum

2003 4890 2429 4971 cognoscitiva
2471 4888 2760 4951 omnium
2800 4908 2942 4970 quae
2981 4888 3144 4951 bene
3187 4890 3374 4963 fiunt,
3409 4891 3498 4953 di·

2004 4990 2169 5051 citur
2197 4988 2604 5071 approbati03
2633 4988 2698 5049 in
2727 4994 3039 5069 qnantum
3070 4988 3498 5068 cognoscitiva

2006 5087 2388 5160 futurorum,
2442 5085 2840 5167 praescientia
2887 5104 2998 5147 seu
3051 5086 3343 5166 praevisio
3392 5105 3499 5149 no-

2006 5186 2320 5263 minatum
2353 5184 2419 5246 in
2458 5191 2768 5264 quantum
2808 5183 3237 5263 cognoscitiva
3275 5202 3495 5247 eorum

2004 5303 2146 5366 quaa
2183 5300 2220 5344 a
2258 5283 2387 5345 Deo
2420 5280 2634 5343 fienda
2677 5289 2847 5355 sunt,
2880 5281 3216 5364 dispositio
3255 5302 3499 5345 nuncu·
