4359 6250
896 475 1017 540 324

1541 498 1603 543 IN
1642 497 1865 542 LIBRUM
1905 497 1926 540 1
1968 493 2450 541 SENTENTIARUM.
2492 509 2574 520 ·-
2613 493 2766 538 DIST.
2811 493 2996 554 xxx13
3039 491 3263 547 QUAEST.
3311 492 3355 537 11

897 663 1290 745 simplicium
1352 673 1415 728 et
1480 665 1904 728 invisibilium
1970 662 2393 745 intelligentia
2422 661 2844 724 Aadmodum
2901 662 2990 724 ait
3045 661 3462 742 AugustinuS,
3510 659 3587 721 ad
3645 657 3778 722 hoc,
3827 654 3996 738 quod

894 767 1179 842 tangunt.
1216 764 1349 826 Imo
1383 765 1501 826 hoc
1545 764 1669 826 fuit
1702 762 2165 825 infelicissimis
2203 761 2394 823 haere-

897 860 1163 923 siarchis
1192 863 1443 924 errandi
1474 862 1743 934 occasio,
1777 861 1945 943 quod
1979 877 2396 942 praesumpse-

896 966 1045 1020 runt
1071 959 1359 1039 judicare
1400 968 1463 1023 et
1496 962 1731 1022 sentire
1762 961 1841 1022 de
1882 960 2009 1022 Deo
2040 958 2394 1020 secundum

895 1058 1063 1139 quod
1104 1077 1183 1120 ex
1223 1059 1529 1122 creaturis
1572 1059 1804 1122 elicere
1851 1065 2214 1140 potuerunt.
2251 1057 2395 1118 Ideo

896 1156 1166 1219 verbum
1212 1157 1371 1221 illud
1412 1159 1664 1221 videtur
1707 1158 2072 1221 obscurum,

977 1255 1194 1318 Petrus
1226 1257 1487 1318 demum
1519 1257 1625 1319 hic
1657 1257 1939 1339 loquitur
1974 1274 1987 1317 :
2021 1255 2228 1328 Quum
2259 1272 2393 1316 om-

897 1352 1003 1415 nia
1030 1353 1333 1416 dicuntur
1362 1374 1563 1417 unum
1596 1363 1855 1437 propter
1885 1355 2152 1426 Patrem,
2188 1371 2393 1434 aequa-

898 1451 982 1513 lia
1030 1460 1289 1534 propter
1337 1453 1589 1528 Filium,
1624 1471 1907 1516 connexa
1956 1459 2215 1534 propter
2259 1451 2395 1532 Spi-

895 1549 1090 1611 ritum
1140 1551 1477 1632 Sanctum;
1524 1553 1588 1635 ly
1630 1552 1865 1624 omnia,
1908 1558 2017 1612 aut
2066 1549 2393 1612 distribuit

895 1648 1101 1711 solum
1144 1667 1258 1730 pro
1300 1650 1488 1712 rebus
1530 1651 1848 1723 increatis,
1890 1657 1999 1711 aut
2042 1648 2232 1711 etiam
2278 1665 2392 1730 pro

896 1747 1141 1809 creatis.
1202 1748 1265 1810 Si
1326 1748 1534 1830 primo
1593 1749 1801 1822 mod0,
1860 1746 2225 1829 praepositio
2283 1763 2392 1807 no-

2499 760 2714 842 aliqua
2742 779 2942 822 unum
2975 760 3124 831 sint,
3149 778 3277 821 non
3309 757 3556 820 sufficit
3585 755 3998 819 conformitas

2504 859 2868 932 voluntatiS,
2927 859 3058 920 imo
3117 875 3375 920 necesse
3433 863 3529 918 est
3590 852 3997 937 praesupponi

2503 957 3016 1020 convenientiam
3076 955 3141 1017 in
3191 963 3435 1018 natura.
3489 953 3800 1027 Quoniam
3847 967 4000 1032 ergo

2504 1057 2669 1118 Deus
2709 1064 2772 1119 et
2815 1063 3103 1118 creatura
3140 1073 3389 1117 summe
3432 1053 3744 1116 differunt
3786 1051 3852 1113 in
3897 1069 4004 1112 na-

2503 1162 2664 1229 tura,
2699 1173 2826 1218 non
2857 1155 3092 1218 debent
3119 1153 3248 1215 dici
3281 1172 3504 1215 unum.
3539 1151 3660 1216 Sed
3695 1149 4002 1232 quoniam

2503 1250 2694 1315 homo
2748 1252 2958 1333 justus
3017 1251 3450 1315 conformatur
3508 1269 3624 1332 per
3671 1248 4000 1310 caritatem

2501 1351 2813 1413 voluntati
2853 1351 3106 1425 divinae,
3140 1358 3203 1412 et
3232 1350 3291 1413 ei
3322 1368 3454 1431 prae
3492 1348 3720 1410 ceteris
3749 1346 4004 1409 cunctis

2501 1448 2798 1523 adhaeret,
2819 1457 2987 1511 recte
3017 1448 3250 1511 dicitur
3279 1466 3483 1510 unum
3513 1465 3660 1508 cum
3691 1447 3818 1509 Deo
3845 1462 4002 1506 cum

2501 1547 2714 1629 aliqua
2753 1547 3302 1620 determinatione,
3335 1545 3635 1609 videlicet
3672 1563 3835 1607 unus
3869 1543 4000 1625 spi-

2501 1647 2684 1720 rituS‚
2732 1647 2915 1727 juxta
2965 1646 3122 1708 illud
3170 1645 3453 1727 Apostoli
3497 1643 3672 1725 :goni
3720 1643 4002 1705 adhaeret
4055 1654 4259 1734 Jeme.

2502 1745 2650 1817 Dec,
2685 1765 2851 1807 unus
2896 1744 3157 1826 spiritus
3201 1751 3315 1806 est,
3349 1744 3494 1808 Haec
3532 1743 3994 1805 Bonaventura.
4031 1721 4094 1760 ¹‘'

896 1852 986 1906 tat
1025 1845 1231 1907 solum
1274 1865 1529 1908 causam
1571 1847 1752 1928 quasi
1798 1844 2130 1908 formalem
2168 1861 2394 1926 appro-
2421 1845 2468 1909 B
2500 1879 2582 1888 —
2609 1843 3057 1905 Verumtamen
3105 1843 3171 1904 in
3213 1842 3460 1907 Christo
3499 1860 3614 1923 per
3654 1839 4004 1923 hypostati-

896 1944 1189 2026 priatam,
1241 1963 1369 2008 non
1429 1947 1774 2028 propriam,
1829 1953 1899 2006 ut
1956 1945 2038 2007 sit
2096 1963 2320 2006 sensus
2374 1962 2388 2006 ε

895 2042 1121 2105 Omnia
1150 2051 1297 2106 sunt
1336 2063 1539 2106 unum
1579 2051 1840 2127 propter
1867 2044 2136 2116 Patrem,
2171 2043 2233 2104 id
2271 2050 2390 2117 est,

894 2159 1116 2204 omnes
1145 2142 1379 2205 divinae
1410 2160 1695 2224 personae
1728 2149 1875 2204 sunt
1916 2161 2117 2204 unum
2152 2141 2391 2203 unitate

894 2240 1076 2322 quasi
1108 2240 1458 2302 formaliter
1490 2259 1503 2302 :
1533 2241 1852 2324 siquidem
1884 2259 2075 2303 causa
2104 2240 2390 2302 formalis

894 2355 1022 2400 non
1072 2346 1169 2400 est
1207 2357 1355 2401 vere
1406 2339 1472 2400 in
1517 2339 1645 2401 Deo
1687 2339 1765 2400 ad
1817 2339 2000 2400 intra.
2038 2339 2197 2401 Sunt
2243 2355 2391 2418 ergo

895 2457 1096 2498 unum
1146 2438 1409 2512 unitate,
1454 2437 1620 2500 sicut
1661 2437 1880 2499 album
1930 2437 2247 2511 albedine,
2290 2436 2390 2499 vel

895 2535 1106 2616 potius
1151 2536 1316 2599 sicut
1357 2536 1549 2599 homo
1592 2536 1985 2598 humanitate
2020 2553 2033 2596 ε
2070 2555 2212 2618 quae
2255 2535 2394 2596 uni-

893 2641 987 2696 tas
1016 2634 1309 2717 quamvis
1349 2635 1684 2696 conveniat
1713 2634 1919 2696 tribus
1962 2634 2272 2715 personis,
2306 2641 2392 2695 ta-

895 2750 1042 2794 men
1075 2733 1237 2795 Patri
1268 2732 1733 2814 appropriatur.
1771 2732 1833 2794 Si
1865 2732 2146 2794 secundo
2176 2731 2386 2802 mode,

892 2831 987 2892 sic
1017 2838 1191 2893 notat
1220 2831 1413 2893 etiam
1446 2849 1693 2893 causam
1718 2829 2047 2892 formalem
2077 2829 2391 2911 exempla-

893 2947 1029 2991 rem
1079 2930 1549 3012 appropriatam
1594 2935 1888 3011 respectu
1933 2937 2386 3001 creaturarum,

2503 1961 2642 2003 cam
2695 1941 2998 2004 unionem
3048 1942 3214 2004 Deus
3258 1948 3323 2003 et
3364 1940 3556 2003 homo
3597 1947 3746 2002 sunt
3793 1957 4002 2000 unum

2503 2058 2615 2102 seu
2659 2059 2784 2102 una
2827 2057 3115 2121 persona.

2582 2139 2816 2200 lterum
2849 2138 3076 2219 quaerit
3113 2137 3220 2199 hic
3249 2137 3712 2210 Bonaventura,
3744 2135 3838 2197 An
3873 2154 4006 2197 una

2501 2244 2788 2297 creatura
2846 2235 3045 2316 possit
3093 2235 3219 2297 dici
3274 2253 3474 2296 unum
3525 2252 3674 2295 cum
3726 2231 3870 2295 alia.
3927 2233 4004 2294 Et

2501 2334 2844 2416 respondet
2891 2351 2905 2395 :
2954 2334 3104 2396 Duae
3153 2341 3456 2396 creaturae
3504 2332 3818 2396 distinctae
3869 2348 4002 2394 non

2501 2440 2771 2515 possunt
2807 2433 3039 2495 habere
3082 2432 3390 2494 unitatem
3435 2431 3561 2493 nisi
3600 2449 3713 2513 per
3753 2429 4007 2493 confor-

2503 2531 2810 2593 mitatem.
2845 2530 3152 2603 Quaelibet
3181 2537 3395 2592 autem
3425 2529 3836 2592 conformitas
3869 2547 4004 2591 non

2503 2629 2655 2690 facit
2698 2629 2824 2690 dici
2869 2647 3070 2690 unum
3116 2628 3519 2710 simpliciter,
3552 2627 3662 2690 scd
3709 2627 3818 2689 illa
3855 2646 4005 2708 quae

2501 2736 2597 2790 est
2656 2727 3066 2790 conformitas
3123 2727 3523 2809 simpliciter,
3587 2744 3714 2790 non
3772 2745 4005 2788 secun-

2503 2827 2657 2889 dum
2706 2827 2880 2908 quid.
2930 2827 3116 2888 Porro
3163 2827 3239 2887 ad
3292 2826 3546 2907 plenam
3591 2825 4007 2888 conformita-

2501 2934 2631 2987 tem
2663 2925 3010 3006 requiritur
3039 2924 3270 3006 triplex
3311 2924 3743 2998 conformitaS,
3778 2931 4006 3006 utpote

894 3034 965 3088 ut
1007 3027 1091 3089 sit
1130 3046 1352 3089 sensus
1388 3045 1400 3089 :
1437 3027 1661 3089 Omnia
1700 3035 1848 3089 sunt
1891 3046 2090 3089 unum
2132 3035 2393 3109 propter
2426 3029 2470 3094 G
2503 3023 2913 3086 conformitas
2952 3023 3017 3083 in
3058 3031 3302 3096 natura,
3338 3023 3405 3084 in
3443 3023 3790 3095 voluntate,
3821 3029 3890 3084 et
3937 3022 4004 3084 in

894 3126 1161 3198 Patrem,
1196 3125 1259 3187 id
1299 3133 1394 3187 est
1435 3132 1694 3207 propter
1726 3126 2033 3187 unitatem
2072 3123 2390 3205 exempla-

894 3241 1053 3297 rem,
1088 3242 1231 3305 quae
1270 3223 1434 3285 Patri
1468 3223 1933 3305 appropriatur.
1970 3224 2113 3285 Haec
2147 3223 2386 3285 PetruS.

975 3321 1038 3384 Si
1080 3329 1295 3383 autem
1336 3321 1678 3403 objiciatur
1712 3339 1725 3383 :
1759 3322 1938 3383 Pater
1967 3328 2030 3383 et
2068 3321 2265 3383 Filius
2295 3339 2390 3382 es-

894 3420 1246 3482 sentialiter
1294 3428 1443 3482 sunt
1490 3420 1779 3493 connexi,
1812 3438 1961 3500 ergo
2011 3419 2175 3481 male
2225 3438 2392 3482 asse-

894 3518 1077 3591 ritur,
1120 3519 1291 3600 quod
1338 3518 1554 3580 omnia
1604 3526 1753 3580 sunt
1801 3536 2083 3580 connexa
2130 3525 2393 3599 propter

894 3616 1203 3699 Spiritum
1249 3616 1571 3679 Sanctum.
1617 3616 1991 3690 Dicendum,
2025 3616 2196 3697 quod
2243 3615 2394 3677 licet

896 3733 1025 3778 non
1084 3714 1213 3776 sint
1277 3715 1545 3778 connexi
1611 3714 2003 3778 connexione
2066 3714 2391 3776 essentiali

896 3820 1157 3895 propter
1214 3813 1523 3895 Spiritum
1582 3812 1907 3886 Sanctum,
1971 3819 2120 3874 sunt
2178 3818 2392 3875 tamen

897 3911 1168 3973 connexi
1201 3911 1593 3973 connexione
1624 3929 1761 3992 quae
1789 3910 2233 3992 appropriatur
2262 3910 2396 3991 Spi-

896 4010 1048 4071 ritui
1107 4010 1353 4072 Sancte.
1410 4008 1813 4072 connexione
1865 4025 2017 4070 vero
2075 4008 2393 4089 personali

898 4108 1167 4170 connexi
1200 4116 1349 4169 sunt
1378 4107 1559 4188 quasi
1593 4106 1947 4168 formaliter
1974 4114 2234 4188 propter
2264 4106 2396 4189 Spi-

2503 3121 2887 3204 operationc.
2923 3121 3000 3183 Et
3029 3123 3281 3204 quando
3312 3121 3421 3184 illa
3451 3124 3572 3185 tria
3607 3128 4005 3185 concurrunt

2501 3222 2578 3283 ad
2641 3221 2854 3304 aliqua
2915 3221 3062 3295 duo,
3125 3230 3278 3283 tunc
3340 3221 3468 3284 duo
3531 3221 3640 3283 illa
3695 3221 4009 3283 dicuntur

2505 3340 2704 3382 unum
2740 3338 2753 3382 :
2789 3328 2859 3381 ut
2889 3320 3117 3383 Paulus
3147 3326 3210 3383 et
3239 3321 3464 3403 Apollo
3496 3321 3562 3383 in
3598 3327 3820 3383 natura
3849 3338 4005 3382 con-

2503 3418 2760 3492 formcS,
2793 3418 2945 3499 quia
2985 3426 3254 3500 uterque
3303 3419 3531 3499 homo;
3563 3419 3627 3481 in
3673 3418 4004 3481 voluntate

2503 3516 2821 3591 similiter,
2855 3516 3007 3598 quia
3047 3524 3314 3598 uterque
3358 3518 3627 3579 salutem
3673 3516 4005 3598 quaerebat

2503 3614 2843 3693 fidelium3
2895 3615 2961 3675 in
3019 3615 3265 3679 actione
3325 3615 3643 3689 similiter,
3693 3616 4004 3697 quoniam

2503 3714 2693 3776 ambo
2733 3714 2809 3776 ad
2855 3713 3028 3776 illam
3076 3714 3382 3795 proximis
3427 3714 3892 3797 procurandam
3935 3732 4006 3776 sc

2503 3812 2946 3885 extendebant,
2981 3812 3208 3875 Paulus
3254 3812 3617 3894 plantand0,
3649 3812 3878 3895 Apollo
3919 3813 4006 3874 ri-
4049 3828 4282 3872 1fflms.

2502 3912 2726 3992 gande.
2763 3911 2826 3974 Si
2856 3918 3070 3973 autem
3111 3911 3194 3973 sit
3223 3910 3636 3974 conformitas
3676 3911 3741 3973 in
3773 3918 4009 3973 natura

2505 4010 2926 4085 solummodo,
2957 4028 3084 4072 non
3137 4018 3404 4092 possunt
3448 4010 3578 4072 dici
3626 4028 3828 4071 unum
3874 4010 4010 4071 nisi

2506 4108 2858 4171 secundum
2888 4108 3044 4190 quid
3073 4115 3136 4169 et
3167 4126 3314 4170 cum
3348 4108 3877 4170 determinatione
3909 4108 4010 4170 di-

897 4206 1092 4267 ritum
1142 4206 1467 4279 Sanctum,
1502 4205 1588 4267 ita
1631 4205 1802 4286 quod
1845 4204 2211 4287 praepositio
2245 4224 2397 4281 pro-
2423 4212 2475 4275 D
2508 4207 2842 4281 minutiva,
2878 4214 2946 4268 ut
2990 4225 3190 4268 unum
3233 4224 3486 4286 genere,
3521 4225 3720 4268 unum
3760 4206 4006 4288 specie.

888 4312 1043 4379 pter
1084 4310 1259 4366 notat
1305 4303 1747 4366 habitudinem
1792 4303 1971 4386 quasi
2018 4322 2224 4366 causae
2271 4303 2395 4366 for-

898 4401 1105 4473 maliS‚
1131 4419 1256 4463 non
1288 4421 1325 4462 a
1355 4401 1560 4463 forma
1591 4401 1960 4475 inhaerente,
1986 4402 2096 4463 sed
2124 4419 2161 4462 a
2193 4400 2397 4464 forma

896 4498 979 4560 ab
1020 4498 1175 4580 ipsis
1214 4500 1292 4561 ad
1331 4518 1491 4581 quos
1532 4498 1737 4563 forma
1780 4507 2180 4581 comparatur
2221 4518 2396 4581 egre-

897 4596 1111 4658 diente
1148 4598 1735 4678 :quemadmodum
1786 4597 2106 4677 glutinum
2156 4617 2193 4660 a
2241 4599 2395 4661 duo-

898 4695 1019 4757 bus
1069 4696 1443 4777 corporibus
1490 4696 1829 4778 glutinosis
1880 4695 2222 4776 egreditur,
2268 4715 2396 4778 quo

898 4793 1250 4856 formaliter
1309 4801 1793 4857 connectuntur.
1856 4794 1999 4856 Haec
2057 4795 2274 4856 Petrus
2333 4802 2396 4857 et

896 4893 1007 4955 alii
1050 4893 1331 4975 quidam.

979 5092 1283 5155 Praeterea
1312 5090 1484 5153 circa
1522 5089 1997 5154 distinctionem
2032 5091 2198 5152 hanc
2227 5109 2397 5172 quae-

898 5192 981 5253 rit
1026 5191 1489 5264 Bonaventura,
1531 5190 1752 5253 Utrum
1804 5190 1970 5251 Deus
2020 5189 2223 5271 possit
2269 5189 2396 5251 dici

897 5307 1099 5349 unum
1131 5307 1277 5350 cum
1311 5294 1613 5349 creatura.
1650 5287 1724 5348 Et
1755 5288 2095 5369 respondet
2128 5304 2142 5348 ε
2177 5287 2398 5360 Quem·

2509 4305 2569 4367 Si
2607 4304 2812 4367 solum
2847 4303 3205 4367 conformes
3243 4303 3372 4365 sint
3404 4304 3750 4379 voluntate,
3775 4304 4012 4365 dicun-

2507 4410 2611 4463 tur
2662 4422 2826 4464 unus
2876 4402 3160 4483 spirituS,
3213 4402 3324 4482 qui
3374 4401 3530 4463 dicit
3576 4419 3878 4464 amorem.
3941 4402 4010 4463 Si

2507 4500 2636 4562 sint
2694 4519 2894 4561 unum
2952 4500 3019 4560 in
3077 4506 3303 4562 natura
3357 4506 3422 4560 et
3475 4499 3820 4571 voluntate,
3869 4499 4012 4562 dici

2507 4605 2773 4681 possunt
2828 4616 3026 4659 unum
3077 4614 3307 4679 corpus
3360 4604 3422 4659 et
3470 4616 3599 4659 una
3649 4597 3880 4659 anima.
3941 4599 4010 4661 Si

2507 4698 2636 4759 sint
2684 4716 2884 4759 unum
2935 4696 3001 4758 in
3049 4703 3272 4757 natura
3321 4703 3382 4757 et
3431 4696 3702 4767 actione,
3735 4704 4016 4776 possunt

2507 4796 2634 4858 dici
2668 4814 2866 4856 unum
2898 4813 3045 4856 cum
3076 4794 3771 4868 determinatione,non
3805 4813 4018 4856 unum

2507 4894 2883 4977 simpliciter
2918 4911 2931 4955 ε
2968 4900 3037 4954 ut
3083 4891 3426 4954 fornicator
3468 4911 3618 4954 cum
3669 4892 4018 4955 meretrice
4061 4914 4296 4963 nus-,1⁶4

2507 4992 2742 5053 dicitur
2783 5008 2980 5052 unum
3023 5006 3290 5070 corpus3
3323 4995 3538 5052 tamen
3577 5008 3704 5052 non
3735 4999 4022 5072 possunt

2509 5090 2633 5152 dici
2665 5108 2866 5151 unum
2899 5087 3298 5170 simpliciter,
3311 5088 3847 5170 quemadmodum
3885 5108 4026 5151 ma·

2508 5188 2669 5249 ritus
2708 5195 2770 5249 et
2811 5206 2985 5249 uxor.
3021 5187 3150 5249 Nec
3191 5186 3342 5249 mali
3382 5186 3470 5249 ita
3507 5194 3657 5249 sunt
3692 5206 3896 5250 unum
3945 5196 4021 5250 ut

2510 5286 2632 5349 viri
2675 5286 2847 5348 boni.
2893 5285 3038 5347 Haec
3079 5286 3539 5348 Bonaventura.
