4359 6250
189 1699 254 1738 ut.
279 1698 315 1737 5.

183 4056 290 4099 Rom.
317 4072 328 4099 ι

149 4122 256 4161 tt-n.

687 521 774 567 AN
815 521 1044 567 nam
1085 521 1158 566 m·
1200 520 1504 566 nnumin
1549 520 1684 566 stNT
1725 517 2319 566 PRAEDESTINATIONIS
2360 517 2435 564 ΒΤ
2474 515 2950 565 REPROBA'riole
2992 517 3187 564 CAUSA

3368 498 3489 564 537

385 694 561 757 ditur
609 693 856 756 meritis
901 711 912 754 :
957 691 1124 753 unde
1166 709 1243 752 ex
1293 697 1470 773 parte
1519 689 1885 773 recipientis
1915 690 1966 752 A
1997 689 2273 769 cogitare
2319 689 2559 770 aliquid
2608 709 2645 752 a
2694 691 2877 754 nobis
2926 691 3107 773 quasi
3154 709 3231 752 ex
3279 689 3485 753 nobis.

387 812 516 856 non
547 799 644 854 est
673 791 995 871 assignare
1025 808 1280 851 causam
1311 808 1506 870 quare
1538 789 1766 869 dignus
1803 788 1885 850 sit

385 890 610 971 gratia,
643 889 754 951 sed
785 888 992 950 solum
1022 887 1355 968 quamdam
1386 887 1880 969 dispositionem.

385 1027 468 1036 —
495 990 900 1052 Voluntatem
934 986 1124 1050 etiam
1167 987 1564 1069 praescientia
1601 1005 1725 1049 non
1761 987 1886 1049 dis-

389 1089 572 1172 ponit
613 1097 684 1150 ut
726 1106 915 1148 causa
963 1085 1362 1168 simpliciter,
1404 1085 1554 1167 quia
1595 1085 1887 1147 voluntas

387 1197 484 1251 est
531 1187 732 1250 libera
774 1205 982 1248 :-nam
1025 1203 1286 1268 possum
1335 1203 1462 1246 non
1507 1184 1668 1246 velle
1717 1184 1885 1265 quod

388 1288 544 1350 scio.
579 1286 832 1348 Etenim
878 1304 1068 1348 causa
1107 1283 1372 1347 eliciens
1412 1291 1627 1345 actum
1671 1282 1890 1345 volun-

389 1386 538 1449 tatis
587 1404 717 1448 non
771 1393 868 1447 est
926 1383 1051 1446 nisi
1109 1382 1264 1445 finis
1327 1382 1548 1464 ipsius.
1609 1416 1690 1428 -
1745 1382 1888 1444 Haec

390 1486 664 1548 Thomas
708 1485 772 1546 in
818 1483 1085 1565 Scripto.

470 1584 742 1665 Insuper
787 1583 855 1645 in
905 1582 1112 1664 prima
1161 1588 1336 1662 parte
1384 1580 1682 1654 Summae,
1726 1599 1890 1662 quat·-

391 1682 600 1744 stione
643 1679 946 1742 vicesima
989 1679 1173 1741 tertia
1204 1698 1220 1742 :
1252 1678 1742 1750 Praedestinatio‚
1777 1678 1886 1751 ait,

389 1780 786 1842 voluntatem
829 1778 1115 1839 includit.
1150 1777 1392 1839 Idcirco
1425 1777 1517 1838 sic
1556 1786 1650 1839 est
1682 1776 1889 1857 inqui-

1995 787 2254 851 Nullum
2296 795 2505 852 autem
2550 789 2939 873 principium
2984 791 3161 872 prius
3200 808 3339 852 esse
3382 806 3492 871 po-

1996 895 2119 950 test
2166 888 2232 950 in
2292 889 2477 951 nobis
2526 909 2716 972 quam
2766 889 3079 970 cogitatio.
3132 888 3307 952 Unde
3367 887 3493 950 dici
3578 937 3591 950 .

1996 1005 2123 1048 non
2157 994 2383 1068 potest,
2418 988 2585 1069 quod
2625 987 2883 1068 aliquod
2924 986 3177 1048 initium
3210 985 3277 1048 in
3307 985 3494 1048 nobis

1997 1084 2260 1146 exsistat
2302 1087 2469 1167 quod
2520 1087 2604 1148 sit
2652 1086 2811 1148 ratio
2856 1085 3128 1148 effectus
3178 1085 3499 1167 praedesti-

1997 1182 2578 1248 nationis—Unde
2610 1186 2869 1247 fuerunt
2897 1185 3005 1247 alii
3035 1185 3148 1267 qui
3176 1185 3495 1258 dixerunt,

1997 1285 2166 1365 quod
2200 1284 2425 1346 merita
2452 1285 2781 1366 sequentia
2812 1283 3381 1366 praedestinationis
3412 1283 3501 1345 ef-

2001 1383 2261 1456 fectum,
2314 1391 2463 1445 sunt
2511 1384 2671 1447 ratio
2720 1382 3293 1466 praedestinationis
3346 1402 3359 1446 :
3414 1383 3502 1444 ita

2001 1481 2169 1563 quod
2202 1481 2368 1543 Deus
2403 1481 2649 1543 dederit
2677 1480 2869 1542 alicui
2901 1481 3165 1562 grat-iam
3202 1499 3315 1542 seu
3348 1481 3498 1543 dare

2001 1579 2543 1662 praeordinaverit,
2568 1581 2871 1661 quoniam
2904 1579 3090 1642 scivit
3122 1572 3303 1641 illum
3334 1578 3499 1641 bene

2001 1697 2266 1741 usurum
2297 1679 2519 1760 gratia,
2544 1679 3081 1760 quemadmodum
3114 1697 3224 1740 rex
3255 1678 3359 1740 dat
3387 1678 3499 1740 ali-

2003 1778 2105 1838 cui
2166 1777 2355 1839 militi
2401 1795 2662 1859 equum,
2713 1778 2861 1859 quia
2918 1777 3039 1840 scit
3085 1777 3253 1859 quod
3314 1776 3499 1840 miles

387 1879 584 1940 reuda
632 1876 793 1939 ratio
841 1874 1432 1958 praedestinationis,
1474 1874 1639 1936 sicut
1686 1874 1890 1956 inqui-
1925 1875 1972 1938 B
2001 1895 2168 1957 equo
2206 1875 2367 1938 bene
2407 1883 2639 1938 utetur.
2677 1876 2796 1939 Sed
2837 1876 2901 1937 hi
2943 1875 3242 1938 videntur
3281 1875 3502 1938 distin-

385 1977 544 2039 ritur
573 1975 735 2037 ratio
763 1973 996 2036 divinae
1027 1973 1381 2036 voluntatis.
1393 1973 1526 2035 Non
1559 1981 1656 2034 est
1683 1981 1887 2034 autem

384 2075 710 2156 assignare
742 2091 990 2135 causam
1019 2071 1356 2134 voluntatis
1387 2071 1618 2134 divinae
1647 2091 1724 2134 ex
1757 2091 1892 2153 par-

387 2181 447 2235 te
489 2180 670 2234 actus
710 2170 988 2244 volendi,
1021 2169 1130 2232 sed
1175 2188 1252 2231 ex
1302 2177 1478 2251 parte
1521 2168 1885 2242 volitorum,

387 2271 454 2332 in
520 2276 832 2352 quantum
899 2270 1064 2330 Deus
1128 2267 1267 2329 vult
1325 2266 1567 2349 aliquid
1632 2275 1891 2350 propter

387 2367 582 2431 aliud.
618 2368 836 2448 ltaque
880 2385 1070 2429 nemo
1113 2373 1300 2429 tantae
1347 2364 1472 2427 fuit
1515 2365 1777 2429 insaniae
1820 2372 1893 2428 ut

389 2466 632 2529 diceret
681 2464 908 2526 merita
954 2483 1094 2526 esse
1144 2482 1399 2526 causam
1455 2463 1690 2526 divinae
1738 2483 1892 2546 pra*-

391 2562 834 2626 destinationis
864 2581 940 2624 ex
973 2569 1150 2643 parte
1179 2569 1358 2623 actus
1393 2561 1890 2643 praedestinatio-

393 2663 511 2724 niS.
532 2661 654 2724 Sed
685 2661 806 2723 hoc
834 2660 956 2722 sub
985 2660 1332 2741 quaestione
1361 2660 1651 2732 vertitur,
1676 2667 1890 2722 utrum

391 2781 470 2824 ex
525 2767 703 2843 parte
761 2757 1032 2820 effectus
1089 2758 1556 2839 praedestinatio
1612 2758 1890 2840 aliquam

393 2859 624 2922 habeat
654 2876 908 2920 causam
937 2875 950 2918 :
975 2864 1038 2918 et.
1067 2856 1186 2918 hoc
1218 2863 1312 2918 est
1343 2875 1646 2938 quaerere,
1675 2864 1890 2919 utrum

393 2959 560 3021 Deus
611 2954 1060 3039 praeordinavit
1110 2973 1176 3016 se
1225 2955 1522 3016 daturum
1577 2955 1894 3036 praedesti-

2000 1975 2168 2037 xisse
2201 1974 2365 2036 inter
2394 1974 2455 2036 id
2488 1976 2658 2056 quod
2687 1982 2779 2036 est
2810 1992 2886 2036 ex
2915 1981 3213 2055 gratia,et
3244 1973 3305 2036 id
3335 1975 3498 2056 quod

1998 2081 2094 2136 est
2145 2093 2225 2135 ex
2282 2073 2482 2135 libero
2541 2073 2828 2146 arbitrio,
2880 2073 3061 2155 quasi
3119 2090 3247 2136 non
3297 2073 3501 2136 valcat

2001 2173 2168 2234 idem
2211 2191 2349 2234 esse
2388 2191 2464 2233 ex
2506 2180 2794 2254 utroque.
2831 2171 3234 2234 Manifestum
3272 2179 3368 2234 est
3396 2191 3503 2234 au-

2001 2278 2129 2331 tem
2174 2271 2343 2351 quod
2395 2270 2458 2331 id
2502 2269 2671 2351 quod
2719 2277 2815 2331 est
2855 2269 3094 2351 gratiae,
3138 2270 3222 2332 sit
3265 2271 3501 2352 praede-

2000 2368 2360 2431 stinationis
2408 2367 2715 2446 effectus3
2766 2387 2884 2430 nec
2934 2368 3054 2430 hoc
3101 2375 3305 2449 potest
3350 2368 3499 2450 poni

2003 2474 2072 2528 ut
2121 2467 2281 2528 ratio
2329 2465 2924 2548 praedestinationiS,
2968 2484 3167 2547 quum
3217 2465 3338 2526 hoc
3380 2465 3501 2527 sub

2002 2565 2553 2648 praedestinatione
2604 2563 3037 2626 concludatur.
3082 2563 3145 2626 Si
3198 2581 3347 2644 ergo
3393 2564 3504 2626 ali·-

2003 2661 2154 2746 q'uid
2197 2663 2370 2725 aliud
2400 2682 2476 2724 ex
2508 2672 2682 2744 parte
2714 2662 2911 2726 nostri
2953 2662 3037 2725 sit
3069 2661 3229 2724 ratio
3264 2662 3502 2744 praede-

2002 2762 2385 2835 stina’tioniS,
2419 2762 2538 2823 hoc
2581 2761 2701 2824 crit
2740 2768 2968 2842 proeter
3010 2760 3506 2843 praedestinatio—

2003 2861 2103 2922 nis
2133 2860 2459 2923 effectum.
2496 2861 2617 2922 Sed
2646 2877 2773 2922 non
2804 2867 2899 2922 est
2929 2859 3303 2924 distinctum
3333 2861 3505 2940 quod

2003 2965 2098 3020 est
2137 2977 2214 3018 ex
2259 2956 2834 3038 praedestinatione,
2869 2964 2932 3019 et
2971 2957 3141 3039 quod
3183 2975 3260 3018 ex
3304 2956 3507 3019 libero

393 3056 667 3119 nationis
728 3053 1036 3117 effectum
1097 3053 1288 3114 alicui
1354 3062 1612 3135 propter
1673 3055 1892 3116 merita
1929 3060 1973 3124 C
2002 3055 2289 3130 arbitrio,
2324 3056 2489 3118 sicut
2522 3073 2643 3117 non
2678 3063 2772 3118 est
2803 3055 3178 3117 distinctum
3210 3057 3381 3137 quod
3410 3063 3507 3117 est

393 3157 624 3237 aliqua.

471 3253 739 3328 Quidam
771 3269 919 3333 ergo
947 3251 1244 3314 dixerunt
1277 3251 1443 3333 quod
1479 3252 1627 3325 im0‚
1656 3260 1716 3313 ct
1748 3252 1888 3325 hoc,

393 3360 654 3436 propter
697 3352 922 3413 merita
973 3350 1394 3434 praecedcntia
1437 3349 1502 3411 in
1545 3350 1670 3411 alia
1713 3350 1888 3411 vita:

393 3459 464 3513 ut
508 3450 833 3531 OrigeneS‚
880 3449 991 3531 qui
1041 3449 1222 3521 dixit,
1267 3448 1510 3510 animas
1559 3448 1894 3510 rationales

394 3549 586 3611 simul
631 3556 871 3611 creatas
917 3555 1106 3629 atque
1151 3547 1216 3607 in
1265 3547 1426 3609 coelo
1474 3564 1791 3627 peccasse,
1833 3554 1896 3608 et

395 3647 760 3709 secundum.
809 3646 1240 3707 diversitatem
1305 3644 1678 3706 meritorum
1743 3661 1895 3725 ope-

397 3763 670 3826 rumque
710 3760 968 3806 suorum
1012 3743 1294 3805 diversos
1339 3742 1550 3805 sortiri
1591 3750 1789 3804 status
1831 3743 1894 3803 in

401 3843 642 3905 mundo
670 3841 810 3903 hoc.
831 3842 1280 3903 Verumtamen
1311 3842 1678 3923 opinionem
1712 3842 1896 3904 istam

401 3940 684 4005 excludit
731 3939 1068 4021 Apostolus
1116 3940 1194 4001 ad
1243 3939 1576 4011 RomanOS,
1628 3940 1898 4002 dicendo

331 4041 478 4109 1‚de
523 4038 718 4101 Jacob
765 4046 828 4099 et
877 4038 1039 4099 Esau
1093 4053 1107 4098 ε
1160 4037 1364 4110 Quum
1424 4038 1708 4099 nondum
1768 4038 1898 4100 nati

401 4143 614 4201 essent
650 4144 762 4199 aut
797 4136 1038 4217 aliquid
1075 4135 1353 4216 egissent
1383 4135 1531 4198 boni
1575 4144 1682 4197 aut
1724 4136 1896 4210 mali,

2005 3176 2081 3219 ex
2122 3175 2314 3218 causa
2351 3156 2629 3217 secunda
2666 3164 2729 3217 et
2771 3174 2959 3218 causa
3002 3156 3209 3237 prima
3242 3174 3257 3219 ε
3290 3155 3509 3218 divina

2005 3253 2247 3336 quippe
2296 3251 2694 3333 providentia
2741 3252 3035 3334 producit
3076 3252 3346 3315 effectus
3396 3272 3509 3335 per

2005 3352 2429 3414 secundarum
2486 3352 2881 3432 operationes
2940 3370 3295 3413 causarum.
3346 3351 3506 3414 Hinc

2005 3459 2068 3513 et
2114 3450 2176 3511 id
2223 3450 2394 3531 quod
2437 3456 2531 3511 est
2573 3468 2685 3531 per
2728 3449 3004 3511 liberum
3048 3449 3385 3513 arbitrium
3428 3469 3505 3511 ex

2007 3547 2559 3631 praedestinatione
2605 3548 2911 3629 procedit.

2087 3648 2441 3711 Dicendum
2489 3665 2659 3728 ergo,
2712 3648 2880 3729 quod
2932 3647 3504 3728 praedestinationis

2008 3747 2313 3810 effectum
2341 3763 2679 3827 possumus
2712 3744 3111 3808 considerare
3141 3745 3500 3827 dupliciter.

2008 3846 2238 3919 Primo,
2276 3844 2341 3905 in
2382 3842 2787 3926 particulari;
2820 3843 3039 3925 sicque
3079 3843 3171 3905 nil
3213 3843 3508 3925 prohibet

2010 3962 2209 4006 unum
2242 3942 2547 4005 effectum
2589 3940 3159 4023 praedestinationis
3194 3961 3331 4003 esse
3360 3960 3505 4003 cau·

2009 4059 2142 4101 sam
2201 4047 2265 4101 et
2324 4039 2630 4101 rationem
2693 4038 2953 4101 alterius
3016 4057 3029 4101 :
3091 4038 3503 4119 posteriorem

2010 4138 2271 4219 quidem
2314 4136 2567 4218 [πίοι-ῖς,
2608 4137 2959 4199 secundum
3012 4136 3321 4199 rationem
3365 4154 3510 4197 cau-

400 4255 526 4299 non
569 4254 649 4297 ex
692 4233 1016 4316 operibuS,
1059 4234 1169 4296 sed
1211 4252 1286 4295 ex
1328 4241 1613 4307 vocante,
1656 4234 1898 4297 dictum
1931 4241 1980 4303 D
2011 4256 2094 4299 sae
2145 4235 2397 4313 finalis3
2450 4234 2727 4317 priorem
2777 4252 2927 4297 vero
2977 4233 3363 4317 posterioriS,
3416 4253 3507 4297 se-

398 4343 494 4397 est
541 4354 554 4398 :
608 4334 766 4408 Quia
814 4333 1017 4413 major
1063 4333 1298 4396 serviet
1349 4333 1597 4395 minori.
1652 4369 1732 4379 —
1776 4334 1900 4396 Alii

399 4452 569 4515 ergo,
615 4441 687 4495 ut
734 4431 1070 4513 Pelagiani,
1114 4432 1411 4493 dixerunt
1459 4432 1628 4514 quod
1681 4432 1903 4495 merita

401 4531 903 4614 praeexsistentia
953 4530 1018 4592 in
1068 4530 1186 4591 hac
1231 4530 1383 4600 vita,
1436 4538 1584 4591 sunt
1635 4531 1792 4592 ratio
1840 4539 1903 4591 et

400 4649 590 4693 causa
624 4629 898 4692 effectus
939 4627 1511 4711 praedestinationis
1544 4647 1560 4691 ε
1593 4628 1899 4702 dicenteS,

401 4729 658 4791 initium
709 4726 1150 4790 benefaciendi
1199 4745 1273 4788 ac
1318 4726 1720 4808 promerendi
1765 4746 1902 4789 esse

401 4846 476 4889 ex
519 4826 728 4900 nobis,
763 4825 1379 4888 consummationem
1421 4842 1572 4887 vero
1615 4844 1692 4887 ex
1737 4826 1901 4904 Deo;

402 4926 622 5008 sicque
669 4925 840 5007 quod
900 4923 1090 4985 alicui
1143 4924 1328 4985 datur
1374 4942 1411 4984 a
1458 4924 1584 4986 Deo
1633 4924 1904 4986 effectus

405 5022 998 5106 praedestinationis,
1065 5021 1214 5084 inde
1282 5021 1670 5102 contingere,
1735 5023 1905 5103 quod

408 5141 570 5185 unus
610 5122 786 5184 dedit
815 5122 1070 5184 initium
1113 5108 1194 5183 se'
1215 5121 1515 5203 parandO,
1550 5137 1676 5182 non
1716 5121 1900 5182 alius,

409 5220 525 5283 Sed
586 5228 805 5283 contra
863 5219 982 5282 hoc
1042 5226 1137 5281 est
1186 5219 1356 5301 quod
1412 5219 1489 5280 ad
1549 5218 1904 5281 Corinthios

149 5326 380 5385 neamus.
412 5318 629 5381 scribit
657 5317 996 5400 Apostolus
1031 5333 1045 5379 ε
1077 5318 1214 5380 Non
1249 5336 1471 5379 sumus
1508 5317 1904 5380 sufficientes

2012 4334 2293 4396 cundum
2343 4333 2651 4396 rationem
2701 4352 2905 4395 causae
2956 4333 3315 4407 meritoriae,
3366 4353 3508 4415 quae

2010 4432 2337 4495 reducitur
2364 4432 2443 4493 ad
2476 4432 2957 4514 dispositionem
2994 4432 3272 4495 materiae
3306 4450 3321 4493 ε
3355 4439 3425 4494 ut
3454 4431 3509 4494 si

2010 4531 2297 4593 dicamus
2331 4530 2499 4611 quod
2531 4531 2696 4592 Deus
2739 4530 3185 4611 praeordinavit
3213 4529 3406 4592 alicui
3441 4548 3509 4591 se

2008 4629 2277 4710 gloriam
2316 4630 2610 4691 daturum
2642 4648 2719 4690 ex
2759 4628 3025 4702 meritiS‚
3058 4636 3120 4689 et
3150 4629 3319 4710 quod
3358 4647 3512 4710 prae-

2011 4727 2329 4790 ordinavit
2384 4726 2575 4789 alicui
2635 4745 2702 4787 se
2761 4727 3057 4788 daturum
3117 4726 3382 4807 gratiam
3440 4734 3511 4787 ut

2011 4825 2278 4906 gloriam
2312 4831 2679 4885 mereretur.
2706 4858 2781 4867 —
2804 4823 3093 4885 Secundo
3124 4824 3509 4886 considerari

2013 4930 2221 5007 potest
2280 4920 2851 5004 praedestinationis
2909 4920 3179 4983 effectus
3228 4921 3291 4983 in
3342 4939 3510 4983 com-

2016 5021 2194 5084 muni
2240 5038 2255 5083 :
2297 5027 2361 5081 et
2402 5018 2495 5081 sic
2546 5018 2945 5100 impossibile
2992 5026 3087 5080 est
3130 5020 3298 5102 quod
3340 5026 3509 5083 totus

2015 5117 2587 5204 praedestinationis
2637 5117 2907 5179 effectus
2956 5117 3237 5199 aliquam
3281 5118 3509 5180 habeat

2016 5237 2273 5281 causam
2303 5235 2380 5278 ex
2412 5224 2589 5298 parte
2620 5216 2841 5289 nostri,
2865 5215 3168 5297 quoniam
3194 5216 3508 5298 quidquid

2015 5324 2110 5379 cst
2142 5316 2207 5378 in
2238 5314 2497 5377 homine
2525 5314 2824 5377 ordinans
2863 5314 3071 5396 ipsum
3104 5314 3181 5375 ad
3212 5312 3503 5389 salutem,
