4359 6250
804 472 924 540 516

1477 495 1540 544 IN
1583 493 1805 544 Lunum
1848 494 1867 542 1
1911 491 2394 542 SENTEerAnuu.
2437 512 2519 523 —
2560 491 2712 540 ms'r.
2759 491 2876 557 1L3
2919 490 3144 551 QnAEsT.
3192 491 3235 540 11

803 667 1099 728 convenit
1150 668 1406 750 proprie
1460 667 1915 750 praedestinari,
1969 686 2080 729 seu
2130 665 2300 747 quod
2329 663 2381 726 A
2412 663 2639 738 minui,
2672 683 2751 726 an
2796 663 3266 746 praedestinatio
3303 662 3745 725 necessitatem
3792 659 3915 722 im-

802 765 1350 846 praedestinentur.
1395 767 1570 830 Unde
1619 775 1881 848 apparet
1929 765 2096 847 quod
2147 783 2303 846 prae-

799 863 1102 926 destinari
1134 865 1434 928 convenit
1463 873 1710 927 tantum
1747 859 2064 927 salvandis
2096 863 2299 925 homi-

799 960 1008 1024 nibus.
1046 963 1372 1026 Interdum
1419 971 1632 1026 autem
1684 962 2152 1045 praedestinatio
2196 981 2298 1022 su-

799 1058 996 1120 mitur
1046 1062 1316 1123 multum
1371 1061 1718 1144 improprie
1766 1068 1828 1123 et
1876 1068 2133 1122 extense
2184 1076 2299 1141 pro

796 1160 1254 1241 praeparatione
1299 1160 1644 1241 cujuslibet
1683 1159 1898 1222 finalis
1940 1158 2300 1221 retributio-

795 1256 896 1317 nis
941 1276 955 1320 :
998 1265 1062 1319 et
1103 1258 1195 1320 sic
1245 1259 1545 1321 convenit
1592 1258 1812 1320 electis
1861 1276 1934 1319 ac
1984 1255 2292 1338 reprobis,

793 1355 954 1417 Hinc
1014 1356 1178 1419 libro
1229 1357 1306 1419 de
1368 1357 1715 1420 Concordia
1773 1356 2187 1438 praescientiae
2234 1363 2299 1417 et

795 1452 982 1516 liberi
1011 1454 1258 1517 arbitrii
1288 1455 1376 1516 ait
1405 1455 1742 1517 Anselmus
1777 1471 1792 1516 ε
1829 1453 2297 1517 Praedestinatio

793 1569 922 1614 non
967 1552 1173 1614 solum
1218 1552 1530 1616 bonorum
1570 1561 1686 1628 est,
1721 1553 1830 1615 sed
1867 1553 2060 1614 etiam
2105 1552 2299 1614 malo-

794 1670 957 1712 rum.
992 1651 1136 1714 Haec
1178 1652 1546 1714 Richardus.

872 1748 1102 1811 Omnes
1144 1767 1398 1832 quoque
1439 1750 1728 1813 doctores
1770 1749 2168 1812 concorditer
2202 1748 2294 1810 di-

2412 770 2605 845 ponat
2662 762 3143 845 praedestinatis,
3206 762 3439 824 Verum
3500 761 3634 823 baec
3691 759 3915 821 omnia

2412 860 2895 941 condependent
2931 877 2945 922 :
2980 861 3109 923 imo
3138 867 3203 922 et
3230 879 3307 922 ex
3338 857 3778 941 superioribus
3810 875 3919 939 pa·

2411 966 2499 1020 tet
2543 959 2619 1020 ad
2668 959 2787 1021 ista
2826 959 3076 1022 solutio.
3112 958 3353 1040 Nempe
3394 957 3562 1020 idem
3606 963 3705 1018 est
3739 975 3915 1037 quae-

2410 1076 2569 1132 rere,
2622 1076 2702 1119 an
2761 1057 3231 1140 praedestinatio
3288 1055 3733 1118 necessitatem
3793 1055 3917 1116 im·

2410 1164 2602 1237 ponat
2656 1155 3118 1238 praedestinatis
3176 1163 3249 1216 ut
3295 1155 3641 1228 salventur,
3693 1161 3778 1227 et,
3830 1172 3915 1214 an

2410 1253 2808 1335 providentia
2866 1253 3308 1316 necessitatem
3374 1253 3660 1334 imponat
3717 1250 3915 1312 rebus

2408 1351 2695 1433 praevisis
2745 1359 2816 1413 ut
2864 1352 3101 1415 certive
3150 1351 3447 1414 eveniant
3492 1370 3506 1414 ε
3551 1358 3617 1412 et
3662 1350 3913 1412 eisdem

2408 1449 2760 1512 rationibus
2802 1449 3039 1532 quibus
3082 1450 3215 1530 jam
3266 1449 3455 1532 paulo
3496 1457 3641 1511 ante
3679 1448 3913 1530 proba·
3940 1463 4261 1518 dianus-111,

2406 1555 2543 1610 tum
2574 1557 2671 1610 est.
2699 1548 2821 1611 hoc
2852 1549 2929 1610 de
2960 1547 3380 1630 providentia,
3404 1554 3610 1630 potest
3639 1548 3703 1610 id
3732 1565 3913 1608 nunc
3942 1541 3991 1583 ¹¹·
4016 1531 4065 1570 ²·

2406 1646 2661 1729 probari
2701 1648 2779 1709 de
2820 1647 3393 1728 praedestinatione,
3424 1667 3567 1730 quae
3604 1656 3699 1708 est
3732 1646 3915 1708 velut

2408 1765 2552 1828 pars
2611 1745 2967 1827 subjectiva
3018 1764 3092 1808 ac
3142 1745 3389 1827 species
3448 1745 3913 1828 providentiae3

792 1854 968 1922 cunt,
1028 1848 1195 1929 quod
1260 1848 1696 1930 praedestinari
1752 1847 2050 1911 convenit
2110 1847 2296 1910 ratio-
2330 1845 2377 1907 B
2407 1844 2628 1906 eadem
2672 1862 2927 1926 quoque
2970 1852 3066 1906 est
3110 1843 3448 1926 utrobique
3497 1844 3747 1907 solutio.
3794 1845 3917 1906 De-

792 1944 1047 2007 nalibus
1094 1953 1157 2008 et
1207 1946 1745 2008 intellectualibus
1795 1946 2122 2019 creaturiS,
2166 1962 2293 2008 non

791 2045 1144 2106 secundum
1200 2045 1371 2126 quod
1433 2045 1687 2127 penitus
1753 2063 1879 2108 non
1938 2045 2132 2118 entia,
2184 2045 2295 2106 sed

793 2151 979 2224 prout
1013 2142 1080 2204 in
1112 2143 1510 2225 praescientia
1542 2142 1652 2204 Dei
1685 2151 1864 2205 erant
1891 2151 2037 2205 ante
2069 2142 2293 2204 mundi

791 2239 1310 2302 constitutionem
1339 2247 1404 2301 et
1434 2239 2021 2322 praeordinabantur
2053 2240 2132 2301 ad
2166 2239 2296 2320 glo-

790 2339 950 2400 riam
987 2357 1001 2401 :
1035 2337 1128 2400 sic
1162 2344 1396 2412 tamen,
1431 2346 1502 2399 ut
1535 2337 2108 2421 praedestinationis
2149 2355 2295 2400 con-

787 2443 1206 2519 sequerentur
1235 2435 1566 2511 esfectum,
1600 2436 2008 2499 subsistendo
2038 2435 2295 2499 realiter

789 2534 853 2596 in
899 2535 1158 2618 proprio
1198 2554 1356 2597 esse.

870 2634 957 2695 De
996 2632 1296 2697 omnibus
1335 2633 1435 2696 his
1475 2633 1701 2697 scribit
1741 2633 1990 2714 egregie
2028 2633 2293 2695 Alexan-

787 2717 1016 2806 den-,et
1047 2741 1394 2796 consonant
1426 2733 1820 2814 praeinducta
1854 2732 2110 2814 scriptis
2144 2732 2293 2813 ipsi-

788 2849 883 2892 us,
918 2830 1037 2904 Qui
1075 2831 1267 2893 etiam
1311 2838 1721 2904 contestatur,
1753 2831 1921 2912 quod
1968 2830 2305 2913 praedesti-'

787 2928 960 2991 natio
989 2929 1264 3010 pertinet
1292 2930 1369 2991 ad
1401 2929 1734 2991 scientiam
1763 2928 2146 3010 beneplaciti
2176 2928 2288 2990 Dei

788 3046 900 3089 seu
947 3027 1443 3116 approbationis

868 3126 1114 3207 Scripta
1163 3126 1316 3188 item
1356 3126 1585 3207 AEgidii
1637 3126 1704 3187 in
1755 3126 1856 3188 his
1904 3126 2292 3189 concordant

789 3224 1173 3307 praehabitis.
1209 3224 1326 3298 Qui
1369 3224 1476 3286 hic
1519 3224 1764 3307 prolixe
1808 3224 2105 3297 declarat,
2139 3244 2292 3307 qua-

789 3321 932 3384 liter
962 3329 1164 3384 totum
1207 3322 1581 3384 universum
1617 3341 1685 3384 se
1716 3322 1944 3385 babeat
1976 3323 2055 3384 ad
2086 3323 2289 3385 Deum

786 3420 953 3481 sicut
1001 3421 1228 3483 domus
1288 3439 1414 3481 una
1464 3421 1543 3482 ad
1603 3418 2148 3509 patremfamiliaS,
2203 3420 2291 3482 ita

786 3519 956 3599 quod
1002 3518 1169 3581 sicut
1213 3518 1668 3600 paterfamilias
1712 3518 1923 3601 primo
1965 3518 2031 3580 in
2077 3527 2289 3580 mente

787 3635 901 3678 sua
959 3616 1374 3698 praeconcipit
1423 3616 1697 3698 qualiter
1745 3635 1925 3678 suam
1977 3616 2132 3679 velit
2180 3617 2288 3680 do-

789 3732 965 3776 mum
1024 3722 1213 3797 atque
1261 3714 1572 3777 familiam
1621 3716 1914 3778 ordinare
1961 3723 2024 3776 et
2072 3732 2291 3796 quem-

785 3813 958 3894 piam
1002 3813 1333 3887 honorare,
1371 3813 1456 3875 ita
1494 3813 1661 3875 Deus
1700 3813 1766 3875 in
1806 3832 1873 3875 se
1915 3813 2054 3895 ipso
2097 3812 2289 3875 totius

786 3912 1009 3974 mundi
1050 3912 1516 3975 institutionem
1549 3920 1611 3973 et
1640 3912 2168 3992 gubernationem
2207 3911 2289 3973 ab

783 4008 1019 4073 &eterno
1077 4010 1548 4091 praeordinavit,
1600 4018 1664 4071 et
1721 4010 2028 4091 quosdam
2089 4008 2290 4090 magis

785 4116 894 4170 aut
939 4107 1152 4169 minus
1195 4107 1541 4169 sublimare
1585 4107 1919 4189 disposuit,
1953 4114 2071 4168 etc.

1225 4394 1700 4510 QUAESTIO
1769 4436 1846 4497 11

909 4708 1171 4771 Ecundo
1247 4706 1688 4790 principaliter
1756 4704 2083 4786 quaeritur,
2153 4707 2285 4771 An

934 4810 1204 4874 certus
1261 4808 1345 4872 et:
1396 4802 1938 4871 immutabilis
1987 4803 2099 4869 stt:
2143 4820 2282 4869 nu-

780 4922 1052 4974 merus
1093 4904 1862 4987 praedesunatorum.

863 5006 938 5067 Et
979 5003 1243 5087 quaestio
1285 5003 1405 5065 ista
1453 5001 1684 5063 multas
1736 4998 2026 5073 includit,
2067 5000 2288 5062 videli-

782 5112 884 5166 cet
917 5121 931 5165 :
963 5122 1044 5166 an
1088 5100 1572 5185 praedestinatus
1623 5097 1824 5182 possit
1862 5097 2170 5173 damnari,
2204 5117 2285 5159 an

779 5220 910 5265 non
961 5200 1444 5283 praedestinatus
1495 5198 1696 5280 possit
1743 5196 1996 5271 salvari,
2039 5214 2118 5257 an
2169 5216 2285 5257 nu-

779 5318 992 5365 merus
1037 5296 1628 5382 praedestinatorum
1675 5295 1875 5379 possit
1916 5294 2132 5375 augeri
2176 5303 2285 5357 aut

2406 1942 2641 2005 clarato
2670 1950 2878 2005 autem
2909 1942 3183 2024 qualiter
3212 1943 3683 2025 praedestinatio
3715 1942 3919 2025 impo-

2407 2049 2513 2104 nat
2550 2061 2664 2104 seu
2708 2060 2833 2105 non
2880 2041 3165 2124 imponat
3206 2042 3650 2124 praedestinato
3694 2060 3915 2104 neces-

2403 2141 2655 2203 sitatem
2686 2140 3075 2214 salvationiS,
3110 2149 3282 2223 patet
3311 2160 3390 2203 an
3422 2141 3912 2223 praedestinatus

2403 2245 2593 2320 queat
2634 2239 2943 2313 damnari,
2976 2246 3038 2300 et
3083 2238 3233 2300 item
3283 2256 3364 2300 an
3411 2256 3539 2301 non
3588 2239 3913 2320 praedesti-

2404 2344 2589 2400 natus
2639 2338 2839 2420 possit
2885 2337 3133 2400 salvari.
3190 2337 3282 2399 Ex
3329 2336 3564 2419 quibus
3614 2338 3911 2420 protinus

2403 2435 2729 2510 elucescit,
2763 2435 3036 2517 qualiter
3077 2453 3383 2498 numerus
3434 2436 3909 2517 praedcstinato-

2404 2552 2547 2595 rum
2591 2542 2801 2596 certus
2846 2532 3396 2616 immutabilisque
3440 2533 3761 2596 consistat.

2484 2633 2561 2694 Et
2607 2632 2777 2714 quod
2828 2650 3132 2694 numerus
3184 2632 3291 2694 ille
3340 2631 3424 2694 sit
3472 2639 3706 2706 certus,
3750 2651 3912 2714 prae-

2401 2733 2858 2795 determinatus
2888 2741 2951 2794 et
2980 2732 3440 2794 invariabiliter
3468 2750 3505 2794 a
3534 2732 3664 2794 Deo
3694 2731 3908 2813 prael'i-

2402 2851 2541 2904 xuS,
2582 2830 2770 2892 facile
2818 2838 2915 2892 est
2960 2838 3309 2893 monstrare
3353 2847 3367 2892 :
3410 2830 3652 2912 quippe
3700 2849 3905 2911 quum

2399 2929 2711 3011 scriptum
2759 2929 2862 3002 sit,
2904 2927 3130 2990 Omnia
3180 2928 3245 2990 in
3290 2946 3579 3002 numero,
3622 2928 3905 3010 pondere
3934 2951 4251 3007 Sapaasn.

2326 3029 2464 3092 Get
2520 3045 2819 3088 mensura
2876 3027 3298 3106 constituisti3
3356 3033 3419 3088 et
3474 3046 3719 3100 rursuS,
3771 3026 3903 3108 Ego
3942 3049 4253 3102 amam-2,

2400 3126 2532 3189 scio
2562 3144 2720 3208 quos
2750 3124 3091 3207 elegerim3
3129 3126 3303 3200 item,
3338 3126 3607 3189 Domino
3636 3126 3766 3189 Deo
3794 3146 3903 3188 an·
3936 3116 4111 3221 ¹⁸32„-
4136 3193 4251 3230 xm,

2400 3233 2657 3307 tequam
2707 3225 2887 3298 fiant,
2942 3232 3089 3288 nota
3135 3233 3280 3288 sunt
3329 3225 3563 3288 omnia.
3610 3225 3786 3288 Unde
3833 3226 3901 3288 in
3930 3242 4007 3284 ιε.

2400 3331 2643 3385 secreta
2702 3322 2985 3404 loquitur
3038 3322 3432 3403 Augustinus
3484 3340 3499 3384 :
3552 3323 3741 3395 Deus,
3794 3324 3903 3385 cui

2400 3421 2519 3483 soli
2577 3421 2867 3502 cognitus
2917 3427 3013 3483 est
3061 3440 3367 3484 numerus
3424 3421 3773 3484 electorum
3835 3422 3905 3484 in

2400 3538 2676 3602 superna
2717 3519 3021 3581 felicitate
3065 3519 3387 3582 locandus.
3429 3520 3603 3581 Istud
3646 3538 3907 3603 quoque

2399 3618 2669 3700 requirit
2698 3636 2950 3680 summa
2980 3626 3043 3680 et
3073 3616 3540 3700 perfectissima
3570 3618 3909 3701 providen-

2400 3718 2486 3778 tia
2533 3717 2668 3791 Dei,
2723 3715 2979 3778 infinita
3036 3717 3229 3778 etiam
3278 3716 3609 3798 perfectio,
3662 3716 3794 3780 imo
3839 3726 3907 3779 et

2399 3813 2937 3897 impermutabilis
3008 3833 3082 3877 ac
3155 3814 3517 3877 infallibilis
3588 3815 3909 3878 certitudo

2400 3913 2814 3996 praescientiae
2854 3922 3045 3995 atque
3088 3912 3372 3976 scientiae
3412 3911 3575 3994 ejus.

2476 4011 2690 4074 Nihilo
2730 4011 2943 4073 minus
2990 4011 3054 4073 in
3094 4011 3461 4093 oppositum
3506 4011 3699 4093 hujus
3740 4012 3909 4074 mul-

2398 4109 2705 4191 tipliciter
2748 4110 2928 4190 argui
2977 4116 3205 4192 potest,
3251 4108 3419 4171 sicut
3465 4117 3532 4172 et
3577 4109 3643 4171 in
3693 4110 3907 4172 littera

2318 4214 2369 4276 D
2398 4208 2697 4289 tangitur.
2740 4208 2898 4290 Nam
2944 4226 3107 4270 unus
3153 4215 3361 4290 potest
3401 4206 3691 4270 obtinere
3734 4226 3912 4271 coro-

2398 4326 2567 4381 nam,
2595 4307 2657 4368 id
2688 4314 2785 4368 est
2814 4305 3209 4379 felicitatem,
3237 4305 3519 4368 alterius.
3546 4305 3710 4387 Ergo
3737 4306 3906 4369 alius

2396 4414 2603 4487 potest
2649 4425 2791 4467 eam
2840 4406 3133 4468 amittere
3180 4424 3193 4469 ε
3239 4412 3304 4468 et
3352 4405 3439 4468 ita
3488 4422 3616 4467 non
3666 4406 3911 4486 praede-

2394 4505 2665 4567 stinatus
2710 4511 2917 4587 potest
2956 4520 3253 4567 coronam
3300 4504 3728 4587 praedestinati
3774 4522 3909 4567 sor-

2392 4604 2523 4677 tiri,
2556 4604 2709 4685 quia
2748 4621 2981 4666 corona
3018 4620 3147 4665 non
3185 4601 3421 4664 dicitur
3456 4602 3732 4683 alicujus
3772 4604 3905 4667 nisi

2393 4702 2544 4782 quia
2582 4700 3025 4782 praedestinata
3067 4718 3180 4761 seu
3220 4698 3638 4781 praeordinata
3674 4705 3775 4761 est
3811 4698 3897 4761 ei.

2394 4800 2570 4863 Unde
2612 4799 2922 4881 scriptum
2962 4806 3057 4861 est
3091 4817 3105 4861 ε
3139 4799 3306 4861 Tenc
3348 4797 3518 4880 quod
3562 4795 3781 4871 habeS,
3814 4818 3900 4860 ne
3928 4830 4235 4887 Apoe.m‚n.
4317 4880 4318 4883 Ἴ

2393 4898 2556 4960 alius
2600 4898 2874 4980 accipiat
2911 4914 3210 4959 coronam
3252 4902 3447 4958 tuam.
3472 4930 3553 4940 -—
3580 4894 3897 4977 Denique,
4317 4892 4318 4913 ²

2393 4998 2471 5059 ad
2519 4998 2833 5059 Romanos
2876 4997 3061 5058 docet
3099 4994 3438 5077 Apostolus
3487 4993 3905 5076 quemadmo—
3930 5016 4231 5073 aon-‚21³2

2396 5096 2549 5158 dum
2576 5096 2939 5158 Judaeorum
2979 5093 3253 5175 perditio
3286 5100 3351 5155 et
3380 5093 3563 5155 ruina
3600 5092 3775 5155 salus
3815 5093 3903 5156 sit

2392 5192 2678 5275 gentium
2728 5210 2742 5254 ε
2794 5209 2943 5272 ergo
2994 5189 3411 5273 pereuntibus
3458 5189 3617 5252 filiis
3663 5196 3728 5251 et
3774 5190 3905 5252 cle—

2396 5293 2537 5367 ctiS,
2563 5290 2757 5356 alieni
2786 5291 3127 5353 salvantur.
3151 5324 3232 5335 —
3260 5288 3439 5364 Item,
3462 5288 3672 5351 omnis
3702 5288 3902 5352 bomo
