4359 6250
550 4512 566 4556 1
581 4512 684 4556 Cor.
699 4525 770 4554 xm

527 4578 589 4618 ¹2.

814 464 894 528 24
1352 484 1416 530 m
1457 485 1680 530 uanum
1723 486 1742 530 1
1786 483 2269 530 situram-lanum.
2315 501 2395 512 ———
2436 484 2591 529 msr.
2638 483 2809 546 xv113
2854 485 3078 540 Quffisr.
3124 486 3188 531 iv
3228 485 3303 531 ΕΤ
3342 485 3382 530 v

812 652 1206 716 satisfactum
1249 673 1363 737 pro
1393 655 1600 736 culpis
1639 655 1780 736 ejus
1810 655 1921 737 qui
1960 654 2211 717 decedit
2240 654 2305 715 in
2335 654 2386 716 A
2415 654 2649 718 amoris
2707 653 2988 730 affectio,
3040 674 3232 737 quam
3292 654 3651 718 intellectus
3701 653 3911 734 cogni-

811 751 1102 831 caritate3
1137 754 1246 815 sed
1289 753 1452 815 inter
1490 761 1782 816 naturam
1812 761 1876 814 et
1905 753 2170 833 gratiam
2206 771 2304 814 ca-

810 848 904 910 dit
953 858 1214 913 conatus
1273 851 1521 913 medius
1574 851 1986 934 dispositivus
2043 851 2119 912 ad
2168 868 2306 930 gra-

808 947 983 1010 tiam.

895 1148 1178 1230 Denique
1209 1149 1624 1230 quaestionem
1665 1150 1826 1211 hanc
1866 1166 1992 1211 non
2027 1150 2147 1230 legi
2187 1151 2305 1214 hac

812 1247 1218 1310 distinctione
1276 1256 1512 1309 motam
1566 1247 1691 1309 nisi
1738 1267 1774 1308 a
1822 1248 2059 1310 Thoma
2115 1258 2304 1331 atque

813 1346 1057 1426 AEgidio
1113 1365 1186 1408 ac
1246 1346 1560 1419 Durando‚
1612 1346 1904 1427 quamvis
1959 1347 2114 1408 alibi
2172 1366 2304 1410 mo-

812 1453 1034 1506 veatur
1088 1444 1168 1506 ab
1225 1445 1386 1506 aliis,
1450 1446 1565 1506 Pro
1625 1445 1921 1526 praesenti
1979 1463 2128 1526 ergo
2188 1447 2306 1509 ista

811 1542 1158 1604 sufficiant.

890 1641 1422 1705 Antisiodorensis
1463 1660 1612 1705 vero
1657 1642 1720 1703 in
1767 1642 2026 1705 Summa
2067 1662 2203 1717 sua,
2238 1644 2307 1705 li-

813 1739 927 1802 bro
965 1740 1172 1814 tertio,
1205 1741 1448 1822 aliquid
1488 1741 1688 1821 tangit
1731 1740 1809 1801 de
1855 1741 1973 1802 ista
2017 1742 2300 1815 materia,

2416 753 2524 827 tio,
2575 753 2757 834 juxta
2806 753 2963 816 illud
3015 753 3294 834 Hugonis
3341 771 3355 816 :
3403 753 3670 816 Dilectio
3718 752 3911 814 intrat

2414 851 2526 913 ubi
2556 853 2833 933 cognitio
2862 861 3145 914 remanet
3172 850 3507 914 foris.Haec
3535 851 3903 914 Richardus.

2494 951 2763 1013 Thomas
2805 968 2956 1012 vero
3001 951 3139 1012 loco
3177 959 3476 1033 praetacto
3518 949 3858 1030 respondet
3889 966 3906 1014 ε

2414 1049 2607 1111 Actus
2657 1049 2993 1129 cognitivae
3052 1050 3351 1130 potentiae
3407 1048 3741 1131 perficitur
3796 1066 3912 1130 per

2415 1146 2534 1209 hoc
2582 1147 2752 1228 quod
2812 1147 3137 1227 cognitum
3186 1155 3283 1209 est
3333 1147 3397 1208 in
3449 1155 3908 1228 cognoscente3

2413 1255 2592 1307 actus
2629 1253 2843 1307 autem
2883 1245 3181 1327 potentiae
3218 1246 3604 1327 appetitivae,
3638 1263 3753 1328 per
3789 1246 3911 1308 hoc

2415 1344 2585 1425 quod
2630 1344 2953 1426 appetitus
3002 1343 3347 1406 inclinatur
3391 1343 3455 1405 in
3500 1362 3635 1406 rem
3680 1344 3905 1425 ipsam.

2415 1442 2561 1504 Ideo
2628 1450 2837 1505 motus
2899 1441 3265 1525 appetitivae
3329 1442 3627 1524 potentiae
3688 1449 3785 1504 est
3844 1442 3910 1503 in

2418 1558 2518 1600 res
2548 1539 2901 1602 secundum
2940 1540 3368 1602 conditionem
3410 1558 3521 1602 seu
3564 1539 3909 1622 proprieta-

2417 1647 2547 1700 tem
2579 1656 2832 1718 earum3
2860 1647 3037 1701 actus
3068 1657 3220 1702 vero
3250 1639 3547 1721 potentiae
3578 1639 3913 1719 cognitivae

2417 1746 2513 1798 est
2544 1738 2897 1799 secundum
2937 1738 3197 1800 modum
3231 1737 3687 1818 cognoscentis
3724 1738 3913 1800 Porro

813 1839 981 1900 inter
1009 1847 1215 1900 cetera
1247 1838 1588 1921 perhibens
1621 1838 1790 1920 quod
1830 1841 2169 1901 strenuitas
2200 1859 2304 1902 na·
2340 1837 2388 1898 B
2418 1835 2583 1896 Deus
2626 1853 2740 1917 per
2778 1853 2845 1896 se
2876 1844 2939 1898 et
2969 1843 3226 1917 propter
3264 1853 3331 1897 se
3370 1843 3467 1897 est
3495 1835 3772 1897 maxime
3810 1853 3911 1898 co-

810 1935 1112 1998 turalium
1154 1936 1429 1998 multum
1465 1936 1645 2016 juvet
1673 1937 1750 1997 ad
1784 1945 1962 1999 actus
1994 1937 2303 1999 virtutum

807 2042 872 2096 et
929 2035 1008 2096 ad
1065 2036 1443 2097 tentationes
1502 2035 1909 2097 vincendum.
1974 2036 2148 2098 Unde
2207 2037 2305 2116 (ut

807 2133 1060 2214 asserit)
1089 2141 1386 2195 strenuus
1428 2133 1610 2195 miles
1643 2134 1707 2195 in
1741 2133 1908 2195 bello
1939 2135 2138 2215 magis
2170 2153 2307 2215 per-

810 2231 1091 2293 mitteret
1147 2249 1214 2293 se
1261 2231 1468 2294 occidi
1525 2250 1716 2312 quam
1776 2230 1973 2293 fidem
2023 2240 2086 2293 et
2134 2231 2307 2294 Chri-

810 2338 979 2392 stum
1030 2338 1303 2410 negaret.
1351 2364 1432 2375 —
1470 2331 1920 2393 Verumtamen
1970 2331 2138 2393 circa
2186 2331 2307 2394 hoc

811 2435 1022 2509 posset
1051 2426 1399 2490 difficultas
1428 2429 1553 2491 alia
1583 2429 1774 2510 tangi,
1807 2449 1886 2491 an
1919 2429 2164 2492 scilicet
2193 2430 2304 2492 ali-

809 2527 954 2608 quis
985 2546 1062 2588 ex
1094 2527 1271 2608 puris
1310 2528 1707 2590 naturalibus
1748 2535 1960 2610 posset
1992 2528 2153 2590 mori
2190 2546 2305 2610 pro

809 2625 961 2699 fide,
1003 2633 1068 2686 et
1110 2634 1324 2687 utrum
1371 2627 1436 2688 in
1482 2627 1618 2708 ipsa
1666 2628 1890 2690 mortis
1933 2626 2303 2689 toleratione

810 2724 976 2785 Deus
1014 2723 1137 2786 sibi
1180 2725 1543 2788 infunderet
1583 2726 2030 2789 contritionem
2069 2733 2132 2787 et
2166 2745 2304 2807 gra-

811 2823 966 2885 tiam
1001 2840 1014 2885 :
1051 2843 1193 2905 quae
1235 2823 1588 2888 difficultas
1631 2843 1747 2888 suo
1790 2826 2170 2888 reservanda
2210 2833 2306 2887 est

810 2921 966 2985 loco,

1245 3232 1718 3307 QUAESTIO
1785 3232 1891 3295 IV

955 3504 1141 3567 Uarto
1188 3505 1514 3586 quaeritur,
1565 3507 1694 3572 An
1743 3506 1954 3573 Deus
2001 3507 2086 3574 in
2133 3508 2309 3575 Vita

973 3604 1124 3671 hac
1166 3606 1418 3685 possit
1456 3605 1917 3673 immediate
1959 3610 2238 3675 amari.

893 3704 1092 3777 Quam
1141 3704 1558 3786 quaestionem
1617 3703 1682 3765 in
1733 3704 1850 3766 hac
1899 3705 2307 3768 distinctione

811 3820 938 3865 non
979 3801 1111 3865 vidi
1155 3810 1392 3865 motam
1436 3802 1561 3864 nisi
1603 3822 1640 3864 a
1677 3802 2007 3867 Richardo.
2038 3804 2309 3867 Thomas

811 3918 962 3964 vero
994 3900 1060 3962 in
1095 3902 1374 3963 secunda
1412 3901 1728 3976 secundae,
1763 3902 2111 3982 quaestione
2142 3903 2310 3965 vice-

811 3999 973 4060 sima
1015 3999 1306 4080 septima,
1353 4007 1566 4061 movet
1614 4018 1775 4060 eam.

892 4096 1178 4159 Breviter
1219 4105 1432 4158 autem
1476 4096 1614 4158 sine
1655 4097 2047 4177 argumentis
2093 4115 2310 4179 proce-

2416 1932 2788 2012 gnoscibilis
2836 1941 3026 2019 atque
3073 1932 3389 2006 amabili3‚
3433 1940 3651 2014 utpote
3700 1951 3911 1994 essen-

2417 2029 2652 2092 tialiter
2681 2031 2912 2093 veritas
2940 2049 3015 2091 ac
3048 2030 3295 2092 bonitas
3326 2049 3729 2112 summa‚pe1·
3755 2049 3912 2112 quas

2416 2129 2540 2190 alia
2582 2138 3050 2209 cognoscuntur
3090 2137 3154 2190 et
3196 2129 3568 2210 diliguntur.
3604 2129 3722 2192 Sed
3763 2147 3913 2210 quo-

2415 2227 2492 2289 ad
2542 2245 2677 2300 noS‚
2720 2229 3023 2308 quoniam
3069 2236 3283 2290 nostra
3329 2227 3607 2308 cognitio
3644 2247 3683 2289 a
3721 2247 3912 2290 sensu

2415 2334 2625 2388 ortum
2686 2326 2967 2400 sortitur,
3020 2327 3198 2407 prius
3256 2335 3404 2388 sunt
3461 2326 3915 2406 cognoscibilia

2415 2443 2557 2505 quae
2606 2430 2753 2485 sunt
2801 2424 3095 2486 sensibus
3146 2424 3623 2506 propinquiora,
3666 2433 3732 2487 ct
3772 2426 3915 2488 ulti-

2417 2541 2559 2583 mus
2620 2523 2929 2584 terminus
2988 2522 3367 2603 cognitionis
3414 2530 3511 2584 est
3560 2523 3626 2584 in
3674 2540 3751 2586 eo
3800 2523 3911 2605 qui

2417 2619 2880 2680 remotissimus
2912 2627 3008 2680 est
3036 2638 3073 2680 a
3103 2638 3317 2694 sensu,
3350 2627 3502 2700 puta
3533 2619 3599 2682 in
3629 2620 3775 2683 Deo.
3810 2620 3911 2683 Sic

2416 2734 2566 2797 ergo
2622 2717 2987 2792 dicendum,
3049 2719 3219 2799 quod
3279 2717 3557 2791 dilecti0,
3617 2738 3761 2800 quae
3816 2727 3913 2780 est

2418 2824 2629 2879 motus
2677 2825 2740 2878 et
2788 2817 2953 2879 actio
3001 2816 3366 2899 appetitivae
3414 2817 3737 2899 potentiae,
3778 2827 3912 2880 ten-

2416 2915 2510 2976 dit
2552 2915 2618 2976 in
2659 2915 2859 2977 Deum
2910 2915 3155 2997 primo„
3182 2923 3247 2976 et
3287 2933 3365 2977 ex
3406 2914 3545 2997 ipso
3594 2915 3914 2978 derivatur

2342 3013 2385 3075 C
2415 3013 2493 3076 ad
2542 3013 2667 3075 alia
2709 3033 2722 3077 :
2766 3014 2986 3096 sicque
3026 3014 3253 3077 caritas
3304 3014 3668 3076 immediate
3706 3014 3913 3095 diligit

2414 3113 2639 3187 Deum,
2684 3121 2749 3175 et
2794 3113 2919 3176 alia
2967 3113 3284 3176 mediante
3332 3113 3477 3176 De0.
3524 3112 3645 3177 Sed
3696 3114 3761 3176 in
3810 3132 3911 3177 co-

2414 3212 2699 3292 gnitione
2746 3220 2843 3274 est
2882 3230 3247 3287 econver80‚
3291 3212 3442 3294 quia
3493 3231 3606 3294 per
3646 3213 3771 3275 alia
3810 3231 3913 3276 co-

2413 3311 2783 3391 gnoscimus
2823 3311 3046 3386 Deum,
3081 3310 3621 3393 quemadmodum
3656 3330 3911 3374 causam

2416 3427 2530 3491 per
2571 3408 2897 3472 effectum.
2933 3411 3075 3473 Haec
3119 3409 3408 3472 Thomas

2868 3736 3343 3810 QUAESTIO
3401 3736 3461 3798 V

2564 3998 2749 4060 Uinto
2780 3998 3107 4079 quaeritur,
3140 4002 3271 4066 An
3307 3999 3548 4067 homo
3586 4001 3757 4067 Sine
3796 4016 3911 4067 re-

2580 4095 2982 4164 velatione
3013 4096 3292 4165 divina
3319 4098 3914 4167 certitudinali-

814 4194 1044 4267 dendo,
1077 4194 1462 4256 advertenda
1494 4203 1590 4255 est
1620 4194 1914 4257 Richardi
1957 4197 2306 4277 responsio,
2344 4196 2389 4256 D
2417 4198 2544 4262 ter
2573 4194 2779 4263 Scire
2810 4196 3081 4263 valeat
3114 4198 3199 4262 tn
3239 4195 3389 4264 hac
3417 4197 3594 4265 vita
3628 4212 3712 4264 ΒΘ
3742 4212 3913 4265 esse

815 4292 925 4374 qui
975 4292 1067 4353 sic
1115 4292 1204 4353 ait
1255 4312 1268 4355 :
1321 4292 1620 4365 Quamvis
1669 4293 1747 4354 de
1800 4293 1933 4373 lege
1983 4296 2310 4358 communi

816 4391 981 4452 Deus
1032 4408 1158 4454 non
1202 4398 1617 4472 cognoscatur
1659 4391 1739 4453 ab
1783 4391 2039 4453 homine
2084 4392 2149 4454 in
2194 4395 2310 4456 hac

775 4490 946 4564 ‚vita
993 4490 1116 4552 nisi
1167 4490 1458 4563 mediate,
1503 4498 1657 4570 puta
1704 4508 1818 4572 per
1861 4490 2195 4572 speculum
2244 4493 2308 4554 in

815 4588 1148 4669 aenigmate
1191 4596 1254 4649 et
1297 4607 1412 4670 per
1449 4595 1687 4667 creata3
1730 4596 1940 4650 tamen
1986 4607 2156 4651 nunc
2198 4610 2311 4673 per

813 4687 1139 4749 caritatem
1171 4706 1208 4748 a
1230 4686 1414 4749 nobis
1445 4686 1810 4749 immediate
1840 4686 2312 4771 diligitur‚quo-

813 4786 984 4847 niam
1027 4784 1371 4847 voluntatis
1420 4785 1585 4847 actio
1635 4785 1860 4865 incipit
1907 4784 2018 4847 ubi
2068 4786 2312 4849 intelle-

811 4885 994 4947 ctivae
1026 4884 1324 4965 potentiae
1353 4884 1519 4945 actio
1550 4883 1947 4957 terminatur,
1972 4904 2172 4965 quum
2207 4904 2310 4967 po-

810 4984 1154 5047 tentiarum
1186 4983 1452 5045 istarum
1481 4982 1760 5045 actiones
1792 4981 2065 5045 habeant
2095 5002 2162 5046 se
2194 5004 2308 5066 per

808 5082 1116 5146 ordinem.
1171 5081 1344 5144 Unde
1402 5082 1573 5164 quod
1633 5080 1929 5144 debiliter
1987 5083 2307 5163 cognosci-

811 5200 974 5254 muS,
1009 5181 1390 5265 quandoque
1430 5179 1679 5242 fortiter
1708 5188 1771 5241 et
1806 5181 2102 5242 ardenter
2137 5200 2306 5244 ama-

811 5299 954 5343 mus
996 5299 1010 5344 :
1053 5280 1272 5361 sicque
1323 5278 1521 5359 magis
1569 5278 1855 5341 ascendit
1903 5286 1966 5339 et
2014 5286 2305 5359 penetrat

2418 4297 2505 4361 tn
2546 4296 2916 4363 caritate.

2496 4393 2761 4455 Videtur
2790 4393 2961 4475 quod
3000 4394 3111 4455 sic.
3147 4393 3379 4467 Primo,
3411 4394 3714 4475 quoniam
3756 4395 3911 4457 cari-

2419 4500 2512 4554 tas
2550 4500 2647 4553 est
2685 4490 3083 4554 nobilissima
3123 4492 3325 4553 virtus
3363 4499 3425 4552 et
3462 4492 3743 4573 optimus
3780 4493 3911 4555 ani-

2422 4610 2539 4653 rnae
2584 4589 2858 4652 habitus.
2896 4589 3014 4652 Sed
3057 4599 3127 4652 ut
3168 4590 3448 4652 secundo
3490 4590 3913 4654 Posteriorum

2418 4690 2506 4751 ait
2534 4689 2952 4771 Philosophus
2983 4689 3315 4771 disputans
3346 4696 3564 4751 contra
3592 4689 3911 4753 Platonem

2419 4788 2737 4850 dicentem
2782 4788 3079 4849 scientias
3122 4788 3353 4850 animae
3396 4797 3783 4863 concreatas,
3821 4789 3912 4851 in-

2417 4886 2803 4949 conveniens
2843 4895 2939 4949 est
2982 4886 3195 4948 dicere
3243 4886 3415 4968 quod
3458 4886 3525 4948 in
3564 4886 3748 4950 nobis
3787 4889 3915 4951 sint

2416 4984 2801 5047 nobilissimi
2847 4984 3101 5047 habitus
3146 4991 3207 5045 et
3253 4985 3485 5047 lateant
3530 5002 3663 5047 nos,
3698 5020 3779 5030 ——
3808 4986 3911 5048 Se-

2416 5083 2645 5157 cunde,
2680 5082 2848 5164 quod
2890 5102 3003 5165 per
3037 5082 3495 5164 experientiam
3526 5082 3747 5157 scitur,
3781 5102 3911 5145 cer-

2415 5181 2658 5243 tissime
2717 5181 2937 5244 scitur.
2989 5179 3487 5243 Sed-ferventes
3537 5180 3602 5243 in
3652 5181 3909 5244 caritate

2412 5279 2827 5361 experiuntur
2855 5288 2919 5341 et
2952 5279 3236 5342 sentiunt
3270 5278 3335 5342 in
3377 5296 3443 5340 se
3481 5286 3659 5341 actus
3697 5278 3902 5342 divini
