4359 6250
1333 505 1506 554 mnan
1549 509 1568 553 1
1609 504 2090 554 snxrnxrmnun.
2138 526 2219 536 —
2258 509 2411 555 msr.
2458 503 2556 554 xm
3376 484 3499 556 529

395 675 618 740 cordia
653 677 778 741 Dei
819 680 1020 742 venit.
1061 680 1210 742 Non
1249 699 1402 762 ergo
1445 685 1710 763 propter
1746 683 1945 746 fidem
1981 683 2086 746 vel
2125 684 2347 765 aliqua
2384 686 2619 748 merita
2656 686 2849 766 elegit
2894 687 3074 748 Deus
3112 685 3371 766 aliquos
3394 683 3498 748 -ab

393 795 662 872 aeterum
705 795 810 858 vel
847 797 1157 878 apposuit
1204 799 1482 878 gratiam
1515 798 2008 878 justificationis
2055 801 2123 864 in
2161 803 2456 883 tempore
2490 823 2505 882 ;
2546 802 2661 866 sed
2706 803 2991 884 gratuita
3036 802 3327 865 bonitate
3374 818 3496 864 sua

391 910 586 991 elegit
625 913 700 974 ut
735 911 892 975 boni
922 915 1160 977 essent.
1187 915 1372 978 Unde
1409 915 1820 996 Augustinus
1857 917 1924 978 in
1965 916 2130 979 libro
2169 917 2249 980 de
2280 917 2859 982 Praedestinatione
2892 919 3319 982 Sanctorum:
3343 918 3492 982 Non
3574 927 3684 982 Aus-
3713 927 3769 970 do

391 1029 546 1108 quia
589 1028 852 1093 futuros
885 1048 1009 1094 nos
1045 1031 1211 1094 tales
1249 1049 1390 1095 esse
1442 1033 1794 1114 praescivit,
1837 1033 1984 1096 ideo
2037 1032 2255 1113 elegit,
2296 1032 2411 1096 sed
2462 1035 2538 1095 ut
2574 1051 2869 1097 essemus
2916 1034 3077 1098 tales
3123 1052 3241 1115 per
3276 1034 3490 1115 ipsam
3518 986 3786 1105 &³⁰53qu

394 1143 780 1208 electionem
826 1149 1052 1227 gratiae
1101 1165 1262 1227 suae,
1304 1166 1434 1230 qua
1478 1150 1870 1230 gratificavit
1913 1166 2036 1212 nos
2086 1149 2152 1211 in
2199 1148 2439 1212 dilecto
2488 1149 2659 1212 Filio
2706 1169 2849 1214 suo,
3516 1117 3784 1232 ”affara

811 1378 882 1441 C.
931 1383 1066 1444 His
1111 1383 1404 1445 videtur
1447 1386 1920 1448 contrarium
1967 1389 2158 1461 quod
2206 1387 2393 1448 alibi
2437 1386 2553 1447 ait
2595 1386 3063 1461 Auoustinus.

523 1593 650 1657 His
685 1595 906 1657 tamen
945 1595 1276 1660 adversari
1305 1597 1563 1661 videtur
1590 1597 1768 1678 quod
1797 1598 1958 1660 dicit
1983 1599 2397 1679 Augustinus
2428 1615 2625 1678 super
2650 1597 3041 1662 Malachiam
3072 1599 3484 1680 prophetam,
3518 1608 3779 1715 Lffishlilbl·

395 1710 504 1774 ubi
539 1711 862 1792 scriptum
893 1712 992 1774 est
1026 1732 1040 1772 :
1073 1712 1278 1775 Jacob
1313 1713 1540 1791 dilexi,
1581 1714 1756 1776 Esau
1794 1715 2013 1777 autem
2055 1713 2207 1776 odio
2246 1715 2468 1777 habui.
2512 1714 2633 1776 Cui
2664 1713 2827 1794 vult,
2863 1714 3100 1795 inquit,
3143 1715 3490 1778 miseretur
3516 1733 3751 1840 Quaeffiq.

393 1827 592 1906 DeuS,
635 1828 701 1890 et
737 1845 934 1908 quem
978 1828 1122 1890 vult
1161 1828 1440 1892 indurat.
1493 1829 1621 1893 Sed
1660 1830 1800 1892 haec
1843 1831 2148 1893 voluntas
2181 1831 2305 1894 Dei
2348 1830 2595 1911 injusta
2640 1848 2781 1894 esse
2829 1848 2959 1893 non
3012 1832 3249 1912 potest.
3290 1831 3489 1894 Venit
3516 1798 3781 1962 δῗνξιαὶ...,

393 1943 564 2005 enim
603 1943 685 2006 de
725 1943 1190 2007 occultissimis
1229 1945 1482 2008 meritis
1516 1965 1531 2006 ε
1566 1946 1722 2026 quia
1763 1947 1828 2009 et
1865 1947 1992 2027 ipsi
2031 1948 2405 2027 peccatores
2447 1965 2654 2028 quum
2698 1949 2963 2028 propter
3000 1947 3299 2028 generale
3338 1966 3490 2028 pec·
3515 1923 3780 2037 3504„st&

393 2062 608 2124 catum
649 2077 850 2122 unam
892 2077 1178 2124 massam
1221 2061 1534 2141 fecerunt,
1578 2079 1709 2125 non
1753 2065 1974 2126 tamen
2016 2063 2199 2126 nulla
2244 2063 2413 2126 inter
2456 2081 2569 2126 eos
2620 2064 2716 2125 est
2754 2063 3124 2127 diversitas,
3169 2063 3491 2126 Praecedit

392 2194 540 2258 ergo
579 2176 832 2257 aliquid
861 2177 930 2238 in
966 2178 1440 2257 peccatoribuS,
1483 2197 1614 2259 quo
1645 2179 1950 2260 quamvis
1986 2180 2283 2242 nondum
2327 2180 2461 2242 sint
2495 2177 2861 2260 justificati,
2904 2179 3087 2260 digni
3130 2179 3491 2243 efficiant-ur

387 2293 894 2374 justificatione3
949 2294 1014 2356 et
1063 2294 1222 2357 item
1276 2296 1586 2375 praecedit
1638 2297 1706 2358 in
1755 2295 1906 2358 aliis
1956 2296 2431 2376 peccatoribuS,
2486 2313 2617 2376 quo
2674 2295 2855 2376 digni
2904 2298 3059 2360 sunt
3116 2296 3483 2360 obtusione.

519 2409 690 2472 Ecce
737 2409 846 2472 hic
881 2409 1142 2473 videtur
1169 2411 1581 2491 Augustinus
1629 2411 1866 2489 dicere,
1909 2410 2086 2491 quod
2125 2412 2187 2474 et
2236 2411 2379 2492 ipsa
2418 2411 2542 2474 Dei
2572 2412 2877 2476 voluntas
2906 2429 3037 2492 qua
3073 2411 3239 2474 alios
3278 2411 3483 2491 eligit,

392 2526 553 2589 alios
600 2525 928 2607 reprobat,
976 2544 1058 2589 ex
1111 2526 1364 2589 meritis
1417 2527 1780 2608 proveniat,
1838 2526 1954 2590 sed
2003 2527 2471 2590 occultissimis
2506 2549 2520 2588 :
2563 2527 2629 2590 id
2677 2530 2797 2606 est,
2839 2528 3017 2609 quod
3066 2544 3183 2608 pro
3233 2527 3487 2590 meritis

390 2642 552 2705 alios
587 2641 871 2704 voluerit
919 2642 1181 2722 eligere,
1233 2642 1398 2705 alios
1443 2642 1830 2724 reprobare;
1878 2645 1942 2706 et
1987 2642 2167 2722 quod
2208 2659 2325 2722 pro
2374 2643 2629 2706 meritis
2679 2643 2827 2705 aliis
2878 2643 3231 2724 apponitur
3276 2641 3487 2722 gratia

383 2756 896 2836 JustificationiS,
929 2756 1078 2819 aliis
1115 2774 1271 2837 non,
1297 2757 1469 2820 unde
1507 2757 1980 2820 obtunduntur.
2016 2757 2145 2821 Sed
2176 2757 2337 2839 quid
2374 2756 2738 2838 intelligere
2766 2757 3070 2838 voluerit,
3098 2757 3437 2838 ignoratur
3465 2776 3481 2817 ε

389 2873 512 2936 nisi
568 2873 738 2936 forte
802 2873 927 2936 hoc
991 2873 1247 2936 dicatur
1297 2873 1721 2953 intellexisse,
1779 2875 1958 2955 quod
2012 2891 2212 2955 supra
2270 2873 2565 2936 diximus
2631 2890 2783 2936 eum
2848 2875 3250 2937 retractasse.
3310 2873 3481 2935 Nam
3552 2885 3773 2962 Anaua-

388 2989 632 3052 ibidem
686 2989 884 3051 etiam
934 2989 1238 3071 quaedam
1284 2989 1412 3052 alia
1464 2990 1770 3053 continue
1816 2989 2060 3068 subdit,
2113 3008 2261 3071 quae
2319 2990 2389 3051 in
2436 2989 2603 3052 libro
2652 2989 3213 3052 Retractationum
3262 2991 3482 3070 aperte
3508 2950 3774 3058 {sgnum

387 3105 690 3169 retractat
730 3126 746 3167 ε
787 3106 966 3187 quod
1009 3107 1363 3187 utrumque
1417 3105 1660 3187 legenti
1705 3105 1974 3188 patebit.
2020 3105 2207 3170 Unde
2242 3106 2616 3171 -verisimile
2665 3107 2785 3187 est,
2828 3105 2898 3168 in
2944 3105 3309 3187 praemissis
3357 3105 3483 3170 hoc

387 3222 584 3284 etiam
640 3222 1044 3285 retractasse.
1087 3221 1372 3293 Quidam
1429 3224 1648 3285 tamen
1698 3241 1779 3286 ex
1835 3239 1913 3285 eo
1969 3240 2166 3285 sensu
2227 3222 2559 3303 accipiunt
2614 3221 2752 3285 fore
2808 3222 3085 3302 dictum,
3139 3238 3271 3285 non
3327 3223 3485 3302 quia

385 3337 624 3418 aliquis
669 3337 1172 3418 praedestinetur
1226 3354 1343 3419 pro
1395 3338 1669 3417 meritiS,
1713 3339 1816 3402 vel
1864 3338 2359 3418 justificationis
2410 3340 2689 3419 gratiam
2746 3340 3119 3420 mereatur3
3159 3338 3276 3402 sed
3327 3340 3484 3420 quia

383 3452 588 3533 aliqui
627 3470 759 3516 non
797 3454 958 3517 adeo
998 3453 1155 3516 mali
1204 3456 1360 3517 sunt
1408 3454 1483 3516 ut
1529 3456 1902 3517 mereantur
1936 3453 2064 3517 sibi
2114 3455 2393 3535 gratiam
2440 3472 2573 3518 non
2623 3454 2973 3536 impertiri.
3026 3454 3265 3517 Nullus
3304 3455 3481 3531 enim

379 3568 500 3631 Dei
537 3570 818 3650 gratiam
860 3571 1093 3634 mereri
1130 3572 1348 3651 potest
1381 3588 1499 3651 per
1535 3587 1735 3652 quam
1767 3570 2207 3651 justificatur3
2241 3572 2458 3651 potest
2486 3572 2702 3634 tamen
2743 3570 2977 3633 mereri
3000 3570 3077 3632 ut
3112 3587 3243 3632 non
3272 3588 3480 3651 appo-

377 3688 570 3751 natur
617 3689 694 3751 ut
751 3688 1016 3769 penitus
1069 3687 1434 3769 abjiciatur.
1495 3689 1581 3751 Et
1623 3689 1892 3769 quidem
1947 3688 2151 3769 aliqui
2213 3689 2282 3750 in
2338 3690 2595 3751 tantum
2650 3686 3053 3769 profundum
3111 3687 3479 3767 iniquitatis

377 3804 801 3883 devenerunt,
842 3806 920 3870 ut
971 3804 1096 3866 hoc
1145 3782 1542 3885 mereantur,
1585 3805 1660 3867 ut
1709 3804 1834 3867 hoc
1880 3803 2064 3883 digni
2111 3804 2289 3886 sint;
2331 3804 2445 3866 alii
2483 3820 2637 3867 vero
2685 3804 2778 3865 ita
2813 3803 3072 3883 vivunt,
3113 3804 3186 3865 ut
3230 3802 3289 3865 si
3344 3795 3477 3865 non

375 3920 750 3982 mereantur
785 3919 1064 3999 gratiam
1101 3918 1614 3999 justificationiS,
1657 3937 1789 3982 non
1843 3921 2062 3981 tamen
2113 3919 2448 3981 merentur
2486 3917 2755 3980 omnino
2806 3916 3032 3997 repelli
3084 3918 3150 3979 et
3198 3917 3478 3997 gratiam

373 4032 500 4095 sibi
547 4034 846 4097 subtrahi
889 4054 905 4095 ε
947 4034 1226 4113 ideoque
1269 4033 1459 4112 dixit,
1493 4033 1561 4095 in
1607 4034 1999 4114 quibusdam
2043 4033 2497 4115 peccatoribus
2535 4032 2899 4114 praecedere
2939 4049 3070 4112 quo
3117 4032 3297 4112 digni
3345 4032 3479 4095 sint

367 4148 864 4231 justificatione,
906 4151 971 4213 et
1018 4150 1086 4212 in
1134 4149 1282 4212 aliis
1329 4166 1459 4230 quo
1497 4149 1680 4230 digni
1725 4150 1858 4212 sint
1904 4150 2273 4214 obtusione.
2316 4150 2443 4213 Sed
2492 4150 2615 4212 hoc
2662 4148 2978 4211 frivolum
3029 4149 3151 4212 est.

461 4389 546 4452 D.
602 4392 856 4466 opimo
904 4396 1400 4467 quorumdam
1442 4392 1666 4467 falsa,
1719 4396 1805 4455 de
1852 4393 2156 4453 occultis·
2202 4394 2333 4453 Dei
2381 4392 2901 4455 disserentium
2946 4392 3391 4456 carnaliter.

503 4604 700 4667 Multi
737 4622 891 4667 vero
927 4605 1009 4669 de
1045 4605 1172 4669 isto
1210 4604 1540 4687 profundo
1578 4607 1944 4686 quaerentes
1981 4602 2250 4668 reddere
2288 4604 2634 4685 rationem,
2676 4607 2872 4686 atque
2910 4605 3273 4669 secundum
3318 4612 3769 4719 ⁰⁰¹¹'12ssff‘2m‘'

359 4718 652 4800 jecturas
695 4720 910 4783 cordis
947 4722 1053 4785 sui
1100 4722 1592 4785 inscrutabilem
1635 4721 2050 4784 altitudinem
2083 4720 2491 4800 judiciorum
2527 4721 2652 4784 Dei
2704 4721 2991 4802 cogitare
3037 4722 3369 4800 conantes,
3404 4721 3472 4783 in
3580 4707 3591 4726 ¹
3648 4710 3658 4719 “
3710 4709 3721 4720 ’

365 4836 626 4900 fabulas
655 4838 966 4901 vanitatis
1001 4838 1324 4917 abierunt,
1356 4838 1646 4902 dicentes
1673 4837 1850 4918 quod
1891 4838 2129 4901 animae
2168 4853 2435 4900 sursum
2482 4836 2549 4898 in
2589 4837 2751 4900 coelo
2799 4838 3092 4918 peccant,
3134 4837 3200 4899 et
3239 4853 3474 4899 secun-

363 4952 526 5016 dum
564 4955 830 5033 peccata
866 4971 988 5016 sua
1024 4954 1106 5016 ad
1144 4970 1415 5035 corpora
1462 4971 1581 5034 pro
1619 4954 1872 5016 meritis
1908 4953 2305 5033 diriguntur,
2352 4953 2417 5014 et
2459 4950 2675 5032 dignis
2715 4952 2843 5015 sibi
2881 4952 3068 5033 quasi
3107 4950 3475 5015 carceribus

363 5067 816 5132 includuntur.
859 5069 1085 5133 Ierunt
1135 5070 1205 5132 hi
1255 5070 1420 5133 tales
1467 5070 1620 5150 post
1672 5069 2100 5150 cogitationes
2153 5086 2331 5148 suaS‚
2384 5069 2449 5131 et
2488 5067 2782 5131 volentes
2834 5067 3167 5148 disputare
3218 5067 3300 5130 de
3345 5067 3471 5129 Dei

359 5184 719 5266 profundo,
755 5182 974 5249 versi*
1009 5189 1168 5250 sunt
1201 5188 1270 5249 in
1319 5186 1746 5267 profundum,
1787 5186 2076 5249 dicentes
2116 5184 2373 5246 animas
2417 5184 2485 5245 in
2534 5184 2695 5246 coelo
2740 5185 2887 5247 ante
2926 5185 3363 5262 conversataS,
3406 5183 3471 5245 et
3550 5190 3713 5235 ‘meni

361 5300 459 5363 ibi
496 5302 751 5383 aliquid
799 5302 956 5365 boni
994 5302 1100 5366 vel
1138 5303 1294 5365 mali
1349 5303 1584 5383 egisse,
1627 5304 1691 5365 et
1738 5319 1856 5382 pro
1905 5300 2159 5364 meritis
2202 5300 2285 5362 ad
2334 5315 2603 5380 corpora
2653 5300 2907 5362 terrena
2956 5298 3254 5362 detrusas
3299 5316 3466 5362 esse.

617 5438 682 5489 T.
719 5438 803 5489 20.
3158 5436 3219 5486 34
