4359 6250
172 3265 297 3305 uti.

1242 521 1327 566 AN
1370 521 1611 567 VERBUM
1654 520 1909 566 Pnopnut
1949 519 2212 566 DICATUR
2254 519 2316 564 ΙΝ
2359 518 2586 564 Dllels

3347 493 3468 558 249

368 690 451 752 ait
487 708 501 753 :
534 690 817 754 Verbum
865 691 1157 755 divinum
1198 691 1474 754 maxime
1512 691 1749 754 dicitur
1783 692 1860 753 ad
1894 691 1942 754 A
1975 692 2244 754 verbum
2305 690 2524 771 ipsius,
2573 688 2935 751 Intellectus
2981 694 3194 748 autem
3243 703 3466 748 secun-

370 789 861 853 similitudinem
890 789 1071 853 verbi
1100 790 1438 853 interioris,
1464 790 1554 852 Ad
1587 790 1863 871 comple-

366 896 492 950 tam
537 897 755 951 autem
800 890 1111 953 rationem
1156 890 1335 952 verbi
1382 888 1701 951 interioris
1744 889 1866 951 tria

368 995 775 1050 concurrunt.
810 989 1095 1050 Primum
1134 997 1231 1050 est
1261 988 1462 1069 ipsius
1502 987 1865 1050 intellectus

368 1104 560 1167 super
618 1086 1023 1167 intelligibile
1084 1087 1415 1151 conversio
1445 1105 1461 1166 3
1512 1087 1863 1149 secundum

368 1192 461 1246 est
509 1185 953 1248 similitudinis
996 1187 1136 1266 ejus
1182 1185 1246 1248 in
1298 1206 1364 1248 se
1409 1185 1715 1246 naturalis
1762 1203 1866 1266 ge-

370 1282 643 1361 neratio3
677 1285 959 1356 tertium,
994 1286 1149 1347 ordo
1196 1283 1643 1347 manifestandi
1688 1303 1755 1345 se
1802 1283 1865 1345 in

371 1379 479 1442 illo
508 1380 611 1442 vel
644 1381 769 1442 sibi
813 1381 935 1464 ipsi
966 1383 1069 1444 vel
1107 1381 1308 1444 alteri.
1344 1382 1480 1445 Non
1523 1382 1695 1443 enim
1728 1400 1866 1462 spe-

372 1479 497 1540 cies
531 1478 621 1541 rei
654 1479 991 1560 quiescens
1024 1480 1089 1541 in
1122 1481 1429 1543 memoria
1465 1480 1701 1542 dicitur
1729 1497 1865 1540 ver-

374 1577 546 1650 bum,
596 1579 708 1640 sed
759 1579 1005 1660 species
1050 1578 1401 1642 informans
1448 1579 1650 1640 aciem
1702 1578 1865 1658 cogi-

369 1678 581 1750 tantiS,
602 1676 817 1758 genita
845 1677 924 1739 ab
955 1677 1176 1750 illa,ac
1207 1678 1301 1740 illi
1332 1677 1654 1740 simillima
1682 1685 1869 1757 atque

369 1775 541 1836 illius
576 1775 1064 1839 manifestativa.
1096 1777 1377 1838 Primum
1409 1777 1637 1838 horum
1670 1774 1863 1836 trium

370 1872 669 1934 convenit
701 1873 990 1935 essentiae
1030 1874 1421 1955 cuilibetque
1463 1873 1695 1935 divinae
1726 1891 1864 1954 per·
1900 1877 1948 1939 B
1978 1886 2072 1941 est
2122 1877 2434 1958 sapientia
2480 1876 2692 1956 genita
2725 1892 2739 1936 ε
2773 1875 2940 1956 quod
2993 1872 3154 1935 nihil
3202 1881 3298 1934 est
3345 1874 3445 1935 nis

368 1989 555 2033 sonae.
615 1971 977 2033 Secundum
1028 1991 1179 2034 vero
1231 1990 1358 2034 non
1417 1971 1715 2034 convenit
1771 1989 1867 2032 es·

368 2071 609 2143 sentiae,
629 2088 837 2150 neque
865 2070 1217 2152 Patri,quia
1246 2087 1373 2132 non
1405 2070 1865 2152 producuntur,

368 2187 577 2250 neque
622 2168 889 2250 Spiritui
935 2169 1184 2244 Sancte,
1219 2169 1369 2251 quia
1411 2188 1538 2232 non
1584 2167 1869 2249 procedit

370 2287 481 2349 per
525 2269 793 2330 modum
839 2267 1281 2330 similitudinis
1325 2277 1387 2331 et
1432 2275 1692 2339 naturae,
1727 2267 1868 2327 ideo

369 2385 493 2430 non
534 2375 639 2429 est
680 2366 927 2447 imag03
959 2368 1068 2430 sed
1112 2367 1270 2429 Filio
1312 2367 1453 2440 soli,
1488 2367 1590 2428 cui
1640 2373 1701 2426 et
1752 2373 1870 2426 ter-

370 2465 527 2527 tium
576 2464 903 2536 convenit,
936 2473 1007 2526 ut
1051 2465 1253 2546 patuit
1298 2483 1507 2546 supra.
1553 2464 1698 2526 Ideo
1736 2481 1872 2525 ver-

370 2564 521 2626 bum
576 2564 646 2625 in
691 2563 931 2625 divinis
975 2581 1101 2626 non
1144 2563 1587 2636 essentialiter,
1622 2570 1691 2623 ut
1735 2561 1870 2643 qui-

367 2663 639 2725 busdam
666 2669 765 2724 est
795 2661 1021 2731 visum,
1041 2662 1151 2724 sed
1186 2660 1603 2743 personaliter
1629 2667 1871 2722 tantum

368 2761 710 2843 accipitur,
761 2768 823 2822 et
884 2760 1004 2822 soli
1064 2760 1222 2822 Filio
1280 2760 1599 2833 convenit,
1652 2777 1873 2820 secun-

368 2862 521 2922 dum
552 2860 663 2923 SS.
682 2859 1113 2932 Ambrosium,
1132 2859 1579 2940 Augustinum,
1599 2865 1661 2920 et
1690 2857 1867 2920 alios,

370 2959 509 3022 Haec
552 2958 801 3020 Petrus,

1974 792 2127 853 dum
2170 790 2340 872 quod
2385 797 2479 850 est
2523 807 2636 870 per
2675 787 2956 869 speciem
2997 784 3465 866 intelligibilem

1975 891 2040 951 in
2070 898 2238 959 actu,
2263 888 2698 950 consideratur
2726 885 3051 964 absolute3
3081 891 3144 947 et
3173 883 3471 946 similiter

1974 989 2350 1069 intelligere,
2385 987 2553 1069 quod
2605 986 2692 1048 ita
2741 1004 2809 1047 se
2859 983 3050 1046 habet
3093 984 3170 1046 ad
3223 983 3468 1045 intelle-

1976 1097 2150 1151 ctum
2191 1087 2256 1148 in
2295 1093 2462 1158 actu,
2495 1085 2662 1147 sicut
2706 1103 2844 1146 esse
2881 1084 2958 1145 ad
3003 1102 3116 1144 ens
3161 1083 3240 1144 in·
3270 1089 3414 1143 actu
3451 1098 3465 1143 :

1976 1206 2101 1249 non
2151 1185 2324 1247 enim
2375 1183 2732 1264 intelligere
2787 1181 3106 1263 significat
3154 1181 3468 1243 actionem

1974 1285 2054 1348 ab
2085 1284 2480 1363 intelligente
2513 1283 2966 1363 egredientem,
3001 1282 3111 1343 sed
3143 1279 3206 1342 in
3239 1298 3313 1342 eo
3343 1298 3472 1341 ma-

1976 1391 2252 1446 nentem.
2289 1382 2532 1444 Idcirco
2571 1383 2724 1443 dum
2765 1381 3034 1442 verbum
3075 1387 3336 1442 vocatur
3363 1396 3470 1440 no-

1976 1482 2136 1557 titia,
2172 1501 2299 1546 non
2340 1482 2617 1544 sumitur
2645 1480 2870 1542 notitia
2909 1497 3024 1560 pro
3067 1487 3212 1540 actu
3250 1497 3324 1540 ac
3364 1478 3469 1538 ha-

1976 1582 2113 1644 bitu
2166 1581 2526 1643 intellectus
2578 1578 3038 1660 cognoscentiS,
3077 1578 3184 1640 sed
3234 1596 3348 1660 pro
3394 1597 3470 1640 eo

1976 1680 2138 1760 quod
2171 1679 2527 1740 intellectus
2560 1677 2839 1759 concipit
2869 1676 3318 1758 cognoscenda
3338 1676 3474 1738 Pro-

1980 1787 2119 1861 pter
2147 1779 2316 1859 quod
2348 1777 2701 1840 secundum
2724 1774 3240 1856 Augustinum‚V
3243 1774 3468 1837 erbum
3544 1794 3604 1838 no
3626 1794 3764 1838 'rani-

3451 1873 3468 1934 ἰ
3498 1859 3763 1968 gataihan,

1980 1977 2313 2058 conceptio
2343 1976 2668 2057 sapientiS,
2703 1995 2844 2056 quae
2874 1983 2936 2037 et
2977 1974 3110 2056 pari
3145 1974 3333 2037 modo
3363 1992 3470 2055 po-

1976 2081 2099 2136 test
2129 2076 2354 2137 notitia
2390 2073 2602 2155 genita
2641 2073 3018 2154 nuncupari.
3054 2072 3473 2135 Consormiter

1978 2179 2186 2254 potest
2230 2173 2497 2253 intelligi
2541 2171 2696 2233 illud
2736 2170 3041 2244 Anselmi,
3075 2170 3296 2232 Dicere
3335 2170 3470 2244 Dei,

1978 2279 2075 2332 est
2116 2272 2448 2351 cogitando
2491 2270 2747 2344 intueri,
2783 2271 2848 2332 in
2896 2277 3204 2351 quantum
3255 2269 3475 2332 videli-

1980 2377 2079 2430 cet
2124 2369 2362 2430 intuitu
2406 2368 2802 2449 cogitationis
2843 2368 3074 2430 divinae
3118 2366 3477 2448 concipitur

1979 2468 2258 2530 Verbum
2299 2469 2430 2530 Dei.
2471 2470 2762 2531 Attamen
2803 2485 3035 2529 nomen
3077 2465 3476 2546 cogitationis

1981 2584 2109 2629 non
2160 2567 2416 2649 proprie
2460 2566 2758 2629 convenit
2798 2566 2942 2628 Deo.
2977 2564 3220 2627 Idcirco
3259 2565 3475 2628 Ansel-

1986 2685 2127 2728 mus
2168 2666 2615 2746 cogitationem
2660 2666 2934 2747 sumpsit
2975 2663 3322 2746 improprie
3361 2682 3478 2745 pro

1983 2765 2536 2845 contemplatione.

2064 2863 2129 2926 Si
2168 2881 2320 2925 vero
2359 2862 2720 2941 objiciatur,
2754 2863 2923 2944 quod
2963 2863 3314 2924 secundum
3353 2861 3477 2924 An-

1983 2961 2281 3034 selmum,
2314 2961 2615 3042 qua-libet
2664 2961 2882 3023 divina
2926 2977 3194 3042 persona
3241 2967 3339 3020 est
3385 2959 3478 3020 di-

448 3057 761 3119 Praeterea
798 3055 949 3116 huic
989 3054 1386 3137 responsioni
1427 3053 1578 3116 satis
1620 3069 1875 3114 concor·
1908 3057 1951 3120 C
1985 3079 2133 3125 cens
2169 3077 2184 3121 :
2219 3061 2756 3142 respondendum,
2788 3060 2956 3142 quod
2987 3059 3153 3120 sicut
3182 3058 3476 3133 verbum,

370 3156 473 3217 dat
511 3156 793 3218 Thomas
835 3154 900 3216 in
943 3154 1147 3236 prima
1186 3160 1364 3234 parte
1404 3155 1681 3216 Summae
1720 3172 1870 3225 suae,

372 3255 731 3337 quaestione
769 3253 1093 3315 tricesima
1131 3260 1355 3335 quarta
1387 3270 1401 3314 :
1434 3252 1713 3314 Verbum
1750 3251 1874 3332 (in-

370 3353 637 3436 quiens)
664 3352 732 3413 in
771 3351 1009 3415 divinis
1048 3351 1101 3412 si
1141 3350 1399 3433 proprie
1438 3358 1747 3425 sumatur,
1779 3358 1875 3412 est

371 3470 609 3515 nomen
644 3450 998 3532 personale,
1032 3456 1095 3511 et
1133 3449 1312 3512 nullo
1352 3450 1539 3512 modo
1577 3448 1875 3511 essentia-

370 3552 445 3614 le.
478 3536 789 3613 'Verbum
848 3568 1125 3631 namque
1184 3548 1249 3610 in
1296 3549 1481 3611 nobis
1538 3548 1878 3629 tripliciter

370 3650 655 3712 sumitur
684 3648 961 3730 proprie.
996 3648 1208 3710 Primo
1244 3647 1482 3709 etenim
1513 3654 1575 3709 et
1615 3646 1876 3709 manife-

370 3748 527 3811 stius
578 3747 865 3810 sumitur
908 3764 1023 3828 pro
1069 3745 1266 3809 verbo
1314 3745 1537 3820 vocali,
1584 3746 1751 3827 quod
1795 3744 1876 3806 ab

372 3847 665 3910 interiori
726 3845 1015 3927 procedit
1063 3852 1373 3926 quantum
1430 3844 1507 3905 ad
1557 3845 1682 3906 duo
1734 3862 1875 3923 quae

369 3955 517 4009 sunt
546 3946 619 4007 in
654 3944 817 4026 ipso,
848 3963 991 4025 quae
1028 3951 1176 4005 sunt
1206 3960 1327 4005 vox
1359 3942 1497 4024 ipsa
1534 3950 1596 4003 et
1634 3940 1878 4022 signifi-

372 4044 533 4107 catio
582 4043 769 4106 vocis
815 4060 829 4104 :
883 4040 1325 4123 principaliter
1366 4048 1577 4101 tamen
1616 4039 1877 4101 interior

374 4143 611 4205 mentis
663 4138 999 4220 conceptio
1046 4138 1282 4199 dicitur
1330 4137 1634 4215 verbum3
1676 4144 1739 4199 et
1786 4155 1877 4197 se-

1985 3160 2072 3222 ita
2109 3167 2172 3221 et
2210 3160 2420 3222 dicere
2461 3178 2588 3222 non
2628 3160 2751 3222 nisi
2793 3159 3208 3241 personaliter
3246 3158 3482 3221 dicitur

1988 3259 2051 3322 in
2096 3257 2332 3319 divinis
2368 3276 2381 3319 ε
2416 3259 2524 3321 sed
2568 3257 2696 3320 dici
2744 3257 3040 3320 convenit
3083 3256 3346 3319 cuilibet
3389 3258 3480 3319 di-

1985 3358 2150 3420 vinae
2200 3375 2504 3439 personae,
2556 3357 2708 3438 quia
2759 3374 2884 3418 non
2931 3357 3138 3417 solum
3186 3356 3476 3430 verbum,

1986 3457 2096 3518 sed
2145 3463 2208 3517 et
2267 3474 2366 3517 res
2414 3454 2609 3517 verbo
2665 3453 3025 3534 significata
3080 3453 3315 3515 dicitur
3367 3473 3481 3516 seu

1987 3552 2344 3635 profertur3
2389 3553 2633 3634 solique
2683 3552 2841 3613 Filio
2886 3552 3182 3613 convenit
3228 3552 3355 3613 dici
3404 3570 3479 3613 eo

1989 3652 2176 3714 modo
2235 3669 2362 3733 quo
2418 3650 2545 3713 dici
2605 3650 2903 3713 convenit
2959 3656 3205 3711 tantum
3258 3649 3474 3711 verbo,

1986 3751 2165 3813 Pater
2205 3750 2443 3832 quippe
2488 3749 2897 3830 intelligendo
2938 3767 3004 3809 se
3045 3756 3107 3809 et
3146 3748 3376 3811 Filium
3417 3758 3480 3811 et

1987 3848 2298 3929 Spiritum
2339 3848 2661 3919 Sanctum,
2695 3853 3049 3927 cunctaque
3087 3846 3210 3907 alia
3239 3864 3380 3926 quae
3413 3848 3478 3909 in

1986 3947 2127 4027 ejus
2187 3946 2454 4008 scientia
2511 3946 2937 4017 continentur,
2999 3944 3278 4025 concipit
3335 3963 3478 4007 ver-

1988 4043 2166 4117 bum,
2211 4051 2283 4105 ut
2331 4042 2423 4104 sic
2472 4048 2600 4103 tota
2643 4040 2914 4103 Trinitas
2964 4039 3159 4104 verbo
3208 4041 3477 4116 dicatur,

1989 4140 2119 4202 imo
2161 4148 2226 4202 et
2265 4139 2564 4221 quaelibet
2605 4146 2909 4201 creatura.
2946 4140 3278 4221 Quumque
3317 4138 3482 4201 dice-

374 4238 687 4303 cundario
718 4256 839 4301 vox
872 4237 1046 4300 illius
1087 4236 1521 4319 conceptionis
1560 4233 1878 4317 significa-
1908 4242 1957 4302 D
1988 4258 2075 4311 re,
2129 4256 2256 4300 non
2317 4236 2397 4297 sit
2451 4237 2575 4299 nisi
2624 4236 2892 4299 verbum
2953 4236 3257 4317 proferre,
3308 4238 3480 4301 solus

374 4339 516 4401 tiva.
543 4336 767 4401 Tertio
797 4335 1165 4416 imaginatio
1194 4335 1368 4398 vocis
1400 4334 1667 4397 verbum
1700 4351 1879 4396 voca-

374 4446 489 4500 tur.
516 4473 611 4501 ,-
646 4435 863 4498 Ariani
902 4443 1139 4509 autem,
1174 4452 1253 4497 ne
1288 4442 1665 4513 cogerentur
1694 4432 1875 4494 fateri

374 4535 607 4598 Filium
644 4534 759 4597 Dei
797 4551 937 4595 esse
974 4532 1137 4595 Patri
1179 4531 1784 4594 consubstantialem
1816 4537 1877 4592 et

375 4635 537 4697 intra
568 4635 791 4715 ipsum
824 4630 1519 4701 manentem,dixerunt
1550 4630 1719 4711 quod
1747 4648 1879 4691 ver-

374 4733 525 4795 bum
558 4731 629 4793 in
662 4732 795 4793 Deo
825 4727 1061 4790 dicitur
1092 4726 1521 4809 metaphorice
1551 4735 1739 4809 atque
1770 4728 1879 4789 im-

374 4826 1111 4914 proprie.—Sciendum
1141 4826 1597 4908 quoque,quod
1628 4826 1878 4889 nullum

376 4948 595 4993 eorum
644 4945 790 5009 quae
836 4925 915 4987 ad
963 4924 1360 4985 intellectum
1410 4924 1749 5005 pertinent,
1791 4925 1883 4986 di-

378 5029 541 5091 citur
572 5023 1003 5111 personaliter
1033 5022 1101 5085 in
1140 5023 1398 5097 divini5‚
1433 5023 1557 5085 nisi
1586 5025 1875 5087 verbum.

378 5127 597 5189 Solum
640 5124 885 5188 etenim
917 5122 1186 5184 verbum
1228 5123 1293 5185 in
1334 5123 1659 5185 intellectu
1692 5124 1883 5204 signi-

377 5224 526 5287 ficat
571 5222 823 5306 aliquid
866 5220 947 5282 ab
996 5221 1123 5283 alio
1172 5240 1452 5283 mananS.
1489 5222 1557 5283 Id
1606 5242 1881 5304 namque

382 5324 549 5405 quod
604 5320 973 5385 intellectus
1022 5317 1251 5383 format
1300 5318 1739 5401 concipiendo,
1790 5328 1881 5383 est

1985 4338 2164 4399 Pater
2206 4336 2270 4397 in
2309 4334 2544 4397 divinis
2583 4343 2679 4397 est
2719 4334 2976 4415 proprie
3006 4334 3247 4407 dicens,
3281 4354 3479 4416 quum

1986 4442 2198 4497 tamen
2242 4452 2637 4515 unaquaeque
2685 4433 2902 4496 divina
2948 4450 3216 4514 persona
3263 4433 3346 4495 sit
3393 4434 3482 4496 in-

1988 4533 2278 4614 telligens
2329 4540 2392 4593 et
2442 4530 2782 4606 intellecta,
2815 4538 2876 4593 et
2924 4550 3040 4613 per
3089 4549 3483 4613 consequens

1988 4631 2184 4694 verbo
2227 4630 2412 4692 dicta.
2446 4666 2526 4674 —
2554 4630 2696 4692 Haec
2741 4630 2806 4691 in
2850 4630 3130 4693 Summa.

2067 4728 2177 4791 His
2207 4728 2420 4790 verbis
2452 4728 2705 4789 Thomae
2735 4746 2809 4789 ac
2838 4729 3002 4791 Petri
3035 4728 3297 4791 omnino
3336 4745 3481 4790 con—

1990 4826 2204 4889 cordat
2265 4825 2636 4897 RicharduS,
2699 4826 2810 4906 qui
2869 4827 3061 4888 etiam
3123 4826 3483 4908 aliqualiter

1991 4924 2310 5007 improbat
2341 4924 2509 5007 quod
2539 4924 2810 4986 Thomas
2841 4925 2930 4986 ait
2960 4926 3023 4986 in
3055 4925 3325 5005 Scripto‚
3349 4943 3485 4986 ver-

1991 5025 2143 5086 bum
2197 5024 2264 5086 in
2313 5022 2544 5085 divinis
2607 5040 2733 5084 non
2782 5023 2990 5085 solum
3043 5023 3478 5103 personaliter,

1991 5125 2098 5186 sed
2131 5130 2194 5185 et
2234 5120 2654 5184 essentialiter
2689 5120 2914 5201 accipi.
2949 5120 3191 5200 Allega't
3229 5139 3482 5201 quoque

1994 5222 2343 5285 Richardus
2374 5221 2851 5302 Trismegistum
2894 5220 2960 5281 in
3002 5220 3167 5283 libro
3202 5221 3282 5283 dc
3317 5220 3484 5283 Divi-

1998 5321 2194 5383 nitate
2236 5321 2552 5383 dicentem
2591 5320 2668 5382 ad
2711 5318 3100 5400 discipulum
3145 5338 3334 5381 suum
3376 5320 3487 5383 As-
