4359 6250
1270 501 1444 548 unm
1495 502 1516 547 1
1568 499 2050 547 snm-nmmum.
2105 517 2187 528 —
2238 499 2390 546 msr.
2445 499 2597 546 xvm
3401 475 3481 540 65

1383 801 1461 864 B.
1517 805 1759 871 Quare
1807 803 1916 866 ita
1963 817 2118 864 esse
2163 803 2479 865 videtur.

509 1037 734 1112 Quum
783 1041 960 1103 enim
1007 1039 1181 1104 idem
1221 1041 1331 1118 sit,
1371 1041 1694 1122 Spiritum
1731 1041 2044 1104 Sanctum
2088 1040 2229 1103 dari
2276 1040 2341 1104 et
2386 1040 2706 1122 Spiritum
2744 1038 3056 1103 Sanctum
3104 1038 3356 1118 donari,
3398 1056 3481 1101 ex

381 1155 602 1218 eadem
653 1155 905 1218 ratione
952 1156 1212 1221 videtur
1252 1156 1540 1238 Spiritus
1585 1156 1864 1220 Sanctus
1912 1156 2042 1219 dici
2093 1155 2323 1219 datum
2370 1157 2435 1219 et
2479 1155 2751 1219 donum.
2792 1155 2936 1218 Hoc
2984 1154 3182 1217 etiam
3220 1153 3480 1217 videtur

379 1269 790 1350 Augustinus
844 1270 1213 1352 significare
1267 1272 1338 1334 in
1393 1270 1881 1352 quintodecimo
1943 1269 2110 1333 libro
2177 1270 2258 1334 de
2308 1271 2649 1350 Trinitate,
2708 1287 2915 1350 quum
2985 1270 3079 1333 ait
3129 1289 3143 1330 :
3196 1269 3481 1350 Spiritus
3509 1277 3776 1352 Aps-dotri-

382 1385 658 1449 Sanctus
704 1387 774 1449 in
822 1387 1079 1450 tantum
1122 1387 1377 1451 donum
1420 1387 1544 1451 Dei
1593 1387 1714 1463 est,
1756 1387 1824 1449 in
1867 1388 2191 1468 quantum
2236 1386 2429 1450 datur
2474 1387 2570 1450 eis
2626 1385 2867 1468 quibus
2915 1386 3141 1468 datur3
3191 1384 3365 1467 apud
3410 1402 3481 1448 se
3508 1339 3773 1454 22:233.

384 1503 602 1566 autem
653 1502 836 1566 Deus
889 1503 1012 1582 est,
1068 1504 1191 1568 etsi
1237 1504 1488 1568 nemini
1534 1504 1746 1567 datur.
1787 1505 1954 1567 Ecce
2003 1505 2225 1585 aperte
2274 1503 2456 1583 dicit,
2502 1503 2823 1584 Spiritum
2871 1502 3185 1567 Sanctum
3234 1500 3484 1564 donum

385 1617 722 1698 appellari,
753 1619 911 1699 quia
949 1619 1163 1684 datur.
1196 1620 1268 1684 Si
1304 1621 1525 1684 autem
1557 1638 1640 1684 ex
1675 1637 1752 1684 eo
1795 1620 2054 1683 tantum
2094 1619 2461 1700 appellatur
2496 1619 2770 1700 donum,
2803 1620 2959 1701 quia
2987 1618 3201 1699 datur,
3234 1635 3365 1681 non
3403 1617 3487 1680 81)

387 1735 627 1796 aeterno
675 1733 804 1798 fuit
847 1734 1120 1813 donum,
1171 1736 1329 1816 quia
1373 1752 1507 1799 non
1552 1735 1746 1799 datur
1789 1736 1920 1799 nisi
1966 1753 2048 1799 ex
2093 1736 2412 1817 tempore.

522 1999 594 2063 C.
643 2004 1065 2078 Responsio,
1116 2019 1352 2080 quare
1397 2005 1656 2069 datum
1699 2009 1852 2068 sive
1897 2007 2255 2069 donatum
2301 2005 2600 2068 dicatur
2641 2005 2967 2079 Spiritus
3010 2005 3343 2068 Sanctus,

513 2242 620 2306 Ad
657 2243 833 2324 quod
875 2243 1182 2325 dicimm,
1223 2246 1381 2327 quia
1415 2245 1702 2328 Spiritus
1733 2246 2012 2311 Sanctus
2049 2247 2113 2308 et
2152 2245 2401 2309 donum
2431 2245 2693 2325 dicitur,
2735 2246 2801 2309 et
2845 2244 3074 2309 datum
3110 2245 3251 2309 sive
3288 2244 3492 2308 dona-

387 2360 562 2439 tum3
603 2359 720 2423 sed
755 2360 985 2424 datum
1013 2362 1154 2425 sive
1191 2361 1509 2426 donatum
1546 2381 1630 2428 ex
1666 2381 1743 2428 eo
1780 2364 2038 2427 tantum
2065 2361 2329 2442 dicitur,
2370 2363 2528 2444 quia
2562 2361 2753 2426 datur
2792 2361 2896 2426 vel
2932 2360 3215 2425 donatur
3255 2381 3269 2421 :
3312 2360 3491 2441 quod

389 2473 582 2538 habet
627 2477 887 2541 tantum
933 2493 1016 2542 ex
1059 2479 1382 2560 tempore.

1487 2729 1570 2794 D.
1620 2733 1755 2794 Hic
1801 2745 2034 2807 quare
2081 2735 2376 2795 donum.

513 2967 783 3032 Donum
821 2985 974 3032 vero
1013 2968 1254 3032 dicitur
1289 2987 1421 3034 non
1469 2988 1552 3035 ex
1588 2986 1665 3036 eo
1703 2970 1960 3034 tantum
1997 2970 2176 3052 quod
2222 2968 2522 3050 donetur,
2562 2969 2679 3033 sed
2716 2987 2798 3034 ex
2844 2969 3241 3051 proprietate
3286 2986 3487 3051 quam

381 3083 610 3147 habuit
638 3083 721 3148 81)
749 3085 1017 3150 aeterno.
1053 3084 1240 3150 Unde
1270 3087 1334 3151 et
1370 3086 1454 3150 81)
1489 3087 1732 3152 aeterno
1771 3086 1898 3152 fuit
1933 3086 2206 3151 donum.
2241 3086 2649 3168 Sempiterne
2678 3085 2856 3151 enim
2893 3084 3141 3150 donum
3172 3085 3321 3167 fuit,
3354 3103 3487 3150 non

378 3200 536 3280 quia
571 3199 859 3280 daretur,
899 3199 1016 3264 sed
1060 3202 1217 3283 quia
1252 3202 1573 3283 processit
1607 3220 1646 3265 a
1689 3204 1882 3267 Patre
1921 3203 1987 3267 et
2023 3203 2219 3266 Filio.
2254 3202 2442 3267 Unde
2477 3204 2892 3285 Augustinus
2927 3203 2998 3265 in
3038 3204 3270 3284 quarto
3320 3203 3487 3266 libro

375 3314 458 3378 de
494 3315 814 3380 Trinitate
843 3316 937 3379 ait
966 3336 982 3377 ε
1017 3316 1201 3381 Sicut
1237 3317 1466 3381 natum
1505 3336 1647 3383 esse
1687 3319 1786 3383 est
1811 3318 1982 3383 Filio
2021 3336 2060 3381 a
2095 3319 2289 3383 Patre
2328 3336 2507 3401 esse3
2540 3319 2633 3382 ita
2660 3318 2936 3399 Spiritui
2972 3319 3209 3383 Sancto
3239 3319 3488 3382 donum
3528 3331 3782 3386 Ibidumv.

375 3430 505 3495 Dei
542 3448 710 3511 esse,
751 3433 853 3496 est
901 3449 941 3495 8
989 3432 1182 3497 Patre
1239 3434 1304 3497 et
1355 3451 1396 3496 a
1439 3434 1612 3499 Filio
1666 3436 2037 3517 procedere.
2080 3435 2208 3499 Hic
2258 3430 2483 3517 ⁴aperte
2539 3434 2928 3515 ostenditur,
2970 3434 3149 3515 quod
3204 3434 3489 3516 Spiritus
3517 3408 3556 3439 ⁰⁹
3578 3397 3645 3440 ω’

379 3547 662 3612 Sanctus
699 3564 777 3612 eo
816 3548 1066 3612 donum
1095 3551 1218 3630 est,
1250 3550 1430 3631 quod
1466 3552 1762 3633 procedit
1788 3571 1828 3617 8
1867 3553 2062 3617 Patre
2099 3554 2165 3617 et
2202 3570 2241 3615 a
2276 3552 2471 3632 Filio,
2504 3552 2676 3615 sicut
2701 3551 2914 3615 Filius
2944 3567 3020 3615 eo
3062 3552 3161 3614 est
3194 3568 3234 3614 a
3268 3550 3486 3629 Patre,

380 3664 563 3744 quod
597 3666 795 3728 natus
833 3667 934 3728 est
972 3665 1056 3729 81)
1097 3683 1196 3730 eo.
1239 3666 1389 3730 Non
1427 3668 1602 3732 enim
1642 3670 1819 3734 idem
1857 3671 1958 3734 est
2000 3669 2171 3733 Filio
2213 3686 2355 3734 esse
2392 3686 2431 3733 a
2467 3670 2660 3732 Patre
2698 3669 2763 3733 et
2808 3668 3082 3749 Spiritui
3120 3667 3382 3746 Sancto,
3423 3665 3493 3728 id

382 3782 510 3859 est,
539 3797 675 3844 non
705 3798 783 3845 ea
817 3783 1214 3864 proprietate
1250 3783 1463 3847 Filius
1491 3785 1732 3848 dicitur
1771 3802 1912 3849 esse
1940 3801 1979 3848 a
2007 3786 2225 3866 Patre,
2258 3802 2389 3867 qua
2425 3784 2711 3866 Spiritus
2748 3784 3046 3847 Sanctus.
3080 3783 3247 3845 Nam
3278 3781 3492 3844 Filius

379 3896 628 3961 dicitur
661 3914 806 3962 esse
852 3916 893 3961 a
935 3899 1152 3978 Patre,
1193 3899 1349 3980 quia
1385 3899 1646 3981 genitus
1691 3901 1789 3964 est
1835 3900 1920 3965 ab
1965 3917 2081 3982 θος
2121 3900 2407 3981 Spiritus
2454 3900 2732 3964 Sanctus
2769 3915 2922 3963 vero
2970 3897 3211 3961 dicitur
3260 3914 3401 3961 esse
3451 3914 3492 3961 8

377 4014 578 4077 Patre
621 4015 687 4077 et
721 4031 762 4077 8
805 4014 1001 4096 Filio,
1041 4016 1200 4097 quia
1235 4015 1520 4098 Spiritus
1557 4016 1834 4081 Sanctus
1873 4017 1973 4081 est
2008 4016 2260 4080 donum
2295 4016 2511 4080 Patris
2549 4016 2615 4081 et
2658 4016 2837 4095 Filii,
2879 4015 2949 4079 id
2985 4015 3105 4095 est,
3146 4014 3305 4096 quia
3339 4030 3491 4095 pro-

379 4129 555 4193 cedit
602 4130 687 4195 ab
723 4130 1024 4212 utroque.
1065 4132 1163 4195 Eo
1203 4133 1380 4195 enim
1417 4132 1659 4197 dicitur
1703 4132 2012 4215 Spiritus,
2057 4149 2190 4214 quo
2237 4132 2525 4213 donum3
2566 4133 2630 4196 et
2666 4149 2742 4196 eo
2781 4132 3055 4212 donum,
3095 4148 3226 4212 quo
3265 4148 3493 4213 proce-

378 4245 568 4310 dens.
611 4246 800 4310 Unde
830 4246 1242 4329 Augustinus
1283 4248 1353 4312 in
1398 4249 1628 4331 quinto
1667 4248 1834 4313 libro
1872 4249 1952 4315 de
1989 4248 2306 4313 Trinitate
2347 4248 2440 4311 ait
2480 4267 2493 4309 :
2537 4247 2823 4328 Spiritus
2863 4248 3165 4328 SanctuS,
3205 4248 3321 4330 qui
3357 4264 3489 4310 non
3532 4264 3722 4309 maun
3736 4278 3778 4315 v,

381 4366 484 4426 aet
512 4361 826 4441 Trinium,
855 4364 972 4428 sed
1001 4364 1071 4426 in
1098 4364 1415 4431 Trinitate
1444 4365 1855 4447 intelligitur,
1877 4366 1946 4429 in
1976 4384 2053 4431 eo
2091 4365 2270 4448 quod
2306 4364 2569 4446 proprie
2597 4364 2837 4428 dicitur
2863 4364 3150 4445 Spiritus
3186 4364 3487 4445 SanctuS,
3518 4341 3557 4371 θ’
3582 4331 3647 4371 ¹¹'

379 4480 658 4543 relative
708 4479 971 4561 dicitur,
1018 4498 1228 4562 quum
1279 4482 1345 4545 et
1390 4481 1473 4544 ad
1521 4482 1786 4546 Patrem
1836 4483 1900 4546 et
1935 4481 2181 4545 Filium
2229 4480 2531 4559 refertur,
2571 4481 2729 4562 quia
2777 4480 3063 4562 Spiritus
3112 4481 3390 4545 Sanctus
3427 4482 3493 4545 et

377 4594 604 4660 Patris
643 4598 707 4660 et
749 4596 902 4659 Filii
953 4597 1241 4679 Spiritus
1288 4600 1406 4663 est.
1450 4598 1578 4663 Sed
1629 4598 1775 4679 ipsa
1823 4597 2050 4661 relatio
2088 4615 2223 4661 non
2273 4597 2543 4679 apparet
2588 4597 2658 4659 in
2702 4596 2830 4660 hoc
2884 4596 3184 4678 nomine3
3227 4597 3494 4678 apparet

379 4714 611 4775 autem
647 4728 856 4792 quum
903 4712 1146 4776 dicitur
1190 4714 1439 4777 donum
1468 4714 1614 4778 Dei.
1655 4712 1924 4777 Donum
1962 4713 2062 4778 est
2103 4714 2281 4777 enim
2317 4713 2533 4776 Patris
2583 4716 2648 4777 et
2682 4711 2861 4793 Filii,
2904 4713 3059 4794 quia
3106 4713 3171 4776 et
3216 4730 3257 4776 a
3300 4713 3493 4776 Patre

377 4827 681 4909 procedit
717 4828 783 4891 et
810 4845 850 4891 8
884 4828 1079 4892 Filio.
1121 4830 1291 4894 Ecce
1327 4830 1433 4893 his
1461 4829 1679 4894 verbis
1716 4830 1936 4911 aperte
1966 4830 2356 4909 ostenditur,
2398 4828 2627 4893 eadem
2664 4828 2978 4892 relatione
3004 4829 3136 4892 dici
3174 4828 3492 4910 Spiritum

377 4944 700 5009 Sanctum
740 4947 806 5010 et
841 4946 1091 5009 donum
1125 4966 1140 5008 ε
1183 4947 1431 5011 donum
1469 4948 1716 5028 autem,
1753 4948 1909 5030 quia
1949 4946 2246 5029 procedit
2281 4963 2321 5009 8
2354 4946 2547 5009 Patre
2595 4947 2659 5011 et
2692 4945 2886 5009 Filio.
2927 4945 3302 5027 Proprietas
3339 4960 3491 5025 ergo

375 5078 518 5143 qua
570 5060 812 5126 dicitur
862 5062 1150 5145 Spiritus
1203 5060 1482 5128 Sanctus
1528 5064 1631 5127 vel
1681 5064 1954 5144 donum,
1987 5062 2320 5145 processio
2374 5062 2518 5144 ipsa
2566 5063 2688 5142 est,
2732 5061 2815 5127 de
2861 5078 2994 5141 qua
3036 5061 3189 5142 post
3234 5060 3495 5143 plenius

373 5196 660 5261 agemus
718 5196 872 5243 cum
925 5180 1095 5244 aliis.
1139 5180 1362 5255 Quum
1414 5197 1569 5263 ergo
1625 5182 1709 5245 81)
1762 5183 2005 5246 aeterno
2061 5179 2453 5263 processerit
2507 5179 2591 5242 81)
2644 5179 2946 5259 utroque,
3004 5177 3070 5242 et
3115 5177 3199 5240 81)
3252 5178 3493 5241 aeterno

375 5295 638 5360 donum
689 5294 842 5375 fuit,
877 5312 1012 5359 non
1061 5314 1214 5378 ergo
1266 5297 1552 5379 Spiritus
1598 5298 1876 5361 Sanctus
1922 5314 2000 5362 eo
2051 5298 2311 5361 tantum
2358 5296 2598 5359 dicitur
2647 5296 2895 5359 donum
2953 5294 3108 5376 quia
3153 5294 3436 5358 donatur
3476 5313 3490 5355 ε

639 5435 705 5486 Τ.
741 5434 825 5487 20.
3216 5434 3245 5482 5
