4359 6250
864 503 983 568 246
1481 519 1543 564 m
1586 519 1806 565 mancii
1849 518 1868 562 1
1912 517 2392 562 SENTENTIARUM.
2439 534 2518 544 —
2561 515 2712 560 ms‘r.
2761 513 2970 574 xxv113
3015 513 3238 568 QUAEsr.
3287 512 3354 557 111

866 693 1026 755 ratio
1075 699 1136 753 et
1186 690 1345 761 idea,
1380 690 1543 751 sicut
1591 698 1649 749 et
1691 687 1995 760 Verbum,
2028 706 2107 748 an
2154 685 2362 767 plura·
2391 685 2442 747 A
2471 693 2586 746 est.
2620 720 2701 728 -
2739 684 3050 757 SecundO,
3091 701 3171 744 an
3213 682 3387 762 prior
3423 680 3507 742 sit
3546 680 3813 742 intentio
3851 698 3970 740 seu

869 792 1013 853 liter
1052 790 1253 873 possit
1291 788 1415 851 dici
1449 788 1663 861 verba,
1698 787 1863 848 sicut
1902 784 2232 867 pluraliter
2269 783 2362 845 di-
2475 783 2633 844 ratio
2682 781 2883 855 verbi,
2931 800 3123 862 quam
3173 780 3412 842 notitiae
3459 787 3569 840 aut
3615 777 3967 860 sapientiae.

868 891 1035 952 citur
1062 889 1335 950 rationes
1377 895 1567 968 atque
1599 886 1772 948 ideae.
1810 885 2160 946 Dicendum
2192 883 2358 963 quod
2476 880 2550 941 Et
2580 881 2938 962 respondet,
2973 880 3141 960 quod
3183 899 3382 961 quum
3414 877 3682 940 verbum
3711 877 3975 959 proprie

868 1007 993 1051 non
1029 1005 1042 1049 ε
1077 986 1380 1068 quoniam
1421 985 1690 1046 verbum
1730 982 1987 1067 proprie
2016 1001 2088 1043 ac
2130 981 2363 1063 princi·
2475 987 2805 1059 sumptum
2843 997 2880 1038 a
2918 978 3144 1040 notitia
3183 978 3259 1039 sit
3302 977 3672 1058 procedenS,
3706 976 3874 1038 sicut
3903 981 3976 1036 et

868 1087 1095 1168 paliter
1143 1095 1239 1148 est
1281 1086 1549 1148 verbum
1601 1084 1802 1165 ipsius
1850 1083 2157 1160 dicentis;
2204 1080 2363 1142 ratio
2476 1077 2809 1164 dispositio
2852 1097 2888 1138 a
2927 1076 3258 1158 sapientia,
3293 1075 3450 1137 ratio
3489 1075 3730 1137 notitiae
3767 1092 3840 1135 ac
3877 1092 3980 1134 sa·

868 1194 1079 1248 autem
1112 1185 1267 1246 dicit
1308 1191 1668 1266 respectum
1709 1183 1785 1243 ad
1827 1183 1889 1243 id
1933 1184 2010 1243 de
2049 1199 2176 1262 quo
2215 1187 2312 1242 est
2345 1195 2358 1240 :
2478 1175 2734 1257 pientiae
2765 1175 2939 1256 prior
2967 1182 3083 1248 est,
3119 1174 3243 1236 nisi
3284 1181 3573 1236 sumatur
3601 1173 3826 1234 notitia
3856 1189 3978 1253 pro

869 1284 1037 1366 quod
1082 1303 1281 1366 quum
1322 1283 1405 1344 sit
1442 1281 1800 1363 multiplex,
1834 1281 1993 1342 ratio
2037 1278 2366 1360 pluraliter
2478 1274 2703 1336 notit-ia
2730 1274 2943 1353 genita
2973 1293 3083 1335 seu
3118 1273 3445 1354 producta,
3475 1273 3656 1352 juxta
3685 1271 3855 1352 quod
3884 1270 3980 1332 ait

869 1383 1120 1445 dicitur.
1158 1382 1449 1443 Attamen
1500 1380 1695 1441 Filius
1740 1397 1865 1440 non
1912 1377 2167 1460 proprie
2216 1376 2368 1438 dici·
2476 1371 2867 1451 Augustinus
2893 1389 2907 1433 :
2933 1371 3210 1434 Verbum
3247 1378 3342 1433 est
3371 1371 3598 1432 notitia
3626 1389 3774 1431 cum
3805 1386 3980 1430 amo-

871 1489 975 1542 tur
1013 1481 1288 1542 rationes
1334 1498 1443 1541 seu
1487 1478 1643 1540 ideae
1688 1478 1923 1560 plureS,
1968 1477 2077 1538 sed
2127 1475 2367 1536 habens
2479 1489 2564 1531 re.
2615 1470 2679 1531 Si
2727 1479 2940 1531 autem
2985 1469 3327 1550 objiciatur
3371 1469 3528 1530 illud
3579 1466 3978 1529 Ecclesiasti-

873 1580 1087 1661 plures
1133 1579 1305 1640 ideas
1346 1597 1419 1639 ac
1460 1577 1751 1639 rationes.
1785 1613 1866 1621 —
1896 1575 1999 1636 Sic
2038 1575 2231 1636 etiam
2273 1573 2369 1634 Fi·
2479 1569 2560 1641 ci,
2603 1569 2764 1630 Fons
2814 1568 3142 1649 sapientiae
3185 1568 3455 1630 verbum
3498 1567 3608 1629 Dei
3659 1567 3726 1628 in
3775 1565 3980 1627 eecel·
4012 1583 4249 1630 enims.

875 1678 996 1740 lius
1037 1676 1272 1740 dicitur
1311 1677 1699 1758 supputati0‚
1734 1674 2026 1756 quamvis
2066 1679 2369 1754 supputa·
2481 1667 2567 1728 sis
2603 1684 2617 1728 :
2652 1667 3016 1738 dicendum,
3052 1667 3220 1747 quod
3251 1666 3700 1747 exponendum
3731 1672 3826 1726 est
3857 1664 3982 1724 hoc

872 1777 962 1838 tio
1006 1774 1482 1836 multitudinem
1524 1773 1864 1855 quamdam
1903 1772 2115 1834 dicere
2158 1770 2368 1831 videa·
2482 1765 2560 1826 de
2589 1765 2899 1846 sapientia
2929 1773 3156 1837 creata,
3191 1782 3316 1826 non
3349 1764 3645 1826 increata.
3669 1762 3988 1824 —Tertio

872 1882 975 1936 tur
1032 1891 1045 1934 ε
1102 1873 1403 1954 quoniam
1468 1870 1836 1953 supputatio
1896 1869 2005 1931 illa
2072 1886 2370 1950 suprema
2407 1866 2454 1928 B
2485 1864 2731 1944 quaerit,
2767 1864 3118 1924 secundum
3171 1882 3363 1944 quam
3414 1862 3834 1924 intentionem
3877 1879 3990 1922 no-

878 1971 1351 2034 multitudinem
1399 1987 1524 2031 non
1568 1968 1754 2030 habet
1795 1987 1872 2029 ex
1914 1976 2090 2048 parte
2131 1986 2370 2048 suppu-
2484 1962 2637 2023 titiae
2675 1961 2923 2022 dicatur
2957 1961 3256 2034 Verbum,
3292 1961 3608 2034 videlicet,
3641 1980 3722 2022 an
3761 1979 3990 2021 secun-

874 2070 1089 2142 tantiS,
1124 2069 1231 2130 sed
1265 2075 1715 2130 creaturarum.
1752 2067 1896 2128 ideo
1928 2064 2370 2146 multiplicitas
2484 2061 2636 2120 dum
2669 2059 2978 2120 rationem
3010 2059 3248 2121 notitiae
3279 2059 3692 2140 practicae,an
3724 2057 3994 2139 cogniti-

876 2168 985 2229 illa
1040 2184 1166 2229 non
1217 2165 1484 2247 impedit
1536 2164 2013 2245 simplicitatem
2062 2162 2368 2234 divinam,
2485 2178 2578 2220 vae
2607 2165 2716 2219 aut
2747 2157 3172 2238 speculativae.
3203 2158 3278 2218 Et
3309 2157 3986 2239 respondet:Verbum

876 2266 1043 2328 sicut
1090 2283 1207 2326 nec
1258 2263 1699 2344 multiplicitas
1747 2263 2052 2324 idearum.
2104 2296 2183 2305 —
2230 2261 2372 2322 Haec
2487 2256 2838 2317 increatum
2899 2255 3214 2336 triplicem
3273 2255 3463 2317 habet
3520 2263 3756 2316 actum.
3809 2256 3988 2317 Unus

878 2364 1191 2426 AlbertuS.
2485 2363 2601 2429 est,
2634 2356 2802 2436 quod
2851 2356 3029 2417 Pater
3078 2356 3292 2417 omnia
3340 2374 3453 2437 per
3503 2355 3712 2436 ipsum
3761 2371 3988 2434 opera-

960 2461 1309 2524 Concordat
1339 2459 1667 2522 Udalricus
1700 2459 1761 2518 in
1796 2458 2058 2520 Summa
2086 2475 2221 2524 sua,
2257 2464 2377 2518 ter·
2487 2462 2606 2516 tur.
2671 2454 3020 2528 Secundus,
3073 2455 3240 2535 quod
3299 2455 3479 2515 Pater
3538 2472 3649 2533 per
3699 2452 3984 2514 Verbum

610 2580 847 2635 cs.t.x1x‚
877 2562 966 2623 tio
998 2560 1183 2632 libro,
1205 2577 1281 2620 ex
1312 2575 1439 2639 quo
1470 2577 1662 2638 supra
1692 2557 1957 2636 allegata
1986 2563 2134 2618 sunt
2162 2555 2376 2636 aliqua
2487 2573 2675 2614 suum
2735 2572 2801 2614 se
2861 2553 3073 2634 ipsum
3133 2553 3429 2626 declarat,
3481 2559 3552 2613 ut
3602 2551 3758 2612 dicit
3813 2551 3989 2612 Beda

598 2644 847 2757 {53ffi’feffi
879 2661 955 2722 ad
999 2659 1169 2720 istud
1213 2657 1582 2738 spectantia.
2488 2671 2680 2733 super
2725 2651 2880 2712 illud
2917 2651 3162 2713 :Nemo
3206 2650 3380 2713 novit
3424 2651 3668 2712 Patrem
3713 2649 3838 2711 nisi
3891 2649 3990 2710 Fi·
4034 2668 4268 2712 nattam,

958 2757 1308 2820 Richardus
1348 2773 1602 2836 quoque
1642 2753 1829 2815 dictis
1870 2753 2125 2815 Thomae
2163 2760 2226 2814 et
2262 2753 2376 2815 Bo·
2489 2748 2634 2822 lius,
2678 2757 2740 2810 et.
2790 2749 2893 2830 cui
2943 2749 3216 2811 voluerit
3263 2749 3460 2810 Filius
3507 2748 3805 2811 revelare.
3841 2747 3990 2809 Ter·
4019 2736 4086 2775 ³³·

882 2863 1247 2918 naventurae
1290 2854 1650 2924 concordat,
1692 2860 1754 2914 et-
1797 2871 1939 2933 quae
1982 2851 2175 2924 addit,
2213 2851 2377 2914 infra
2490 2847 2638 2922 tiuS,
2683 2848 2852 2930 quod
2896 2848 3101 2910 Verbo
3151 2848 3387 2909 revelat
3435 2848 3765 2929 Prophetis
3813 2847 3990 2909 futu-

884 2960 1218 3036 ponentur.
2490 2967 2575 3009 ra.
2625 2949 2842 3029 Itaque
2884 2947 3165 3009 Verbum
3213 2954 3522 3028 quantum
3571 2948 3648 3009 ad
3700 2948 3989 3028 primum

963 3051 1294 3113 Durandus
1325 3067 1577 3131 quoque
1609 3055 1911 3110 consonat
1942 3048 2374 3131 praeinductis‚
2415 3045 2458 3107 C
2489 3053 2724 3120 actum,
2760 3047 2959 3127 magis
3003 3046 3236 3108 dicitur
3280 3047 3462 3128 juxta
3503 3047 3988 3129 proprietatem,

884 3169 1127 3233 ponens
1192 3156 1463 3231 quatuor
1521 3148 1920 3229 acceptiones
1980 3147 2157 3210 verbi
2223 3166 2378 3229 quas
2490 3146 2910 3209 intentionem
2951 3154 3011 3207 et
3043 3146 3352 3208 rationem
3388 3147 3629 3208 notitiae
3665 3148 3984 3228 practicam

883 3250 1176 3323 ThomaS‚
1210 3256 1271 3309 et
1311 3266 1598 3308 asserens
1640 3246 1907 3307 verbum
1950 3246 2207 3328 proprie
2243 3265 2381 3309 esse
2492 3246 2667 3307 Unde
2719 3246 2784 3307 in
2835 3244 3278 3306 Ecclesiastico
3333 3244 3602 3306 habetur
3653 3262 3666 3306 :
3720 3245 3986 3307 initium
4075 3268 4216 3311 Ecca-

883 3357 941 3410 et
975 3346 1179 3427 accipi
1216 3346 1280 3406 in
1312 3345 1566 3407 divinis.
1593 3344 1713 3406 Sed
1745 3364 1820 3405 ex
1852 3344 1971 3406 hoc
2008 3352 2178 3425 patet
2209 3364 2383 3407 error
2493 3344 2701 3407 omnis
2760 3344 2970 3424 operis
3023 3343 3312 3405 verbum.
3368 3343 3486 3405 Sed
3542 3352 3852 3424 quantum
3907 3346 3988 3405 ad
4023 3332 4262 3377 mmm·

884 3464 1106 3509 eorum
1166 3464 1309 3526 quae
1368 3442 1518 3504 alibi
1580 3462 1745 3524 saepe
1813 3443 1989 3516 dicit,
2049 3442 2382 3505 affirmans
2495 3440 2753 3504 tertium
2793 3449 3028 3515 actum,
3070 3443 3304 3504 dicitur
3345 3442 3526 3523 juxta
3567 3441 3992 3505 intentionem

886 3543 1054 3625 quod
1100 3542 1295 3604 Filius
1342 3558 1469 3602 non
1510 3541 1808 3622 procedat.
1846 3560 1881 3602 a
1920 3541 2097 3602 Patre
2143 3559 2256 3622 per
2297 3541 2387 3602 in·
2497 3541 2736 3604 notitiae
2777 3541 3202 3622 speculativa».
3245 3542 3478 3603 Verum
3523 3540 3731 3621 quoad
3775 3547 3994 3603 actum

888 3642 1236 3715 tellectum,
1271 3648 1332 3702 et
1378 3640 1547 3721 quod
1597 3640 1777 3702 Pater
1819 3658 1945 3701 non
1988 3647 2247 3721 generet
2295 3639 2386 3701 Fi·
2499 3641 2873 3712 secundum,
2930 3658 3057 3721 quo
3111 3648 3206 3701 est
3263 3640 3656 3702 ostensivum
3709 3640 4004 3703 volunta-

888 3741 1043 3804 lium
1090 3740 1505 3820 intelligendo
1544 3757 1610 3800 se
1641 3738 1877 3820 ipsum,
1914 3739 2000 3799 ita
2038 3740 2207 3821 quod
2243 3740 2388 3800 dato
2499 3740 2580 3800 tis
2631 3739 3060 3820 bonitatisque
3114 3739 3334 3812 Patris,
3386 3740 3621 3801 dicitur
3663 3740 3846 3819 juxta
3897 3740 4006 3802 in-

889 3860 1003 3922 per
1034 3838 1431 3921 impossibile
1463 3837 1630 3918 quod
1675 3836 2034 3898 intellectus
2066 3855 2192 3899 non
2223 3846 2390 3899 esset
2502 3838 2849 3900 tentionem
2914 3838 3154 3899 notitiae
3217 3837 3623 3917 speculativae
3686 3847 3872 3919 prout
3932 3860 4006 3901 se

891 3939 957 4000 in
998 3940 1146 4011 Deo,
1180 3937 1384 3999 nihilo
1430 3935 1641 3997 minus
1680 3942 2007 4015 generaret
2044 3953 2057 3996 :
2093 3938 2262 4016 quod
2303 3944 2390 3998 to-
2501 3934 2784 3996 extendit
2840 3935 2917 3996 ad
2965 3942 3177 3995 actum
3233 3952 3246 3995 ε
3300 3934 3452 4015 quia
3507 3934 3584 3996 ad
3635 3935 3754 3996 hoc
3815 3934 4008 3997 nobis

892 4046 1030 4098 tum
1063 4044 1187 4097 tam
1222 4034 1454 4097 falsum
1496 4041 1611 4105 est,
1646 4051 1839 4113 quam
1870 4050 2093 4094 verum
2128 4041 2224 4095 est
2254 4054 2390 4095 ver·
2503 4034 2667 4095 Deus
2717 4033 3105 4094 voluntatem
3155 4040 3216 4094 et
3266 4032 3614 4094 bonitatem
3665 4051 3842 4094 suam
3893 4033 4008 4094 de—

896 4135 1051 4196 bum
1084 4132 1337 4215 proprie
1368 4152 1506 4193 esse
1535 4131 1599 4192 in
1627 4132 1769 4203 De0,
1790 4139 1854 4193 et
1885 4131 2089 4212 ipsum
2116 4132 2394 4193 Verbum
2503 4130 2718 4204 clarat,
2755 4138 2824 4191 ut
2863 4132 3213 4192 secundum
3255 4149 3392 4192 eam
3435 4130 3724 4193 vivamus
3765 4131 4008 4193 indesi-

897 4251 1037 4294 esse
1088 4232 1318 4292 mentis
1370 4238 1749 4311 conceptum
1801 4231 2392 4312 emanationemque
2423 4237 2472 4297 D
2505 4238 2728 4291 nenter
2777 4230 2840 4291 in
2892 4229 3122 4291 saeculo
3173 4229 3310 4291 isto.
3349 4265 3430 4273 —
3468 4229 3698 4301 Quarto
3745 4231 4004 4311 quaerit,

604 4354 870 4407 amatas,
901 4330 1281 4402 intellectus,
1317 4337 1386 4390 ut
1433 4348 1625 4409 supra
1668 4346 1743 4389 ex
1787 4328 1974 4390 dictis
2019 4328 2391 4392 Sanctorum
2503 4348 2581 4391 an
2615 4328 2872 4390 nomine
2902 4327 3078 4389 verbi
3123 4335 3377 4389 notetur
3413 4327 3685 4389 effectus
3724 4328 3790 4389 in
3829 4347 4010 4391 crea-

606 4420 689 4459 ²²⁰·
901 4428 1156 4509 copiose
1204 4434 1529 4489 ostensum
1577 4433 1691 4487 est.
1733 4462 1815 4471 —
1856 4426 2089 4489 Scribit
2139 4447 2393 4511 quoque
2503 4436 2662 4490 tura.
2697 4426 2788 4488 Ad
2833 4426 3002 4507 quod
3048 4425 3534 4506 respondebitur
3580 4425 3761 4487 infra.

900 4534 964 4588 et
992 4525 1117 4587 alia
1155 4524 1442 4606 quaedam
1485 4524 1653 4585 circa
1690 4524 2165 4587 distinctionem
2208 4527 2392 4589 istam
2587 4526 2817 4599 Quinto
2856 4525 3101 4607 quan-it,
3135 4544 3215 4585 an
3255 4524 3450 4586 Filius
3481 4525 3590 4587 Dei
3630 4526 3830 4606 possit
3867 4526 4008 4587 dici

902 4624 1184 4697 subtilia,
1228 4643 1369 4704 quae
1414 4623 1603 4704 paulo
1647 4630 1787 4703 post
1831 4622 2231 4686 inducentur.
2510 4625 2826 4705 cogitatio,
2883 4624 3049 4685 sicut
3106 4622 3405 4685 Verbum.
3461 4624 3536 4685 Et
3594 4624 3938 4705 respondet
3991 4644 4006 4687 ε

981 4722 1272 4803 Amplius
1311 4722 1539 4783 Doctor
1569 4719 2023 4802 irrefragabilis
2065 4722 2235 4784 circa
2263 4723 2396 4785 haec
2511 4723 2816 4803 Cogitatio
2877 4722 3032 4785 dicit
3099 4730 3339 4783 motum
3405 4723 3636 4784 mentis
3695 4723 4014 4803 imperfe-

903 4822 1134 4884 multas
1180 4828 1392 4882 movet
1432 4819 1878 4882 dubitationes
1912 4820 2143 4895 Prim0,
2176 4822 2251 4883 ad
2295 4841 2400 4882 cu-
2510 4831 2682 4884 ctum
2731 4830 2921 4902 atque
2969 4820 3338 4882 volubilem.
3391 4820 3635 4883 Dicitur
3681 4821 3857 4883 enim
3907 4842 4018 4885 co—

899 4921 1004 5001 jus
1039 4919 1217 4981 verbi
1250 4918 1442 4981 creati
1474 4918 1962 4980 similitudinem
1994 4919 2242 4980 dicatur
2262 4920 2312 4980 V
2316 4938 2406 4981 er·
2509 4920 2730 5001 gitatio
2769 4920 2949 5001 quasi
2992 4919 3342 4999 coagitatio.
3378 4920 3522 4981 Ideo
3559 4920 3960 5001 Augustinus
3997 4942 4015 4983 ε

904 5019 1059 5082 bum
1111 5018 1176 5079 in
1228 5017 1374 5078 De0.
1423 5016 1516 5078 Ad
1568 5017 1737 5097 quod
1788 5018 1975 5079 modo
2024 5036 2400 5100 responsum
2511 5018 2812 5086 Verbum,
2862 5018 3089 5099 inquit,
3133 5018 3225 5079 sic
3269 5018 3523 5091 dicitur,
3568 5024 3636 5079 ut
3678 5017 3789 5079 Dei
3841 5021 4024 5101 cogi-

904 5126 1021 5189 est,
1056 5116 1223 5198 quod
1274 5116 1351 5176 ad
1401 5114 1891 5176 similitudinem
1936 5116 2115 5177 verbi
2171 5115 2403 5179 intelli·
2515 5117 2666 5178 tatio
2697 5134 2824 5177 non
2863 5116 3130 5189 dicatur,
3167 5134 3246 5177 ne
3277 5116 3432 5197 quid
3462 5115 3744 5179 volubile
3779 5116 3846 5177 in
3879 5118 4022 5182 Deo

906 5215 1122 5295 gibilis
1152 5232 1224 5275 ac
1257 5212 1572 5287 mentalis,
1607 5214 1777 5295 quod
1816 5230 2071 5276 omnem
2105 5215 2406 5296 praecedit
2514 5234 2652 5277 esse
2685 5215 2994 5276 credatur.
3023 5250 3103 5258 —
3133 5214 3196 5275 Si
3226 5221 3438 5276 autem
3471 5214 3813 5295 objiciatur
3845 5214 4016 5278 illud

907 5313 1247 5397 loquelam,
1301 5320 1362 5373 et
1420 5312 1587 5393 apud
1646 5329 1867 5374 omnes
1925 5321 2143 5392 gentes
2203 5333 2402 5375 unum
2521 5313 2801 5375 Ansclmi
2836 5312 2900 5374 in
2931 5310 3348 5391 Monologion‚
3377 5310 3475 5373 Nil
3507 5312 3678 5373 aliud
3709 5320 3806 5375 est
3837 5332 4024 5377 sum-
