4359 6250
1266 492 1440 538 unm
1482 491 1503 536 1
1546 488 2028 536 saura-mianum.
2075 505 2156 515 —
2196 487 2350 533 msr.
2397 487 2520 532 xxv
3328 465 3438 530 191

356 665 443 728 est
488 664 584 728 eis
633 664 705 728 id
748 664 922 747 quod
978 666 1077 729 est
1122 682 1401 746 persona
1436 685 1450 726 :
1486 667 1561 727 ut
1606 664 1694 728 sit
1742 662 1895 726 talis
1942 661 2398 743 intelligentia,
2445 659 2640 724 Pater
2687 661 2753 723 et
2791 658 3004 723 Filius
3048 659 3114 723 et
3163 658 3448 740 Spiritus

356 780 617 844 Sanctus
659 782 816 845 sunt
863 783 996 845 tres
1040 798 1360 863 personae,
1404 781 1473 844 id
1528 782 1649 860 est,
1691 781 1847 843 sunt
1895 781 2027 842 tres
2074 778 2145 840 id
2197 776 2511 840 habentes
2548 793 2897 840 commune
2934 775 3115 856 quod
3164 776 3264 838 est
3297 792 3448 856 per-

356 913 523 976 sona,
566 896 639 958 id
681 899 803 978 est,
843 899 977 961 tres
1022 900 1179 961 sunt
1213 914 1494 977 quorum
1531 896 1811 977 quisque
1853 896 1954 959 est
1988 910 2290 976 persona,
2339 893 2408 954 id
2445 893 2545 956 est
2592 893 2894 956 essentia.
2941 890 3070 956 Sed
3112 891 3445 972 quomodo

348 1010 526 1090 juxta
562 1013 733 1076 hanc
770 1013 1271 1094 intelligentiam
1309 1013 1584 1092 dicetur,
1626 1011 1777 1074 Alia
1814 1014 1911 1075 est
1958 1026 2240 1091 persona
2276 1008 2514 1088 Patris,
2565 1008 2695 1072 alia
2729 1007 2934 1070 Filii?
2965 1008 3048 1070 Et
3083 1007 3209 1071 hoc
3246 1007 3446 1070 etiam

354 1126 433 1188 ita
466 1127 698 1191 volunt
724 1128 1112 1210 intelligere,
1130 1128 1379 1192 scilicet
1412 1149 1427 1189 :
1461 1128 1633 1191 alius
1671 1128 1769 1192 est
1804 1127 2023 1204 Pater,
2050 1126 2114 1189 et
2151 1124 2322 1188 alius
2351 1126 2452 1188 est
2479 1125 2713 1204 Filius,
2747 1125 2813 1187 id
2851 1125 3072 1187 tamen
3095 1103 3444 1186 commune

352 1241 651 1307 habentes
678 1244 859 1324 quod
888 1246 987 1308 est
1013 1261 1312 1324 persona.
1345 1245 1430 1306 Et
1467 1245 1591 1308 hoc
1628 1244 2018 1307 confirmant
2049 1242 2439 1305 auctoritate
2477 1241 2856 1322 Augustini,
2898 1240 3012 1322 qui
3051 1240 3118 1303 in
3161 1239 3442 1320 septimo

352 1357 502 1420 libro
558 1359 639 1423 de
677 1360 999 1424 Trinitate
1046 1361 1141 1423 ait
1181 1380 1195 1421 ε
1238 1359 1397 1424 Tres
1452 1376 1765 1441 personas
1818 1359 2115 1439 ejusdem
2164 1358 2490 1436 essentiae,
2532 1357 2637 1421 vel
2685 1359 2816 1420 tres
2869 1372 3182 1437 personas
3241 1371 3443 1416 unam
3471 1367 3735 1442 eus-detri-

352 1475 687 1565 essentiam
744 1476 1067 1556 dicimus;
1106 1478 1238 1540 tres
1293 1479 1515 1540 autem
1572 1492 1887 1558 personas
1938 1493 2021 1538 ex
2082 1474 2310 1538 eadem
2368 1474 2650 1536 essentia
2703 1490 2835 1536 non
2889 1473 3196 1551 dicimuS,
3253 1470 3440 1552 quasi
3468 1433 3562 1543 2:12⁸
3558 1429 3732 1537 ss'lkb'

352 1589 517 1652 aliud
551 1590 645 1653 ibi
675 1591 765 1654 sit
791 1590 971 1672 quod
1007 1593 1291 1656 essentia
1319 1595 1439 1672 est,
1472 1593 1654 1656 aliud
1692 1593 1871 1674 quod
1906 1609 2186 1674 persona
2225 1592 2343 1654 est.
2378 1590 2518 1653 Hac
2560 1590 2945 1652 auctoritate
2976 1591 3040 1651 et
3079 1587 3442 1670 praemissis

352 1708 655 1770 conantur
702 1724 1013 1787 asserere,
1059 1706 1129 1770 in
1164 1707 1497 1789 praedictis
1540 1707 1985 1772 locutionibus
2034 1723 2275 1769 nomen
2312 1722 2608 1787 personae
2649 1705 3000 1768 essentiam
3047 1703 3436 1784 significare.

352 1819 467 1884 Sed
500 1823 663 1904 quid
708 1823 1197 1904 respondebunt
1250 1824 1334 1888 ad
1385 1825 1455 1887 id
1504 1824 1681 1907 quod
1732 1824 1873 1904 ipse
1920 1822 2333 1904 Augustinus
2382 1823 2450 1885 in
2497 1821 2663 1885 libro
2706 1822 2788 1884 de
2835 1821 2996 1884 Fide
3042 1820 3124 1883 ad
3167 1820 3440 1883 Petrum
3502 1833 3652 1907 laem,
3678 1834 3734 1878 ao

350 1936 515 2017 dicit,
562 1939 816 2002 scilicet
865 1941 1042 2021 quod
1091 1941 1261 2004 alius
1311 1942 1411 2004 est
1459 1941 1653 2005 Pater
1689 1941 1758 2003 in
1794 1956 2075 2021 persona
2118 1939 2260 2001 sive
2301 1938 2750 2018 personaliter,
2796 1938 2966 2000 alius
3014 1935 3442 2017 personaliter
3469 1895 3736 2010 Ῐῗιῗιῗιῖᾶὲἷ

350 2052 567 2134 Filius,
611 2055 783 2118 alius
817 2056 1247 2137 personaliter
1278 2057 1565 2137 Spiritus
1592 2055 1919 2121 Sanctus?
1956 2053 2305 2128 Quomodo
2345 2054 2518 2116 enim
2559 2053 2730 2116 alius
2766 2052 3194 2134 personaliter
3218 2051 3435 2131 Pater,
3467 2032 3510 2064 '¹‘
3534 2023 3574 2063 ⁵'

350 2167 503 2232 alius
556 2170 989 2252 personaliter
1022 2170 1258 2249 Filius,
1312 2172 1483 2235 alius
1532 2172 1962 2253 personaliter
2004 2169 2290 2250 Spiritus
2327 2167 2627 2247 Sanctus,
2673 2169 2730 2231 si
2780 2169 2849 2230 in
2906 2185 3048 2232 esse
3093 2184 3442 2249 personam

350 2285 607 2348 omnino
662 2285 1085 2366 conveniunt,
1129 2285 1197 2348 id
1243 2288 1366 2366 est,
1414 2287 1473 2350 si
1519 2303 1799 2368 persona
1836 2285 2137 2352 essentiae
2185 2285 2441 2347 tantum
2487 2282 2989 2364 intelligentiam
3041 2283 3250 2346 facit?
3287 2284 3441 2348 Ideo

348 2399 527 2464 nobis
588 2401 851 2465 videtur
908 2401 1097 2465 aliter
1149 2401 1277 2466 hoc
1331 2419 1525 2484 posse
1578 2403 1708 2465 dici
1767 2400 2258 2483 congruentius,
2303 2399 2498 2481 juxta
2561 2397 3033 2462 catholicorum
3098 2401 3442 2464 doctorum

349 2516 777 2580 auctoritates.

350 2801 421 2864 E.
474 2805 672 2871 Quod
714 2807 847 2867 hoc
890 2819 1186 2880 nomen,
1222 2819 1577 2879 persona,
1619 2803 2025 2877 tripliciter
2061 2805 2141 2866 in
2184 2803 2548 2865 Trinitate
2590 2804 2962 2878 accipitur
2977 2824 3007 2880 ,·
3038 2805 3111 2866 et
3149 2807 3298 2868 hoec
3338 2807 3449 2868 est

807 2922 1021 2983 utilis
1068 2922 1138 2983 et
1182 2922 1548 2984 catholica
1597 2921 1938 2983 doctrina
1988 2922 2075 2981 de
2112 2932 2441 2992 persona
2489 2920 2564 2982 et
2599 2923 2966 2993 personia.

466 3179 823 3243 Sciendum
854 3182 953 3242 est
991 3180 1214 3261 igitur,
1248 3178 1426 3261 quod
1454 3179 1579 3242 hoc
1607 3195 1873 3257 nomen,
1914 3193 2214 3258 persona,
2247 3176 2685 3258 multiplicem
2726 3177 3228 3260 intelligentiam
3258 3182 3436 3262 facit,

346 3312 467 3357 non
525 3313 729 3359 unam
777 3298 1059 3360 tantum.
1100 3298 1186 3359 Et
1234 3298 1309 3358 ut
1356 3294 1653 3358 Hilarius
1701 3296 1793 3357 ait
1843 3294 1913 3357 in
1960 3293 2132 3356 libro
2179 3295 2412 3374 quarto
2475 3293 2556 3356 de
2601 3294 2916 3357 Trinitate
2952 3315 2966 3356 :
3003 3296 3440 3379 intelligentia
3512 3326 3648 3372 nnn,
3668 3328 3724 3371 d„

345 3410 663 3474 dictorum
700 3430 781 3475 ex
834 3412 1051 3475 causis
1088 3414 1187 3475 est
1234 3410 1629 3475 assumenda
1676 3410 1935 3475 dicendi
1978 3430 1993 3471 ε
2034 3410 2193 3491 quia
2242 3426 2375 3472 non
2411 3410 2700 3473 sermoni
2746 3427 2872 3490 reS,
2917 3411 3033 3474 sed
3076 3413 3171 3476 rei
3222 3431 3438 3478 sermo
3465 3389 3730 3504 {ffi‘ssffl

344 3523 671 3607 subjectus
725 3528 845 3589 est.
889 3526 1348 3591 Discernentes
1404 3543 1557 3614 ergo
1610 3525 1873 3589 dicendi
1921 3541 2173 3604 causas,
2219 3524 2422 3605 hujus
2475 3526 2788 3606 nominiS,
2831 3526 3082 3590 scilicet
3133 3546 3434 3609 persona,
3569 3586 3574 3591 .

342 3642 878 3721 significationem
924 3641 1419 3723 distinguimus,
1474 3642 1765 3706 dicentes
1812 3640 1989 3723 quod
2039 3640 2165 3703 hoc
2219 3656 2482 3719 nomen,
2524 3639 2772 3704 scilicet
2824 3658 3125 3722 persona,
3175 3645 3437 3725 proprie

343 3759 695 3822 secundum
738 3758 1181 3823 substantiam
1228 3757 1492 3838 dicitur,
1526 3761 1592 3823 et
1641 3758 1993 3822 essentiam
2030 3756 2380 3838 significat,
2421 3756 2593 3819 sicut
2627 3773 2826 3837 supra
2874 3758 3161 3820 ostendit
3207 3758 3437 3841 Augu-

342 3874 543 3937 stinus
572 3892 783 3956 quum
826 3874 1068 3937 dicitur
1108 3894 1123 3934 :
1166 3874 1347 3939 Deus
1385 3876 1484 3937 est
1519 3890 1819 3955 persona,
1855 3873 2051 3937 Pater
2087 3874 2188 3936 est
2223 3888 2522 3953 persona.
2558 3870 2854 3944 Quadam
2897 3874 3117 3935 tamen
3154 3876 3437 3939 necessi·
3462 3897 3730 3953 Ansium·

342 3990 482 4069 tate,
520 3994 599 4054 ut
637 4009 839 4074 supra
879 3991 1049 4054 dixit
1076 3990 1512 4073 Augustinus,
1554 3991 1945 4054 translatum
1985 3991 2085 4055 est
2126 3989 2253 4052 hoc
2288 4004 2554 4065 nomen,
2588 3988 2662 4050 ut
2711 3988 3050 4073 pluraliter
3085 3990 3430 4071 diceretur,
3462 3961 3725 4075 ss'ffi‘f’ssib‘

339 4104 485 4169 Tres
556 4124 879 4189 personae,
941 4124 1149 4189 quum
1214 4110 1616 4188 quaereretur
1665 4106 1825 4187 quid
1892 4107 2048 4186 tres,
2098 4104 2206 4168 vel
2271 4103 2431 4185 quid
2488 4104 2612 4165 tria
2667 4123 2681 4165 ε
2734 4103 2850 4167 ubi
2913 4121 3046 4167 non
3109 4106 3436 4187 significat

341 4224 703 4305 essentiam,
745 4224 816 4286 id
862 4225 962 4287 est
996 4223 1299 4286 naturam
1336 4222 1654 4301 divinam,
1698 4238 1845 4303 quae
1883 4220 2258 4284 communis
2302 4221 2400 4284 est
2437 4219 2648 4283 tribus
2688 4220 3010 4301 personiS,
3053 4222 3170 4285 sed
3210 4222 3460 4287 subsi-.

340 4340 623 4418 stentiaS,
659 4338 763 4403 vel
802 4339 1193 4420 hypostases
1222 4337 1581 4403 secundum
1614 4338 1901 4403 Graecos.
1935 4336 2146 4400 Graeci
2174 4337 2443 4418 quippe,
2475 4336 2548 4399 ut
2579 4352 2777 4417 supra
2805 4336 2974 4398 dixit
2995 4337 3429 4419 AugustinuS,
3481 4362 3706 4411 lbid.n.8.

340 4452 515 4518 aliter
549 4456 882 4536 accipiunt
933 4453 1393 4535 substantiam,
1436 4454 1503 4517 id
1549 4457 1650 4519 est
1685 4454 2121 4536 hypostasim,
2167 4452 2358 4514 aliter
2400 4468 2544 4514 nos‚
2589 4451 2728 4514 Nos
2773 4452 2949 4514 enim
2996 4452 3432 4519 substantiam

340 4567 612 4633 dicimus
639 4571 995 4634 essentiam
1024 4570 1167 4633 sive
1202 4571 1541 4650 naturam3
1573 4587 1885 4651 personas
1924 4571 2145 4632 autem
2186 4567 2491 4646 dicimus,
2524 4568 2696 4630 sicut
2730 4567 2828 4630 illi
2864 4569 3093 4632 dicunt
3128 4570 3432 4634 substan-

342 4682 477 4762 tias,
505 4685 577 4747 id
616 4686 717 4749 est
743 4685 1158 4766 hypostases.
1194 4685 1264 4748 Si
1303 4701 1456 4766 ergo
1486 4702 1609 4748 nos
1645 4686 1737 4749 ita
1773 4684 2135 4767 accipimus
2163 4700 2477 4765 personas
2514 4683 2587 4746 ut
2626 4683 2725 4744 illi
2761 4684 3092 4765 accipiunt
3126 4685 3432 4750 substan-

340 4798 455 4862 tias
486 4802 594 4864 vel
623 4801 1053 4883 hypostases3
1086 4799 1279 4864 atilli
1308 4800 1499 4864 aliter
1534 4801 1864 4882 accipiunt
1899 4799 2291 4881 hypostases
2320 4815 2518 4881 quam
2550 4815 2671 4861 nos
2707 4798 3142 4863 substantiam
3187 4821 3201 4862 :
3241 4802 3431 4865 aliter

340 4930 480 4995 ergo
516 4934 643 4981 nos
677 4917 1044 4997 accipimus
1072 4934 1385 4998 personas
1411 4933 1613 4998 quam
1656 4916 2113 4980 substantiam.
2150 4914 2368 4988 Quum
2411 4932 2562 4996 ergo
2601 4914 2886 4977 dicimus
2925 4916 3055 4979 tres
3092 4933 3426 4997 personas,

338 5046 458 5093 non
497 5032 589 5095 ibi
628 5050 927 5115 personae
965 5033 1234 5096 nomine
1272 5033 1623 5096 essentiam
1661 5031 2132 5113 significamus
2168 5030 2344 5104 Quid
2381 5047 2532 5111 ergo
2561 5029 2844 5093 dicimus
2865 5029 2895 5091 ἱ)
2937 5030 3238 5094 Dicimus
3273 5032 3430 5114 quia

338 5145 461 5209 tres
496 5164 797 5229 personae
841 5152 1022 5228 sunt,
1055 5148 1124 5210 id
1161 5150 1262 5211 est
1287 5149 1421 5213 tres
1456 5148 1840 5212 substantiae
1854 5142 1904 5225 *,
1935 5146 2187 5210 scilicet
2211 5148 2345 5209 tres
2383 5147 2564 5209 entes
2599 5164 2614 5207 :
2646 5161 2766 5226 pro
2796 5162 2928 5227 quo
2959 5145 3170 5209 Graeci
3202 5147 3430 5211 dicunt
3459 5166 3724 5211 mammu-

342 5262 465 5326 tres
499 5263 917 5345 hypostases.
3455 5230 3662 5274 dotatio
