4359 6250
498 1580 693 1637 Cytaeos
701 1580 758 1625 B'.

784 490 906 557 612

1440 510 1505 559 IN
1546 512 1767 559 Limum
1809 516 1828 559 1
1871 508 2352 559 SENTENTIARUR.
2383 530 2479 587 ·—·
2519 509 2671 557 ms‘r.
2718 510 2876 573 XLv;
2917 512 3141 569 QUAEST.
3189 512 3234 558 11

790 690 861 744 ut
909 701 1118 757 causa,
1171 685 1491 757 videlicet,
1544 685 1831 757 scientia,
1885 684 2167 767 potentia
2221 689 2284 743 et
2314 680 2365 743 Α
2398 656 2798 757 diffusivum,
2851 692 2914 745 et
2960 684 3202 745 bonum
3261 691 3358 746 est
3405 689 3664 764 propter
3721 678 3896 762 quod

788 780 1113 861 voluntas3
1136 783 1498 865 specialiter
1527 792 1738 844 tamen
1771 782 2155 844 adscribitur
2187 799 2286 845 vo-

790 879 1017 941 luntati
1047 882 1381 962 productio
1412 900 1647 955 rerum,
1682 880 1833 962 quia
1864 881 1983 942 etsi
2018 879 2286 941 scientia

790 986 1040 1039 moveat
1092 978 1485 1041 voluntatem
1540 998 1654 1061 per
1708 978 2282 1060 apprehensionem

788 1074 962 1150 finis,
998 1076 1288 1139 voluntas
1330 1085 1539 1139 tamen
1579 1084 1675 1139 est
1713 1075 2067 1158 principale
2114 1076 2283 1157 quod

780 1173 1091 1260 ,impetum
1118 1173 1273 1236 facit
1301 1176 1379 1236 ad
1410 1193 1570 1256 opus
1600 1182 1663 1236 et
1688 1174 2037 1256 potentiam
2068 1192 2284 1255 opera-

786 1272 983 1334 tivam
1016 1282 1228 1336 movet
1257 1275 1333 1335 ad
1367 1276 1497 1337 hoc.
1518 1274 2061 1348 Quemadmodum
2090 1273 2282 1335 etiam

789 1371 1149 1434 intellectus
1180 1372 1435 1435 divinus
1476 1390 1603 1435 non
1634 1380 1729 1433 est
1758 1371 2032 1450 alicujus
2073 1378 2143 1431 ut
2176 1370 2286 1433 ob-

785 1469 939 1549 jecti
999 1470 1240 1552 proprii
1298 1470 1423 1532 nisi
1484 1471 1583 1532 sui
1644 1469 1867 1551 ipsiuS,
1924 1469 2010 1530 ita
2066 1469 2284 1530 divina

788 1567 1102 1641 volunta8‚
1136 1574 1281 1641 etc„
1316 1577 1385 1630 ut
1428 1588 1637 1651 supra.
1674 1568 1817 1630 Haec
1862 1566 2210 1629 Udalricus.

867 1665 1189 1728 Postremo
1231 1666 1669 1729 Bonaventura
1710 1666 1879 1726 circa
1928 1664 2046 1726 ista
2084 1665 2280 1727 disse-

786 1762 915 1825 ruit
964 1780 977 1823 :
1031 1763 1330 1837 Quamvis
1388 1762 1606 1825 divina
1662 1761 1936 1825 essentia
1992 1762 2074 1823 sit
2123 1761 2278 1844 quid

2397 789 2546 843 sunt
2577 782 2809 844 omnia.
2847 781 3233 843 Effectivum
3273 789 3486 843 autem
3527 798 3654 841 non
3693 778 3773 839 sit
3809 775 3901 838 ef·

2398 876 2626 939 ficiens
2677 878 2741 939 in
2791 877 3028 940 effectu
3079 877 3204 940 nisi
3256 884 3516 959 propter
3562 875 3781 937 finem.
3827 872 3900 935 ld

2397 993 2545 1055 ergo
2596 977 2763 1057 quod
2814 976 2972 1038 dicit
3019 976 3539 1057 conjunctionem
3590 970 3902 1055 principii

2397 1071 2678 1136 effectivi
2730 1093 2876 1136 cum
2931 1074 3084 1147 l'ine,
3127 1082 3224 1136 est
3267 1072 3568 1136 causandi
3621 1071 3780 1133 ratio
3831 1069 3903 1130 in

2396 1169 2650 1233 effectu.
2689 1172 2808 1233 Sed
2849 1172 3142 1234 voluntas
3186 1179 3280 1233 est
3319 1179 3498 1233 actus
3541 1168 3900 1231 secundum

2397 1287 2590 1349 quem
2631 1268 2871 1331 bonum
2913 1269 3268 1331 reflectitur
3299 1288 3491 1350 supra
3531 1268 3770 1331 bonum
3813 1266 3902 1328 si-

2395 1385 2471 1428 ve
2527 1366 2874 1429 bonitatem
2931 1386 2944 1429 :
2996 1386 3147 1449 ergo
3199 1368 3491 1431 voluntas
3550 1366 3690 1427 unit
3741 1364 3904 1427 effe-

2395 1465 2634 1527 ctivum
2687 1484 2835 1529 cum
2888 1465 3041 1529 fine.
3084 1467 3344 1548 Propter
3393 1467 3562 1549 quod
3612 1464 3902 1545 capitulo

2392 1572 2617 1643 quarto
2655 1565 2733 1626 de
2773 1564 3019 1627 Divinis
3055 1565 3426 1629 nominibus
3457 1565 3516 1627 S.
3552 1563 3898 1646 Dionysius

2389 1661 2477 1723 ait
2523 1679 2536 1723 :
2580 1662 2931 1725 Bonitatem
2981 1672 3282 1745 tanquam
3326 1663 3782 1725 continentiam
3827 1668 3899 1723 et

2393 1759 2785 1842 principium
2823 1768 2887 1823 et
2926 1770 2997 1822 ut
3036 1761 3236 1823 finem
3277 1761 3492 1824 omnia
3525 1767 3840 1843 appetunt
3875 1776 3893 1821 ε

784 1860 1339 1943 simplicissimum
1378 1880 1601 1933 unum,
1636 1868 1847 1922 tamen
1886 1866 1982 1921 est
2016 1859 2277 1942 pelagus
2314 1860 2364 1923 B
2393 1865 2461 1918 ut
2493 1858 2883 1941 principium
2916 1879 2954 1921 a
2983 1877 3109 1942 quo
3141 1860 3310 1934 sunt,
3331 1867 3400 1921 ut
3430 1859 3896 1922 continentiam

782 1958 1153 2023 substantiae
1203 1958 1552 2021 inlinitum.
1601 1958 1761 2019 Hinc
1807 1958 2022 2021 omnia
2073 1958 2276 2039 perfe-

783 2057 1079 2119 ctionalia
1126 2078 1267 2139 quae
1318 2058 1385 2120 in
1428 2057 1611 2120 nobis
1659 2065 1807 2119 sunt
1860 2076 1972 2139 per
2013 2057 2277 2120 diversi-

784 2162 1001 2229 tatem,
1053 2155 1118 2218 in
1177 2157 1304 2219 Deo
1363 2156 1661 2218 nobiliori
1724 2156 1911 2218 modo
1968 2164 2117 2217 sunt
2164 2174 2279 2238 per

781 2254 1214 2317 omnimodam
1256 2253 1672 2327 identitatem,
1705 2253 1908 2316 nihilo
1938 2254 2151 2316 minus
2183 2274 2277 2316 se-

780 2352 1063 2413 cundum
1104 2353 1536 2414 omnimodam
1581 2352 2039 2433 perfectionem
2080 2360 2141 2414 et
2172 2372 2276 2414 ve-

783 2450 1056 2513 ritatem.
1082 2451 1257 2513 Unde
1292 2451 1458 2512 sicut
1488 2450 1554 2511 in
1586 2449 1771 2513 nobis
1805 2450 2135 2531 sapientia,
2170 2468 2279 2531 po-

779 2548 979 2611 tentia
1034 2556 1096 2611 et
1153 2548 1403 2611 bonitas
1458 2557 1554 2611 est
1601 2568 1750 2611 vere
1806 2567 1919 2610 ens
1976 2556 2039 2610 et
2088 2567 2278 2611 eausa

784 2666 997 2709 rerum
1046 2666 1189 2729 quae
1237 2667 1274 2708 a
1323 2647 1507 2709 nobis
1557 2655 1726 2719 sunt,
1778 2647 1869 2707 sic
1919 2656 1982 2709 et
2031 2646 2096 2708 in
2146 2648 2276 2709 Deo

785 2752 955 2819 sunt,
988 2754 1051 2807 et
1090 2765 1291 2807 unum
1334 2746 1400 2807 in
1430 2764 1507 2807 eo
1546 2753 1692 2806 sunt
1728 2762 1741 2806 ε
1777 2753 1840 2806 et
1873 2746 2166 2825 quamvis
2209 2746 2274 2807 in

780 2862 859 2905 co
889 2844 1018 2905 sint
1054 2861 1279 2918 unum,
1312 2853 1526 2905 tamen
1565 2843 1867 2925 quoniam
1914 2843 2274 2905 intellectus

782 2949 997 3003 noster
1034 2961 1161 3004 non
1211 2950 1419 3023 potest
1469 2941 1855 3004 infinitatem
1904 2942 2075 3003 illius
2125 2941 2271 3003 sub-

2391 1975 2516 2038 qua
2560 1958 2884 2020 salvantur
2927 1978 3039 2021 seu
3085 1968 3562 2032 conservantur,
3595 1966 3659 2020 et
3702 1964 3771 2019 ut
3814 1958 3896 2019 si-

2392 2074 2536 2117 nem
2586 2056 2653 2117 in
2697 2076 2890 2139 quem
2935 2058 3222 2120 tendunt.
3259 2058 3404 2121 Haec
3447 2058 3898 2120 Bonaventura

2390 2153 2467 2215 de
2499 2154 2639 2227 hoc,
2675 2156 2845 2237 quod
2889 2155 2952 2217 in
2995 2156 3124 2219 Deo
3164 2156 3246 2217 sit
3275 2156 3590 2225 voluntas,
3623 2163 3686 2217 et
3716 2156 3894 2236 quod

2392 2252 2528 2333 ips‘a
2568 2252 2651 2314 sit
2695 2272 2885 2315 causa
2927 2273 3160 2316 rerum.

2467 2350 2754 2432 Insuper,
2807 2352 2975 2433 quod
3027 2352 3320 2415 voluntas
3370 2352 3481 2414 Dei
3536 2351 3618 2413 sit
3666 2352 3896 2413 imme-

2390 2447 2556 2509 diata
2597 2467 2809 2510 rerum
2851 2468 3061 2523 causa,
3097 2450 3184 2511 ita
3212 2450 3489 2513 declarat
3523 2467 3536 2511 :
3571 2450 3774 2523 Quum
3816 2450 3890 2511 in

2388 2547 2694 2609 creaturis
2735 2548 2818 2609 sit
2849 2549 3128 2631 reperire
3159 2568 3418 2611 causam
3457 2548 3890 2610 universalem

2387 2650 2450 2704 et
2481 2644 3160 2725 particularem,causa
3189 2646 3569 2708 universalis
3601 2664 3729 2708 uno
3759 2663 3894 2708 mo·

2386 2742 2466 2804 do
2498 2742 2642 2824 plus
2685 2742 2898 2806 influit
2930 2744 2996 2806 in
3027 2745 3334 2806 effectum
3374 2764 3568 2826 quam
3608 2744 3890 2826 particu-

2388 2840 2556 2914 laris,
2591 2850 2652 2904 et
2690 2842 2814 2905 alio
2856 2844 3043 2906 modo
3083 2844 3315 2905 minuS.
3351 2844 3667 2917 Quantum
3703 2844 3888 2907 enim

2384 2940 2460 3001 ad
2523 2940 2954 3015 intimitatem,
3017 2961 3206 3004 causa
3265 2941 3669 3014 universalis,
3727 2942 3890 3023 quia

779 3040 1025 3103 stantiae
1074 3041 1612 3121 comprehendere
1661 3058 1778 3101 nec
1836 3040 2095 3102 nomine
2145 3058 2273 3103 uno
2305 3040 2348 3103 C
2382 3056 2574 3117 agens
2625 3039 2836 3120 potior
2875 3047 2991 3114 est,
3037 3040 3182 3121 plus
3231 3040 3484 3118 influit-3
3527 3039 3638 3101 sed
3679 3058 3886 3123 quan-

778 3138 1159 3219 exprimere,
1193 3138 1334 3200 ideo
1366 3137 1585 3200 multis
1618 3139 1821 3200 modis
1853 3139 2273 3220 intelligimus

779 3235 1277 3318 nominibusque
1316 3236 1584 3298 diversis
1633 3237 2054 3317 exprimimus
2092 3255 2270 3316 eam3

778 3341 841 3396 et
882 3342 1068 3416 prout
1109 3353 1221 3416 per
1262 3335 1403 3397 illos
1446 3336 1664 3397 modos
1706 3335 2146 3416 intelligimuS,
2179 3335 2272 3397 di-

777 3451 959 3494 versa
1006 3431 1085 3494 de
1132 3433 1261 3494 Deo
1308 3433 1737 3507 enuntiamuS,
1791 3434 1878 3494 ita
1926 3433 2095 3515 quod
2145 3433 2272 3495 Deo

776 3531 1020 3613 aliquid
1059 3530 1468 3593 attribuimus
1509 3533 1861 3594 secundum
1902 3551 2102 3593 unum
2146 3550 2298 3595 mo·

778 3630 955 3703 dum,
988 3630 1160 3711 quod
1198 3648 1324 3692 non
1366 3631 1719 3692 secundum
1762 3630 1983 3704 alium,
2018 3639 2081 3692 et
2124 3650 2272 3693 vere

778 3727 1060 3809 quidem,
1086 3727 1387 3809 quoniam
1419 3728 1635 3791 omnia
1665 3729 2143 3810 perfectionalia
2172 3730 2274 3790 ha·

779 3825 932 3887 bent
982 3827 1047 3887 in
1098 3826 1225 3887 Deo
1272 3827 1705 3888 exsistentiam
1750 3847 1985 3890 veram.
2029 3828 2272 3890 Idcirco

779 3943 975 4004 quum
1009 3923 1134 3986 alio
1166 3925 1351 3987 modo
1383 3924 1810 4005 intelligamus
1840 3926 2267 4006 Deum‚quum

778 4021 1054 4084 dicimus
1102 4041 1251 4084 eum
1309 4022 1571 4097 bonum,
1624 4031 1687 4085 et
1735 4043 1935 4104 quum
1995 4023 2270 4085 dicimus

778 4139 927 4183 eum
978 4127 1309 4194 aeternum,
1362 4120 1771 4183 concedimus
1820 4122 1989 4202 quod
2040 4140 2105 4183 se
2154 4121 2272 4182 dif-

2383 3145 2518 3198 tum
2570 3138 2646 3199 ad
2695 3139 3146 3213 actualitatem,
3199 3147 3263 3201 et
3311 3147 3622 3221 quantum
3680 3140 3758 3201 ad
3805 3159 3889 3202 ea

2384 3255 2524 3316 quae
2556 3244 2704 3297 sunt
2735 3237 2994 3319 propria
3028 3237 3141 3311 rei,
3176 3235 3394 3300 influit
3425 3237 3640 3298 minus
3674 3257 3688 3300 :
3723 3255 3886 3318 quo-

2384 3333 2555 3394 niam
2587 3353 2774 3396 causa
2817 3335 3196 3397 universalis
3232 3342 3486 3397 causata
3523 3353 3650 3397 non
3687 3334 3888 3397 habet

2382 3431 2815 3494 omnimodam
2840 3433 3268 3495 actualitatem
3295 3451 3504 3514 neque
3529 3431 3884 3514 perfectam

2383 3529 2753 3609 potentiam,
2802 3531 3040 3592 idcirco
3087 3549 3214 3593 non
3264 3538 3470 3613 potest
3519 3530 3886 3612 pertingere

2383 3627 2459 3687 ad
2491 3625 2763 3690 formam
2793 3629 3138 3711 specialem
3171 3629 3293 3691 nisi
3324 3648 3440 3710 per
3467 3629 3782 3700 accidenS‚
3806 3637 3888 3690 ut

2384 3743 2498 3806 per
2529 3724 2798 3789 formam
2840 3727 3238 3809 particularis
3278 3727 3544 3807 agentiS,
3577 3747 3718 3808 quae
3750 3744 3882 3788 non

2383 3831 2478 3886 est
2507 3823 2588 3885 ab
2621 3824 2775 3905 ipsa.
2812 3825 3038 3887 Divina
3066 3832 3280 3886 autem
3313 3826 3603 3887 voluntas
3631 3833 3727 3886 est
3755 3824 3888 3906 pri-

2384 3941 2508 3996 ma,
2557 3923 3100 3987 universalissima
3145 3931 3208 3986 et
3253 3923 3684 3985 actualissima
3729 3941 3883 3985 cau-

2383 4040 2452 4083 sa
2495 4040 2507 4084 :
2553 4020 2694 4083 ideo
2743 4030 2947 4102 potest
2993 4022 3057 4084 in
3102 4029 3307 4084 totum
3356 4020 3659 4084 effectum
3701 4027 3766 4082 et
3809 4021 3882 4084 in

2385 4125 2577 4181 totam
2618 4119 2709 4181 rei
2751 4120 3170 4183 substantiam
3200 4120 3393 4182 etiam
3433 4119 3572 4180 sine
3609 4119 3886 4182 admini-

778 4218 992 4281 fundit
1022 4219 1321 4300 quoniam
1365 4218 1569 4281 bonus
1607 4227 1723 4292 est,
1757 4237 1883 4281 non
1919 4219 2071 4300 quia
2098 4227 2273 4282 ae'ter-
2302 4225 2351 4287 D
2382 4217 2527 4280 culo
2565 4217 2825 4279 alterius
2866 4236 3092 4292 causae‚
3127 4237 3244 4280 nec
3282 4218 3498 4300 aliqua
3536 4235 3724 4278 causa
3763 4235 3882 4298 po-

779 4336 903 4378 nus
946 4333 960 4377 :
1005 4315 1269 4378 diffusio
1315 4317 1554 4378 etenim
1603 4317 1726 4392 sui,
1776 4326 1872 4379 est
1920 4318 2271 4399 proprietas

780 4415 1104 4488 bonitatiS,
1136 4432 1264 4477 non
1306 4415 1675 4478 durationis
1710 4416 2045 4498 Quumque
2088 4416 2272 4478 intel-

782 4512 1051 4593 ligamus
1091 4531 1241 4574 vere
1279 4513 1345 4574 in
1389 4513 1515 4576 Deo
1558 4532 1696 4576 esse
1740 4515 2151 4590 voluntatem,
2185 4522 2273 4577 at-

782 4630 907 4694 que
940 4610 1291 4693 proprietas
1321 4613 1665 4675 voluntatis
1706 4613 1788 4675 sit
1818 4615 2167 4694 producere
2197 4633 2271 4676 ea

782 4731 923 4793 quae
952 4718 1186 4772 exeunt
1216 4719 1279 4772 et
1309 4720 1648 4773 causantur
1678 4731 1791 4794 per
1824 4713 2081 4774 modum
2115 4711 2269 4774 libe-

782 4811 1082 4888 ralitatis;
1124 4810 1266 4871 ideo
1298 4811 1571 4872 dicimus
1611 4812 1811 4872 Deum
1857 4810 1918 4872 in
1960 4819 2269 4892 quantum

780 4910 1073 4973 voluntas
1102 4916 1219 4983 est,
1254 4926 1392 4970 esse
1424 4928 1677 4971 causam
1712 4928 1941 4970 rerum.
1978 4943 2056 4952 —
2085 4909 2271 4969 Deni-

779 5027 903 5091 que
944 5008 1104 5070 ratio
1142 5026 1338 5089 quare
1369 5007 1679 5070 voluntati
1718 5007 2087 5068 attribuitur
2126 5025 2272 5068 cau-

778 5107 1013 5181 salitaS,
1048 5106 1181 5169 haec
1225 5113 1322 5167 est
1366 5124 1379 5167 :
1422 5106 1574 5188 quia
1620 5105 1779 5168 ratio
1829 5105 2129 5166 causandi
2176 5114 2273 5166 est

778 5205 1027 5268 bonitas
1070 5212 1199 5266 tam
1244 5205 1310 5266 in
1354 5205 1594 5266 ratione
1638 5202 1920 5266 effectivi
1966 5203 2270 5285 principii

779 5322 971 5387 quam
1032 5300 1205 5363 finis,
1257 5301 1503 5363 Bonum
1564 5320 1837 5384 namque
1888 5300 2121 5363 dicitur
2169 5301 2271 5362 sui

2381 4323 2505 4378 test
2551 4315 2794 4396 aliquid
2841 4315 3312 4396 quantumlibet
3361 4315 3686 4379 modicum
3735 4313 3882 4378 sine

2383 4435 2473 4478 ea.
2510 4415 2669 4476 Hinc
2709 4431 2967 4475 neeesse
3007 4421 3103 4476 est
3142 4415 3309 4496 quod
3355 4413 3493 4496 ipsa
3534 4415 3614 4477 sit
3652 4414 3884 4476 imme-

2383 4514 2552 4575 diata
2599 4531 2789 4574 causa
2837 4512 2902 4576 in
2952 4512 3126 4575 omni
3176 4513 3422 4576 actione
3465 4521 3528 4575 et
3571 4533 3656 4576 re.
3697 4513 3881 4576 Unde

2383 4611 2774 4690 Augustinus
2806 4611 2992 4673 tertio
3023 4611 3101 4673 de
3130 4611 3432 4674 Trinitate
3457 4629 3470 4672 ε
3494 4612 3720 4674 Divina
3747 4611 3880 4692 (in-

2382 4708 2550 4791 quit)
2580 4709 2870 4772 voluntas
2909 4716 3004 4771 est
3047 4710 3253 4790 prima
3291 4718 3354 4772 et
3391 4730 3642 4772 summa
3683 4728 3886 4772 causa

2381 4807 2672 4868 omnium
2715 4807 3074 4888 specierum
3115 4826 3188 4870 ac
3234 4808 3607 4870 motionum.
3642 4842 3724 4853 -—
3751 4807 3881 4871 Res

2381 4924 2635 4988 quoque
2668 4925 2792 4968 non
2824 4907 3225 4987 cognoscitur
3255 4907 3652 4970 nobilissime
3680 4915 3882 4990 atque

2381 5005 2736 5067 certissime
2774 5005 2898 5067 nisi
2942 5025 3054 5087 per
3094 5007 3528 5070 immediatam
3565 5016 3630 5070 et
3666 5008 3886 5090 proxi-

2384 5123 2550 5167 mam
2583 5123 2860 5166 causam.
2880 5105 2999 5168 Sed
3032 5104 3255 5166 videns
3286 5106 3488 5168 Deum
3519 5106 3706 5180 clare,
3725 5125 3886 5168 cun·

2382 5209 2482 5264 eta
2531 5202 2595 5264 in
2643 5220 2718 5264 eo
2768 5202 3046 5283 perfecte
3097 5204 3440 5284 cognoscit.
3481 5205 3626 5268 Haec
3674 5204 3882 5270 Bona-

2352 5307 2356 5312 ’
2379 5309 2665 5365 ventura.
