4359 6250
845 479 967 542 278

1454 497 1517 542 IN
1560 497 1779 543 Lunum
1823 497 1844 541 1
1886 495 2369 542 SENTENTIARUH.
2413 513 2494 522 —
2533 495 2686 540 ms'r.
2731 494 2965 557 xxvm3
3009 493 3232 548 QUAEST.
3279 493 3340 538 lv

849 688 1108 730 sensum
1140 687 1268 752 quo
1309 669 1370 731 id
1404 669 1673 731 Thomas
1712 667 1960 748 allegat.
1997 666 2339 729 Sciendum
2371 665 2424 728 A
2455 665 2762 726 unitatem
2815 684 2962 727 cum
3003 665 3182 727 Patre
3224 664 3292 726 in
3327 662 3624 736 essentia,
3655 662 3766 724 sed
3815 679 3942 724 non

848 784 1018 847 erg0,
1054 768 1220 848 quod
1252 786 1444 848 supra
1483 766 1891 829 distinctione
1921 764 2227 827 vicesima
2259 763 2344 825 al-

850 864 1137 945 legantur
1182 864 1374 926 verba
1416 865 1751 946 Augustini
1799 871 2016 926 contra
2058 862 2342 924 Maximi-

850 982 1003 1025 num
1036 963 1339 1026 Arianum
1374 964 1640 1045 probare
1681 970 2017 1025 conantem
2047 961 2218 1042 quod
2251 960 2344 1022 Fi—

851 1061 973 1122 lius
1021 1061 1229 1124 minor
1271 1062 1354 1123 sit
1396 1063 1595 1134 Patre,
1635 1061 1786 1143 quia
1825 1060 2079 1140 genitus
2126 1067 2221 1121 est
2263 1057 2342 1120 ab

822 1159 979 1236 illo.
1014 1160 1219 1232 Quum
1258 1159 1431 1221 enim
1464 1160 1543 1220 sit
1585 1159 1859 1240 genituS,
1891 1157 2139 1239 accepit
2171 1177 2209 1218 a
2236 1158 2342 1220 Pa-

848 1265 942 1319 tre
991 1257 1333 1320 essentiam
1375 1266 1565 1338 atque
1615 1257 1962 1339 potentiam
2009 1275 2022 1318 :
2065 1275 2216 1337 ergo
2265 1275 2342 1318 ex

847 1375 915 1418 se
961 1356 1274 1436 impotens
1318 1363 1431 1418 est..
1466 1356 1558 1418 Ad
1601 1357 1771 1437 quod
1811 1353 2201 1436 Augustinus
2252 1373 2345 1416 re—

848 1455 1137 1535 spondet,
1171 1472 1297 1517 non
1338 1455 1541 1536 sequi,
1578 1453 1839 1517 Genitus
1884 1461 1999 1528 est,
2032 1470 2181 1534 ergo
2228 1453 2342 1514 mi—

848 1570 965 1614 nor
1020 1560 1118 1613 est
1173 1561 1511 1632 generante
1565 1570 1578 1613 :
1630 1551 1780 1633 quia
1832 1552 2121 1613 eamdem
2180 1550 2342 1611 acci-

848 1650 1083 1732 piendo
1112 1669 1148 1711 a
1177 1650 1355 1712 Patre
1387 1657 1677 1711 naturam
1709 1668 1780 1710 ac
1824 1656 2197 1731 potestatem
2231 1667 2345 1729 per

847 1747 1341 1828 generationem,
1376 1747 1637 1829 aequalis
1678 1754 1772 1808 est
1812 1747 2013 1825 Patri3
2045 1753 2235 1827 atque
2278 1745 2341 1806 in

2455 763 2520 825 in
2567 763 2890 826 communi
2935 764 3191 825 notione
3235 783 3362 844 qua
3407 762 3488 824 ab
3535 762 3628 824 eis
3675 779 3947 843 persona

2453 861 2577 923 alia
2621 862 3023 942 producatur.
3068 861 3403 942 Quumque
3445 860 3606 922 ratio
3653 859 3948 940 imaginis

2455 959 2537 1021 sit
2579 978 2692 1020 ens
2735 959 2815 1021 ab
2857 959 3002 1032 alio,
3040 958 3416 1021 indifferens
3466 958 3561 1020 illi
3608 958 3675 1020 in
3727 964 3952 1019 natura

2454 1064 2516 1118 et
2545 1057 2786 1119 ratione
2817 1065 3092 1136 naturae3
3127 1057 3268 1118 ideo
3296 1075 3438 1119 esse
3468 1056 3814 1137 imaginem
3843 1055 3952 1116 Pa-

2456 1155 2571 1216 tris
2621 1156 2918 1217 convenit
2968 1154 3148 1227 Filio,
3201 1172 3328 1216 non
3380 1154 3646 1236 Spiritui
3697 1154 3948 1216 Sancto.

2455 1253 2632 1315 Ratio
2675 1270 2928 1334 quoque
2975 1252 3270 1333 imaginis
3319 1253 3525 1335 posita
3565 1252 3646 1314 ab
3689 1252 3950 1326 Hilari0,

2456 1352 2752 1413 convenit
2792 1351 2951 1413 Filio
2994 1360 3240 1414 tantum
3285 1369 3299 1412 :
3344 1351 3644 1432 quoniam
3689 1350 3953 1413 nomine

2457 1450 2691 1532 speciei
2733 1450 3029 1530 intelligit
3069 1450 3343 1511 Hilarius
3384 1466 3511 1510 non
3549 1448 3778 1538 solum·
3805 1467 3952 1510 con-

2458 1548 2842 1610 formitatem
2895 1554 3156 1623 naturae,
3190 1547 3298 1609 sed
3351 1547 3542 1609 etiam
3593 1547 3954 1609 communi-

2455 1654 2648 1708 tatem
2700 1646 2994 1708 notionis,
3029 1681 3108 1691 —
3140 1645 3214 1707 Et
3264 1645 3383 1708 hoc
3431 1654 3524 1708 est
3575 1646 3746 1727 quod
3796 1646 3956 1707 dicit

2456 1744 2803 1806 Richardus
2855 1745 2918 1806 in
2967 1744 3130 1806 libro
3181 1761 3296 1806 suo
3343 1744 3422 1805 de
3473 1744 3778 1806 Trinitate
3826 1763 3840 1804 :
3888 1745 3956 1806 Si

850 1846 1069 1908 multis
1096 1846 1411 1918 videmuS,
1445 1846 1613 1927 quod
1644 1845 1931 1926 genitum
1972 1844 2207 1925 accipit
2236 1862 2343 1905 na·
2380 1840 2427 1903 B
2458 1843 2652 1904 Filius
2684 1850 2853 1904 recte
2884 1842 3092 1904 dictus
3120 1850 3217 1904 est
3249 1842 3450 1922 imago
3478 1842 3675 1904 Patris
3707 1843 3954 1905 ratione

847 1944 1081 2005 scendo
1118 1943 1435 2024 gignentis
1476 1951 1785 2004 naturam.
1822 1943 1982 2004 Eece
2020 1943 2190 2023 quod
2220 1941 2342 2003 Au-

844 2042 1139 2122 gustinus
1169 2060 1294 2103 non
1338 2042 1493 2102 dicit
1535 2042 1677 2114 hoc,
1711 2041 1820 2102 sed
1864 2041 2061 2122 magis
2099 2048 2343 2102 contra—

846 2139 1034 2201 rium.
1084 2139 1369 2220 Denique
1418 2140 1497 2202 de
1548 2140 1789 2201 ratione
1838 2139 2035 2220 patris
2088 2140 2344 2220 proprie

847 2237 1021 2310 dicti,
1072 2245 1169 2299 est
1217 2238 1386 2318 quod
1446 2237 1673 2299 habeat
1732 2236 1945 2298 filium
1994 2237 2061 2299 in
2120 2246 2344 2299 natura

846 2335 1123 2396 similem
1187 2334 1331 2397 sibi.
1394 2335 1550 2397 Nam
1615 2343 1794 2416 pater
1857 2334 1949 2395 sic
2011 2334 2340 2408 definitur,

846 2434 1014 2514 quod
1054 2433 1137 2494 sit
1176 2451 1275 2495 res
1316 2433 1672 2514 producens
1712 2432 1836 2494 sibi
1876 2432 2087 2494 simile
2130 2432 2194 2494 in
2241 2451 2345 2494 na-

844 2539 1019 2610 tura3
1053 2531 1153 2594 vel
1200 2539 1380 2613 pater
1417 2540 1513 2593 est
1557 2532 1669 2612 qui
1714 2531 1794 2593 de
1832 2550 1946 2592 sua
1990 2530 2344 2593 substantia

846 2631 1139 2712 producit
1180 2630 1303 2691 sibi
1352 2628 1631 2691 similem
1682 2629 1747 2691 in
1799 2636 2023 2690 natura
2064 2647 2078 2690 ε
2120 2629 2343 2710 sicque

844 2728 1197 2790 similitudo
1240 2728 1318 2789 de
1363 2727 1605 2790 ratione
1650 2735 1746 2789 est
1786 2727 2005 2809 patris,
2038 2735 2101 2788 et
2140 2735 2343 2809 pater-

843 2827 1107 2888 nitatem
1168 2826 1512 2888 concernit.
1566 2859 1640 2871 —
1693 2825 2006 2906 AmpliuS,
2071 2826 2342 2907 ipsemet

843 2925 1112 2987 Thomas
1143 2923 1369 3006 probat
1408 2923 1638 2985 Filium
1680 2941 1817 2985 esse
1858 2923 2200 3004 imaginem
2236 2924 2342 2986 Pa-

2455 1959 2769 2022 expressae
2801 1940 3264 2014 similitudiniS‚
3292 1959 3410 2002 cur
3438 1958 3564 2003 non
3593 1941 3789 2003 etiam
3821 1941 3958 2022 Spi-

2457 2039 2616 2100 ritus
2665 2039 2952 2112 Sanctus‚
2998 2040 3108 2120 qui
3162 2039 3414 2119 utrique
3463 2038 3696 2100 similis
3745 2047 3842 2101 est
3889 2047 3956 2100 et

2455 2137 2757 2218 aequalisf
2789 2137 2909 2199 Sed
2942 2137 3134 2217 hujus
3174 2136 3543 2218 quaestionis
3581 2137 3822 2198 nodum
3851 2139 3957 2216 (ut

2457 2235 2671 2315 credo)
2711 2235 3002 2297 celeriter
3051 2235 3382 2308 solvimuS‚
3429 2235 3482 2296 si
3530 2235 3610 2296 ad
3667 2234 3954 2317 proprie-

2455 2340 2654 2395 tatum
2706 2333 3277 2396 considerationem
3328 2333 3737 2395 recurrimus.
3772 2334 3958 2396 Com-

2456 2450 2648 2493 mune
2699 2431 2935 2493 etenim
2985 2439 3082 2492 est
3131 2431 3338 2493 tribus
3388 2432 3699 2513 personis,
3748 2432 3956 2514 pleni-

2455 2530 2740 2592 tudinem
2791 2547 3048 2592 omnem
3100 2529 3371 2608 habere3
3416 2547 3756 2592 commune
3799 2549 3958 2592 vero

2453 2627 2616 2688 Patri
2646 2646 2720 2688 ac
2752 2626 2933 2701 Filio,
2955 2645 3082 2689 non
3113 2635 3242 2689 tam
3272 2626 3506 2690 habere
3537 2646 3731 2709 quam
3760 2629 3956 2706 dareg

2454 2725 2784 2806 proprium
2815 2733 3028 2787 autem
3070 2725 3338 2808 Spiritui
3378 2725 3630 2800 Sanct0,
3663 2744 3802 2788 eam
3841 2727 3960 2789 ha-

2453 2823 2602 2885 bere
2634 2841 2752 2885 nec
2791 2823 2898 2884 alii
2941 2824 3109 2885 dare.
3143 2825 3214 2886 In
3253 2824 3374 2886 hoc
3416 2824 3610 2905 igitur
3640 2825 3812 2887 solus
3853 2826 3960 2887 Fi-

2453 2921 2576 2983 lius
2617 2941 2979 3003 expressam
3021 2922 3510 2984 similitudinem
3551 2923 3748 2985 Patris
3783 2924 3850 2985 in
3882 2943 3960 2986 se

838 3023 955 3084 tris
1014 3022 1254 3084 ratione
1313 3022 1575 3102 originis
1636 3041 1746 3084 seu
1806 3041 1936 3084 suae
1996 3023 2341 3104 processio-
2377 3023 2419 3086 C
2451 3019 2640 3081 habet
2679 3027 2741 3081 et
2782 3019 3148 3100 imaginem,
3183 3021 3351 3102 quod
3391 3021 3558 3082 sicut
3596 3021 3958 3084 divinitatis

840 3121 963 3196 niS,
998 3130 1217 3203 utpote
1246 3121 1693 3202 generationiS,
1727 3120 1880 3203 quia
1911 3123 2196 3203 procedit
2227 3141 2340 3203 per

842 3220 1101 3282 modum
1159 3228 1399 3281 naturae
1455 3227 1519 3281 et
1578 3220 1958 3281 intellectus,
2006 3220 2340 3283 Generatio

840 3326 1053 3381 autem
1102 3318 1169 3379 in
1217 3317 1453 3379 divinis
1503 3326 1599 3379 est
1650 3318 1787 3399 ipsa
1836 3318 2226 3400 paternitas;
2277 3328 2339 3381 et

840 3417 893 3478 si
955 3417 1197 3479 ratione
1262 3415 1342 3478 ab
1402 3416 1676 3478 invicem
1740 3416 2214 3497 distinguantur
2272 3419 2336 3479 in

840 3524 1150 3599 quantum
1182 3515 1605 3577 diversimode
1634 3515 2101 3596 significantur,
2124 3522 2335 3578 tamen

842 3622 1185 3696 utrumque
1217 3614 1451 3676 dicitur
1482 3614 1775 3681 relative.-
1798 3614 2335 3695 quemadmodum

840 3721 903 3775 et
944 3713 1121 3795 origo
1164 3721 1354 3796 atque
1398 3712 1737 3794 processio.

920 3812 1091 3874 Istud
1145 3812 1383 3874 idcirco
1437 3811 1531 3873 sic
1582 3818 1792 3891 tang0,
1845 3809 1995 3891 quia
2049 3811 2336 3873 doctores

840 3910 1169 3992 praecipui,
1208 3911 1334 3972 imo
1383 3916 1447 3971 et
1497 3910 1698 3990 ipsius
1747 3909 2000 3971 Thomae
2050 3910 2334 3989 magistri

839 4009 1192 4071 Alexander
1220 4015 1284 4069 et
1314 4007 1631 4079 AlbertuS,
1668 4006 1991 4088 praeefatam
2023 4007 2334 4069 rationem

838 4107 1183 4187 assignant,
1216 4114 1279 4167 et
1322 4105 1447 4167 alia
1489 4105 1779 4185 quaedam
1822 4104 2150 4167 affirmant
2193 4125 2336 4187 quae

839 4204 1109 4267 Thomas
1153 4203 1257 4266 hic
1300 4202 1614 4284 reprobat.

920 4301 1274 4363 Alexander
1320 4302 1562 4383 quippe
1610 4318 1624 4362 :
1673 4303 1903 4381 Imago,
1960 4302 2188 4383 inquit,
2240 4308 2336 4363 est

840 4418 1141 4480 expressa
1178 4398 1551 4471 similitudo,
1587 4418 1727 4480 quae
1772 4398 1837 4459 in
1883 4398 2190 4461 creaturis
2229 4400 2334 4461 de—

844 4497 1220 4560 terminatur
1249 4506 1557 4578 quantum
1590 4497 1665 4558 ad
1699 4496 1993 4577 figuram,
2027 4498 2338 4578 quantita-

841 4605 971 4659 tem
1002 4603 1064 4658 et
1098 4596 1425 4657 materiam
1463 4612 1477 4655 z
1513 4594 1579 4655 in
1612 4595 1916 4656 creaturis
1952 4594 2123 4656 enim
2155 4594 2334 4657 filius

842 4694 1173 4757 materiam
1213 4692 1468 4755 habeta
1506 4699 1702 4773 patre.
1739 4694 1805 4753 ln
1847 4692 2082 4754 divinis
2120 4701 2334 4754 autem

840 4791 1299 4856 determinatur
1342 4789 1724 4871 simpliciter
1761 4798 2070 4872 quantum
2110 4790 2189 4851 ad
2229 4810 2335 4852 na-

840 4901 1046 4953 turam
1092 4897 1158 4952 et
1200 4888 1508 4951 rationem
1561 4895 1819 4950 naturae.
1855 4888 1963 4950 Est
2014 4889 2188 4950 enim
2240 4889 2336 4951 Fi-

842 4989 965 5051 lius
1003 5006 1116 5050 ens
1154 5006 1191 5049 a
1229 4987 1429 5059 Patre,
1464 4986 1944 5048 communicans
1981 5005 2127 5048 cum
2157 4986 2337 5049 Patre

842 5088 909 5149 in
957 5094 1201 5159 natura,
1249 5092 1313 5147 et
1362 5084 1602 5147 ratione
1648 5091 1913 5157 naturae,
1956 5084 2077 5146 hoc
2124 5092 2221 5145 est
2269 5085 2336 5145 in

841 5185 1097 5248 notione
1128 5203 1254 5266 qua
1293 5190 1441 5246 sunt
1481 5202 1681 5244 unum
1724 5182 2115 5264 principium
2148 5182 2340 5263 Spiri-

842 5291 944 5346 tus
994 5283 1223 5346 Sancti.
1268 5282 1458 5345 Porro
1507 5281 1779 5363 Spiritus
1832 5282 2098 5344 Sanctus
2146 5281 2338 5343 habet

2451 3118 2781 3201 plenitudo
2827 3128 3038 3181 manat
3081 3120 3158 3182 de
3206 3138 3353 3195 un0,
3389 3118 3474 3182 ita
3515 3119 3594 3182 de
3633 3120 3777 3184 alio.

2528 3218 2796 3299 Insuper
2824 3218 3020 3281 Filius
3051 3228 3316 3281 vocatur
3354 3219 3796 3301 multipliciter
3835 3222 3955 3284 Pa—

2451 3316 2564 3377 tris
2617 3306 2842 3396 imago.
2900 3318 3034 3379 Uno
3085 3318 3294 3391 modo,
3347 3318 3527 3399 quasi
3577 3317 3876 3381 effective
3931 3340 3948 3383 ε

2449 3416 2752 3497 quoniam
2800 3415 2981 3477 Pater
3025 3436 3137 3497 per
3182 3416 3412 3479 Filium
3457 3418 3640 3499 quasi
3686 3438 3798 3499 per
3847 3438 3954 3480 ar-

2451 3522 2576 3575 tem
2639 3515 3194 3596 exemplaremque
3264 3516 3574 3579 rationem
3636 3518 3954 3581 creaturis

2449 3612 2761 3693 imprimit
2821 3613 2918 3674 sui
2981 3613 3343 3695 imaginem,
3400 3616 3946 3695 quemadmodum

2447 3710 2674 3773 artifex
2735 3711 3046 3792 imprimit
3094 3712 3201 3773 aeri
3263 3712 3605 3793 imaginem
3653 3714 3954 3778 Herculis

2447 3828 2524 3871 ex
2572 3809 2844 3889 imagine
2889 3809 3175 3870 Herculis
3216 3810 3280 3871 in
3327 3828 3441 3872 suo
3477 3811 3692 3873 animo
3736 3813 3953 3875 consi-

2447 3915 2670 3970 stente.
2707 3908 2784 3969 Et
2831 3908 2983 3989 quia
3031 3908 3196 3970 sicut
3245 3928 3282 3970 a
3330 3909 3506 3971 Patre
3552 3928 3665 3990 per
3706 3910 3950 3975 Filium

2447 4015 2543 4067 est
2575 4006 2638 4068 in
2669 4005 2854 4068 nobis
2886 4007 3092 4088 imago
3123 4008 3482 4082 creationi5‚
3517 4008 3605 4071 ita
3632 4029 3668 4071 a
3698 4009 3952 4091 Spiritu

2448 4106 2676 4167 Sancto
2722 4104 2927 4185 imago
2970 4104 3412 4180 recreationis3
3455 4106 3696 4169 ideirco
3741 4108 3952 4189 Spiri-

2366 4209 2416 4270 D
2447 4212 2549 4265 tus
2591 4203 2856 4265 Sanctus
2901 4204 3044 4265 Filii
3088 4203 3298 4284 imago
3337 4212 3600 4267 vocatur
3639 4226 3678 4267 a
3717 4207 3952 4270 Dama-

2447 4318 2656 4363 sceno.
2691 4336 2770 4346 —
2809 4301 3122 4383 AmpliuS,
3165 4302 3341 4365 salvo
3387 4321 3640 4384 semper
3691 4304 3952 4369 meliori

2441 4399 2706 4481 judicie,
2742 4399 3014 4480 Spiritus
3058 4399 3324 4461 Sanctus
3367 4418 3493 4463 non
3544 4410 3748 4482 potest
3795 4422 3954 4484 pro-

2447 4498 2584 4579 prie
2616 4498 2743 4559 dici
2777 4498 2984 4577 imago
3014 4498 3414 4579 Filii,.quum
3446 4499 3640 4561 Filius
3671 4500 3752 4561 sit
3783 4500 3953 4563 ima-

2445 4614 2545 4677 g0,
2599 4596 2818 4676 sicque
2869 4596 2922 4657 si
2975 4594 3248 4677 Spiritus
3301 4596 3566 4659 Sanctus
3621 4598 3956 4661 diceretur·

2449 4695 2654 4774 imago
2705 4694 2870 4765 Filii,
2919 4694 3214 4774 imaginis
3262 4703 3429 4756 esset
3479 4696 3684 4777 imago
3717 4714 3732 4757 ε
3765 4699 3950 4777 quod

2448 4811 2573 4855 non
2625 4793 2922 4854 convenit
2971 4792 3202 4854 dicere.
3253 4792 3330 4854 Et
3377 4801 3471 4855 est
3519 4794 3886 4876 exemplum
3927 4815 3948 4859 :

2447 4892 2610 4953 Dum
2642 4910 2678 4952 a
2716 4909 2784 4953 re
2823 4890 3120 4952 exteriori
3161 4890 3444 4952 nascitur
3481 4891 3832 4954 similitudo
3875 4892 3956 4956 in

2449 4998 2660 5051 mente
2690 4988 2980 5061 artificis,
3012 5006 3312 5069 expressa
3340 4988 3550 5070 imago
3589 4997 3702 5052 est.
3735 4988 3798 5051 Si
3829 5009 3960 5052 au-

2448 5096 2576 5150 tem
2619 5106 2733 5168 per
2763 5106 2904 5148 eam
2943 5085 3172 5148 artifex
3213 5093 3486 5147 statuam
3525 5094 3824 5168 operetur
3861 5091 3960 5153 ad

2449 5184 2938 5248 similitudinem
2987 5184 3297 5257 HerculiS‚
3343 5200 3470 5246 non
3523 5184 3770 5246 dicetur
3817 5192 3962 5249 sta-

2454 5291 2561 5344 tua
2593 5282 2700 5344 illa
2726 5282 2932 5362 imago
2963 5281 3405 5343 similitudinis
3436 5281 3844 5345 consistentis
3879 5284 3964 5349 in
