4359 6250
1391 490 1476 534 AN
1519 490 1580 535 m
1623 490 1849 535 Dlvmts
1893 490 1986 535 SIT
2026 490 2223 537 TOTUM
2266 490 2337 536 ET
2380 493 2531 539 PARS

3391 472 3507 540 113

397 659 540 713 trus
571 652 678 716 hic
703 664 1014 737 quaerunt,
1029 677 1110 719 an
1138 665 1264 720 tres
1297 677 1582 740 personae
1607 659 1910 721 differant
1939 660 1991 721 A
2023 660 2380 723 intellectus
2442 662 2640 724 nostri
2702 662 3145 736 abstractione,
3212 664 3511 726 convenit

400 768 698 826 numere,
762 756 860 816 vel
924 764 1138 818 utrum
1196 756 1260 818 in
1321 757 1556 819 divinis
1619 758 1909 839 ponenda

399 848 486 907 sit
516 848 888 914 differentia
918 855 1271 916 secundum
1313 874 1672 917 numerum.
1709 858 1906 928 Quam

402 948 827 1027 quaestionem
874 952 1108 1015 differo
1157 973 1358 1035 usque
1405 955 1484 1016 ad
1534 955 1906 1016 vicesimam

399 1053 698 1124 quartam
728 1048 1352 1123 distinctionem,ubi
1384 1052 1745 1134 specialiter
1775 1072 1909 1135 per-

398 1150 709 1206 tractatur
751 1166 832 1208 an
875 1148 940 1209 in
985 1148 1222 1211 divinis
1265 1150 1348 1211 sit
1388 1170 1714 1212 numerus,

479 1244 561 1304 At
592 1262 746 1308 vero
780 1247 950 1308 circa
981 1248 1420 1329 quaestionem,
1451 1269 1532 1311 an
1566 1249 1632 1310 in
1664 1251 1793 1312 Deo
1821 1250 1904 1312 sit

397 1347 606 1403 totum
639 1343 1023 1417 universale,
1058 1346 1272 1427 aliqua
1300 1347 1524 1409 scribit
1555 1348 1902 1410 Richardus

395 1456 544 1517 qua>
601 1458 730 1503 non
793 1443 1004 1505 recolo
1061 1462 1202 1505 esse
1261 1445 1628 1526 praehabita.
1683 1447 1900 1528 Itaque

393 1535 486 1596 ait
521 1554 538 1597 ι
573 1538 876 1609 Quamvis
919 1541 983 1602 in
1028 1541 1266 1603 divinis
1312 1544 1394 1604 sit
1441 1543 1684 1625 aliquid
1731 1562 1898 1606 com-

397 1635 796 1698 municabile
825 1646 888 1699 et
919 1640 1486 1713 communicatum,
1514 1649 1668 1722 puta
1697 1660 1902 1703 essen-

397 1732 510 1805 tia,
559 1743 622 1795 et
671 1734 915 1817 aliquid
969 1737 1598 1813 incommunicabile,
1647 1748 1714 1801 ut
1765 1760 1902 1823 per-

2017 778 2156 821 esse
2206 760 2271 821 in
2324 760 2526 821 tribus
2575 762 2873 842 personis
2932 769 2995 824 et
3046 762 3375 843 praedicari
3430 762 3508 823 de

2015 858 2108 919 eis
2144 875 2158 919 :
2194 858 2431 920 idcirco
2471 877 2595 920 non
2638 860 2935 921 convenit
2964 860 3021 921 ei
3061 862 3220 921 ratio
3262 861 3511 923 univer-

2017 956 2185 1017 salis.
2221 993 2300 1001 —
2330 958 2635 1019 Praeterea
2674 965 2895 1019 natura
2927 958 3303 1020 universalis
3342 977 3509 1019 sum-

2011 1061 2124 1135 pta
2180 1054 2246 1115 in
2304 1054 2641 1127 abstracto,
2694 1073 2820 1117 non
2877 1056 3257 1135 praedicatur
3304 1055 3381 1115 de
3441 1074 3509 1117 se

2017 1150 2154 1232 ipsa
2203 1162 2456 1234 sumpta
2516 1153 2581 1214 in
2631 1160 2947 1225 concret0,
3000 1172 3117 1215 nec
3165 1155 3243 1215 de
3291 1154 3507 1234 aliquo

2014 1250 2154 1329 ejus
2196 1251 2547 1332 supposito.
2583 1251 2719 1313 Non
2748 1250 2920 1311 enim
2954 1250 3322 1313 conceditur
3362 1250 3501 1323 ista,

2014 1348 2212 1410 Homo
2242 1355 2335 1410 est
2366 1348 2725 1410 humanitas
2761 1368 2775 1411 :
2809 1348 2959 1429 quia
2997 1348 3357 1410 humanitas
3389 1348 3504 1409 im-

2013 1454 2219 1526 portat
2258 1447 2619 1508 essentialia
2668 1446 2985 1529 principia
3030 1446 3307 1508 hominis
3356 1465 3504 1508 cum

2013 1544 2386 1625 praecisione
2446 1544 2875 1606 accidentium
2934 1543 3263 1623 omnium3
3315 1544 3505 1607 homo

2011 1648 2225 1703 autem
2268 1641 2589 1722 significat
2620 1642 2982 1704 essentialia
3022 1641 3340 1723 principia
3378 1659 3505 1704 non

2014 1757 2160 1799 cum
2196 1740 2301 1801 tali
2335 1740 2707 1822 praecisione
2746 1740 3196 1813 accidentium,
3231 1760 3372 1821 quae
3404 1760 3508 1801 ne-

397 1847 594 1910 sona3
626 1850 754 1895 non
794 1842 1006 1897 tamen
1037 1844 1135 1898 est
1173 1837 1262 1898 ibi
1295 1838 1652 1900 universale
1695 1858 1900 1920 neque
1937 1838 1984 1900 B
2015 1838 2287 1899 cessaria
2345 1846 2493 1899 sunt
2540 1838 2619 1900 ad
2669 1838 2954 1900 naturale
3009 1838 3285 1901 hominis
3343 1857 3501 1901 esse.

396 1930 789 2010 particulare
823 1953 836 1995 :
871 1934 1022 2015 quia
1051 1936 1324 1997 essentia
1355 1936 1475 1998 sub
1506 1938 1747 2000 ratione
1778 1958 1903 2019 qua

398 2031 707 2092 convenit
745 2031 872 2093 sibi
921 2033 1192 2098 intentio
1231 2035 1351 2096 ista
1389 2037 1688 2109 secunda,
1731 2036 1903 2098 vide-

399 2126 556 2189 licet
595 2129 1060 2205 universalitas,
1095 2150 1222 2194 non
1262 2141 1359 2195 est
1397 2142 1542 2195 actu
1584 2134 1648 2195 in
1690 2134 1904 2216 aliquo

395 2244 546 2288 esse
581 2227 736 2289 reali
768 2236 946 2291 extra
985 2230 1404 2307 intellectum,
1439 2252 1556 2294 nec
1587 2240 1683 2294 est
1726 2233 1905 2294 intel-

399 2324 644 2387 lectum
687 2327 941 2389 realiter
981 2328 1354 2403 informanS‚
1389 2331 1684 2412 quamvis
1727 2331 1906 2393 intel-

397 2423 610 2485 lectus
647 2426 790 2506 ejus
841 2427 1264 2490 similitudine
1313 2428 1712 2491 informetur.
1760 2430 1905 2492 ldeo

393 2540 542 2584 esse
583 2542 774 2587 suum
822 2525 942 2588 sub
983 2526 1226 2588 ratione
1271 2546 1398 2609 qua
1443 2528 1742 2590 convenit
1779 2528 1903 2590 sibi

393 2620 904 2684 universalitatis
955 2624 1244 2699 intentio,
1297 2632 1393 2687 est
1439 2644 1576 2687 esse
1626 2626 1902 2688 diminu-

393 2728 540 2781 tum
577 2739 592 2782 ε
627 2721 720 2781 sic
763 2722 1002 2783 etenim
1044 2741 1231 2784 suum
1273 2742 1434 2797 esse,
1467 2732 1562 2785 est
1603 2724 1684 2785 ab
1725 2725 1904 2787 intel-

395 2818 573 2879 lectu
612 2820 1009 2900 apprehendi
1053 2840 1165 2882 seu
1205 2822 1264 2883 ei
1297 2823 1732 2903 repraesentari
1776 2841 1902 2885 non

391 2914 524 2977 sub
555 2916 800 2979 ratione
833 2918 1094 2981 unitatis
1134 2928 1242 2981 aut
1273 2920 1722 2983 multitudinis.
1757 2922 1903 2983 Ideo

391 3016 696 3079 essentiae
745 3026 816 3079 ut
863 3017 955 3078 sic
1005 3017 1364 3093 intellectae,
1416 3038 1544 3081 non
1593 3027 1902 3103 repugnat
1933 3022 1976 3084 C

391 3114 480 3175 de
512 3114 810 3196 pluribus
847 3116 1200 3198 praedicari,
1235 3137 1442 3200 neque
1480 3126 1669 3182 totam
1703 3119 1900 3182 salva-

393 3214 457 3273 ri
510 3214 579 3274 in
631 3233 758 3276 uno
809 3232 823 3276 ε
876 3216 1179 3296 quoniam
1229 3217 1571 3279 multitudo
1617 3225 1712 3278 est
1761 3237 1902 3298 quae

391 3310 706 3392 prohibet
742 3313 1086 3375 essentiam
1137 3321 1332 3377 totam
1373 3314 1439 3376 in
1481 3332 1608 3377 uno
1647 3316 1896 3389 salvari,

387 3416 466 3468 et
495 3408 709 3470 unitas
740 3409 1088 3472 numeralis
1118 3419 1214 3472 est
1243 3431 1384 3493 quae
1416 3412 1710 3494 prohibet
1739 3433 1902 3474 crea-

389 3515 533 3568 tam
565 3508 908 3570 essentiam
942 3510 1020 3571 de
1050 3509 1344 3590 pluribus
1379 3512 1728 3592 praedicari.
1763 3513 1903 3575 Por-

388 3623 472 3667 ro
501 3606 674 3686 quod
704 3608 981 3668 essentia
1012 3607 1132 3670 sub
1165 3609 1405 3671 ratione
1427 3628 1553 3691 qua
1582 3610 1705 3671 sibi
1736 3629 1901 3672 com-

389 3704 564 3785 petit
603 3703 1102 3767 universalitatis
1145 3706 1435 3780 intentio,
1471 3725 1596 3770 non
1636 3709 1718 3770 sit
1755 3716 1898 3770 actu

391 3803 472 3863 in
515 3821 586 3864 re
628 3802 706 3864 ad
755 3812 954 3878 extra,
989 3813 1160 3886 patet
1195 3825 1208 3869 :
1242 3807 1546 3887 quoniam
1588 3806 1901 3887 quidquid

390 3907 500 3963 est
532 3901 600 3962 in
640 3921 708 3964 re
738 3911 936 3976 extra,
971 3911 1068 3965 est
1097 3904 1435 3985 singulare.
1471 3905 1646 3966 Unde
1676 3923 1898 3966 secun-

391 4001 560 4062 dum
626 4001 1083 4083 Philosophum
1149 4011 1374 4084 quarto
1435 4003 1895 4086 Metaphysieae,

393 4099 578 4160 idem
625 4107 722 4160 est
771 4100 962 4162 homo
1007 4107 1073 4162 et
1120 4120 1284 4162 unus
1333 4101 1542 4164 homo.
1585 4101 1712 4163 Nec
1763 4101 1900 4182 ipsa

2014 1935 2240 1997 Divina
2282 1954 2431 1998 vero
2474 1937 2750 1998 essentia
2800 1937 2863 1997 in
2915 1936 3232 1999 abstracto
3281 1936 3505 2018 praedi-

2013 2042 2192 2095 catur
2220 2035 2297 2095 de
2329 2036 2457 2097 Deo
2484 2042 2548 2095 et
2575 2034 2652 2096 de
2696 2053 3074 2116 unaquaque
3114 2034 3329 2096 divina
3369 2054 3508 2116 per-

2013 2148 2186 2206 sona,
2232 2133 2533 2213 quoniam
2584 2132 2719 2195 istae
2769 2140 2919 2194 sunt
2966 2151 3151 2205 verae,
3197 2133 3361 2194 Deus
3408 2142 3507 2195 est

2012 2229 2235 2302 deitas,
2270 2231 2447 2292 Pater
2489 2239 2586 2293 est
2627 2232 2849 2302 deitas,
2893 2230 3089 2292 Filius
3134 2239 3231 2293 est
3280 2231 3501 2305 deitaS,

2013 2328 2288 2409 Spiritus
2321 2329 2586 2391 Sanctus
2624 2336 2721 2391 est
2751 2329 2969 2391 deitas.
3006 2329 3151 2391 Ideo
3181 2329 3347 2391 Deus
3377 2348 3504 2392 non

2011 2435 2107 2487 est
2136 2427 2376 2508 aliquid
2420 2428 2798 2502 universale,
2833 2448 2949 2490 nec
2980 2446 3251 2509 persona
3289 2428 3505 2490 divina

2013 2531 2109 2585 est
2137 2525 2810 2609 aliquidfparticulare.
2846 2526 2989 2589 Haec
3022 2526 3391 2587 RicharduS.
3426 2560 3507 2570 —

2013 2622 2121 2684 His
2167 2624 2505 2685 concordat
2547 2624 2849 2703 AEgidius.

2093 2721 2451 2783 Solutiones
2483 2722 2742 2783 demum
2772 2721 3207 2802 objectionum
3241 2722 3309 2782 in
3340 2722 3509 2803 prin-

2014 2819 2183 2901 cipio
2227 2819 2626 2881 inductarum
2670 2826 2887 2902 patent
2927 2839 3003 2881 ex
3044 2820 3231 2881 dictis
3274 2819 3339 2881 in
3384 2820 3507 2882 dis·

2012 2918 2318 2979 tinctione
2360 2926 2597 2980 octava.

2089 3114 2431 3187 Postremo,
2466 3114 2635 3197 quod
2669 3114 2732 3177 in
2764 3114 2997 3177 divinis
3029 3133 3155 3178 non
3187 3114 3270 3177 sit
3299 3110 3501 3178 totum

2010 3214 2483 3296 potestativum,
2516 3212 2703 3274 facile
2742 3221 2839 3274 est
2876 3214 3164 3295 probare,
3200 3215 3501 3296 quoniam

2010 3319 2285 3392 potestas
2316 3312 2509 3374 totius
2539 3312 2900 3393 potestativi
2940 3331 3065 3374 non
3096 3320 3192 3374 est
3223 3313 3500 3394 perfecte

2010 3410 2134 3471 nisi
2177 3411 2241 3471 in
2284 3410 2424 3493 ipso
2453 3418 2615 3488 toto;
2650 3409 2715 3472 in
2756 3410 3045 3492 partibus
3075 3429 3227 3473 vero
3258 3419 3355 3472 est
3389 3412 3504 3472 im-

2010 3508 2311 3590 perfecte,
2347 3509 2743 3590 inaequaliter
2785 3527 3061 3590 quoque,
3105 3510 3256 3590 quia
3299 3509 3503 3590 perfe-

2009 3608 2171 3668 ctius
2202 3617 2297 3670 est
2329 3607 2394 3668 in
2426 3626 2552 3671 una
2592 3615 2768 3689 parte
2800 3627 2991 3690 quam
3022 3608 3147 3668 alia
3181 3625 3193 3668 :
3230 3615 3299 3668 ut
3330 3615 3501 3688 patet

2009 3706 2076 3767 in
2133 3707 2367 3778 anima,
2419 3725 2560 3787 quae
2608 3713 2703 3767 est
2760 3712 2963 3767 totum
3022 3704 3495 3787 potestativum,

2008 3804 2312 3885 quoniam
2357 3805 2587 3866 multas
2629 3804 2695 3864 in
2734 3821 2801 3865 se
2840 3803 3121 3865 continet
3160 3803 3348 3877 vireS,
3381 3821 3500 3864 nec

2008 3921 2228 3965 omnes
2260 3904 2427 3965 vires
2461 3903 2585 3964 illae
2618 3903 2681 3963 in
2721 3901 2935 3984 aliqua
2966 3920 3092 3962 una
3121 3902 3183 3962 vi
3215 3901 3498 3982 perfecte

2006 4008 2195 4083 atque
2238 4001 2520 4084 plenarie
2562 4001 2984 4062 continentur.
3020 3999 3154 4062 Non
3195 3999 3367 4061 enim
3404 4000 3499 4062 in-

2006 4099 2296 4161 tellectus
2339 4099 2404 4161 in
2445 4118 2511 4160 se
2542 4099 2753 4160 taliter
2792 4098 3073 4160 continet
3102 4099 3495 4161 voluntatem

391 4197 786 4258 universalis
823 4198 1099 4261 essentia
1138 4198 1531 4261 intellectum
1575 4199 1894 4273 informat,
1929 4201 1977 4261 D
2007 4205 2066 4258 et
2115 4197 2255 4278 ejus
2305 4197 2727 4280 perfectiones
2776 4215 2849 4258 ac
2900 4197 3337 4278 proprietates,
3380 4217 3499 4260 nec

389 4295 512 4356 sed
565 4295 708 4374 ejus
747 4295 1121 4369 similitudo,
1165 4317 1306 4379 quae
1355 4306 1764 4379 repraesentat
1803 4318 1898 4361 es-

390 4392 680 4454 sentiam
717 4410 844 4456 non
892 4393 1011 4456 sub
1051 4395 1293 4457 ratione
1333 4414 1459 4476 qua
1499 4415 1626 4459 una
1653 4404 1750 4458 est
1782 4417 1897 4459 nu-

393 4509 587 4554 mero
642 4500 752 4554 aut
812 4493 1045 4574 plureS.
1099 4494 1257 4556 Hinc
1312 4496 1588 4557 essentia
1647 4504 1716 4558 ut
1763 4497 1901 4558 uni-

389 4590 693 4665 versaliS,
745 4609 872 4654 non
921 4600 1016 4654 est
1065 4593 1132 4655 in
1185 4592 1510 4656 intellectu
1560 4595 1683 4657 nisi
1733 4594 1900 4657 sicut

383 4689 732 4768 objectum
757 4690 981 4753 :aliter
1010 4708 1138 4753 non
1169 4692 1620 4774 praedicaretur
1650 4694 1727 4755 de
1759 4694 1897 4775 plu-

383 4786 586 4850 ribus
653 4788 1040 4851 habentibus
1100 4808 1238 4852 esse
1301 4790 1468 4852 reale
1528 4801 1704 4853 extra
1769 4793 1901 4853 ani-

387 4905 600 4949 mam.
635 4886 866 4968 Sicque
898 4889 1189 4952 essentiae
1221 4889 1564 4951 universali
1597 4907 1725 4952 non
1757 4908 1900 4952 eon-

383 4985 584 5046 venit
651 4985 730 5046 de
801 4985 1096 5066 pluribus
1167 4986 1520 5067 praedicari,
1590 4987 1716 5048 nisi
1785 5006 1901 5069 per

379 5083 720 5146 actionem
770 5083 1130 5146 intellectus
1178 5102 1292 5165 per
1330 5102 1522 5165 quam
1565 5083 1690 5146 sibi
1734 5103 1901 5148 com-

383 5182 567 5267 petit
617 5183 772 5245 ratio
821 5182 1218 5246 universalis.
1265 5182 1506 5246 Divinae
1553 5190 1769 5245 autem
1809 5203 1902 5246 es-

381 5279 628 5344 sentiae
657 5281 1010 5343 secundum
1049 5299 1238 5344 suum
1268 5299 1406 5344 esse
1436 5282 1627 5356 reale,
1658 5281 1900 5363 absque

657 5414 721 5464 T.
756 5415 835 5465 20.

2007 4296 2395 4376 econtrari03
2439 4295 2642 4376 major
2673 4312 2926 4377 quoque
2967 4303 3063 4359 est
3095 4304 3368 4377 potestas
3410 4297 3504 4358 in-

2007 4395 2310 4457 tellectivi
2340 4414 2532 4476 quam
2564 4394 2874 4468 sensitivi,
2899 4402 2963 4455 et
2991 4395 3278 4456 sensitivi
3308 4415 3501 4476 quam

2008 4493 2365 4574 vegetativi.
2401 4495 2470 4554 ln
2509 4493 2746 4556 divinis
2796 4501 3009 4555 autem
3054 4501 3182 4555 tota
3222 4501 3498 4575 potestas

2007 4599 2072 4653 et
2108 4592 2571 4674 omnipotentia
2608 4599 2705 4654 est
2744 4591 2809 4654 in
2850 4591 3069 4654 divina
3108 4592 3403 4666 essentia,
3438 4599 3501 4653 et

2009 4691 2075 4753 in
2097 4690 2400 4773 qualibet
2438 4691 3155 4771 superpraestantissima
3184 4697 3247 4752 et
3278 4708 3498 4770 super-

2007 4787 2572 4872 voluptuosissima
2630 4788 2847 4850 divina
2905 4803 3217 4869 persona3
3277 4795 3497 4867 estque

2009 4888 2075 4949 in
2113 4887 2206 4948 eis
2245 4887 2571 4968 aequalitas
2614 4887 2963 4967 potestatiS,
3000 4905 3118 4947 nec
3162 4885 3363 4965 major
3404 4891 3499 4944 est

2011 4992 2285 5068 pot-estas
2324 4986 2389 5047 in
2430 4985 2677 5047 duabus
2720 4993 2829 5046 aut
2871 4983 3074 5044 tribus
3114 5001 3307 5064 quam
3349 5001 3493 5044 una.

2010 5085 2251 5147 Idcirco
2299 5083 2364 5146 in
2414 5084 2649 5145 divinis
2700 5101 3103 5164 nequaquam
3151 5088 3248 5142 est
3295 5087 3499 5142 totum

2010 5184 2459 5266 potestativum
2502 5190 2565 5246 et
2608 5190 2818 5264 partes
2864 5179 3091 5261 ipsiuS.

2090 5281 2381 5362 Amplius
2410 5282 2629 5342 Petrus
2659 5278 2829 5340 circa
2868 5277 3001 5340 haec
3031 5277 3278 5358 quaerit,
3311 5296 3392 5340 an
3436 5276 3501 5339 in

3221 5412 3252 5463 8
