4359 6250
79 763 84 1126 ἡ
79 139 82 320 —
78 7 147 14 l

1048 529 1110 578 m
1150 533 1371 578 usuum
1416 529 1435 578 ι
1480 531 1961 578 SENTENTIARL'M.
2008 551 2088 560 ——
2129 533 2280 578 ms‘r.
2327 533 2521 579 xxxin
2564 532 2772 581 SUMMA
3338 514 3458 579 355

368 707 595 786 prietas
632 707 787 769 Filii
824 724 956 770 non
1000 707 1087 770 sit
1114 707 1295 770 Deus
1324 706 1426 770 vel
1467 708 1750 770 essentia
1786 707 2030 769 divina.
2073 707 2294 780 Quum
2339 709 2515 772 enim
2559 709 2741 787 dicit,
2774 708 2871 772 Eo
2910 709 3086 788 quod
3117 709 3299 772 Deus
3335 709 3456 787 est,

366 821 717 886 substantia
754 824 893 900 est;
935 824 1049 885 sed
1099 823 1275 902 quod
1326 822 1522 885 Pater
1559 823 1679 900 est,
1716 822 2081 886 substantia
2117 840 2247 885 non
2305 825 2402 886 est
2435 845 2449 884 :
2485 825 2703 904 aperte
2734 822 3096 906 (inquiunt)
3147 824 3454 903 ostendit,

366 937 423 999 id
474 955 615 1001 esse
653 937 1115 1016 substantiam,
1157 955 1288 1019 quo
1336 939 1517 1002 Deus
1556 939 1696 1018 est3
1736 937 1805 1000 id
1856 955 2007 1001 vero
2047 956 2178 1018 quo
2227 939 2423 1003 Pater
2459 942 2580 1019 est,
2621 957 2752 1002 non
2801 957 2943 1003 esse
2992 940 3451 1003 substantiam.

364 1053 511 1114 Item
543 1070 754 1133 quum
784 1054 898 1132 ait,
939 1054 1134 1116 Pater
1161 1071 1293 1116 non
1327 1053 1491 1117 illud
1520 1056 1621 1116 est
1647 1052 1826 1133 quod
1864 1055 1983 1132 est,
2026 1055 2313 1116 ostendit
2343 1072 2494 1118 eum
2533 1072 2666 1118 non
2699 1073 2840 1118 esse
2869 1054 3129 1118 Patrem
3163 1071 3239 1118 eo
3278 1055 3456 1135 quod

362 1168 711 1232 substantia
757 1170 877 1233 est.
924 1170 1073 1233 Non
1122 1170 1299 1234 enim
1350 1169 1740 1251 simpliciter
1776 1169 1967 1248 dixit,
2010 1170 2205 1232 Pater
2242 1187 2374 1234 non
2427 1172 2526 1234 est
2577 1171 2741 1233 illud
2791 1171 2970 1251 quod
3017 1173 3150 1250 est3
3183 1171 3299 1234 sed
3337 1171 3452 1249 ait,

362 1284 567 1356 Quum
604 1284 800 1348 Pater
836 1286 958 1365 est,
998 1302 1133 1349 non
1180 1287 1279 1348 est
1324 1285 1489 1348 illud
1530 1285 1708 1366 quod
1746 1286 1845 1348 est
1886 1305 1900 1344 z
1942 1285 2345 1365 significans,
2378 1303 2509 1367 quo
2552 1287 2748 1349 Pater
2783 1287 2904 1366 est,
2938 1303 3070 1348 non
3113 1303 3254 1348 esse
3291 1285 3456 1348 illud

365 1417 481 1480 quo
526 1401 651 1480 est,
692 1400 759 1462 id
806 1402 906 1463 est
950 1402 1329 1464 essentiam.

470 1515 631 1580 Haec
660 1515 756 1578 illi
787 1517 880 1579 ita
914 1519 1339 1597 exponentes,
1358 1535 1479 1580 sua
1509 1519 1884 1580 commenta
1913 1517 2330 1598 simplicibus
2363 1519 2428 1580 et
2458 1517 2740 1580 incautis
2768 1534 2920 1581 vera
2953 1517 3159 1580 videri
3181 1515 3451 1579 faciunt.

366 1631 487 1696 Nos
520 1635 745 1696 autem
795 1631 983 1695 aliter
1029 1632 1157 1695 ista
1202 1632 1341 1697 fore
1390 1632 1815 1714 intelligenda
1862 1633 2168 1696 dicimus.
2216 1634 2460 1697 Dicens
2509 1635 2710 1714 enim,
2751 1634 2850 1695 Eo
2889 1633 3066 1713 quod
3110 1633 3293 1696 Deus
3331 1633 3453 1712 est,

362 1749 713 1812 substantia
762 1750 897 1830 est;
945 1749 1061 1812 sed
1108 1749 1285 1830 quod
1333 1750 1530 1813 Pater
1581 1750 1702 1828 est,
1744 1748 2114 1812 substantia
2166 1766 2298 1812 non
2349 1751 2447 1813 est
2481 1770 2494 1810 :
2529 1750 2655 1812 hoc
2705 1749 2985 1829 intelligi
3033 1749 3266 1828 voluit,
3302 1749 3458 1829 quia

364 1866 629 1929 essentia
654 1865 837 1929 Deus
873 1867 992 1944 est,
1035 1867 1102 1928 et
1128 1865 1369 1929 deitate
1406 1865 1775 1929 substantia
1812 1866 1934 1928 est.
1968 1866 2064 1929 Eo
2097 1867 2277 1929 enim
2307 1865 2677 1929 substantia
2709 1867 2808 1930 est
2839 1882 2971 1945 quo
3012 1865 3195 1929 Deus
3239 1865 3360 1944 est,
3395 1865 3460 1927 et

368 1998 701 2045 econverso
736 2001 751 2042 ε
787 1981 978 2062 cujus
1029 1998 1105 2044 ea
1152 1983 1252 2044 est
1295 1981 1505 2045 deitas
1553 1999 1700 2062 quae
1750 1983 1850 2045 est
1902 1981 2292 2060 substantia,
2335 1983 2399 2045 et
2448 1981 2816 2045 substantia
2853 1999 3000 2062 quae
3055 1981 3286 2044 deitas.
3331 1980 3461 2044 Sed

367 2097 526 2178 quod
562 2098 757 2162 Pater
803 2101 924 2179 est,
972 2116 1103 2162 non
1156 2098 1257 2162 est
1301 2097 1690 2177 substantia,
1727 2098 1793 2160 id
1842 2100 1963 2178 est,
2005 2116 2139 2162 non
2184 2115 2314 2178 quo
2362 2097 2556 2162 Pater
2603 2101 2724 2178 est,
2767 2115 2843 2162 eo
2891 2098 3258 2162 substantia
3306 2099 3405 2161 est
3439 2115 3455 2157 ε

366 2215 505 2295 quia
540 2215 936 2296 proprietate
972 2215 1413 2296 generationis
1448 2213 1644 2276 Pater
1680 2215 1802 2294 est,
1850 2232 1981 2295 qua
2018 2214 2386 2277 substantia
2421 2232 2554 2277 non
2603 2217 2722 2278 est.
2766 2215 2988 2296 Ipsam
3037 2216 3257 2278 tamen
3306 2232 3461 2295 pro-

370 2330 695 2410 prietatem
724 2330 1161 2394 substantiam
1192 2348 1335 2394 esse
1363 2347 1497 2394 non
1524 2331 1809 2411 negavit.
1853 2331 1951 2393 Ita
1982 2331 2184 2394 etiam
2224 2330 2388 2393 illud
2426 2331 2925 2411 intelligendum
2966 2331 3065 2394 est
3101 2329 3278 2410 quod
3315 2330 3408 2392 ait
3438 2351 3454 2390 ε

371 2446 575 2519 Quum
610 2447 809 2512 Pater
836 2449 957 2527 est,
988 2465 1122 2510 non
1158 2447 1324 2509 illud
1354 2448 1453 2510 est
1481 2446 1659 2527 quod
1696 2447 1816 2525 est,
1850 2446 1918 2508 id
1948 2448 2069 2526 est,
2103 2464 2236 2509 non
2266 2446 2380 2509 illo
2411 2446 2606 2510 Pater
2643 2448 2742 2510 est
2779 2445 2957 2526 quod
2995 2445 3100 2508 vel
3137 2463 3268 2525 quo
3315 2446 3458 2526 ipse

372 2565 479 2642 est,
524 2563 591 2625 id
639 2564 741 2627 est
787 2564 1093 2642 essentia,
1144 2563 1260 2626 sed
1305 2562 1595 2625 notione.

370 2813 443 2876 Κ.
492 2819 673 2880 Aliis
718 2819 953 2880 etiam
996 2818 1241 2879 verbis
1286 2815 1673 2891 Auoustini
1725 2813 2042 2876 utuntur
2084 2813 2167 2873 ut
2213 2811 2562 2875 asserant
2609 2815 2799 2886 quod
2843 2813 3117 2885 dicunt,
3176 2811 3462 2874 scilicet

814 2933 1319 3008 proprietates
1360 2946 1860 3006 personarum
1889 2944 2040 2994 non
2084 2943 2240 2992 esse
2287 2930 2422 2990 Dei
2464 2928 2986 2990 substantiam.

494 3167 659 3229 Item
709 3164 843 3227 illis
880 3162 1098 3227 verbis
1136 3162 1491 3241 Augustini
1529 3159 1950 3223 vehementer
1990 3158 2307 3221 insistunt
2343 3138 2647 3238 superius
2694 3156 2953 3237 positis,
2993 3156 3243 3220 scilicet
3280 3157 3456 3237 quod
3483 3178 3752 3253 Apgaerri-

374 3280 649 3345 Verbum
684 3281 1049 3345 secundum
1096 3278 1273 3359 quod
1320 3277 1641 3358 sapientia
1692 3277 1791 3339 est
1827 3275 1892 3338 et
1943 3274 2248 3353 essentia,
2290 3274 2415 3336 hoc
2462 3274 2560 3336 est
2610 3273 2788 3353 quod
2824 3273 3054 3353 Pater3
3094 3274 3456 3337 secundum
3482 3241 3748 3355 '3⁸sska

372 3397 530 3477 quod
570 3397 887 3475 Verbum,
938 3412 1071 3457 non
1114 3395 1238 3456 hoc
1276 3394 1375 3456 est
1420 3391 1597 3473 quod
1648 3392 1862 3453 Pater.
1909 3390 1978 3453 Si
2024 3387 2388 3471 (inquiunt)
2429 3387 2721 3450 Verbum
2778 3405 2907 3450 non
2958 3388 3058 3451 est
3111 3389 3234 3450 hoc
3280 3388 3458 3467 quod

372 3512 549 3576 Pater
575 3513 937 3577 secundum
968 3512 1093 3575 hoc
1122 3509 1301 3590 quod
1338 3510 1437 3573 est
1464 3506 1780 3585 Verbum,
1822 3506 1892 3567 id
1931 3521 2084 3587 ergo
2122 3522 2256 3585 quo
2288 3504 2581 3567 Verbum
2619 3506 2741 3584 est,
2781 3522 2912 3568 non
2952 3506 3052 3569 est
3087 3504 3252 3567 illud
3281 3504 3458 3584 quod

372 3628 549 3692 Pater
591 3632 735 3693 est:
777 3628 1145 3710 proprietas
1192 3643 1345 3707 ergo
1386 3641 1518 3705 qua
1553 3623 1846 3686 Verbum
1887 3624 2007 3701 est,
2048 3638 2181 3684 non
2240 3622 2339 3684 est
2394 3620 2462 3682 id
2517 3620 2696 3701 quod
2750 3619 2945 3683 Pater
2996 3621 3116 3698 est,
3171 3636 3302 3682 non
3358 3621 3461 3681 est

370 3744 555 3824 igitur
591 3746 814 3809 divina
849 3744 1154 3809 essentia.
1188 3742 1291 3805 Ad
1324 3740 1500 3821 quod
1531 3740 1838 3816 dicimus,
1869 3738 2027 3818 quia
2062 3737 2216 3799 licet
2251 3735 2614 3799 secundum
2653 3734 2830 3815 quod
2863 3733 3174 3814 Verbum,
3199 3750 3332 3796 non
3370 3734 3459 3797 sit

366 3858 479 3923 hoc
510 3860 689 3943 quod
730 3862 923 3924 Pater
960 3861 1083 3937 est,
1123 3876 1201 3921 ea
1237 3859 1459 3920 tamen
1499 3856 1867 3936 proprietas
1910 3869 2041 3933 qua
2069 3851 2362 3914 Verbum
2399 3851 2519 3930 est,
2554 3852 2654 3914 est
2691 3850 2759 3912 id
2788 3850 2966 3931 quod
3003 3850 3199 3913 Pater
3234 3850 3356 3926 est,
3388 3848 3457 3911 id

370 3978 458 4038 est
498 3977 721 4041 divina
767 3976 1072 4056 essentia,
1121 3974 1238 4038 sed
1280 3990 1413 4036 non
1463 3972 1563 4035 est
1608 3968 1988 4052 hypostasis
2036 3968 2275 4031 Patris.

1887 4232 1935 4293 Α
1964 4230 2341 4314 prietatibus
2372 4229 2865 4312 notionibusque
2906 4248 3144 4291 earum.
3178 4228 3361 4291 Nunc
3391 4228 3458 4291 in

1966 4330 2087 4391 ista
2127 4328 2537 4391 distinctione
2582 4328 2949 4409 inquiritur,
2991 4344 3072 4389 an
3113 4325 3459 4408 proprieta-

1967 4435 2058 4489 tes
2110 4427 2234 4491 illae
2277 4426 2576 4498 relativae,
2621 4432 3200 4507 supersanctarum,
3242 4443 3460 4507 super-
3537 4459 3560 4479 ι

1964 4525 2398 4588 essentialium
2431 4522 3216 4606 supervenerabiliumque
3247 4541 3460 4605 perso-

1965 4642 2190 4686 narum
2249 4621 2676 4685 constitutivae
2735 4640 2807 4682 ac
2867 4620 3270 4693 distinctivae,
3333 4620 3462 4682 sint

442 4723 493 4785 N
534 4723 943 4806 praeinductis
989 4730 1322 4785 tractatum
1372 4728 1468 4784 est
1515 4720 1591 4783 de
1641 4718 1857 4780 divina
1964 4721 2218 4783 realiter
2256 4739 2456 4783 unum
2494 4728 2556 4781 et
2597 4719 2766 4781 idem
2807 4737 2954 4780 cum
2997 4718 3211 4781 divina
3249 4736 3460 4780 essen-

460 4822 729 4884 essentia
756 4830 817 4883 et
848 4820 1155 4884 absolutis
1184 4818 1671 4903 proprietatibus
1701 4816 1851 4897 ejuS,
1963 4820 2069 4881 tia.
2106 4819 2183 4880 Et
2214 4818 2382 4880 circa
2419 4818 2539 4880 hoc
2579 4817 2944 4899 proceditur
2976 4815 3356 4898 opponendo
3386 4834 3460 4877 ac

376 4924 433 4978 et
460 4919 725 4999 qualiter
754 4918 881 4981 illae
916 4918 1170 4981 realiter
1200 4918 1369 4981 idem
1405 4925 1554 4979 sunt
1584 4934 1732 4978 cum
1764 4915 1855 4976 di·
1965 4917 2428 4997 respondendo,
2462 4924 2525 4978 et
2563 4915 2912 4977 recitantur
2939 4913 3274 4996 opiniones
3305 4930 3459 4995 quo-

378 5014 514 5077 vina
550 5018 820 5080 essentia
858 5024 1121 5100 propter
1152 5016 1584 5079 omnimodam
1625 5013 1857 5076 divinae
1966 5015 2261 5077 rumdam
2310 5031 2590 5076 erroneae
2637 5020 2768 5074 tam
2813 5011 3280 5075 catholicorum
3329 5028 3463 5074 cor-

378 5116 655 5178 essentiae
683 5113 1555 5197 simplicitatem.Tractatum
1586 5120 1682 5174 est
1712 5128 1861 5193 quo-
1968 5110 2232 5174 rectioni
2281 5108 2846 5192 acquiescentium,
2878 5126 3070 5190 quam
3121 5109 3459 5189 pertinaci-

380 5228 495 5291 que
533 5213 614 5275 de
652 5214 885 5277 divinis
927 5220 991 5274 et
1034 5213 1331 5275 increatis
1374 5220 1438 5274 et
1480 5210 1860 5293 superbene·
1968 5228 2077 5271 um
2123 5218 2185 5271 et
2230 5206 2763 5288 incorrigibilium
2807 5206 3268 5270 haereticorum.
3317 5206 3460 5269 Haec

379 5309 555 5373 dictis
586 5313 892 5395 personis,
926 5319 1116 5395 atque
1148 5310 1225 5373 de
1256 5309 1693 5383 relationibuS,
1720 5326 1859 5390 pro·
1968 5316 2065 5372 est
2094 5308 2160 5369 in
2192 5325 2442 5370 summa
2469 5305 2663 5387 hujus
2700 5304 3128 5368 distinctionis
3175 5305 3455 5369 materia.

931 4295 1288 4361 SUMMA

394 4480 989 4538 DISTINCTIONIS
1032 4478 1490 4535 TRICESIMAE
1533 4474 1839 4531 TERTIAE
