4359 6250
638 2257 681 2298 p.
712 2245 789 2286 2⁰7
806 2243 851 2286 θ’

600 2311 646 2350 et
668 2320 706 2350 s.

896 466 1017 529 212

1538 487 1600 532 ΙΝ
1642 487 1862 532 LIBRUM
1904 487 1925 532 1
1968 487 2450 532 SENTENTIARUM.
2497 505 2576 514 —
2617 487 2768 532 DIST.
2815 489 3002 548 xxvt;
3047 489 3270 543 QUAEST.
3317 489 3364 533 Π

900 674 1012 737 per
1052 656 1171 718 hoc
1201 656 1371 737 quod
1410 655 1742 718 relationes
1783 657 2089 738 oppositae
2130 664 2395 737 possunt
2425 656 2476 717 A
2508 656 2816 718 motivum
2857 657 3178 738 opinionis
3219 657 3391 720 illius
3429 657 3795 729 dicendum,
3827 655 3998 737 quod

899 773 1037 816 esse
1088 754 1153 815 in
1202 755 1418 817 divina
1466 755 1739 816 essentia
1789 763 2087 837 tanquam
2140 756 2205 816 in
2257 755 2397 818 fun-

900 852 1196 914 damento
1241 861 1497 935 propter
1548 853 1870 914 infinitam
1918 854 2058 934 ejus
2108 852 2394 915 fecundi-

899 959 1113 1012 tatem.
1152 951 1271 1013 Sed
1305 951 1723 1013 consimiliter
1761 958 1968 1033 potest
1997 952 2123 1013 dici
2156 953 2233 1012 de
2268 969 2397 1014 mo-

899 1048 997 1110 dis
1045 1049 1353 1112 absolutis
1397 1068 1410 1110 :
1457 1050 1759 1130 quoniam
1804 1068 2000 1131 quum
2050 1051 2178 1111 sint
2225 1051 2394 1112 modi

901 1165 1113 1209 rerum
1175 1155 1239 1208 et
1300 1166 1425 1209 non
1488 1149 1895 1229 quidditateS,
1959 1167 2084 1211 non
2148 1149 2395 1211 faciunt

898 1247 1425 1328 compositionem
1459 1264 1606 1308 cum
1638 1247 1943 1324 essentia3
1983 1265 2224 1320 rursuS,
2260 1247 2395 1327 plu-

899 1364 997 1406 res
1028 1344 1394 1424 hujusmodi
1438 1344 1607 1406 modi
1638 1344 1701 1404 in
1736 1363 1859 1405 una
1897 1352 2139 1426 queunt
2171 1343 2393 1404 funda-

898 1443 951 1504 ri
982 1443 1276 1514 essentia,
1311 1443 1477 1503 sicut
1508 1441 1721 1524 plures
1753 1443 2088 1505 relationes
2124 1460 2137 1504 :
2174 1444 2393 1524 sicque

898 1561 1012 1622 per
1056 1541 1209 1603 tales
1262 1542 1479 1603 modos
1523 1542 1753 1603 divinae
1802 1559 2087 1622 personae
2131 1550 2396 1621 possunt

898 1639 1196 1700 constitui
1246 1647 1309 1700 et
1356 1639 1681 1720 distingui.
1727 1674 1806 1683 —
1847 1640 1987 1700 Haec
2038 1639 2389 1700 DuranduS.

899 1737 1014 1810 Qui
1057 1745 1519 1818 consequenter
1559 1745 1777 1800 contra
1814 1737 2185 1818 opinionem
2231 1736 2394 1798 hanc

897 1835 1124 1915 arguit,
1160 1842 1230 1896 ut
1273 1834 1437 1896 infra
1482 1842 1787 1915 tangetur.

978 1933 1215 1994 Deinde
1264 1933 1511 2014 quaerit,
1552 1951 1632 1994 an
1678 1952 1962 2015 personae
2006 1933 2394 2014 distinguan-

899 2039 1002 2092 tur
1043 2031 1251 2112 potius
1293 2049 1407 2111 per
1448 2031 1782 2093 relationes
1820 2050 2013 2112 quam
2057 2049 2172 2112 per
2211 2031 2396 2112 origi-

898 2113 1049 2208 nes3
1092 2137 1153 2190 et
1185 2130 1521 2210 respondet
1554 2129 1722 2210 quod
1765 2147 1878 2210 per
1905 2129 2264 2191 relationes.
2299 2129 2393 2191 Ad

897 2226 1066 2307 quod
1096 2227 1355 2288 adducit
1384 2212 1621 2289 motiva
1656 2228 1843 2308 paulo
1872 2235 2017 2289 ante
2048 2246 2124 2288 ex
2156 2227 2394 2290 Thoma

897 2325 1174 2387 inducta.

975 2422 1285 2504 Deinceps
1344 2423 1570 2504 quaerit
1626 2423 1824 2504 (quod
1881 2443 1918 2485 a
1976 2423 2392 2504 praeallegatis

895 2521 1260 2583 doctoribus
1316 2539 1443 2582 non
1502 2521 1854 2603 quaeritur),
1917 2540 1997 2582 an
2055 2521 2391 2582 relationes

896 2620 1289 2699 distinguant
1336 2637 1635 2700 personas
1678 2620 1743 2681 in
1783 2626 2094 2701 quantum
2147 2618 2393 2680 relatio-

894 2736 1029 2792 neS,
1081 2717 1181 2779 vel
1234 2717 1300 2778 in
1348 2725 1657 2798 quantum
1721 2717 2155 2798 proprietates.
2213 2716 2392 2778 Circa

893 2816 1065 2897 quod
1114 2815 1338 2877 scribit
1390 2836 1403 2879 :
1448 2816 1712 2878 Videtur
1761 2815 2167 2897 quibusdam,
2220 2816 2390 2896 quod

894 2914 1013 2976 sub
1072 2915 1313 2976 ratione
1374 2913 1799 2995 proprietatis,
1852 2921 1915 2974 ct
1965 2914 2143 2975 nullo
2203 2914 2392 2976 modo

2505 755 2781 834 origines
2831 773 2957 817 non
3017 765 3166 817 sunt
3215 755 3702 818 fundamentum
3751 754 4002 816 relatio-

2507 873 2683 925 num,
2729 853 2837 914 sed
2888 853 3160 915 fecunda
3210 854 3319 915 Dei
3370 853 3662 918 essentia.
3713 851 4001 932 Origines

2507 951 2678 1012 enim
2739 968 2866 1013 non
2925 959 3072 1013 sunt
3120 952 3244 1013 nisi
3305 952 3589 1033 ipsaemet
3637 951 3998 1023 relationeS,

2509 1049 2805 1111 videlicet
2847 1069 2883 1110 a
2932 1067 3058 1130 quo
3117 1050 3358 1131 aliquid
3417 1058 3482 1112 et
3529 1049 3696 1131 quod
3755 1047 3835 1109 ab
3893 1047 4005 1109 ali-

2508 1165 2653 1228 quo.
2675 1147 2833 1209 Hinc
2862 1148 2972 1229 qui
3008 1147 3520 1229 praeintelligeret
3548 1165 3848 1230 personas
3879 1146 4005 1208 ori-

2507 1245 2788 1325 ginibuS,
2839 1247 2940 1307 vel
3000 1246 3276 1327 origines
3339 1245 3776 1318 relationibuS‚
3837 1245 4006 1306 male

2511 1343 2940 1425 intelligeret3
3007 1345 3117 1406 sed
3179 1345 3371 1406 simul
3437 1343 3844 1424 intelligenda
3911 1351 4008 1403 est

2510 1459 2777 1522 persona
2817 1443 3160 1504 constituta
3198 1461 3346 1504 cum
3389 1461 3504 1503 sua
3545 1442 3868 1503 relatione.
3915 1440 4010 1502 Ad

2507 1541 2859 1601 secundum
2894 1541 3260 1615 dicendum,
3285 1541 3453 1622 quod
3487 1541 3708 1602 relatio
3741 1559 3864 1603 non
3901 1541 4007 1601 ha-

2508 1637 2616 1698 bet
2656 1640 3038 1700 constituere
3081 1640 3143 1700 in
3184 1657 3344 1711 esse,
3380 1638 3502 1699 nisi
3545 1639 3701 1700 illud
3745 1659 3885 1700 esse
3925 1638 4007 1700 sit

2509 1736 2767 1814 referri3
2801 1738 2910 1799 scd
2953 1737 3004 1798 si
3045 1745 3140 1798 est
3173 1735 3416 1808 referri,
3449 1756 3575 1818 qua
3613 1737 3852 1799 ratione
3898 1737 4005 1798 ha-

2431 1831 2478 1892 B
2509 1834 2614 1895 bet
2643 1833 2900 1907 referre,
2933 1835 3152 1897 eadem
3195 1835 3435 1897 ratione
3475 1833 3664 1896 habet
3694 1835 3840 1896 dare
3879 1835 4004 1896 tale

2505 1951 2665 2004 esse,
2726 1933 2971 1994 scilicet
3029 1951 3166 1994 esse
3225 1933 3513 1994 relatum.
3577 1933 3728 1994 Esse
3784 1941 4002 1995 autem

2505 2031 2834 2112 personale
2885 2031 2951 2092 in
3009 2031 3265 2104 divinis,
3316 2039 3413 2093 est
3462 2050 3600 2093 esse
3659 2031 3932 2092 relatum
3985 2051 4000 2094 :

2507 2129 2744 2191 idcirco
2791 2129 3013 2190 relatio
3056 2129 3176 2190 sub
3221 2129 3462 2192 ratione
3504 2128 3847 2198 relationis,
3895 2147 4006 2210 po-

2503 2234 2628 2289 test
2657 2228 3039 2289 constituere
3072 2228 3354 2289 divinam
3395 2245 3729 2309 personam
3763 2228 3824 2288 in
3857 2245 4004 2289 esse

2505 2325 2842 2406 personali.
2868 2361 2948 2370 -
2976 2326 3118 2387 Haec
3149 2325 3502 2388 Durandus.
3540 2325 3734 2406 Cujus
3763 2325 4006 2388 solutio

2503 2423 2584 2484 ad
2633 2423 2913 2504 primum
2964 2422 3128 2485 infra
3187 2423 3428 2504 patebit
3475 2424 3633 2506 quid
3679 2423 4006 2486 contineat

2504 2521 2806 2584 veritatis.

2584 2719 2887 2781 Praeterea
2935 2719 3272 2800 diligenter
3318 2719 3775 2783 advertendum
3823 2721 4004 2802 quod

2499 2818 2578 2879 ad
2624 2818 3038 2899 quaestionem
3085 2817 3472 2900 propositam
3519 2819 3854 2900 respondet
3901 2821 4006 2882 Ri-

2502 2914 2772 2976 chardus
2816 2933 2828 2976 :
2874 2917 3042 2977 inter
3099 2916 3346 2978 divinas
3389 2916 3744 2998 (inquiens)
3785 2935 4006 2998 perso-

895 3011 1015 3073 sub
1066 3011 1305 3072 ratione
1359 3010 1681 3072 relationis
1727 3030 1739 3073 :
1786 3019 1919 3072 tum
1970 3012 2119 3091 quia
2168 3010 2390 3073 relatio
2427 3009 2470 3071 C
2501 3033 2612 3074 nas
2673 3014 3107 3076 consideratur
3158 3013 3394 3095 duplex
3452 3015 3840 3096 principium
3905 3017 4004 3079 di-

896 3117 967 3171 ut
1008 3109 1251 3183 relati⁰‚
1296 3129 1483 3171 suum
1537 3109 1969 3191 praesupponit
2018 3108 2390 3172 fundamen-

896 3217 1055 3283 tum,
1075 3226 1224 3288 ergo
1254 3208 1487 3269 divinae
1518 3208 1852 3270 relationes
1888 3216 2392 3290 prta-supponunt

894 3306 1193 3386 origineS,
1243 3306 1310 3367 in
1360 3306 1593 3386 quibus
1640 3306 1739 3385 (ut
1788 3306 2028 3368 dictum
2078 3307 2203 3387 est)
2252 3307 2391 3368 fun-

896 3405 1147 3479 dantur,
1196 3412 1259 3465 et
1316 3422 1431 3485 per
1487 3422 1881 3485 consequens
1940 3422 2240 3486 personas
2300 3405 2390 3466 di-

894 3504 1192 3581 s'tinctas3
1234 3511 1370 3564 tum
1414 3503 1565 3584 quia
1609 3503 1830 3565 relatio
1873 3511 1942 3564 ut
1984 3504 2226 3574 relati0‚
2262 3522 2387 3567 non

895 3602 1085 3663 habet
1114 3602 1236 3663 nisi
1280 3602 1514 3663 referre
1548 3602 1610 3663 id
1643 3602 1828 3682 cujus
1858 3610 1953 3664 est
1984 3602 2227 3677 relatio,
2261 3620 2387 3665 non

894 3702 1300 3775 constituere,
1354 3700 1463 3761 sed
1523 3701 1642 3763 hoc
1703 3701 1891 3763 habet
1956 3701 2020 3763 in
2078 3709 2388 3783 quantum

894 3798 1268 3881 proprietaS,
1312 3806 1375 3859 et
1425 3798 1933 3880 praeintelligitur
1978 3800 2390 3862 emanationi—

892 3898 1031 3959 bus.
1084 3932 1165 3942 -
1210 3898 1444 3958 Verum
1505 3898 1625 3958 ista
1681 3898 1898 3978 opinio
1958 3915 2084 3959 non
2135 3898 2388 3959 videtur

889 3995 1136 4068 idonea,
1178 3995 1329 4076 quia
1371 3995 1423 4056 si
1470 3996 1821 4076 proprietas
1870 3994 2205 4075 distinguit
2247 4015 2386 4075 per-

889 4110 1096 4167 sonas,
1148 4094 1248 4155 vel
1308 4094 1371 4154 in
1421 4099 1731 4174 quantum
1780 4100 1877 4153 est
1922 4092 2233 4165 absoluta,
2286 4094 2384 4155 vel

890 4192 953 4252 in
1015 4197 1324 4272 quantum
1385 4190 1645 4252 relat-iva
1699 4208 1712 4251 ε

892 4306 1177 4371 personae
1223 4288 1453 4350 divinae
1496 4307 1610 4369 per
1651 4288 1940 4350 absoluta
1983 4290 2384 4369 distinguun-

886 4393 1023 4465 tur-3
1056 4386 1108 4447 si
1142 4393 1211 4446 ut
1243 4386 1522 4458 relativa,
1548 4403 1697 4466 ergo
1727 4385 2057 4448 formalius
2088 4388 2386 4449 convenit

889 4484 1180 4547 relationi
1228 4483 1637 4563 distinguere.
1682 4485 1943 4557 Rursus,
1987 4485 2040 4545 si
2090 4504 2204 4566 per
2247 4504 2386 4567 pro—

890 4583 1189 4666 prietates
1228 4581 1306 4643 fit
1335 4581 1663 4643 distinctio
1702 4583 2201 4663 suppositorum,
2235 4602 2384 4664 ergo

889 4681 1055 4743 sicut
1104 4680 1429 4742 distinctio
1476 4680 1790 4761 suppositi
1838 4680 2110 4743 absoluti
2154 4680 2234 4741 fit
2272 4700 2387 4762 per

891 4779 1343 4863 proprietatem
1372 4777 1751 4851 absolutam,
1778 4778 1864 4839 ita
1893 4780 2218 4842 distinctio
2245 4800 2389 4862 sup—

891 4879 1081 4962 positi
1130 4877 1377 4939 relativi
1435 4876 1510 4938 fit
1561 4895 1675 4956 per
1724 4878 2174 4957 proprietatem
2229 4880 2385 4940 rela-

892 4978 1107 5039 tivam.
1141 4978 1321 5049 item,
1356 4975 1643 5037 relationi
1678 4974 1940 5055 originis
1978 4976 2041 5036 in
2073 4984 2382 5057 quantum

892 5076 1057 5148 talis,
1120 5074 1417 5137 convenit
1475 5074 1863 5154 distinguere
1918 5092 1931 5135 ε
1984 5075 2135 5155 quia
2192 5075 2258 5136 in
2317 5094 2384 5137 se

892 5174 1358 5256 oppositionem
1417 5174 1687 5235 includit
1734 5173 1810 5234 ad
1872 5192 2058 5234 suum
2118 5175 2384 5235 correla-

892 5272 1095 5333 tivum
1126 5272 1367 5333 ratione
1399 5271 1679 5351 originis
1700 5306 1779 5315 —-
1798 5271 1892 5333 Ad
1922 5271 2203 5351 primum
2235 5289 2383 5352 ergo

2502 3111 2861 3174 stinctionis
2913 3133 2927 3176 :
2983 3131 3181 3173 unum
3241 3113 3422 3195 quasi
3482 3111 3880 3187 effectivum,
3937 3125 4003 3177 et

2499 3209 2768 3270 alterum
2819 3210 2998 3290 quasi
3059 3208 3342 3272 formale.
3399 3210 3660 3272 Videtur
3706 3229 3854 3292 ergo
3907 3213 4004 3275 di-

2501 3307 2796 3380 cendum,
2842 3307 3010 3388 quod
3057 3326 3170 3389 per
3213 3308 3381 3389 ipsas
3430 3308 3860 3371 emanationes
3908 3312 4006 3373 di-

2501 3405 2911 3485 stinguuntur
2961 3424 3244 3487 personae
3293 3407 3474 3487 quasi
3535 3426 3649 3488 per
3696 3407 4004 3472 effectiva

2500 3503 2926 3566 distinctionis
2977 3503 3313 3585 principia.
3360 3503 3671 3567 Generare
3717 3524 4004 3588 namque

2499 3610 2562 3662 et
2600 3602 2907 3682 generari,
2950 3610 3099 3663 sunt
3149 3602 3308 3664 ratio
3355 3602 3781 3665 distinctionis
3830 3604 4008 3667 inter

2499 3700 2744 3761 Patrem
2793 3707 2856 3761 et
2907 3700 3158 3772 Filium,
3209 3708 3273 3761 et
3329 3700 3571 3782 spirare
3629 3710 3694 3763 et
3741 3702 4001 3784 spirari,

2498 3803 2647 3859 sunt
2695 3798 2854 3860 ratio
2901 3798 3328 3860 distinctionis
3379 3798 3652 3879 Spiritus
3705 3800 3920 3862 Sancti
3966 3821 4004 3864 a

2498 3897 2674 3959 Patre
2705 3906 2768 3958 et
2798 3896 3070 3969 Fili0‚ad
3103 3896 3590 3959 similitudinem
3623 3916 3828 3961 causae
3857 3899 4006 3962 effi·

2497 3996 2722 4057 cientis
2757 4014 2770 4057 :
2804 3995 2970 4057 actio
2999 3996 3171 4057 enim
3201 3995 3279 4056 ad
3311 4014 3567 4058 causam
3598 3996 4000 4061 efficientem

2499 4096 2840 4156 reducitur.
2886 4095 2998 4156 Per
3042 4094 3334 4156 relativas
3375 4112 3526 4158 vero
3571 4096 4000 4178 proprietates

1768 4190 1817 4251 si
1880 4192 2185 4272 primum,
2237 4188 2386 4273 ergo
2418 4195 2467 4255 D
2498 4193 2976 4273 distinguuntur
3005 4211 3290 4274 persona!
3331 4201 3632 4273 tanquam
3673 4213 3786 4275 per
3817 4196 4002 4275 prin-

2498 4292 2666 4372 cipia
2713 4291 3142 4353 distinctionis
3201 4291 3513 4354 formalia.
3568 4293 3701 4354 Una
3749 4294 4001 4375 quippe

2497 4407 2766 4469 persona
2793 4389 3208 4469 distinguitur
3235 4389 3315 4450 ab
3345 4389 3470 4450 alia
3510 4407 3624 4471 per
3652 4408 3830 4451 suam
3863 4390 4001 4453 for-

2497 4506 2666 4549 mam
2699 4486 3188 4549 constituentem
3219 4488 3401 4569 quasi
3443 4506 3557 4569 per
3596 4488 4000 4569 principium

2495 4584 2760 4647 formale
2793 4585 3210 4647 intrinsecum
3239 4605 3253 4648 :
3289 4586 3640 4667 personalis
3669 4604 3819 4649 vero
3849 4606 4004 4668 pro-

2498 4684 2730 4765 prietas
2787 4692 2885 4745 est
2943 4683 3352 4745 constitutiva
3413 4702 3716 4764 personae.
3759 4684 4004 4748 Distin-

2496 4789 2778 4861 guuntur
2838 4799 2988 4862 ergo
3050 4799 3334 4862 personae
3395 4781 3476 4843 ab
3537 4782 3811 4844 invicem
3873 4802 4002 4864 per

2497 4898 2641 4941 suas
2683 4880 3098 4960 proprietates
3140 4880 3500 4961 personales
3532 4888 3830 4961 tanquam
3875 4901 4002 4962 per

2497 4977 2790 5039 formalia
2819 4978 3245 5040 distinctionis
3278 4977 3610 5059 principia.
3645 4978 3780 5041 Non
3811 4980 4000 5042 enim

2497 5075 2623 5136 dici
2667 5084 2874 5156 potest
2913 5076 3081 5156 quod
3125 5075 3476 5137 formaliter
3516 5075 4004 5156 distinguantur

2499 5192 2612 5255 per
2635 5173 2876 5254 aliquid
2907 5173 3292 5245 absolutum,
3316 5173 3470 5254 quia
3498 5173 3618 5236 boc
3645 5192 3791 5236 cum
3820 5193 4004 5237 sum-

2500 5292 2603 5334 ma
2641 5272 3048 5353 simplicitate
3081 5272 3311 5333 divinae
3341 5272 3632 5335 essentiae
3662 5290 3788 5335 non
3817 5275 4000 5338 valet
