4359 6250
869 481 988 545 102

1533 501 1598 548 IN
1639 503 1860 548 LIBRUM
1903 503 1924 548 I
1965 503 2448 548 SENTENTIARUM.
2494 522 2576 530 —·
2616 504 2769 549 DIST.
2818 503 2963 566 xtx;
3009 504 3231 559 QUAEs'r.
3281 505 3300 548 1

867 671 1133 753 gnitudo
1173 680 1234 733 et
1273 673 1621 754 aequalitas,
1655 672 1967 755 sa‘pientia
2003 689 2259 754 quoque
2298 679 2361 733 et
2390 672 2441 735 A
2472 680 2892 735 consonanter
2922 673 3308 754 praehabitiS,
3327 681 3390 735 et
3418 672 3585 736 valet
3613 674 3782 755 quod
3812 672 3965 735 scri·

869 770 1264 849 similitud03
1317 778 1527 833 tamen
1581 771 1932 833 secundum
1990 770 2250 832 modum
2299 778 2361 831 et

868 868 1178 929 rationem
1223 868 1641 949 intelligendi,
1681 869 2050 949 magnitudo
2088 877 2183 930 est
2220 868 2360 929 fun-

869 966 1236 1028 damentum
1276 975 1339 1028 61
1369 967 1528 1029 ratio
1567 986 1678 1028 seu
1716 968 1896 1047 quasi
1934 958 2122 1028 causa
2153 986 2358 1048 aequa—

869 1064 1086 1139 litatis,
1119 1072 1183 1125 et
1213 1065 1524 1146 sapientia
1557 1084 1629 1127 ac
1664 1064 1906 1127 similes
1943 1066 2359 1147 proprietates

868 1170 1017 1224 sunt
1053 1163 1213 1225 ratio
1259 1163 1699 1225 similitudinis
1735 1181 1748 1224 :
1793 1172 2004 1225 tamen
2050 1164 2183 1227 haec
2227 1181 2359 1226 om-

868 1261 976 1321 nia
1010 1268 1156 1321 sunt
1188 1261 1405 1322 divina
1439 1262 1729 1323 essentia.
1768 1263 1982 1344 ltaque
2013 1280 2138 1323 non
2169 1262 2357 1337 valet,

869 1358 922 1419 si
969 1358 1179 1420 taliter
1227 1366 1546 1439 arguatur,
1586 1360 1929 1441 AEqualitas
1979 1368 2074 1422 est
2125 1361 2363 1441 magni-

870 1458 1044 1529 tudo,
1080 1457 1188 1519 sed
1232 1458 1601 1537 magnitudo
1642 1476 1768 1520 non
1807 1466 1902 1519 est
1939 1459 2180 1531 relati0,
2216 1477 2363 1539 ergo

871 1574 987 1617 nec
1017 1555 1378 1637 aequalitas3
1411 1564 1518 1618 aut
1548 1557 1661 1629 sic,
1697 1556 2060 1619 Similitudo
2093 1564 2188 1619 est
2218 1576 2365 1638 qua-

872 1654 1034 1727 litas,
1091 1654 1363 1735 qualitas
1417 1672 1542 1717 non
1597 1661 1692 1716 est
1744 1655 1987 1730 relati0,
2043 1674 2192 1736 ergo
2246 1674 2362 1717 nec

869 1752 1240 1814 similitudo.
1287 1754 1362 1813 Et
1407 1753 1574 1813 istud
1621 1761 1748 1813 tam
1791 1753 1856 1814 in
1895 1754 2023 1816 Deo
2061 1774 2253 1835 quam
2297 1755 2361 1815 in

871 1850 1176 1913 creaturis
1222 1851 1308 1912 ita
1349 1870 1416 1913 se
1459 1851 1649 1913 habet
1691 1870 1806 1915 suo
1850 1854 2054 1915 modo.

948 1949 1282 2010 Durandus
1314 1949 1572 2010 demum
1613 1950 1782 2010 circa
1819 1950 1952 2012 haec
1983 1951 2209 2012 asserit.
2243 1969 2256 2013 ε
2291 1951 2357 2012 111

870 2047 989 2109 1106
1041 2046 1336 2108 identitas
1398 2046 1617 2109 differt
1666 2066 1703 2108 a
1749 2047 1947 2109 simili
1997 2056 2058 2109 et
2106 2049 2357 2130 aequali,

868 2145 1038 2226 quod
1101 2144 1393 2225 quamvis
1459 2145 1805 2207 identitatis
1873 2145 2360 2208 fundamentum

868 2244 1078 2325 primo
1122 2252 1184 2304 61
1227 2242 1666 2325 principaliter
1709 2243 1790 2305 sit
1833 2244 2207 2318 substantia,
2253 2264 2361 2327 po-

869 2350 991 2404 test
1030 2349 1242 2403 tamen
1281 2360 1421 2403 esse
1461 2360 1560 2403 res
1602 2342 2066 2424 cujuscumque
2100 2344 2361 2406 alterius

867 2441 1117 2521 generis
1179 2459 1192 2501 :
1253 2441 1787 2522 quemadmodum
1847 2442 2017 2503 enim
2077 2443 2360 2505 Socrates

869 2541 1038 2602 idem
1098 2546 1192 2601 est
1249 2539 1374 2601 sibi
1432 2540 1577 2621 ipsi,
1633 2540 1718 2601 ita
1772 2540 1999 2604 albedo
2049 2549 2112 2602 et
2171 2542 2355 2604 linea.

869 2638 1364 2700 Fundamentum
1391 2647 1602 2701 autem
1631 2638 2060 2701 similitudinis
2091 2647 2187 2702 est
2216 2660 2363 2721 qua-

868 2736 1034 2811 litas,
1067 2744 1129 2798 et
1159 2737 1476 2817 quantitas
1507 2738 1907 2818 aequalitatiS,
1937 2745 2216 2801 attamen
2245 2740 2363 2801 dif-

867 2833 1146 2897 ferenter
1189 2852 1203 2897 :
1248 2836 1399 2916 quia
1446 2836 1523 2897 ad
1574 2836 2064 2899 similitudinem
2113 2838 2359 2899 sufficit

870 2932 1270 3014 participatio
1309 2934 1598 3013 ejusdem
1640 2934 1961 3015 qualitatis
2006 2936 2359 2998 secundum

2474 769 2567 831 bit
2598 789 2712 852 pro
2742 772 3162 835 declaratione
3192 772 3583 853 acutiorique
3612 771 3967 853 intelligen-

2472 869 2561 930 tia
2590 869 3056 949 praedictorum.
3092 871 3322 945 Primo,
3356 870 3585 951 inquit,
3612 870 3965 933 videndum

2472 976 2567 1029 est
2606 968 2710 1029 hic
2750 969 2827 1030 de
2866 970 3223 1049 aequalitate
3253 969 3509 1050 proprie
3549 977 3822 1051 sumpta.
3858 971 3967 1033 Se-

2474 1066 2703 1140 cund0‚
2738 1067 2814 1128 de
2858 1066 2994 1149 ipsa
3024 1067 3403 1147 generaliter
3432 1076 3703 1149 sumpta.
3739 1105 3819 1114 —-
3846 1069 3967 1131 Ita-

2474 1183 2598 1245 que
2656 1164 2881 1246 quinto
2940 1166 3379 1248 Metaphysicae
3437 1166 3771 1247 distinguit
3824 1168 3967 1229 Phi-

2476 1263 2775 1343 losophus
2835 1271 2963 1325 tres
3022 1264 3359 1326 relationes
3422 1263 3713 1327 fundat-as
3772 1286 3968 1347 super

2474 1381 2695 1433 unum,
2733 1361 3026 1424 videlicet
3069 1364 3265 1433 idem,
3306 1366 3553 1442 oequale
3592 1373 3655 1423 et
3696 1366 3909 1423 simile
3942 1386 3967 1424 .·

2473 1479 2614 1541 quae
2655 1459 3001 1542 (loquendo
3044 1459 3259 1521 stricte
3309 1468 3369 1522 et
3414 1461 3697 1542 proprie)
3738 1480 3966 1543 appro-

2473 1558 2757 1638 priantur
2786 1558 3104 1620 distinctis
3134 1558 3471 1639 generibus
3500 1559 3684 1634 entis,
3702 1568 3768 1621 ut
3796 1560 3970 1623 iden-

2472 1657 2618 1718 titas
2650 1656 3040 1729 substantiae,
3060 1656 3386 1737 aequalitas
3418 1658 3777 1738 quantitati,
3796 1658 3971 1720 simi-

2475 1755 2676 1818 litudo
2705 1755 3015 1837 qualitati.
3038 1755 3108 1817 Et
3144 1755 3354 1818 forsan
3387 1756 3679 1819 similiter
3708 1767 3970 1839 possent

2398 1855 2445 1917 B
2474 1854 2613 1915 aliae
2652 1854 2986 1916 relationes
3032 1854 3281 1916 fundari
3325 1874 3518 1937 super
3556 1856 3831 1918 rationes
3869 1876 3973 1937 ge-

2473 1969 2699 2013 nerum
2745 1951 3037 2025 aliorum,
3082 1960 3152 2013 ut
3195 1953 3817 2033 proportionabilitas
3862 1974 3967 2016 su-

2474 2068 2588 2131 per
2625 2050 2996 2112 relationem
3042 2051 3310 2112 duarum
3353 2052 3853 2133 proportionum.
3892 2054 3971 2115 Et

2473 2148 2593 2209 hoc
2652 2148 2905 2210 videtur
2955 2148 3281 2210 Avicenna
3336 2148 3547 2211 dicere
3606 2151 3830 2213 saltem
3887 2152 3971 2214 de

2474 2246 2679 2308 tribus
2710 2246 2809 2308 his
2850 2246 3265 2309 relationibus
3302 2248 3775 2320 communibuS‚
3809 2268 3971 2331 quas

2472 2364 2769 2427 expresse
2828 2344 3005 2426 ponit
3061 2344 3498 2426 Philosophus,
3552 2346 3707 2409 Dico
3754 2356 3969 2410 tamen

2473 2444 2642 2523 quod
2704 2442 3190 2505 fundamentum
3257 2444 3636 2506 relationum
3699 2445 3969 2508 istarum

2473 2549 2811 2615 remotum,
2883 2550 2978 2603 est
3044 2561 3145 2603 res
3214 2542 3387 2605 illius
3455 2544 3727 2624 generiS,
3786 2554 3967 2626 puta,

2472 2640 2851 2721 aequalitatis
2902 2639 3391 2703 fundamentum
3442 2649 3537 2703 est
3588 2661 3688 2705 res
3737 2644 3815 2705 (16
3862 2662 3971 2725 ge-

2472 2758 2623 2801 nere
2673 2736 3066 2819 quantitatiS,
3115 2744 3175 2800 et
3226 2738 3691 2815 similitudiniS‚
3738 2760 3839 2803 res
3888 2743 3973 2805 de

2471 2855 2701 2918 genere
2733 2837 3075 2917 qualitatiS,
3109 2846 3172 2899 et
3205 2838 3551 2901 identitatis
3590 2839 3971 2904 fundamen-

2472 2944 2631 3009 tum,
2666 2954 2765 2997 res
2796 2936 2873 2997 de
2904 2953 3133 3015 genere
3176 2936 3565 3000 substantiae.
3602 2939 3971 3002 Proximum

866 3032 1185 3114 speciem;
1226 3033 1304 3094 ad
1343 3031 1768 3114 aequalitatem
1810 3051 1961 3096 vero
2003 3052 2132 3097 non
2176 3033 2359 3097 suffi-
2398 3031 2440 3094 C
2473 3041 2683 3096 tamen
2744 3034 3232 3096 fundamentum
3289 3054 3401 3097 seu
3462 3038 3620 3099 ratio
3679 3038 3975 3119 proxima

867 3131 955 3192 cit
986 3131 1387 3213 participatio
1416 3132 1787 3213 quantitatis
1817 3133 2104 3213 ejusdem
2136 3153 2360 3196 secun-

867 3229 1022 3291 dum
1053 3228 1333 3310 speciem
1362 3229 1628 3310 (alioqui
1667 3248 1888 3293 omnes
1929 3232 2111 3295 lineae
2150 3242 2363 3296 essent

868 3328 1163 3408 aequaleS‚
1215 3347 1415 3410 quum
1476 3329 1664 3390 unius
1723 3329 1851 3391 sint
1907 3332 2194 3412 speciei),
2251 3332 2361 3394 sed

869 3425 1216 3507 requiritur
1262 3427 1430 3508 quod
1488 3443 1614 3488 non
1674 3428 2092 3509 participetur
2139 3448 2362 3492 secun-

869 3525 1022 3587 dum
1065 3524 1271 3605 majus
1312 3532 1374 3586 et
1418 3525 1650 3587 minus.
1685 3526 1989 3588 Praeterea
2031 3529 2361 3590 adverten-

869 3624 1044 3698 dum,
1066 3624 1233 3704 quod
1265 3623 1558 3704 quamvis
1588 3625 1914 3705 aequalitas
1946 3645 2140 3706 penes
2172 3647 2364 3708 quan-

868 3722 1113 3784 titatem
1178 3722 1362 3785 molis
1429 3723 1824 3785 considerata
1894 3742 2020 3786 non
2083 3726 2363 3807 requirat

867 3821 1356 3883 similitudinem
1398 3840 1516 3884 nec
1557 3829 1815 3885 econtra
1854 3822 2148 3904 (possunt
2190 3825 2361 3886 enim

869 3920 1142 4001 aequales
1194 3919 1576 4000 quantitates
1631 3939 1768 3982 esse
1817 3921 2161 3984 dissimiles
2211 3942 2362 4003 qua—

870 4017 1093 4096 litate),
1154 4024 1365 4080 tamen
1433 4017 1823 4099 ubicumque
1885 4028 1978 4080 est
2037 4021 2362 4101 aequalitas

871 4117 1224 4178 secundum
1260 4115 1762 4196 magnitudinem
1793 4117 2047 4179 virtutis
2086 4136 2199 4180 seu
2232 4138 2365 4200 per-

2472 3134 2868 3196 fundamenti
2902 3134 3281 3195 relationum
3314 3135 3601 3209 istarum,
3626 3145 3723 3199 est
3758 3138 3974 3200 unitas

2472 3233 2615 3294 talis
2660 3233 2772 3295 rei.
2807 3232 2963 3294 Nam
3008 3253 3201 3314 super
3240 3252 3375 3296 rem
3422 3235 3564 3297 talis
3608 3236 3859 3316 generis
3900 3246 3975 3299 ut

2473 3331 2723 3393 diversa
2762 3339 2877 3406 est,
2916 3331 3265 3393 fundantur
3309 3333 3645 3396 relationes
3689 3334 3976 3417 dispara-

2474 3437 2551 3492 tae
2594 3437 2656 3490 et
2704 3448 2831 3491 non
2875 3447 3268 3493 communes.
3305 3431 3447 3494 Haec
3491 3433 3569 3494 (16
3612 3432 3975 3515 aequalitate

2472 3528 2731 3609 proprie
2782 3536 3054 3610 sumpta.
3103 3564 3185 3572 —
3234 3529 3424 3592 Porro
3474 3531 3551 3592 (16
3611 3518 3975 3613 aequalitate

2473 3627 2852 3707 generaliter
2900 3632 3157 3707 sumpta
3200 3627 3365 3701 dice,
3400 3628 3568 3708 quod
3620 3629 3977 3710 quodcum-

2474 3743 2599 3806 que
2642 3743 2754 3786 ens
2796 3733 2859 3786 et
2900 3732 2995 3786 est
3039 3724 3106 3786 in
3150 3743 3217 3786 56
3261 3725 3526 3808 aliquid,
3564 3735 3628 3788 et
3669 3727 3859 3790 habet
3902 3729 3975 3792 in

2474 3841 2542 3884 se
2582 3823 2861 3904 aliquem
2902 3822 3395 3886 determinat-um
3436 3826 3701 3905 gradum
3750 3825 3812 3887 in
3858 3846 3975 3888 en-

2476 3920 2669 3994 tibus,
2722 3928 2784 3983 et
2832 3927 2927 3982 est
2977 3921 3181 3983 forma
3230 3921 3329 3984 vel
3380 3922 3621 3984 habens
3672 3924 3971 3987 formam.

2474 4018 2715 4081 Idcirco
2747 4018 3098 4100 comparari
3143 4026 3348 4100 potest
3388 4019 3745 4101 tripliciter,
3778 4030 3977 4104 atque

2473 4118 2825 4179 secundum
2858 4117 2977 4179 hoc
3019 4125 3225 4198 potest
3265 4137 3459 4200 super
3490 4119 3699 4201 ipsum
3736 4120 3977 4203 triplex

869 4212 1187 4286 fectioniS‚
1219 4213 1307 4274 ibi
1338 4213 1663 4294 aequalitas
1695 4216 2051 4278 necessario
2083 4235 2362 4299 praesup-
2394 4221 2443 4282 D
2476 4215 2728 4278 fundari
2762 4215 2983 4278 relatio
3023 4217 3451 4278 communiter
3480 4227 3735 4299 sumpta
3767 4236 3782 4280 :
3816 4219 3981 4300 quia

872 4311 1052 4392 ponit
1095 4310 1605 4384 similitudinem,
1650 4319 1713 4373 et
1761 4313 1936 4374 addit
1982 4333 2174 4396 super
2222 4335 2361 4378 eam

869 4409 1099 4491 gradus
1139 4409 1494 4491 paritatem,
1530 4429 1640 4471 seu
1683 4411 1893 4492 potius
1938 4411 2363 4492 privationem

870 4527 1167 4570 excessus
1215 4515 1278 4569 et
1325 4507 1628 4569 defectus
1680 4543 1759 4553 —
1809 4509 1982 4570 Unde
2033 4510 2166 4572 haec
2216 4511 2357 4584 tria,

869 4605 1218 4688 aequalitaS,
1238 4606 1613 4680 similitudo,
1635 4607 2008 4689 adaequatio,
2030 4627 2096 4670 56
2127 4607 2361 4672 habent

870 4724 985 4787 per
1007 4705 1315 4768 ordinem.
1336 4705 1680 4786 AEqualitas
1711 4705 1948 4767 etenim
1972 4705 2146 4767 addit
2169 4726 2362 4789 supra

869 4803 1360 4866 similitudinem
1411 4803 1832 4884 privationem
1879 4803 2257 4866 intensionis
2299 4814 2362 4866 61

867 4900 1264 4964 remissionis
1285 4917 1298 4962 :
1319 4919 1466 4962 nam
1497 4900 1826 4981 aequaliter
1853 4900 1996 4963 alba
2026 4910 2195 4976 sunt,
2221 4923 2361 4985 quae

868 5000 1254 5082 participant
1293 4998 1654 5062 albedinem
1697 5017 1823 5062 non
1865 5001 2064 5081 magis
2103 5009 2214 5062 aut
2245 5002 2361 5063 mi—

867 5118 1007 5161 nus,
1042 5097 1410 5179 Adaequatio
1453 5105 1664 5159 autem
1706 5097 1879 5159 addit
1923 5117 2117 5179 super
2154 5119 2360 5180 aequa-

869 5197 1109 5259 litatem
1153 5195 1595 5259 imitationem.
1644 5195 1788 5258 Haec
1832 5196 2185 5258 DuranduS.

948 5297 1252 5359 Praeterea
1293 5295 1515 5359 Scotus
1557 5295 1726 5357 circa
1767 5295 1901 5358 haec
1943 5296 2166 5358 scribit
2210 5297 2361 5358 satis

2474 4315 2770 4376 identitas
2812 4313 3116 4376 fundatur
3146 4333 3339 4396 super
3370 4315 3816 4398 quodcumque
3850 4336 3980 4380 ens

2474 4413 2539 4474 in
2589 4420 2899 4494 quantum
2950 4420 3045 4474 est
3096 4414 3301 4492 φάτω
3348 4414 3671 4494 aequalitas
3719 4413 3817 4477 vel
3874 4416 3979 4477 in—

2474 4510 2817 4591 aequalitas,
2837 4529 3029 4592 super
3058 4511 3507 4593 quodcumque
3538 4531 3651 4573 ens
3683 4513 3747 4574 in
3776 4532 3988 4594 quan-

2476 4618 2612 4671 tum
2643 4608 2834 4670 habet
2873 4608 3377 4689 magnitudinem
3417 4629 3529 4671 seu
3560 4611 3822 4691 gradum
3852 4611 3979 4674 ali-

2474 4726 2666 4788 quem
2714 4705 3145 4789 perfectionis‚
3184 4725 3326 4788 quae
3370 4707 3605 4768 dicitur
3646 4709 3979 4788 quantitas

2474 4805 2765 4884 virtutis3
2807 4804 3161 4866 similitudo
3205 4822 3354 4866 vero
3404 4824 3515 4866 seu
3566 4805 3981 4870 dissimilitu-

2472 4904 2573 4976 do,
2628 4921 2820 4984 super
2869 4901 3316 4983 quodcumque
3376 4921 3489 4965 ens
3540 4902 3605 4964 in
3656 4912 3979 4985 quantum

2472 5009 2567 5062 est
2598 5005 2790 5080 quale
2819 5001 3135 5083 quoddam
3166 5001 3522 5063 essentiale.
3551 5001 3711 5063 Hinc
3740 5003 3983 5084 quinto

2472 5099 2913 5180 Metaphysicae
2962 5099 3049 5160 ait
3098 5098 3539 5180 PhilosophuS,
3578 5100 3746 5182 quod
3798 5120 3981 5166 unus

2476 5199 2699 5260 modus
2743 5197 3065 5279 qualitatis
3114 5205 3210 5260 651
3258 5197 3623 5260 differentia
3672 5197 3981 5264 substan-

2474 5297 2595 5369 tiae,
2626 5296 2688 5358 id
2720 5303 2814 5356 est
2846 5295 3211 5358 differentia
3240 5295 3715 5360 substantialis:
3740 5297 3977 5380 sicque
