4359 6250
904 488 990 532 AN
1030 486 1285 532 cAnms
1327 486 1420 532 su·
1463 486 1674 550 vln‘rus
1717 485 1976 540 canna,
2008 485 2122 528 vm„
2163 484 2419 530 1rsmffl‘r
2460 485 2726 530 srmrrus
2770 484 3035 530 sacrus
3412 463 3511 526 ·17

417 651 538 713 nisi
569 653 684 735 qui
717 672 866 717 cum
898 656 1208 738 sapientia
1238 655 1567 718 inhabitat.
1599 656 1760 738 Ergo
1791 673 1908 717 nec
1942 653 1992 717 Α
2027 655 2091 716 in
2133 653 2683 736 imperfectionem
2724 654 2961 717 summi
3000 661 3064 715 et
3101 652 3293 735 primi
3329 669 3516 733 agen-

415 748 696 832 aliquem
743 753 954 835 diligit
1003 755 1126 816 nisi
1169 755 1280 835 qui
1327 754 1652 817 caritatem
1697 754 1906 816 habet.

417 847 676 920 Rursu8‚
711 852 824 933 qui
855 853 1184 914 caritatem
1225 871 1354 915 non
1396 853 1606 926 habet,
1643 854 1706 914 in
1744 860 1909 914 statu

413 946 706 1009 consistit
763 949 1242 1029 damnationis;
1305 959 1370 1012 et
1427 951 1480 1012 si
1539 951 1622 1012 sit
1679 949 1910 1014 adultae

413 1045 637 1118 aetatis,
691 1047 758 1107 in
810 1048 1059 1111 mortali
1119 1057 1214 1110 est
1275 1047 1462 1130 culpa
1518 1067 1532 1110 ε
1585 1067 1712 1111 non
1760 1066 1910 1130 ergo

413 1160 599 1205 carus
647 1152 745 1206 est
792 1146 940 1208 Deo,
985 1182 1066 1191 —
1109 1147 1344 1209 Verum
1391 1148 1469 1209 ad
1519 1148 1654 1210 haec
1703 1155 1910 1229 potest

412 1242 558 1322 quis
587 1242 822 1318 dicere,
840 1245 1013 1326 quod
1042 1246 1274 1327 aliquis
1305 1246 1647 1327 dupliciter
1676 1246 1911 1308 dicitur

413 1337 544 1400 Deo
589 1349 914 1423 acceptus,
959 1362 1142 1405 carus
1181 1345 1318 1406 sive
1363 1344 1654 1418 dilectus,
1691 1351 1907 1426 utpote

413 1439 770 1500 secundum
811 1449 1188 1520 praesentem
1225 1441 1563 1522 justitiam,
1596 1451 1658 1503 et
1689 1461 1910 1504 secun-

413 1535 568 1596 dum
613 1537 1234 1618 praedestinationem
1279 1548 1602 1614 aeternam,
1635 1549 1697 1602 et
1739 1541 1908 1622 quod

411 1633 770 1696 secundum
801 1636 1425 1717 praedestinationem
1467 1647 1766 1700 aeternam
1800 1638 1910 1699 ali-

412 1732 560 1813 quis
619 1732 862 1796 electus
925 1736 1250 1798 caritatem
1312 1753 1442 1798 non
1504 1736 1766 1812 habenS,
1827 1737 1910 1798 sit

413 1829 542 1892 Deo
582 1830 876 1895 dilectus

489 2027 584 2089 Ad
618 2029 902 2110 primum
943 2046 1090 2111 ergo
1129 2030 1494 2104 dicendum,
1528 2031 1696 2112 quod
1738 2051 1909 2094 nunc

411 2125 566 2187 satis
615 2136 946 2190 ostensum
996 2135 1092 2190 est
1139 2128 1292 2210 quid
1341 2129 1418 2190 ad
1469 2130 1908 2192 auctoritatem

409 2223 690 2304 Magistri
743 2227 810 2287 in
860 2226 979 2288 hac
1023 2233 1202 2308 parte
1244 2227 1327 2288 sit
1371 2227 1905 2308 respondendum.

410 2322 506 2383 Ad
535 2323 948 2385 auctoritates
981 2342 1129 2386 vero
1157 2325 1494 2406 Augustini
1535 2321 1813 2387 Thomas
1845 2326 1912 2386 in

411 2420 694 2482 secunda
724 2423 1020 2484 secundae
1048 2424 1409 2505 respondet,
1444 2424 1792 2505 quaestione
1824 2423 1914 2484 vi-

412 2519 652 2578 cesima
682 2519 871 2580 tertia
904 2536 919 2580 ε
955 2520 1180 2582 Divina
1216 2522 1493 2584 essentia
1531 2521 1760 2583 caritas
1791 2529 1906 2594 est,

411 2615 580 2676 sicut
629 2623 694 2678 et
742 2616 1057 2698 sapientia
1103 2637 1176 2680 ac
1228 2618 1495 2681 bonitas
1550 2619 1696 2682 Ideo
1746 2619 1913 2680 sicut

409 2712 694 2775 dicimur
741 2713 895 2776 boni
945 2714 1224 2778 bonitate
1272 2736 1414 2799 quae
1465 2717 1630 2779 Deus
1680 2725 1796 2790 est,
1848 2724 1912 2777 et

409 2812 732 2892 sapientes
765 2812 1080 2894 sapientia
1103 2832 1246 2894 quae
1273 2822 1370 2876 est
1399 2815 1585 2888 DeuS,
1605 2815 1907 2896 quoniam

408 2909 666 2972 bonitas
706 2918 771 2972 et
808 2911 1121 2994 sapientia
1155 2912 1391 2994 quibus
1421 2912 1774 2975 formaliter
1804 2913 1911 2976 bo-

2022 753 2124 827 tis,
2160 754 2329 834 quod
2372 755 2691 815 interdum
2733 754 2861 834 agit
2901 771 3014 834 per
3053 746 3280 813 media.
3316 784 3393 796 —
3420 749 3515 811 Ad

2021 852 2281 913 tertium
2334 852 2869 932 respondendum,
2918 850 3087 932 quod
3139 850 3305 911 sicut
3352 848 3514 909 Deus

2021 950 2388 1012 immediate
2436 951 2733 1031 produxit
2778 967 2992 1011 rerum
3036 954 3291 1010 naturas
3338 953 3517 1008 natu-

2019 1048 2277 1129 raleque
2308 1065 2469 1121 esse,
2504 1049 2595 1110 sic
2626 1048 2819 1109 etiam
2852 1047 2986 1128 ipse
3016 1054 3113 1108 est
3148 1045 3514 1107 immediata

2020 1165 2210 1208 causa
2258 1154 2321 1207 et
2370 1155 2615 1208 creator
2662 1146 2941 1208 caritatis
2989 1153 3051 1206 et
3099 1144 3355 1225 gratiae3
3402 1143 3513 1204 sed

2021 1243 2379 1306 meritorios
2428 1251 2606 1305 actus
2666 1251 2882 1305 causat
2931 1261 3046 1324 per
3102 1241 3511 1303 intermedius

2019 1342 2298 1415 habituS,
2344 1359 2471 1404 non
2520 1361 2597 1403 ex
2648 1340 2996 1422 indigentia
3044 1358 3179 1414 sua,
3226 1340 3337 1401 sed
3396 1339 3513 1400 sic-

2019 1449 2088 1502 ut
2125 1441 2257 1522 jam
2297 1441 2541 1502 dictum
2581 1448 2697 1512 est,
2741 1439 3279 1521 quemadmodum
3318 1437 3511 1499 etiam

2022 1540 2222 1601 multa
2252 1539 2564 1601 naturalia
2595 1538 2891 1619 producit
2926 1537 3179 1599 assidue
3223 1554 3337 1618 per
3370 1554 3513 1598 cau-

2020 1657 2120 1699 sas
2152 1638 2484 1709 secundaS,
2520 1636 2872 1698 secundum
2908 1635 3387 1697 condecentiam
3418 1653 3513 1696 or-

2021 1736 2189 1798 dinis
2244 1753 2480 1810 rerum,
2534 1754 2675 1817 quae
2733 1743 2945 1796 tamen
3005 1752 3119 1815 per
3174 1752 3242 1795 se
3300 1734 3512 1814 ipsum

1946 1837 1992 1899 B
2025 1842 2238 1914 posset
2288 1833 2656 1915 producere.
2714 1832 2789 1893 Et
2838 1832 3003 1893 sicut
3059 1831 3149 1892 ait
3194 1831 3511 1905 AlbertuS,

2023 1932 2227 2014 Opera
2257 1931 2665 1994 recreationis
2694 1939 2757 1992 et
2784 1930 3002 2012 gratiae
3032 1929 3405 1992 ordinantur
3434 1930 3512 1991 ad

2023 2029 2223 2092 finem
2264 2029 2707 2092 sublimiorem
2747 2046 2937 2109 quam
2984 2044 3179 2108 opera
3221 2035 3461 2090 naturae
3496 2044 3511 2088 :

2022 2129 2261 2190 idcirco
2302 2128 2484 2208 plura
2522 2127 2937 2208 requiruntur
2972 2127 3039 2188 in
3080 2125 3229 2200 illis,
3262 2145 3379 2187 nec
3409 2143 3517 2206 po-

2022 2234 2142 2287 test
2194 2226 2259 2287 in
2308 2224 2611 2287 omnibus
2658 2243 2795 2286 esse
2846 2223 3191 2287 conformis
3240 2224 3394 2286 ordo
3439 2242 3512 2285 ac

2024 2325 2250 2385 modus
2290 2323 2536 2404 agendi.
2570 2359 2651 2368 —
2678 2323 2773 2384 Ad
2807 2331 3103 2404 quartum
3144 2323 3508 2394 dicendum,

2022 2422 2192 2503 quod
2244 2422 2352 2484 illa
2400 2422 2753 2483 similitudo
2801 2438 2927 2483 non
2978 2429 3149 2482 tenet
3199 2422 3263 2482 in
3312 2421 3515 2482 omni-

2023 2520 2164 2594 buS‚
2219 2520 2520 2602 quoniam
2575 2520 2740 2581 Deus
2787 2527 2883 2580 est
2938 2519 3067 2580 vita
3122 2520 3350 2582 animae
3399 2537 3514 2600 per

2023 2619 2284 2681 modum
2317 2637 2521 2681 causae
2550 2617 2931 2696 efficientis3
2963 2618 3175 2679 anima
3205 2635 3356 2679 vero
3384 2618 3515 2679 vita

2022 2726 2118 2779 est
2167 2717 2451 2798 corporis
2497 2724 2801 2798 tanquam
2852 2735 3041 2778 causa
3088 2715 3374 2778 formalis
3424 2715 3517 2777 in-

2022 2816 2318 2890 trinseca,
2352 2814 2915 2896 substantialisque
2947 2833 3092 2895 pars
3122 2813 3316 2875 totius
3348 2830 3517 2877 com-

2024 2913 2235 2994 positi.

409 3007 478 3068 ni
525 3027 750 3070 sumus
800 3028 875 3071 ac
925 3011 1242 3092 sapientes
1288 3011 1720 3085 consistimus,
1763 3019 1912 3072 sunt
1942 3013 1986 3076 C
2102 3012 2196 3073 Ad
2247 3013 2544 3093 quintum
2592 3011 2957 3084 dicendum,
3000 3010 3169 3091 quod
3218 3017 3514 3090 praestan-

408 3106 704 3186 quaedam
733 3107 1251 3191 participationes
1283 3109 1578 3173 increatae
1609 3108 1910 3172 bonitatis

407 3222 484 3265 ac
533 3206 909 3286 sapientiae3
962 3208 1052 3269 sic
1103 3208 1351 3281 caritas,
1394 3227 1522 3289 qua
1558 3207 1912 3270 formaliter

409 3302 612 3364 Deum
657 3305 1152 3387 proximumque
1191 3305 1541 3386 diligimuS,
1577 3306 1910 3387 participa-

407 3401 500 3463 tio
544 3410 644 3463 est
686 3404 968 3466 caritatis
1006 3404 1256 3467 divinae.
1303 3404 1546 3467 Idcirco
1587 3404 1907 3466 interdum

405 3500 504 3561 sic
557 3499 840 3582 loquitur
885 3501 1295 3583 Augustinus.
1340 3503 1456 3565 Hic
1493 3502 1732 3564 etenim
1781 3520 1908 3565 mo-

405 3598 529 3661 dus
581 3598 883 3680 loquendi
932 3599 1234 3681 frequens
1283 3609 1380 3662 est
1427 3600 1596 3682 apud
1640 3600 1906 3663 Platoni-

405 3713 540 3771 οοε,
582 3714 860 3779 quorum
896 3698 1202 3760 doctrinis
1239 3699 1633 3780 Augustinus
1674 3698 1799 3760 fuit
1840 3700 1902 3761 in

407 3795 687 3858 naturali
735 3796 1141 3879 philosophia
1189 3797 1492 3859 imbutus.
1547 3798 1722 3871 Quod
1771 3798 1908 3879 qui-

407 3893 560 3955 dam
594 3910 722 3957 non
752 3895 1172 3971 attendenteS,
1205 3904 1620 3978 sumpserunt
1655 3915 1734 3958 ex
1774 3915 1908 3958 ver-

411 3991 514 4053 bis
563 3992 902 4073 Augustini
951 3994 1350 4057 occasionem
1395 3994 1645 4058 erroriS.
1687 4030 1768 4040 —
1811 3996 1906 4057 Ad

409 4091 772 4152 secundum
830 4091 1126 4154 Albertus
1195 4101 1258 4154 et
1315 4093 1754 4156 Bonaventura
1817 4112 1910 4155 re—

2023 3109 2255 3173 tissimi
2285 3117 2463 3172 actus
2496 3108 2587 3171 illi
2617 3108 3055 3191 attribuuntur
3095 3108 3340 3171 caritati
3382 3116 3515 3171 tan-

2021 3226 2215 3289 quam
2264 3226 2469 3269 causae
2511 3206 2901 3270 secundariae
2943 3214 3007 3268 et
3050 3214 3275 3269 creatae
3316 3213 3507 3288 atque

2020 3307 2295 3387 quodam
2330 3306 2515 3368 modo
2544 3305 3035 3379 instrumentali,
3069 3312 3133 3367 et
3173 3306 3338 3367 sicut
3368 3324 3511 3367 cau-

2019 3425 2104 3467 sae
2153 3404 2405 3467 formali
2464 3403 2844 3478 intrinsecae,
2897 3422 3023 3466 non
3082 3404 3249 3465 sicut
3305 3422 3510 3466 causae

2019 3503 2241 3584 primae
2270 3520 2343 3563 ac
2375 3502 2733 3583 principali.
2769 3501 2862 3564 Ad
2895 3503 2958 3563 id
2989 3520 3139 3564 vero
3170 3502 3341 3584 quod
3375 3511 3509 3564 tan-

2016 3601 2209 3682 gitur,
2229 3600 2397 3682 quod
2428 3600 2653 3663 caritas
2683 3600 2938 3662 videtur
2968 3619 3104 3662 esse
3135 3600 3509 3681 dignissima

2020 3707 2309 3760 creatura
2352 3706 2415 3759 et
2462 3698 2635 3760 omni
2688 3707 2898 3760 mente
2947 3706 3154 3760 creata
3213 3705 3511 3780 praestan-

2020 3797 2162 3871 tior,
2197 3796 2475 3859 breviter
2503 3797 2667 3870 dico,
2693 3797 2863 3878 quod
2896 3796 2961 3857 in
2992 3796 3233 3858 ratione
3262 3795 3506 3869 formae,

2021 3894 2480 3957 intellectuales
2524 3895 2913 3968 substantiae,
2952 3903 3015 3956 et
3058 3903 3267 3957 cetera
3309 3893 3514 3975 perfe-

2021 4002 2120 4055 cte
2152 4012 2267 4076 per
2300 4012 2367 4055 se
2402 3993 2833 4067 subsistentia,
2864 3994 3329 4075 praestantiores
3364 4000 3514 4055 sunt

2021 4093 2301 4167 caritate,
2355 4092 2892 4174 quemadmodum
2951 4091 3305 4154 substantia
3350 4091 3513 4154 acci-

411 4188 752 4270 spondent,
795 4190 967 4271 quod
1014 4209 1205 4271 agens
1253 4191 1390 4252 sine
1434 4191 1645 4253 medio
1688 4198 1752 4253 et
1795 4210 1908 4272 per
1938 4198 1989 4260 D
2020 4193 2245 4271 dente3
2288 4209 2415 4254 non
2464 4202 2677 4253 autem
2728 4192 2791 4253 in
2842 4192 3083 4254 ratione
3132 4192 3306 4265 finis,
3360 4192 3511 4273 quia

410 4305 504 4360 se,
557 4286 882 4368 perfectus
939 4296 1036 4350 est
1082 4296 1393 4369 quantum
1454 4298 1550 4351 est
1600 4308 1677 4350 ex
1729 4296 1907 4370 parte

408 4385 678 4467 agentis.
715 4386 890 4458 Quod
929 4394 1141 4448 autem
1174 4388 1448 4470 Spiritus
1480 4388 1745 4451 Sanctus
1779 4405 1908 4451 mo·

409 4492 519 4547 vet
547 4483 942 4547 voluntatem
984 4504 1098 4567 per
1135 4485 1586 4548 intermedium
1617 4486 1906 4548 habitum

410 4582 719 4655 caritatiS,
753 4600 880 4645 non
918 4590 1016 4645 est
1055 4602 1131 4646 ex
1171 4582 1676 4665 imperfectione,
1710 4584 1910 4667 impo-

407 4681 614 4742 tentia
661 4700 776 4743 seu
825 4681 1176 4763 indigentia
1214 4682 1488 4765 Spiritus
1529 4682 1762 4757 Sancti,
1797 4684 1908 4745 sed

408 4779 760 4841 voluntatis
802 4788 1048 4853 creatae,
1091 4800 1232 4862 quae
1281 4780 1523 4861 indiget
1571 4780 1798 4862 perfici
1846 4790 1910 4842 et

405 4877 616 4959 aptari
676 4877 754 4939 ad
809 4877 1252 4959 recipiendum
1300 4878 1458 4940 tanti
1509 4878 1772 4941 motoris
1821 4880 1911 4940 in-

406 4974 692 5049 fluxum,
725 4993 846 5037 nec
885 4982 1094 5057 potest
1133 4994 1272 5037 esse
1310 4976 1440 5038 Deo
1476 4984 1758 5058 accepta,
1793 4995 1911 5039 nec

411 5073 742 5136 meritorie
772 5091 960 5155 agere
989 5073 1231 5155 absque
1266 5074 1546 5137 caritate.
1582 5074 1789 5149 Quum
1820 5094 1914 5137 er-

406 5188 494 5253 go
537 5171 752 5233 media
805 5190 920 5253 per
966 5191 1108 5254 quae
1156 5173 1322 5235 Deus
1371 5173 1521 5254 agit,
1563 5192 1600 5235 a
1638 5174 1764 5236 Deo
1809 5175 1914 5236 ha-

409 5270 609 5333 beant
636 5269 954 5352 quidquid
987 5278 1136 5332 sunt
1163 5278 1226 5333 et
1255 5280 1542 5353 possunt,
1577 5289 1703 5335 non
1745 5272 1913 5335 cedit

669 5404 736 5457 Τ.
771 5404 852 5456 20.

2022 4290 2248 4353 caritas
2275 4290 2698 4373 propinquius
2738 4290 3206 4372 supernaturali
3245 4289 3512 4352 beatitu-

2019 4388 2152 4450 dini
2181 4388 2323 4451 unit
2354 4406 2369 4450 z
2402 4396 2625 4470 estque
2654 4388 2891 4451 donum
2924 4388 3423 4471 supernaturale,
3448 4396 3511 4450 et

2021 4494 2331 4569 quantum
2388 4486 2466 4548 ad
2526 4486 2668 4560 hoc,
2730 4506 2923 4568 super
2978 4487 3142 4549 dona
3198 4486 3512 4548 naturalia

2018 4583 2432 4646 eminentiam
2472 4585 2815 4666 quamdam
2858 4585 3139 4657 sortitur,
3174 4594 3245 4646 ut
3280 4585 3371 4646 ait
3411 4584 3513 4646 Al-

2021 4682 2257 4744 bertuS.
2292 4682 2467 4745 Unde
2494 4691 2558 4744 et
2588 4683 2857 4745 Thomas
2886 4681 3139 4757 fatetur,
3176 4682 3346 4765 quod
3375 4683 3508 4743 ani-

2021 4800 2124 4842 ma
2152 4780 2220 4842 in
2252 4789 2563 4861 quantum
2592 4780 2852 4843 caritate
2883 4779 3236 4862 perficitur,
3268 4781 3389 4843 hoc
3418 4785 3516 4841 est

2021 4878 2142 4941 sub
2173 4880 2415 4942 ratione
2446 4878 2887 4961 perfectibiliS‚
2920 4886 3015 4941 est
3044 4878 3512 4961 quodammodo

2023 4975 2287 5039 inferior
2327 4977 2586 5039 caritate
2629 4994 2643 5038 z
2686 4996 2829 5058 quae
2872 4976 2938 5038 in
2980 4984 3291 5057 quantum
3328 4982 3507 5036 actus

2020 5082 2212 5156 atque
2251 5074 2557 5158 perfectio
2604 5074 2948 5136 voluntatis
2996 5092 3071 5135 ac
3118 5073 3370 5146 animae,
3416 5078 3513 5156 est

2025 5191 2140 5236 suo
2171 5174 2359 5235 modo
2394 5172 2791 5255 praestantior
2818 5171 2933 5245 eiS,
2969 5179 3121 5253 puta
3158 5170 3512 5232 secundum

2025 5271 2213 5353 quid;
2241 5272 2407 5333 sicut
2436 5271 2701 5333 scientia
2732 5270 3079 5343 intellectu,
3106 5269 3169 5331 in
3202 5276 3513 5351 quantum

3235 5404 3265 5453 2
