4359 6250
788 481 909 546 358
1414 500 1477 546 m
1518 500 1740 545 uanum
1784 501 1803 544 1
1847 498 2328 544 sam-ammam.
2373 514 2454 526 —
2495 498 2647 542 ms‘r.
2693 497 2928 560 1111113
2973 497 3196 554 orma-r.
3243 499 3264 544 1

789 669 1221 732 municatione
1263 669 1497 732 divinae
1545 675 1805 740 naturae,
1851 667 1915 728 in
1965 685 2090 748 qua
2136 665 2282 728 fun·
2310 665 2361 726 A
2392 673 2569 746 parte
2600 665 2898 738 Summae,
2927 666 3274 747 quaestione
3305 666 3610 730 vicesima
3637 673 3891 740 octava,

789 768 1036 830 dantur.
1058 769 1392 850 Quumque
1423 767 1639 830 divina
1667 772 1891 828 natura
1920 765 2003 827 sit
2032 783 2281 826 summe
2393 765 2732 845 respondet
2787 763 2880 824 sic
2935 783 2948 827 :
3007 764 3370 826 Secundum
3429 764 3893 846 Philosophum
3923 783 4038 822 art.
4065 783 4092 820 a
4117 779 4180 821 ui
4201 781 4244 821 ι.

534 4624 641 4665 tom.
658 4618 764 4672 xlx,

496 4683 763 4740 maweu.

498 4748 566 4803 cs.
578 4761 619 4802 p.
632 4750 711 4791 200
720 4746 764 4789 a·

495 4822 650 4867 cupra.

788 866 1081 948 simplex,
1128 866 1441 948 quidquid
1485 865 1551 927 in
1600 883 1675 926 ea
1722 871 1838 938 est,
1884 871 1979 926 est
2030 862 2283 925 realiter

790 965 960 1027 idem
1003 983 1151 1027 cum
1197 965 1351 1048 ipsa.
1392 964 1684 1026 Attamen
1728 962 2025 1045 quoniam
2070 968 2282 1023 manet

788 1062 879 1124 ibi
911 1081 1099 1125 verus
1140 1069 1467 1145 respectus
1507 1062 1832 1143 pertinens
1871 1062 1949 1123 ad
1988 1068 2280 1121 naturam

786 1159 1132 1234 relationiS‚
1176 1180 1254 1223 ex
1304 1161 1415 1223 illo
1464 1167 1755 1241 respectu
1804 1158 2028 1221 relatio
2076 1165 2283 1239 potest

787 1258 1197 1340 distinguere,
1230 1259 1525 1340 quamvis
1568 1257 1842 1320 essentia
1888 1275 2015 1320 non
2059 1255 2281 1318 distin-

785 1364 937 1438 guat
980 1375 994 1419 ε
1038 1357 1258 1438 sicque
1307 1357 1658 1438 proprietas
1698 1363 1762 1418 et
1812 1355 2087 1418 essentia
2134 1360 2284 1415 sunt

786 1457 956 1518 idem
1000 1475 1089 1531 re,
1122 1464 1187 1518 et
1224 1455 1532 1518 differunt
1576 1455 1835 1518 ratione.
1871 1491 1951 1500 —
1979 1453 2285 1527 Quocirca

786 1555 1141 1628 sciendum,
1174 1554 1346 1635 quod
1385 1555 1542 1617 ratio
1574 1553 1916 1637 dupliciter
1954 1552 2230 1613 sumitur
2265 1568 2278 1612 :

786 1653 1019 1734 prim0,
1053 1671 1169 1734 pro
1204 1660 1349 1714 actu
1392 1653 1651 1715 rationis
1692 1651 2147 1723 ratiocinantis,
2180 1649 2282 1711 vel

790 1768 907 1833 pro
944 1751 1227 1833 potentia
1267 1771 1407 1832 quae
1449 1759 1545 1813 est
1584 1751 1774 1828 ratio;
1808 1749 2109 1822 secund0,
2144 1765 2284 1830 pro-

2391 862 2577 923 tertio
2606 861 3037 944 Physicorum,
3061 862 3522 942 Argumentum
3562 862 3682 925 hoc
3710 870 3896 924 tenet

2393 961 2457 1022 in
2507 960 2609 1022 his
2657 980 2799 1042 quae
2849 969 2996 1023 sunt
3044 961 3215 1023 idem
3267 979 3336 1023 re
3386 970 3450 1024 et
3496 962 3761 1036 ratione,
3817 969 3894 1023 ut

2393 1059 2846 1121 vestimentum
2887 1067 2949 1121 et
2980 1059 3216 1133 tunica,
3249 1077 3377 1122 non
3417 1068 3631 1122 autem
3673 1060 3741 1121 in
3781 1061 3896 1122 his

2392 1177 2534 1239 quae
2577 1156 2876 1219 distincta
2924 1164 3074 1218 sunt
3122 1157 3384 1220 ratione.
3427 1157 3599 1221 Unde
3643 1157 3894 1220 ibidem

2392 1256 2568 1328 dicit,
2601 1255 2770 1336 quod
2811 1255 3104 1336 quamvis
3141 1256 3310 1318 actio
3341 1255 3508 1317 idem
3548 1256 3631 1317 sit
3661 1255 3896 1328 motui,

2393 1353 2690 1416 similiter
2729 1354 2962 1435 passio,
2994 1370 3122 1415 non
3155 1361 3365 1415 tamen
3401 1354 3690 1437 sequitur
3717 1355 3899 1436 quod

2392 1453 2558 1514 actio
2588 1460 2652 1514 et
2682 1452 2893 1534 passio
2932 1452 3101 1514 idem
3141 1453 3270 1514 sint
3302 1470 3316 1513 ε
3351 1452 3505 1534 quia
3543 1452 3608 1514 in
3641 1452 3898 1516 actione

2396 1551 2774 1632 importatur
2823 1556 3149 1632 respectus
3193 1558 3265 1611 ut
3295 1570 3332 1612 a
3372 1568 3499 1632 quo
3540 1558 3638 1612 est
3680 1557 3898 1614 motus

2396 1649 2460 1710 in
2503 1647 2750 1721 mobili,
2786 1648 2852 1710 in
2890 1648 3184 1730 passione
3222 1666 3374 1711 vero
3415 1649 3632 1730 ut‘qui
3673 1657 3768 1710 est
3807 1649 3898 1710 ab

2393 1746 2536 1810 alio.
2582 1745 3024 1819 conformiter,
3069 1747 3362 1829 quamvis
3414 1747 3756 1828 paternitas
3805 1747 3900 1810 sit

790 1858 860 1911 ut
899 1857 995 1912 est
1038 1868 1270 1912 nomen
1314 1849 1707 1922 intentioniS,
1750 1849 1886 1910 sive
1928 1846 2282 1910 secundum
2319 1842 2366 1904 B
2397 1844 2564 1906 idem
2611 1843 2963 1906 secundum
3001 1863 3133 1906 rem
3173 1845 3344 1925 quod
3383 1846 3678 1918 essentia,
3711 1846 3898 1908 simi-

790 1948 960 2029 quod
990 1947 1313 2029 significat
1342 1947 1785 2009 definitionem
1821 1947 1935 2020 rei,
1968 1953 2157 2028 prout
2189 1964 2282 2006 ra-

789 2047 878 2109 tio
929 2053 1026 2108 est
1073 2045 1388 2120 definitio,
1436 2045 1571 2108 sive
1622 2053 1811 2126 prout
1861 2043 2018 2107 ratio
2066 2043 2283 2125 appel-

790 2145 955 2206 latur
996 2143 1477 2224 argumentatio.
1522 2144 1737 2225 Itaque
1782 2161 1978 2224 quum
2025 2141 2279 2215 dicitur,

788 2242 957 2324 quod
996 2241 1119 2304 alia
1148 2250 1245 2304 est
1275 2242 1435 2304 ratio
1470 2240 1887 2322 paternitatis,
1922 2239 2045 2302 alia
2074 2257 2284 2301 essen-

787 2341 891 2404 tiae
942 2341 1007 2402 in
1056 2339 1314 2415 divinis,
1348 2357 1477 2402 non
1524 2339 1842 2421 accipitur
1887 2337 2045 2400 ratio
2096 2344 2283 2419 prout

784 2445 881 2502 est
912 2438 977 2499 in
1024 2438 1437 2500 ratiocinante
1478 2445 1745 2511 tantum,
1778 2436 1888 2499 sed
1929 2435 2282 2498 secundum

786 2537 957 2618 quod
1005 2544 1101 2598 est
1148 2554 1379 2598 nomen
1432 2535 1803 2598 intentionis
1850 2543 1913 2596 et
1961 2533 2282 2596 definitio-

786 2654 935 2697 nem
984 2635 1075 2696 rei
1125 2633 1467 2715 significat.
1504 2634 1802 2708 Quamvis
1850 2633 2022 2695 enim
2074 2632 2137 2693 in
2190 2632 2283 2692 di-

784 2731 953 2795 vinis
983 2751 1111 2796 non
1152 2733 1351 2815 possit
1380 2752 1520 2795 esse
1561 2731 1875 2804 definitio,
1908 2749 2027 2793 nec
2056 2749 2279 2810 genuS,

787 2850 906 2892 nec
949 2829 1333 2904 differentia,
1368 2849 1487 2893 nec
1526 2829 1940 2910 compositi03
1972 2837 2186 2891 tamen
2227 2829 2282 2889 si

788 2928 1179 3011 intelligatur
1228 2928 1317 2990 ibi
1368 2928 1610 3009 aliquid
1660 2926 1940 3002 definiri,
1991 2927 2115 2988 alia
2161 2927 2283 2988 erit

2397 1943 2541 2005 liter
2584 1942 2832 2016 filiatio,
2867 1942 3070 2012 nihilo
3111 1942 3322 2004 minus
3364 1943 3431 2005 in
3481 1943 3754 2025 propriis
3797 1963 3901 2006 ra·

2393 2040 2676 2105 tionibus
2727 2041 3072 2122 important
3119 2049 3444 2122 respectus
3492 2041 3820 2124 oppositos
3877 2063 3894 2106 ε

2396 2140 2562 2202 unde
2607 2138 2861 2201 realiter
2903 2138 3401 2218 distinguuntur.

2476 2238 2790 2301 Consonat
2837 2239 3054 2300 Petrus
3093 2257 3106 2300 :
3150 2236 3603 2313 Relativorum‚
3644 2239 3894 2314 dicenS,

2393 2336 2513 2397 tria
2552 2342 2700 2396 sunt
2742 2354 2990 2415 genera.
3025 2335 3319 2408 Quaedam
3364 2344 3612 2417 ponunt
3646 2336 3896 2418 aliquid

2396 2434 2560 2496 reale
2602 2433 2670 2495 in
2710 2440 2978 2514 utroque
3018 2440 3470 2508 extremorum,
3505 2441 3577 2495 ut
3616 2435 3894 2509 amicuS,

2393 2540 2455 2594 et
2495 2531 2832 2594 relationes
2869 2531 3135 2613 originis
3179 2531 3244 2592 in
3284 2531 3557 2611 divinis3
3598 2533 3898 2614 quaedam

2394 2631 2601 2692 solum
2652 2629 3005 2691 secundum
3054 2629 3388 2702 rationem,
3431 2637 3502 2691 ut
3551 2629 3898 2693 relationes

2395 2728 2582 2809 pretii
2642 2735 2705 2788 et
2761 2727 3122 2808 appretiati,
3176 2735 3239 2789 et
3296 2727 3587 2808 ejusdem
3644 2728 3721 2789 ad
3779 2747 3895 2803 se;

2393 2829 2682 2908 quaedam
2733 2827 2964 2908 partim
3025 2827 3377 2888 secundum
3437 2846 3594 2900 rem,
3646 2827 3898 2890 scilice-t

2397 2926 2462 2987 in
2501 2943 2630 2987 uno
2676 2933 2982 2999 extremo,
3026 2925 3257 3006 partim
3305 2925 3658 2988 secundum
3703 2926 3898 2990 ratio-

786 3026 1079 3089 definitio
1121 3027 1517 3108 paternitatis
1566 3026 1815 3106 aliaque
1864 3025 2174 3087 essentiae.
2212 3025 2280 3086 In
2321 3026 2364 3089 C
2396 3043 2566 3098 nem,
2600 3032 2754 3105 puta
2794 3024 2858 3084 in
2899 3024 3118 3097 altero,
3153 3032 3223 3085 ut
3253 3023 3478 3086 scibile
3508 3032 3572 3086 et
3599 3024 3894 3088 scientia.

786 3126 1089 3189 omnibus
1116 3134 1329 3189 autem
1361 3125 1826 3187 intentionibus
1858 3125 2284 3188 communiter

788 3244 1011 3288 verum
1062 3232 1179 3300 est,
1218 3225 1390 3306 quod
1436 3242 1563 3287 non
1612 3224 1871 3286 sunt-in
1916 3222 2129 3297 rebus,
2172 3222 2283 3285 sed

787 3324 853 3386 in
906 3324 1119 3385 anima
1176 3331 1423 3385 tantum
1478 3342 1491 3387 ε
1547 3322 1783 3384 habent
1839 3331 2051 3384 tamen
2101 3321 2166 3382 in
2217 3340 2284 3382 re

786 3422 1032 3504 aliquid
1074 3422 1166 3483 eis
1212 3421 1732 3504 correspondens,
1774 3429 1926 3502 puta
1967 3428 2280 3491 naturam,

790 3521 892 3583 cui
935 3520 1293 3583 intellectus
1323 3520 1481 3583 tales
1523 3520 1905 3582 intentiones
1939 3516 2231 3580 attribuit
2265 3536 2278 3578 :

790 3620 959 3683 sicut
991 3618 1260 3681 intentio
1289 3618 1539 3699 generis
1572 3636 1699 3680 non
1730 3624 1825 3679 est
1855 3617 1921 3678 in
1952 3633 2139 3698 equo,
2173 3615 2284 3677 sed

790 3725 1017 3780 natura
1054 3716 1368 3791 animalis,
1402 3717 1507 3779 cui
1540 3735 1652 3798 per
1683 3715 2080 3778 intellectum
2117 3714 2288 3775 attri-

792 3816 1011 3878 buitur
1069 3816 1191 3878 ista
1248 3815 1535 3877 intentio.
1591 3815 1694 3877 Sic
1752 3821 1815 3876 et
1872 3814 2031 3875 ratio
2088 3831 2282 3894 quam

788 3914 1065 3976 dicimus
1102 3913 1290 3976 aliam
1322 3922 1386 3975 et
1414 3914 1603 3975 aliam
1643 3913 1706 3974 in
1739 3912 1995 3985 diviniS,
2030 3929 2157 3973 non
2188 3919 2284 3973 est

787 4014 853 4074 in
886 4014 1045 4091 Deo;
1087 4012 1198 4073 sed
1236 4020 1333 4074 est
1371 4012 1438 4073 in
1478 4030 1555 4074 eo
1594 3987 1990 4073 natura‘sive
2030 4009 2283 4071 realitas

788 4129 982 4192 super
1030 4129 1224 4192 quam
1272 4109 1595 4182 fundatur,
1639 4117 1703 4171 et
1742 4128 1820 4171 ex
1871 4115 2047 4189 parte
2098 4107 2282 4189 cujus

2395 3160 2474 3171 —-
2504 3124 2788 3206 Denique
2831 3123 3024 3204 hujus
3071 3121 3468 3186 admirabilis
3517 3124 3899 3206 simplicita-

2397 3224 2476 3285 tis
2531 3229 2593 3284 et
2653 3221 3002 3284 identitatis
3059 3240 3132 3283 ac
3191 3222 3622 3285 distinctionis
3680 3242 3900 3286 exem-

2397 3322 2574 3403 plum
2601 3320 3066 3401 aliquantulum
3098 3320 3162 3381 in
3193 3321 3655 3384 mathematicis
3683 3330 3903 3403 potest

2397 3419 2571 3501 poni,
2623 3419 2867 3481 scilicet
2919 3420 2982 3480 in
3034 3426 3292 3501 puncto,
3343 3420 3398 3481 si
3450 3428 3722 3500 ponatur
3768 3422 3902 3482 cir-

2396 3517 2579 3580 culus
2627 3525 2690 3578 et
2741 3524 3028 3579 centrum
3083 3518 3148 3578 in
3198 3516 3407 3580 medio
3459 3518 3622 3598 ejuS,
3663 3527 3726 3580 et
3775 3538 3902 3601 per

2397 3616 2556 3679 illud
2608 3616 2876 3677 ducatur
2913 3616 3220 3678 diameter
3261 3615 3342 3677 ab
3385 3636 3512 3678 una
3553 3616 3904 3679 circumfe-

2397 3715 2618 3777 rentiae
2657 3722 2834 3797 parte
2874 3714 2940 3777 in
2980 3714 3193 3789 aliam,
3225 3723 3291 3777 et
3318 3734 3356 3777 a
3386 3722 3602 3777 centro
3640 3716 3906 3778 trahan-

2396 3820 2499 3874 tur
2538 3812 2720 3875 lineae
2762 3811 3031 3874 infinitae
3072 3812 3150 3873 ad
3192 3810 3794 3885 circumferentiam,
3830 3824 3904 3876 et

2393 3912 2472 3973 ad
2533 3912 2745 3993 ipsum
2793 3911 3119 3973 terminari
3178 3910 3442 3992 angulos
3495 3911 3900 3975 diversarum

2395 4010 2828 4092 proximarum
2881 4010 3192 4071 linearum
3242 4028 3308 4071 se
3352 4010 3420 4071 in
3466 4010 3603 4091 ipso
3646 4010 3904 4073 contin-

2394 4110 2700 4189 gentium.
2752 4108 2868 4170 Hic
2923 4108 3161 4170 etenim
3214 4116 3490 4189 punctus
3543 4108 3732 4171 habet
3779 4109 3904 4172 ab·

787 4210 848 4272 ei
881 4208 1132 4271 valeant
1162 4208 1502 4271 convenire
1538 4209 1813 4270 rationes
1845 4207 2130 4280 diversae,
2165 4225 2283 4269 nec
2315 4211 2366 4272 D
2395 4207 2672 4270 solutum
2721 4226 2859 4269 esse
2908 4207 3152 4288 puncti,
3185 4208 3540 4269 secundum
3588 4208 3755 4289 quod
3791 4218 3903 4271 est

790 4307 927 4389 ipse
984 4314 1082 4369 est
1138 4306 1505 4387 hujusmodi
1567 4307 1860 4368 rationes.
1913 4305 2055 4386 (Per
2113 4305 2283 4388 quod

792 4405 983 4467 unius
1023 4404 1259 4486 objecti
1303 4412 1478 4487 patet
1518 4404 1801 4484 solutio.)
1829 4404 1973 4467 Haec
2016 4404 2285 4467 Thomas

792 4505 860 4567 in
904 4504 1170 4586 Scripto.

875 4603 962 4665 De
1002 4600 1103 4663 his
1146 4608 1360 4662 autem
1404 4618 1619 4682 supra,
1652 4620 1729 4663 ex
1772 4600 2032 4661 Summa
2069 4607 2289 4661 contra

792 4700 1063 4784 gentiles
1092 4706 1157 4761 et
1185 4718 1262 4761 ex
1294 4699 1501 4780 prima
1530 4707 1705 4780 parte
1738 4699 2035 4772 summm,
2061 4699 2286 4780 allega-

792 4809 855 4863 ta
903 4806 1052 4862 sunt
1101 4798 1318 4860 multa.
1371 4796 1613 4860 Idcirco
1662 4816 1833 4859 nunc
1882 4798 2282 4859 omittuntur.

872 4898 949 4961 Et
986 4898 1039 4960 si
1081 4897 1294 4959 taliter
1334 4904 1653 4977 arguatur,
1688 4896 1835 4969 Quae
1878 4903 2027 4957 sunt
2066 4896 2286 4958 eadem

704 5064 709 5067 ,
790 4999 903 5059 uni
954 4998 1143 5060 tertio
1192 4995 1521 5076 singulari,
1565 5002 1714 5055 sunt
1756 4994 1923 5056 idem
1976 4994 2141 5057 inter
2181 5014 2286 5073 se;

525 5254 630 5293 tom.
654 5248 761 5302 xlx,

492 5326 536 5366 p.
560 5316 633 5355 18⁸1
647 5311 695 5355 Β.

792 5095 903 5156 sed
936 5094 1352 5177 proprietates
1384 5100 1534 5156 sunt
1562 5092 1731 5155 idem
1764 5111 1911 5154 cum
1952 5092 2169 5155 divina
2197 5112 2291 5155 es-

790 5192 1014 5268 sentia,
1048 5210 1197 5274 ergo
1237 5200 1386 5254 sunt
1416 5192 1584 5253 idem
1628 5191 1791 5253 inter
1830 5210 1898 5253 se
1934 5211 1947 5254 :
1983 5192 2103 5253 hoc
2135 5210 2288 5273 quo-

791 5309 916 5372 que
948 5292 1226 5353 solutum
1257 5298 1353 5353 est
1380 5299 1545 5352 ante.
1573 5290 1651 5351 Et
1680 5290 1949 5352 Thomas
1983 5289 2048 5351 in
2080 5290 2288 5371 prima

2395 4305 2947 4387 simplicissimum
2992 4304 3146 4388 quid
3197 4304 3262 4366 in
3304 4324 3536 4386 genere
3577 4306 3904 4387 quantita-

2395 4405 2514 4483 tis;
2555 4404 2745 4466 habet
2784 4422 3037 4485 quoque
3085 4422 3224 4466 esse
3273 4404 3610 4467 relativum
3655 4404 3904 4486 princi-

2399 4504 2510 4585 pii,
2545 4502 2740 4565 medii
2781 4509 2843 4564 et
2873 4501 3048 4575 finis,
3082 4503 3436 4565 secundum
3477 4504 3902 4584 comparatio-

2396 4620 2543 4663 nem
2576 4602 2651 4663 ad
2683 4601 2950 4663 diversa.
2966 4600 3203 4663 Horum
3233 4600 3567 4681 quodlibet
3593 4608 3688 4663 est
3718 4600 3895 4665 idem

2398 4719 2544 4762 cum
2597 4706 2870 4781 puncto;
2918 4699 3094 4761 addit
3139 4708 3354 4762 tamen
3401 4699 3732 4780 quodlibet
3777 4699 3898 4763 ho-

2396 4818 2539 4861 rum
2589 4798 2911 4881 propriam
2960 4798 3272 4860 rationem
3326 4818 3339 4861 :
3388 4817 3530 4880 quae
3583 4798 3900 4880 multipli-

2397 4898 2562 4960 catio
2583 4896 2896 4960 rationum
2930 4914 3058 4960 non
3089 4895 3242 4958 facit
3272 4896 3336 4957 in
3369 4905 3607 4977 puncto
3635 4914 3901 4978 compo-

2397 4996 2717 5068 sitionem,
2751 5014 2870 5057 nec
2900 4995 3040 5075 ejus
3080 4994 3309 5056 unitati
3347 5002 3456 5057 aut
3495 4994 3895 5077 simplicitati

2398 5100 2724 5176 repugnat.
2761 5092 2839 5153 Et
2876 5093 3039 5155 alius
3082 5101 3179 5155 est
3219 5100 3397 5155 actus
3441 5092 3552 5174 qui
3593 5093 3896 5155 convenit

2397 5191 2735 5274 principio,
2795 5198 3014 5272 utpote
3073 5191 3270 5253 lineas
3332 5190 3671 5269 inchoare;
3725 5190 3894 5254 alius

2402 5290 2512 5372 qui
2559 5289 2791 5363 medio,
2833 5288 3077 5352 scilicet
3122 5288 3356 5351 lineam
3404 5289 3698 5351 diametri
3741 5306 3893 5351 con-
