4359 6250
853 485 972 550 438

854 674 1078 737 teriam
1111 693 1240 736 suae
1270 673 1622 756 operationi
1655 672 2057 746 substratam,
2086 689 2205 732 nec
2238 670 2349 730 im·
2379 669 2429 731 A
2460 668 2634 730 ciens
2694 686 2807 748 per
2864 666 3361 730 instrumentum
3419 684 3434 728 t

857 773 1126 835 mediate
1174 779 1369 853 agunt
1417 791 1531 853 per
1578 791 1757 834 suam
1805 771 2168 842 essentiam,
2221 769 2350 830 imo

857 892 974 935 nec
1007 873 1260 955 propria
1291 872 1548 946 virtute,
1571 871 1679 932 sed
1715 867 2197 952 participatione
2229 866 2351 928 vir-

855 971 1010 1032 tutis
1059 971 1313 1044 divinae‚
1366 970 1552 1050 cujus
1605 968 1856 1030 influxu
1907 975 1970 1028 et
2019 984 2349 1028 conserva-

856 1069 1027 1131 tione
1069 1077 1327 1131 manent
1367 1068 1459 1129 illi
1501 1067 1770 1129 effectus
1811 1085 1922 1127 seu
1965 1084 2183 1126 earum
2225 1083 2351 1124 ma-

856 1168 1048 1230 teriae.
1104 1168 1248 1229 Ideo
1299 1166 1468 1228 istud
1518 1171 1760 1247 spectat
1809 1164 1885 1225 ad
1934 1161 2349 1225 eminentiam

857 1273 920 1327 et
958 1265 1508 1347 omnipotentiam,
1543 1282 1668 1326 non
1709 1263 1788 1324 ad
1830 1263 2107 1343 aliquam
2155 1260 2352 1322 imbe-

858 1365 1186 1427 cillitatem
1232 1363 1454 1445 primae
1499 1382 1723 1436 causae,
1768 1361 1934 1443 quod
1980 1359 2120 1439 ejus
2162 1357 2349 1421 realis

858 1463 1193 1546 praesentia
1230 1463 1584 1524 necessaria
1621 1469 1713 1523 est
1745 1461 1820 1522 ad
1862 1459 1950 1521 rei
1991 1457 2351 1540 productio·

850 1581 1000 1624 nem
1047 1570 1109 1623 et
1152 1559 1716 1623 conservationem.

930 1661 1164 1721 Verum
1206 1659 1282 1720 de
1323 1658 1439 1720 hac
1483 1677 1548 1719 re
1584 1657 1806 1720 scribit
1837 1655 2163 1718 Udalricus
2205 1671 2346 1735 pro-

853 1756 978 1820 lixe
1027 1757 1092 1819 in
1143 1759 1404 1819 Summa
1453 1775 1586 1829 sua,
1631 1755 1793 1817 libro
1843 1754 2170 1817 secundo:
2206 1752 2348 1826 Qui-

1470 503 1536 549 IN
1575 502 1796 548 LIBRUM
1839 501 1858 546 1
1901 499 2383 548 SENTENTlARL'M.
2428 515 2509 526 --
2550 498 2702 543 msl’.
2748 497 3001 560 xxxvu3
3046 497 3269 552 QUAEST.
3318 497 3337 542 1

3496 665 3679 728 aliter
3740 666 3961 728 multae

2458 758 2698 829 naturae
2746 767 3139 828 diversarum
3190 766 3655 848 operationum,
3697 784 3817 828 nec
3862 784 3961 826 se-

2459 865 2740 927 cundum
2786 883 2925 927 esse
2969 884 3086 926 nec
3129 865 3482 927 secundum
3534 864 3959 926 conservatio-

2458 982 2605 1025 nem
2666 971 2877 1026 essent
2934 964 3063 1025 Deo
3119 963 3512 1043 conjunctae3
3562 981 3681 1024 nec
3730 981 3957 1024 verum

2458 1069 2624 1123 esset
2668 1060 2826 1123 illud
2868 1062 3149 1136 Joannis,
3193 1061 3341 1124 Sine
3385 1062 3525 1144 ipso
3574 1061 3814 1122 factum
3858 1068 3959 1122 est
3989 1075 4251 1119 amma.
4309 1129 4310 1142 χ

2458 1160 2643 1234 nihil,
2687 1161 2749 1221 id
2798 1168 2893 1222 est
2936 1160 3113 1222 nulla
3160 1167 3385 1222 natura
3434 1179 3551 1222 nec
3600 1159 3841 1242 aliquid
3888 1159 3959 1220 in

2458 1267 2682 1320 natura
2728 1259 3061 1333 exsistenS‚
3114 1267 3182 1320 ut
3230 1258 3621 1339 Augustinus
3670 1258 3955 1340 exponit.

2456 1393 2537 1402 —
2568 1359 2741 1432 Quod
2782 1358 2835 1420 si
2884 1357 3249 1439 objiciatur,
3293 1358 3461 1440 quod
3512 1375 3639 1418 una
3686 1374 3961 1418 numero

2458 1456 2743 1537 operatio
2790 1474 2917 1519 non
2972 1463 3178 1538 potest
3225 1474 3363 1517 esse
3413 1455 3681 1517 duarum
3732 1455 3961 1516 imme-

2460 1555 2773 1616 diatarum
2832 1573 3164 1616 causarum
3225 1554 3579 1615 secundum
3640 1553 3804 1615 idem
3856 1571 3963 1632 ge-

2460 1672 2581 1714 nus
2616 1651 2912 1733 perfecta*
2944 1651 3355 1726 causalitatis,
3380 1653 3531 1734 quia
3560 1652 3961 1713 diversarum

2461 1769 2796 1812 causarum
2840 1750 3091 1811 illarum
3133 1749 3490 1812 necessario
3521 1749 3771 1811 diversa
3810 1758 3965 1810 sunt

850 1858 991 1919 dam
1009 1855 1364 1938 (inquiens)
1380 1853 1740 1936 philosophi
1775 1860 2123 1935 posuerunt
2155 1871 2345 1913 unum
2384 1850 2430 1912 B
2460 1867 2673 1931 opera,
2708 1856 2766 1910 et
2800 1849 3197 1930 operationes
3234 1867 3453 1910 earum
3494 1849 3852 1910 necessario
3880 1849 3963 1909 ad

852 1955 1132 2037 primurn
1175 1959 1501 2015 causatum
1548 1951 1755 2014 solum
1803 1950 2164 2012 immediate
2208 1969 2347 2012 esse

850 2075 888 2117 a
941 2055 1091 2127 De0,
1143 2059 1205 2113 et
1253 2051 1375 2113 alia
1433 2051 1656 2113 ordine
1716 2051 1990 2132 quodam
2050 2050 2348 2111 dixerunt

851 2172 888 2214 a
934 2151 1144 2234 primo
1196 2149 1304 2212 illo
1354 2148 1640 2220 fluxisse,
1689 2148 1956 2229 ideoque
2009 2147 2166 2209 illud
2219 2147 2347 2229 pri-

853 2271 1030 2313 mum
1089 2250 1415 2312 dumtaxat
1472 2247 1838 2310 immediate
1897 2247 2256 2309 conservari
2312 2267 2348 2308 a

851 2351 1000 2424 Dec,
1034 2357 1096 2412 et
1127 2355 1335 2410 cetera
1366 2347 1637 2409 mediate
1669 2366 1704 2408 a
1736 2347 1886 2420 Deo,
1920 2365 1992 2407 ac
2025 2345 2351 2408 immedia-

851 2458 912 2511 te
961 2468 998 2510 a
1047 2447 1254 2530 primo
1305 2445 1414 2508 illo
1474 2452 1728 2507 causato
1789 2451 2096 2525 quantum
2147 2444 2225 2504 ad
2275 2463 2349 2506 ea

755 2581 776 2602 .
851 2566 993 2629 quae
1037 2537 1402 2608 immediate
1446 2543 1660 2606 fluunt
1697 2542 1777 2604 ab
1824 2543 1980 2625 ipso.
2023 2543 2351 2615 Quaecum-

621 4124 732 4179 Sap.
766 4139 837 4175 vn,

575 4189 642 4237 25,
665 4191 732 4231 ²5.

851 2664 975 2727 que
1006 2653 1217 2706 autern
1251 2663 1441 2705 causa
1471 2659 1598 2704 non
1629 2642 1750 2704 nisi
1786 2661 1900 2724 per
1929 2660 2109 2702 suam
2141 2659 2349 2702 essen-

851 2744 1004 2805 tiam
1053 2749 1372 2824 operatur,
1417 2740 1502 2802 ita
1551 2741 1718 2822 quod
1767 2739 2052 2821 operatio
2099 2758 2213 2800 sua
2256 2747 2351 2800 est

852 2861 966 2904 sua
1014 2839 1309 2914 essentia,
1365 2838 1472 2900 illa
1524 2839 1688 2900 sicut
1741 2857 1854 2920 per
1903 2858 1970 2900 se
2021 2845 2351 2900 conservat

855 2958 1010 3012 rem,
1047 2938 1134 3000 ita
1165 2957 1278 3019 per
1307 2955 1489 2998 suam
1519 2937 1882 3010 essentiam,
1908 2956 2048 3017 quae
2079 2943 2174 2997 est
2205 2954 2351 3017 ope-

854 3038 1012 3099 ratio
1069 3056 1202 3108 sua,
1265 3033 1622 3097 necessario
1679 3042 1776 3096 est
1835 3035 1997 3096 intra
2056 3053 2191 3096 rem
2251 3053 2349 3096 se·
2388 3030 2849 3112 Coperationis
2902 3050 2916 3094 :

856 3136 1135 3197 cundum
1189 3135 1392 3217 ipsam
1441 3152 1575 3194 rem
1621 3140 1684 3195 et
1728 3133 2078 3195 secundum
2129 3152 2351 3195 omnes

859 3241 1068 3315 partes
1113 3232 1316 3314 ipsius
1361 3228 1450 3295 roi
1493 3237 1552 3292 et
1599 3232 1950 3293 secundum
2002 3231 2219 3293 omnia
2262 3231 2353 3292 in-

855 3330 1086 3393 teriora
1116 3329 1552 3411 exterioraque
1593 3329 1815 3410 ipsius.
1849 3328 1976 3390 Nec
2009 3337 2221 3391 tamen
2259 3348 2353 3391 re-

859 3450 1000 3491 rum
1033 3428 1327 3492 sordibus
1358 3427 1845 3501 contaminatur,
1880 3428 2030 3509 quia
2060 3436 2354 3490 contactu

858 3528 1180 3609 inquinari
1212 3544 1337 3589 non
1369 3533 1576 3607 potest
1606 3525 1728 3588 nisi
1763 3526 1932 3607 quod
1963 3526 2354 3607 receptivum

857 3634 953 3688 est
1013 3625 1360 3708 peregrinae
1421 3624 1859 3706 impressionis
1923 3641 1936 3686 :
2001 3624 2168 3705 quod
2230 3643 2355 3687 non

859 3724 1168 3805 contingit
1199 3723 1323 3785 nisi
1355 3722 1614 3785 habe-nti
1657 3722 2024 3801 materiam3
2070 3723 2199 3784 imo
2230 3741 2357 3784 non

859 3822 1158 3884 convenit
1203 3820 1466 3883 cuilibet
1508 3820 1837 3882 materiam
1881 3819 2161 3894 habenti,
2208 3822 2357 3903 quia

862 3921 1210 3983 secundum
1269 3918 1743 4000 Philosophum,
1795 3920 2026 3981 coelum
2089 3937 2214 3981 non
2262 3928 2360 3981 est

865 4018 1214 4100 peregrinae
1247 4016 1683 4099 impressionis
1715 4016 2166 4097 susceptivum.
2200 4018 2359 4079 Hinc

868 4116 1178 4198 scriptum
1237 4123 1331 4177 est
1383 4132 1398 4176 ε
1452 4114 1775 4196 Sapientia
1819 4114 2070 4195 attingit
2122 4115 2360 4197 ubique

2459 1967 2651 2029 opera
2682 1949 3103 2010 terminantur
3128 1947 3389 2009 diversa.
3405 1946 3963 2029 Respondendum‚

2458 2048 2625 2130 quod
2669 2066 2875 2110 causae
2914 2047 3048 2108 istae
3092 2065 3219 2108 non
3260 2053 3409 2108 sunt
3448 2046 3739 2126 ejusdem
3778 2065 3967 2127 gene-

2458 2146 2545 2206 ris
2606 2164 2812 2226 neque
2872 2145 3162 2224 ejusdem
3226 2144 3397 2207 modi
3456 2145 3521 2205 in
3570 2145 3889 2206 causando
3946 2162 3961 2206 :

2459 2243 2699 2306 idcirco
2738 2242 2828 2305 nil
2871 2242 3167 2325 prohibet
3199 2263 3399 2305 unum
3440 2262 3660 2304 earum
3700 2261 3837 2304 esse
3868 2243 3965 2305 ef-

2456 2341 2719 2404 fectum.
2757 2341 2988 2423 Sicque
3029 2340 3399 2403 verificatur
3440 2341 3609 2422 quod
3656 2341 3841 2403 tertio
3882 2341 3966 2403 de

2458 2440 2761 2502 Trinitate
2819 2439 3213 2520 Augustinus
3274 2447 3540 2502 testatur
3592 2457 3607 2500 ι
3658 2439 3967 2502 Voluntas

2459 2538 2569 2601 Dei
2624 2537 2833 2620 prima
2881 2545 2943 2599 et
2992 2556 3244 2600 summa
3294 2557 3485 2600 causa
3532 2546 3628 2600 est
3670 2538 3963 2600 omnium

2459 2637 2831 2699 motionum.
2852 2636 2970 2698 Sed
3005 2635 3323 2717 plerisque
3356 2655 3479 2698 non
3512 2644 3772 2718 apparet
3804 2637 3963 2700 hoc:

2462 2735 2602 2798 ideo
2654 2735 2894 2816 placuit
2942 2735 3204 2796 vanitati
3266 2735 3795 2816 philosophorum
3857 2755 3965 2797 eas

2460 2833 2806 2896 attribuere
2850 2833 2991 2894 aliis
3039 2833 3267 2895 causis.
3313 2834 3764 2895 Verumtamen
3810 2853 3967 2895 una·

2462 2951 2731 3014 quaeque
2794 2939 3016 2993 natura
3074 2939 3169 2992 est
3220 2951 3411 2993 causa
3468 2951 3601 2995 suae
3658 2933 3969 2994 naturalis

2968 3050 3115 3092 nam
3168 3031 3339 3093 calor
3388 3030 3697 3105 calefacit,
3744 3039 3808 3092 et
3858 3031 3969 3092 lux

2466 3130 2804 3193 illuminat.
2867 3130 3159 3191 Attamen
3221 3149 3427 3192 causae
3485 3130 3611 3193 illae
3670 3131 3970 3193 secundae

2462 3248 2535 3291 ae
2567 3228 2884 3291 naturales
2915 3227 2997 3290 ob
3029 3247 3208 3290 suam
3253 3228 3803 3310 imperfectionem
3839 3246 3968 3291 non

2464 3334 2615 3390 sunt
2644 3346 2849 3389 causae
2882 3326 3097 3409 primae
3125 3334 3189 3387 et
3219 3327 3623 3409 principales.
3642 3328 3775 3389 lmo
3797 3328 3971 3390 Deus

2465 3435 2769 3507 tanquam
2810 3426 3018 3506 prima
3057 3444 3267 3498 causa,
3300 3442 3522 3487 omnes
3557 3424 3830 3486 effectus
3872 3445 3973 3486 se-

2467 3525 2819 3586 cundarum
2866 3543 3203 3585 causarum
3249 3531 3549 3605 operatur
3598 3524 3973 3585 causalitate

2469 3621 2770 3705 perfecta,
2804 3631 2865 3683 et
2898 3623 3033 3703 ipse
3066 3641 3243 3683 suam
3286 3622 3722 3684 causalitatem
3760 3622 3975 3684 causis

2470 3721 2767 3781 secundis
2810 3720 3262 3793 communicat,
3297 3727 3365 3781 ut
3396 3720 3818 3783 nobilitentur
3858 3740 3979 3801 per

2472 3818 2609 3880 hoc.
2646 3820 2834 3881 Porro
2878 3818 3222 3899 dupliciter
3264 3817 3501 3879 dicitur
3543 3818 3777 3899 aliquis
3821 3836 3977 3900 ope-

2472 3916 2594 3978 rari
2641 3935 2755 3999 per
2798 3916 2970 3977 aliud
3020 3936 3132 3979 seu
3182 3916 3306 3979 alio
3354 3917 3689 3979 mediante.
3734 3917 3973 3992 Prima,

2471 4016 2638 4077 sicut
2668 4033 2781 4097 per
2812 4014 3307 4077 instrumentum
3345 4033 3359 4077 ε
3394 4015 3615 4097 sicque
3646 4015 3812 4077 Deus
3854 4016 3979 4077 im-

2472 4114 2742 4178 mediate
2790 4122 3107 4195 operatur,
3150 4114 3216 4176 in
3266 4123 3577 4196 quantum
3629 4134 3741 4195 per
3786 4134 3975 4178 suam

869 4222 1129 4297 propter
1176 4233 1355 4275 suam
1407 4214 1820 4291 munditiam3
1864 4213 2004 4275 ideo
2054 4214 2216 4276 nihil
2268 4215 2360 4275 in-
2392 4218 2439 4280 D
2475 4214 2873 4296 praesentiam
2906 4220 3000 4274 est
3034 4212 3096 4274 in
3130 4212 3340 4275 rebuS.
3368 4214 3543 4276 [nde
3574 4213 3666 4275 sic
3696 4222 3791 4275 est
3820 4233 3976 4295 ope-

867 4314 1201 4394 quinatum
1263 4312 1532 4372 incurrit
1586 4310 1652 4372 in
1713 4330 1872 4372 eam.
1917 4348 1997 4356 —
2044 4312 2359 4394 AmpliuS‚

867 4412 1068 4473 Deum
1127 4429 1264 4473 esse
1293 4410 1380 4471 'in
1440 4408 1652 4483 rebus,
1707 4410 1797 4470 nil
1859 4410 2008 4471 novi
2069 4410 2247 4491 ponit
2298 4410 2362 4472 in

867 4511 1016 4583 Dee,
1051 4509 1159 4571 sed
1199 4507 1410 4589 potius
1451 4506 1606 4569 dicit
1650 4507 2082 4569 causalitatem
2125 4528 2237 4570 seu
2274 4508 2364 4570 in-

869 4608 1204 4669 fluentiam
1234 4605 1313 4667 ab
1347 4606 1486 4687 ipso
1518 4606 1966 4686 procedentem
2002 4626 2016 4670 :
2053 4607 2194 4669 ideo
2224 4607 2362 4668 abs-

868 4724 994 4787 que
1053 4704 1152 4766 sui
1213 4704 1583 4777 mutatione,
1644 4722 1758 4785 per
1818 4705 2232 4766 mutationem
2291 4724 2363 4766 ac

869 4805 1343 4887 corruptionem
1385 4822 1599 4865 rerum
1641 4801 1871 4883 incipit
1899 4820 1971 4863 ac
2007 4802 2241 4863 desinit
2270 4821 2365 4864 es-

869 4924 936 4967 se
982 4904 1046 4966 in
1091 4902 1268 4986 ipsiS.

948 5004 1116 5065 Deus
1173 5002 1362 5064 etiam
1417 5007 1514 5063 est
1564 5019 1754 5062 causa
1814 4998 2178 5061 immediata
2238 5017 2363 5061 non

869 5101 1076 5163 solum
1108 5099 1442 5163 creationis
1474 5097 2101 5178 conservationisque
2132 5116 2362 5168 rerum,

869 5200 980 5261 sed
1019 5206 1083 5261 et
1120 5197 1464 5278 cujuslibet
1501 5196 1713 5278 operis
1758 5202 2082 5270 creaturae,
2115 5204 2178 5257 et
2218 5214 2364 5257 cum

873 5298 993 5360 hoc
1039 5296 1233 5359 etiam
1279 5304 1374 5358 est
1422 5314 1612 5358 causa
1662 5294 1954 5369 mediata,
2007 5294 2174 5356 sicut
2221 5293 2363 5357 effi·

2474 4331 2617 4373 rans
2667 4311 3043 4393 principale,
3087 4320 3150 4373 et
3194 4296 3477 4374 medium
3532 4312 3688 4374 illud
3738 4322 3835 4375 est
3876 4333 3981 4375 se-

2473 4409 2851 4471 cundarium
2914 4427 3203 4490 operans
3272 4410 3583 4483 Secundo,
3652 4410 3979 4474 mediante

2474 4506 3007 4569 virtute-alterius
3044 4526 3057 4569 :
3092 4514 3155 4567 et
3194 4507 3280 4569 ita
3320 4506 3383 4567 in
3425 4507 3711 4589 quolibet
3747 4508 3979 4571 ordine

2474 4624 2832 4679 causarum,
2867 4624 3056 4666 causa
3094 4604 3301 4686 prima
3339 4604 3471 4667 sola
3500 4614 3596 4667 est
3626 4626 3812 4668 causa
3852 4607 3983 4668 im-

2477 4702 2770 4777 mediata,
2810 4704 3109 4785 quoniam
3155 4703 3412 4785 propria
3456 4712 3672 4765 causat
3712 4704 3979 4779 virtute,

2474 4810 2538 4865 et
2566 4802 2692 4864 alia
2730 4820 2855 4863 non
2898 4802 3019 4863 nisi
3051 4802 3288 4863 virtute
3319 4802 3693 4885 participata
3726 4802 3805 4864 ab
3837 4803 3977 4866 illa.

2474 4938 2554 4947 —
2582 4900 2726 4963 Hanc
2757 4900 3103 4963 UdalricuS.
3138 4900 3255 4973 Qui
3286 4900 3363 4962 de
3397 4900 3495 4961 his
3527 4901 3728 4962 multa
3762 4901 3983 4963 adhuc

2476 4998 2821 5063 conscribit
2868 4997 3131 5073 ibidem,
3174 5017 3317 5079 quae
3360 5017 3475 5081 pro
3518 4998 3741 5079 majori
3794 5010 3983 5080 parte

2476 5097 2823 5179 praehabita
2881 5104 3049 5170 sunt,
3102 5104 3164 5159 et
3214 5104 3423 5159 cetera
3481 5096 3615 5159 suis
3674 5104 3985 5179 poterunt

2477 5196 2632 5259 locis
2676 5194 2864 5275 tangi.
3182 5196 3185 5200 ’

2555 5294 2822 5376 Insuper
2864 5293 3195 5356 Durandus
3244 5293 3347 5355 hic
3398 5292 3619 5356 scribit
3663 5312 3678 5357 :
3720 5294 3981 5376 Duplex
