4359 6250
756 459 877 524 312

1070 770 1545 846 QUAESTIO
1605 769 1935 834 PRIMA

916 1041 1045 1105 Odo
1113 1040 1439 1123 quaeritur,
1509 1039 1638 1105 An
1705 1039 2250 1119 appropriatio

944 1139 1267 1220 Hilarii,
1307 1140 1593 1219 utpote
1634 1138 1845 1218 quod
1886 1139 1972 1202 in
2015 1137 2252 1202 Patre

758 1242 883 1306 est
938 1240 1377 1320 aeternitas,
1426 1239 1511 1303 in
1560 1238 1909 1315 imag-ine
1962 1236 2075 1317 (id
2126 1237 2252 1301 est

758 1339 995 1418 Filio)
1056 1340 1182 1403 est
1235 1339 1563 1417 species»,
1614 1338 1699 1401 in
1759 1350 2086 1401 munere
2138 1334 2254 1416 (id

758 1439 882 1504 est
909 1438 1218 1517 Spiritu
1246 1434 1569 1516 Sancto)
1593 1436 1718 1502 est
1748 1449 1964 1515 usust,
1996 1434 2256 1499 exstet

760 1537 1264 1602 conveniens.

845 1632 1110 1694 Videtur
1156 1633 1323 1715 quod
1374 1649 1519 1695 non.
1565 1631 1767 1712 Supra
1814 1631 1985 1692 enim
2036 1629 2258 1692 distin-

594 1763 652 1792 ι.
701 1777 714 1791 .
768 1731 977 1794 ctione
1020 1737 1242 1793 octava
1284 1737 1380 1792 est
1420 1730 1685 1802 dictum,
1728 1728 1896 1810 quod
1940 1728 2256 1790 aeternitas

766 1838 862 1892 est
905 1829 1257 1911 proprietas
1294 1827 1583 1889 essentiae
1626 1847 1640 1890 ε
1685 1844 1810 1888 non
1854 1843 2003 1908 ergo
2043 1843 2256 1906 perso·
2293 1825 2340 1887 B
2368 1827 2546 1889 Pater
2589 1827 2832 1907 origine
2881 1834 3110 1900 careat,
3155 1826 3295 1888 ideo
3345 1825 3516 1907 quod
3563 1824 3877 1906 importat

766 1947 883 1990 nae.
938 1965 1019 1973 —
1077 1927 1388 1999 Secund0,
1450 1926 1600 2008 quia
1660 1924 2079 2008 praehahitum
2137 1932 2254 1998 est,

768 2027 937 2109 quod
986 2045 1185 2108 genus
1235 2033 1298 2087 et
1346 2025 1591 2106 species
1644 2024 1707 2085 in
1762 2023 1997 2086 divinis
2046 2024 2258 2087 locum

770 2142 896 2186 non
940 2123 1175 2186 habent
1218 2140 1232 2185 :
1278 2141 1404 2185 non
1448 2141 1598 2204 ergo
1641 2121 1886 2203 species
1931 2121 2260 2203 appropri-

765 2221 929 2283 anda
976 2228 1073 2282 est
1122 2220 1298 2283 Filio.
1341 2254 1422 2264 —
1461 2219 1689 2293 Terti0,
1738 2220 1867 2281 Deo
1916 2217 2259 2280 fruendum

766 2328 883 2394 est,
928 2337 1054 2382 non
1106 2320 1434 2392 utendum,
1484 2326 1553 2381 ut
1602 2319 1805 2400 patuit
1853 2317 2260 2380 distinctione

769 2419 978 2501 prima
1013 2437 1026 2480 ε
1062 2436 1189 2481 non
1228 2436 1377 2500 ergo
1417 2438 1591 2492 usus,
1626 2418 1737 2479 sed
1782 2416 2022 2490 fruiti0,
2056 2424 2153 2478 est
2197 2417 2262 2477 in

768 2517 1009 2600 Spiritu
1058 2518 1303 2580 Sancto.
1338 2552 1418 2562 —
1455 2518 1721 2598 Insuper
1766 2515 2051 2596 arguitur
2092 2515 2263 2597 quod

768 2634 895 2678 non
928 2616 1262 2678 conveniat
1290 2614 1525 2677 divinis
1554 2614 2262 2695 superbeatissimisque

770 2713 1058 2795 personis
1088 2713 1437 2795 quidquam
1469 2712 1887 2794 appropriari,
1911 2731 2111 2794 quum
2142 2712 2262 2773 hoc

771 2812 1061 2874 videatur
1090 2829 1229 2873 esse
1260 2811 1510 2873 errandi
1551 2811 1821 2884 occasio,
1857 2811 2006 2892 quia
2035 2829 2111 2871 ex
2143 2810 2263 2873 hoc

771 2916 977 2991 potest
1027 2909 1170 2990 quis
1220 2909 1533 2970 aestimare
1582 2910 1751 2990 quod
1810 2927 1936 2971 non
1994 2908 2123 2970 sint
2171 2908 2264 2970 eis

1409 479 1473 526 IN
1512 479 1734 526 mmmm
1777 480 1796 523 1
1839 476 2320 524 SENTENTIARUR.
2361 493 2444 504 —
2482 476 2634 521 DlsT.
2681 475 2869 538 xxxl3
2913 475 3136 530 QUAEST.
3182 474 3204 519 1

2277 647 2330 709 A
2361 665 2398 707 a
2445 645 2670 709 notitia
2717 655 2779 708 et
2829 665 2867 708 a
2921 652 3150 708 mente.
3193 679 3274 690 —
3323 641 3608 725 Denique
3657 659 3866 723 quum

2361 744 2678 807 aeternitas
2708 744 2960 806 dicatur
2991 762 3104 824 per
3138 741 3558 824 privationem
3599 738 3770 801 initii
3801 745 3874 800 et

2363 841 2536 916 siniS,
2570 850 2633 905 et
2678 841 2935 904 initium
2980 841 3216 923 duplex
3260 840 3362 914 sit,
3408 846 3559 920 puta
3600 837 3870 900 initium

2361 940 2626 1022 originis
2665 948 2729 1002 et
2771 939 3028 1001 initium
3074 937 3426 1001 durationis
3461 955 3476 999 :
3512 937 3565 998 si
3610 935 3872 998 dicatur

2363 1039 2678 1102 aeternitas
2728 1057 2842 1121 per
2893 1037 3315 1120 privationem
3368 1035 3533 1098 initii
3581 1035 3870 1097 duratio-

2364 1137 2484 1211 niS,
2519 1137 2878 1200 communis
2918 1145 3014 1198 est
3051 1135 3258 1198 tribus
3299 1133 3622 1217 personis3
3653 1134 3707 1195 si
3747 1152 3870 1194 au-

2362 1244 2492 1298 tem
2534 1255 2647 1318 per
2678 1235 3100 1317 privationem
3140 1233 3308 1295 initii
3340 1233 3474 1296 sive
3503 1231 3872 1294 durationis

2365 1334 2497 1408 sive
2528 1334 2814 1414 originis,
2834 1333 3001 1396 cedit
3033 1333 3098 1394 in
3131 1331 3582 1414 proprietatem
3612 1330 3822 1392 Patris
3850 1347 3867 1391 :

2363 1441 2427 1495 et
2477 1432 2568 1494 sic
2620 1433 2895 1514 sumpsit
2941 1431 3235 1493 Hilarius,
3288 1431 3431 1493 Haec
3482 1429 3865 1491 Alexander.

2447 1532 2628 1595 Circa
2663 1530 2798 1593 haec
2837 1530 3062 1593 scribit
3097 1531 3536 1593 Bonaventura
3568 1545 3583 1590 z
3615 1528 3872 1610 Appro-

2366 1631 2594 1712 priatio
2619 1631 2839 1693 Hilarii
2870 1629 2897 1691 f
2901 1630 2950 1692 it
2972 1630 3048 1691 ad
3073 1628 3543 1711 explanandum
3570 1645 3878 1709 persona·

2368 1748 2512 1790 rum
2542 1729 2854 1810 originem
2886 1747 2997 1790 seu
3028 1727 3515 1790 emanationem.
3532 1727 3874 1807 Quumque

2371 1925 2791 2007 privationem
2834 1924 3136 2007 principii
3177 1923 3398 1987 debuit
3433 1923 3494 1985 ei
3531 1923 3876 2005 appropri-

2369 2025 2483 2098 ari,
2518 2031 2671 2106 puta
2708 2024 3026 2087 aeternitas
3061 2043 3074 2087 :
3110 2042 3252 2104 quae
3291 2021 3583 2104 quamvis
3625 2041 3703 2083 ex
3745 2039 3876 2084 suo

2370 2123 2628 2186 nomine
2661 2140 2788 2185 non
2819 2122 3104 2203 designet
3135 2121 3260 2182 nisi
3291 2121 3712 2202 privationem
3745 2120 3878 2182 ini-

2371 2222 2442 2284 tii
2473 2221 2847 2295 durationis,
2881 2229 3092 2283 tamen
3134 2239 3249 2302 per
3280 2220 3874 2302 appropriationem

2370 2321 2526 2383 dicit
2574 2321 2995 2402 privationem
3046 2319 3254 2381 omnis
3305 2319 3628 2400 principii.
3673 2317 3878 2381 Porro

2373 2420 2646 2502 Spiritus
2687 2419 2952 2480 Sanctus
2992 2417 3278 2498 procedit
3313 2436 3430 2498 per
3467 2417 3726 2479 modum
3755 2435 3878 2478 vo-

2373 2519 2634 2580 luntatis
2677 2526 2740 2580 et
2781 2517 3015 2579 amoris
3060 2533 3074 2578 ε
3119 2515 3270 2578 hinc
3313 2515 3373 2578 ei
3421 2515 3883 2597 appropriatur

2374 2634 2608 2679 nomen
2657 2616 2827 2697 quod
2885 2621 3099 2677 actum
3146 2613 3450 2695 exprimit
3496 2613 3877 2686 voluntati8‚

2375 2721 2593 2796 utpote
2645 2733 2815 2775 usus.
2863 2713 3021 2776 Nam
3071 2712 3186 2786 uti,
3237 2719 3334 2774 est
3381 2729 3704 2774 assumere
3753 2711 3880 2774 ali-

2375 2813 2529 2895 quid
2592 2812 2658 2875 in
2726 2811 3094 2873 facultatem
3158 2809 3526 2883 voluntatiS,
3592 2809 3725 2871 sive
3788 2811 3882 2872 ad

2376 2911 2683 2972 utendum
2721 2910 2856 2972 sive
2896 2910 2973 2971 ad
3014 2909 3358 2971 fruendum
3392 2926 3405 2970 :
3441 2907 3739 2990 quoniam
3769 2927 3882 2970 er-

772 3015 1003 3070 cuncta
1051 3007 1435 3069 communia.
1479 3042 1559 3052 —
1596 3007 1909 3088 Amplius,
1958 3007 2119 3069 Patri
2172 3007 2264 3070 vi—
2301 3005 2346 3070 C
2374 3027 2454 3090 go
2497 3008 2848 3089 assumptio
2891 3007 2968 3069 ad
3019 3005 3360 3069 fruendum
3404 3013 3502 3068 est
3544 3025 3657 3088 per
3696 3025 3884 3070 amo-

773 3108 957 3170 detur
1008 3105 1282 3168 maxime
1326 3105 1866 3187 appropriandum
1912 3126 2049 3169 esse
2095 3107 2266 3188 prin-

773 3206 1038 3287 cipium,
1059 3205 1216 3267 Filio
1246 3205 1478 3266 veritas
1509 3224 1621 3267 seu
1652 3205 1981 3286 sapientia,
1998 3205 2262 3286 Spiritui

774 3305 1002 3367 Sancto
1044 3303 1487 3385 tranquillitas.

856 3500 948 3562 Ad
1006 3500 1141 3562 haec
1199 3499 1553 3561 Alexander
1612 3499 1949 3581 respondet
2012 3518 2024 3562 :
2088 3499 2266 3563 Ratio

774 3596 1307 3679 appropriationis
1338 3596 1554 3658 Hilarii
1588 3598 1723 3659 haec
1754 3604 1849 3659 est
1884 3615 1896 3659 :
1931 3598 2266 3660 AEternitas

774 3714 1049 3777 namque
1088 3704 1183 3756 est
1221 3713 1335 3757 ens
1376 3712 1502 3757 non
1542 3694 1621 3756 ab
1660 3696 1785 3758 alio
1823 3695 2265 3769 essentialiter,

774 3802 839 3856 et
876 3794 1052 3856 Pater
1091 3803 1185 3856 cst
1227 3814 1339 3857 ens
1380 3812 1507 3857 non
1546 3794 1628 3855 ab
1667 3793 1792 3856 alio
1830 3794 2263 3875 personaliter.

774 3894 980 3967 Quum
1022 3912 1169 3975 ergo
1212 3893 1573 3955 intellectus
1616 3892 1757 3974 ejus
1798 3892 1965 3975 quod
2005 3900 2101 3955 est
2141 3911 2268 3955 non

774 4010 913 4054 esse
956 3992 1035 4054 ab
1078 3991 1224 4066 alio,
1271 3991 1648 4073 intelligitur
1689 3992 1754 4053 in
1804 3992 2044 4055 ratione
2092 4000 2269 4055 aeter-

777 4090 1016 4164 nitatiS,
1061 4090 1201 4152 ideo
1239 4090 1402 4152 Patri
1443 4090 1891 4171 appropriatur
1927 4092 2265 4164 aeternitaS‚

2376 3128 2534 3182 rem,
2569 3106 2862 3169 similiter
2899 3106 2976 3167 ad
3015 3105 3344 3179 utendum,
3377 3123 3453 3168 eo
3484 3106 3653 3187 quod
3690 3125 3882 3169 amor

2377 3206 2457 3269 sit
2489 3206 2736 3287 pondus
2776 3212 2838 3266 et
2877 3204 3030 3268 ordo
3061 3204 3316 3265 trahens
3353 3211 3416 3265 et
3451 3204 3750 3267 ordinans
3790 3205 3878 3267 ad

2375 3313 2712 3382 amatum3
2775 3303 2914 3365 ideo
2977 3322 3130 3365 usus
3195 3310 3362 3365 recte
3423 3302 3881 3383 appropriatur

2379 3402 2644 3484 Spiritui
2686 3402 2932 3463 Sancto.
2969 3401 3185 3482 ltaque
3226 3420 3380 3463 usus
3413 3400 3727 3483 accipitur
3761 3400 3880 3463 hic

2379 3520 2506 3564 non
2540 3508 2726 3581 prout
2755 3499 3064 3561 dividitur
3093 3506 3312 3561 contra
3341 3498 3734 3571 fruitionem,
3757 3500 3880 3561 sed

2380 3606 2566 3682 prout
2607 3599 2763 3661 dicit
2803 3598 3037 3660 amoris
3081 3598 3484 3678 complexum
3529 3606 3882 3679 actumque

2380 3699 2674 3762 liberum.
2727 3733 2807 3743 —
2853 3698 2932 3759 At
2981 3714 3131 3760 vero
3181 3696 3376 3758 Filius
3425 3697 3710 3777 procedit
3757 3716 3884 3778 per

2381 3798 2640 3860 modum
2703 3802 2943 3857 nat-urae
2993 3793 3562 3875 similitudinisque
3619 3812 3884 3875 expres-

2381 3915 2464 3957 sae
2507 3912 2521 3956 :
2567 3893 2805 3956 idcirco
2855 3892 3142 3974 procedit
3190 3910 3304 3974 per
3349 3892 3610 3953 modum
3660 3893 3883 3971 cogni-

2380 3994 2592 4067 tioniS,
2636 3993 2788 4075 quia
2833 4010 3133 4073 expressa
3179 3990 3533 4052 similitudo
3573 3998 3670 4052 est
3715 3992 3886 4055 ratio

2384 4090 2822 4172 cognoscendi.
2877 4090 3212 4171 Quumque
3270 4095 3524 4151 emanet
3572 4108 3686 4170 per
3742 4108 3889 4153 mo-

776 4188 1021 4251 scilicet
1059 4195 1318 4269 propter
1349 4187 1857 4250 convenientiam
1899 4189 2093 4251 illam.
2126 4190 2270 4252 Por·
2302 4192 2354 4255 D
2383 4191 2535 4252 dum
2563 4207 2877 4270 expressae
2908 4186 3349 4249 similitudinis
3379 4194 3440 4248 et
3473 4187 3884 4267 cognitioni5‚

779 4304 849 4349 ro
908 4285 1153 4366 species
1213 4285 1663 4367 appropriatur
1725 4286 1903 4360 Filio,
1966 4304 2041 4349 eo
2099 4288 2268 4369 quod

778 4382 1022 4464 species
1063 4383 1145 4445 sit
1182 4384 1340 4446 ratio
1379 4390 1568 4465 atque
1610 4383 1998 4465 principium
2045 4403 2272 4465 cogno-

778 4480 1017 4555 scendi,
1052 4482 1354 4563 quoniam
1395 4481 1897 4563 unumquodque
1936 4502 2049 4565 per
2090 4503 2273 4547 suam

778 4579 1182 4660 cognoscitur
1220 4580 1501 4661 speciem
1535 4600 1550 4644 :
1586 4600 1912 4662 quumque
1951 4584 2274 4663 generatio

778 4678 922 4740 Filii
966 4697 1003 4739 a
1046 4678 1224 4741 Patre
1273 4679 1356 4740 sit
1399 4698 1514 4761 per
1558 4679 1819 4741 modum
1865 4680 2124 4754 notitiae,
2159 4700 2272 4743 seu

778 4776 945 4839 sicut
988 4776 1215 4839 notitia
1255 4776 1541 4858 procedit
1584 4796 1619 4839 a
1664 4785 1899 4853 mente,
1942 4777 2092 4839 hinc
2136 4798 2274 4860 spe-

779 4874 909 4937 cies
953 4874 1113 4939 Filio
1152 4876 1616 4958 appropriatur.
1654 4876 1813 4938 Usus
1856 4895 2007 4940 vero
2052 4896 2276 4959 appro-

779 4974 1025 5055 priatur
1055 4974 1321 5055 Spiritui
1354 4975 1581 5037 Sancto
1610 4975 1852 5037 ratione
1891 4976 2276 5057 operationis

780 5079 843 5133 et
874 5072 1168 5135 utilitatis
1203 5090 1217 5134 ε
1254 5072 1441 5153 cujus
1472 5072 1865 5154 principium
1910 5074 2275 5155 proximum

779 5176 877 5232 est
901 5171 1223 5251 voluntas3
1243 5170 1564 5253 processio
1592 5180 1805 5235 autem
1831 5172 2105 5254 Spiritus
2132 5174 2279 5235 San·

782 5268 868 5330 cti
911 5277 1007 5331 est
1050 5270 1215 5332 sicut
1267 5271 1551 5351 procedit
1594 5272 1884 5334 voluntas
1934 5292 2047 5335 seu
2094 5291 2274 5336 amor

2383 4288 2573 4351 habet
2617 4288 2684 4349 in
2734 4306 2800 4349 se
2842 4286 3132 4349 omnium
3183 4284 3494 4348 rationem
3543 4294 3734 4367 atque
3771 4304 3888 4348 ex-

2381 4388 2628 4469 emplar
2673 4403 2687 4447 :
2733 4386 2884 4447 hinc
2935 4384 3125 4447 habet
3174 4383 3472 4466 perfectae
3523 4384 3886 4466 pulchritu-

2382 4486 2550 4548 dinis
2601 4484 2929 4547 rationem.
2985 4483 3191 4556 Quum
3241 4483 3416 4545 enim
3465 4483 3548 4545 sit
3595 4482 3886 4564 perfecta

2382 4593 2444 4647 et
2475 4603 2772 4666 expressa
2806 4582 3180 4655 similitudo,
3218 4580 3359 4644 ideo
3389 4582 3658 4663 pulcher
3683 4588 3778 4643 est
3813 4582 3885 4643 in

2385 4682 2853 4765 comparatione
2893 4682 2969 4743 ad
3009 4674 3512 4763 ex'primentem3
3547 4699 3886 4762 quumque

2384 4783 2611 4846 habeat
2651 4779 3068 4863 cognoscendi
3115 4780 3422 4842 rationem
3464 4797 3590 4842 non
3629 4785 3888 4841 tantum

2387 4880 2597 4953 unius,
2621 4878 2731 4940 sed
2763 4884 2826 4963 et
2854 4876 3047 4938 totius
3080 4876 3534 4949 universitati3‚
3561 4874 3708 4937 'ideo
3738 4875 3888 4956 pul-

2386 4978 2612 5040 chrum
2643 4974 3113 5057 pulcherrimus
3147 4974 3282 5056 ipse
3314 4974 3626 5035 mundum
3667 4980 3890 5036 mente
3929 4998 4278 5054 Boou-„aia
4316 4996 4318 4999 ’

2384 5092 2632 5157 gerenS,
2697 5072 3271 5134 eminentissimam
3335 5070 3892 5153 pulchritudinem
3931 5061 4270 5117 “hum-⁹-

2387 5172 2596 5247 habet,
2639 5173 2718 5235 ad
2767 5190 3022 5235 omnem
3074 5169 3619 5252 pulchritudinem
3668 5188 3892 5232 exem-

2389 5271 2645 5353 platam.
2693 5272 2781 5333 Ex
2827 5270 2926 5331 his
2976 5269 3225 5332 duobus
3275 5268 3742 5351 perfectissima
3785 5286 3892 5331 re-
