4359 6250
739 517 942 564 m'nuu
985 516 1394 564 rnAEscmNTu
1438 516 1548 562 SEU
1592 513 1996 576 rnovaNTlA
2039 515 2142 562 nm
2186 513 2453 562 utroNAT
2493 513 2683 562 REBUS
2726 513 3178 562 NEcnssermu

3390 491 3511 560 489

403 687 596 751 habet
625 688 884 771 proprie
914 708 1168 752 causam
1207 695 1521 771 agentem,
1555 689 1665 751 sed
1705 686 1904 770 magis
1931 686 1984 750 A
2014 686 2096 750 sit
2129 686 2404 750 maxime
2442 686 2835 750 invariabilis
2862 695 2925 750 et
2956 685 3317 760 uniformis,
3350 703 3507 768 prae-

403 787 838 850 deficientem.
871 787 1016 878 Haec
1057 787 1386 851 HenricuS.

483 987 733 1050 Solutio
786 993 1306 1068 argumentorum
1365 985 1618 1048 videtur
1674 1005 1750 1048 ex
1810 984 1903 1046 in·

399 1085 610 1147 ductis
651 1085 806 1148 satis
847 1093 1062 1168 patere
1095 1095 1206 1147 aut
1241 1085 1390 1146 elici
1429 1103 1632 1166 posse.
1670 1084 1902 1146 Conce-

399 1185 684 1246 dendum
717 1193 814 1247 est
841 1183 1162 1266 equidem,
1193 1183 1364 1264 quod
1399 1202 1513 1265 per
1542 1191 1902 1265 respectum

397 1283 478 1344 ad
519 1282 988 1364 providentiam
1029 1282 1163 1356 Dei,
1196 1289 1407 1344 certus
1446 1283 1528 1344 sit
1567 1282 1721 1344 ordo
1757 1300 1902 1344 cau—

399 1397 656 1458 sarum3
697 1400 815 1443 nec
861 1389 1072 1443 tamen
1115 1381 1236 1444 hoc
1277 1381 1444 1443 tollit
1481 1379 1769 1443 ordinem
1811 1399 1905 1442 re-

401 1498 566 1541 rum.
603 1479 683 1541 Et
723 1479 868 1541 dato
905 1478 1073 1561 quod
1119 1487 1306 1542 tantae
1346 1479 1757 1561 perfectionis
1794 1486 1904 1541 aut

399 1577 892 1640 illuminationis
933 1587 1102 1640 esset
1143 1585 1358 1641 nostra
1403 1578 1690 1650 scientia,
1733 1578 1902 1660 quod

399 1695 660 1740 omnem
707 1695 921 1739 rerum
969 1676 1258 1739 ordinem
1307 1684 1371 1738 et
1418 1694 1754 1740 causarum
1803 1695 1904 1738 co-

399 1775 846 1838 habitudinem
896 1792 1280 1857 omnemque
1325 1776 1584 1838 modum
1635 1783 1900 1838 eventus

2011 786 2233 849 sertim
2274 794 2583 868 quantum
2614 795 2708 850 est
2737 805 2816 848 ex
2854 795 3031 868 parte
3065 786 3267 868 ipsius
3308 784 3510 847 scien-

2008 886 2092 948 tis
2129 893 2321 967 atque
2351 884 2667 964 scientiae;
2706 893 3015 967 quantum
3046 901 3200 947 vero
3232 885 3310 946 ad
3350 884 3509 946 scita

2011 1003 2124 1046 seu
2157 984 2236 1046 ad
2273 983 2410 1066 ipsa
2440 983 2690 1063 objecta
2723 982 3097 1045 secundaria
3124 982 3357 1045 divinae
3388 981 3508 1044 sci-

2009 1082 2220 1155 entiae,
2254 1089 2460 1164 potest
2490 1083 2627 1165 ipsa
2657 1082 2923 1145 scientia
2952 1081 3365 1146 multiformis
3394 1099 3507 1144 vo-

2012 1182 2162 1256 cari,
2196 1182 2348 1264 quia
2386 1182 2639 1244 diversa
2681 1182 3033 1244 secundum
3076 1180 3365 1264 proprias
3405 1197 3511 1242 eo·

2011 1299 2154 1342 rum
2190 1280 2486 1353 rationeS,
2520 1279 2935 1362 proprietates
2975 1278 3507 1361 habitudinesque

2010 1378 2352 1458 cognoscit.

2092 1477 2155 1540 Si
2195 1486 2409 1540 autem
2439 1477 2782 1560 objiciatur
2815 1497 2829 1542 :
2864 1477 2975 1560 qui
3018 1495 3151 1539 rem
3182 1475 3365 1539 aliter
3401 1496 3509 1558 ap-

2010 1576 2349 1657 prehendit
2396 1583 2457 1638 et
2502 1576 2798 1657 intelligit
2847 1595 3041 1658 quam
3088 1582 3203 1648 est,
3246 1593 3506 1638 erronee

2008 1692 2149 1736 eam
2194 1675 2615 1756 apprehendit
2652 1682 2715 1736 et
2757 1673 2936 1750 false,
2970 1693 3089 1736 nec
3131 1691 3281 1737 vere
3322 1673 3507 1735 intel-

2011 1773 2171 1855 ligit,
2213 1792 2414 1855 quum
2462 1773 2821 1835 intellectus
2865 1773 2948 1835 sit
2988 1790 3303 1835 verorum.
3339 1772 3505 1834 Deus

399 1874 849 1936 universorum
895 1873 1250 1936 certissime
1297 1892 1728 1948 nosceremus,
1779 1873 1898 1935 hoc
1934 1875 1982 1938 B
2009 1891 2160 1954 ergo
2204 1874 2501 1936 universa
2542 1873 2963 1956 apprehendit
3006 1881 3075 1934 ut
3116 1881 3285 1946 sunt,
3327 1880 3507 1955 utpo-

399 1990 526 2034 non
566 1970 846 2034 auferret
876 1971 1066 2034 rebus
1097 1972 1368 2053 cognitis
1398 1972 1566 2054 quod
1603 1972 1900 2035 convenit

396 2071 491 2133 eis
521 2089 600 2133 ex
631 2069 908 2152 propriis
937 2089 1156 2132 earum
1197 2070 1462 2144 naturiS,
1494 2077 1557 2132 et
1587 2089 1700 2152 per
1729 2089 1899 2132 com-

397 2169 795 2252 parationem
835 2169 912 2230 ad
963 2169 1250 2252 proprias
1289 2177 1351 2231 et
1395 2167 1716 2250 proximas
1758 2187 1901 2231 cau-

395 2287 518 2329 sas.
569 2302 652 2312 —
701 2267 875 2340 Quod
927 2285 1076 2330 vero
1132 2267 1500 2340 assumitur,
1550 2267 1718 2349 quod
1771 2267 1899 2330 Deo

397 2367 521 2428 tale
550 2374 670 2440 est,
701 2366 1082 2449 simpliciter
1113 2367 1234 2429 tale
1273 2375 1370 2430 est
1403 2384 1417 2428 :
1451 2385 1577 2430 non
1618 2375 1714 2428 est
1753 2366 1900 2428 sim-

394 2465 654 2546 pliciter
700 2464 1200 2527 concedendum.
1253 2463 1478 2527 Omnia
1525 2462 1698 2526 enim
1749 2470 1898 2525 sunt

393 2563 524 2625 Deo
579 2563 816 2636 facilia,
877 2563 1282 2645 praecognita,
1338 2569 1530 2636 certa,
1585 2581 1778 2644 parva
1835 2569 1898 2624 et

397 2661 682 2740 modica3
715 2678 842 2724 non
874 2669 1109 2736 tamen,
1141 2660 1523 2742 simpliciter
1554 2661 1891 2743 loquendO,

393 2761 614 2822 omnia
655 2759 805 2823 talia
848 2767 1015 2823 sunt.

115 2970 370 3068 ena-tione·
481 2958 664 3021 Circa
713 2957 1188 3020 distinctionem
1247 2958 1410 3020 hanc
1458 2957 1718 3039 quidam
1770 2974 1897 3018 mo-

2013 1980 2072 2034 te
2125 1990 2139 2034 :
2194 1972 2543 2034 materialia
2602 1972 3031 2045 materialiter,
3088 1970 3507 2034 multiformia

2011 2070 2511 2144 multiformiter,
2565 2071 2895 2133 mutabilia
2945 2070 3357 2144 mutabiliter,
3404 2070 3507 2132 de-

2009 2168 2353 2251 pendentia
2401 2169 2853 2251 dependenter,
2904 2169 3268 2231 differentia
3323 2167 3508 2231 diffe-

2011 2276 2240 2330 renter.
2274 2267 2648 2342 Dicendum,
2681 2269 2849 2350 quod
2880 2288 3079 2350 quum
3113 2268 3368 2343 dicitur,
3393 2268 3504 2350 qui

2011 2387 2143 2430 rem
2190 2368 2373 2430 aliter
2413 2367 2836 2449 apprehendit
2879 2375 2941 2429 et
2986 2367 3266 2450 concipit
3309 2387 3502 2450 quam

2009 2474 2125 2538 est,
2167 2473 2335 2528 errat
2376 2474 2567 2548 atque
2611 2465 2999 2529 mendaciter
3046 2467 3501 2549 apprehendit3

2009 2564 2128 2627 hoc
2186 2565 2559 2627 adverbium
2619 2567 2821 2625 aliter
2877 2574 3085 2647 potest
3142 2565 3361 2628 referri
3423 2566 3503 2628 ad

2009 2682 2144 2725 rem
2177 2679 2193 2724 :
2226 2670 2288 2724 et
2332 2661 2424 2726 sic
2468 2681 2689 2725 verum
2734 2671 2831 2726 est
2873 2663 3032 2725 illud
3077 2671 3497 2746 assumptum.

2009 2762 2123 2836 Qui
2162 2761 2335 2824 enim
2374 2762 2879 2844 apprehenderet
2919 2761 3267 2825 materialia
3302 2770 3366 2824 et
3400 2763 3503 2824 de-

2009 2860 2351 2942 pendentia
2398 2877 2525 2922 non
2573 2879 2711 2922 esse
2761 2859 3110 2922 materialia
3156 2879 3229 2922 ac
3272 2861 3503 2943 depen-

2008 2958 2241 3032 dentia,
2277 2959 2496 3041 utique
2526 2959 2825 3022 deviaret.
2858 2959 3067 3021 Potest
3096 2959 3247 3020 item
3279 2957 3499 3021 referri

399 3064 554 3118 vent
596 3057 807 3119 adhuc
855 3056 1060 3119 varias
1108 3057 1512 3139 quaestioneS‚
1548 3055 1843 3119 videlicet
1879 3072 1892 3116 :
1934 3053 1978 3117 C
2006 3057 2083 3119 ad
2123 3065 2335 3119 actum
2380 3056 2817 3138 cognoscentis
2850 3065 2914 3119 et
2942 3054 3019 3119 ad
3060 3057 3261 3139 ipsam
3303 3057 3503 3120 scien-

355 3176 480 3239 ‚an
529 3156 800 3218 scientia
845 3156 956 3217 Dei
1005 3155 1088 3218 sit
1136 3154 1475 3218 uniformis
1522 3162 1585 3217 et
1635 3154 1897 3217 invaria-

393 3255 570 3329 bilis,
611 3260 826 3315 utrum
871 3254 954 3315 sit
994 3253 1514 3327 enuntiabilium,
1554 3261 1770 3316 utrum
1815 3254 1896 3315 sit

393 3372 524 3416 non
580 3352 852 3425 entium,
906 3359 1119 3413 utrum
1177 3352 1260 3413 sit
1319 3351 1761 3433 singularium,
1813 3371 1893 3413 an

390 3452 586 3514 etiam
637 3450 1039 3513 infinitorum
1083 3468 1098 3513 t
1143 3451 1221 3511 ad
1271 3469 1413 3531 quae
1461 3449 1678 3512 omnia
1726 3456 1896 3537 patet

391 3550 729 3634 responsio
771 3569 850 3612 ex
907 3548 1275 3631 frequenter
1332 3548 1715 3631 praehabitis.
1768 3548 1895 3611 Ali-

391 3650 550 3733 quid
615 3656 830 3711 tamen
900 3647 1108 3710 adhuc
1172 3647 1318 3709 inde
1382 3647 1660 3710 breviter
1721 3646 1892 3729 tangi

391 3756 624 3832 potest.

473 3846 718 3927 Nempe
756 3846 834 3907 de
874 3844 974 3907 his
1012 3844 1101 3906 ait
1142 3844 1246 3905 hic
1284 3844 1554 3907 Thomas
1589 3863 1602 3907 ε
1636 3844 1704 3905 In
1745 3862 1894 3925 qua-

389 3943 552 4005 libet
583 3942 944 4023 cognitione
974 3942 1212 4025 duplex
1253 3949 1457 4023 potest
1488 3942 1714 4004 modus
1749 3959 1894 4003 con-

389 4041 682 4114 siderari,
735 4039 1031 4103 videlicet
1093 4040 1316 4102 modus
1376 4040 1466 4102 rei
1516 4040 1782 4121 cognitae
1830 4046 1893 4101 et

389 4140 624 4202 modus
658 4138 1115 4219 cognoscentis.
1151 4138 1368 4201 Modus
1398 4156 1548 4201 vero
1588 4138 1892 4219 cognitio-

2007 3156 2160 3219 tiam
2195 3174 2208 3218 :
2242 3163 2305 3218 et
2348 3156 2440 3218 sic
2482 3174 2610 3219 non
2653 3163 2750 3219 est
2791 3175 3037 3230 verum,
3073 3156 3202 3219 imo
3244 3164 3503 3239 propter

2007 3255 2283 3317 rationes
2324 3262 2653 3336 praetactas
2683 3254 2849 3316 Deus
2889 3255 3009 3316 hoc
3044 3255 3228 3317 modo
3259 3254 3504 3317 verissi-

2007 3372 2108 3416 me
2137 3352 2560 3435 apprehendit
2592 3352 2964 3436 temporalia
3002 3352 3504 3437 intemporaliter

2005 3460 2068 3515 et
2098 3450 2501 3525 aeternaliter,
2536 3452 2887 3533 composita
2916 3451 3314 3533 simpliciter,
3348 3452 3504 3513 mul·

2005 3551 2287 3613 tiformia
2349 3549 2773 3623 uniformiter,
2839 3548 3260 3631 dependentia
3328 3550 3501 3613 inde-

2005 3649 2376 3732 pendenter,
2411 3648 2741 3711 sensibilia
2778 3647 3258 3723 insensibiliter,
3292 3656 3501 3711 creata

2002 3748 2303 3821 increate‚
2356 3754 2418 3809 et
2467 3747 2555 3808 ita
2612 3747 2689 3809 de
2741 3746 2902 3809 aliis.
2955 3782 3034 3791 —
3085 3742 3187 3809 Sic
3245 3765 3500 3830 quoque

2002 3846 2423 3910 enuntiabilia
2468 3854 2531 3907 et
2577 3863 2798 3908 omnes
2858 3845 3322 3927 propositiones
3372 3864 3500 3909 uno

2003 3945 2281 4029 simplici
2326 3944 2649 4026 cognoscit
2692 3944 2945 4006 intuitu.
2989 3943 3079 4005 Ex
3122 3944 3357 4026 quibus
3405 3962 3502 4007 os-

2002 4045 2303 4117 tenditur,
2337 4044 2505 4126 quod
2544 4050 2608 4105 et
2645 4049 2874 4104 cuncta
2912 4042 3331 4105 enuntiabilia
3366 4062 3500 4105 cer-

2001 4141 2249 4205 tissime
2280 4148 2534 4204 noscat:
2561 4140 2863 4222 quoniam
2895 4141 3333 4221 cognoscendo
3362 4160 3498 4204 rem

387 4238 516 4313 niS,
553 4238 780 4300 modus
811 4244 907 4299 est
941 4237 1400 4318 cognoscentiS,
1436 4256 1562 4299 non
1604 4238 1837 4319 cogniti
1873 4255 1887 4301 ε
1920 4242 1972 4305 D
2003 4242 2297 4303 intuitive
2340 4260 2453 4322 per
2494 4259 2674 4301 suam
2720 4239 2948 4313 ideam,
2984 4240 3307 4320 cognoscit
3345 4260 3498 4303 cun-

388 4338 546 4419 quia
603 4335 882 4417 cognitio
937 4342 1034 4397 est
1083 4343 1262 4397 actus
1318 4336 1778 4417 cognoscentiS,
1829 4346 1893 4399 et

387 4434 896 4515 unumquodque
927 4432 1053 4513 agit
1084 4434 1434 4495 secundum
1471 4436 1729 4496 modum
1762 4455 1892 4498 suae

385 4541 636 4595 naturae
664 4539 728 4593 et
757 4530 1212 4613 dispositionis.
1247 4531 1406 4593 Hinc
1435 4532 1722 4594 eamdem
1755 4552 1888 4595 rem

383 4632 578 4695 aliter
607 4628 932 4711 cognoscit
961 4648 1186 4691 sensus
1215 4630 1508 4705 exterior,
1541 4630 1725 4693 aliter
1753 4651 1893 4694 sen-

385 4750 500 4794 sus
541 4728 826 4802 interior,
859 4728 1043 4791 aliter
1082 4728 1460 4791 intellectus.
1495 4729 1652 4791 Nam
1691 4738 1755 4791 et
1793 4748 1892 4793 co-

382 4829 594 4912 gnitio
622 4827 701 4890 fit
731 4827 1084 4889 secundum
1115 4826 1375 4890 modum
1408 4846 1535 4909 quo
1565 4828 1886 4909 cognitum

383 4936 488 4991 est
515 4928 584 4990 in
614 4932 1056 5009 cognoscente.
1078 4926 1586 5009 Unumquodque
1615 4945 1766 4991 vero
1797 4936 1892 4990 est

384 5028 456 5091 in
495 5027 697 5089 altero
737 5024 1090 5087 secundum
1135 5025 1395 5087 modum
1433 5034 1497 5087 et
1536 5026 1892 5108 dispositio-

383 5146 536 5188 nem
575 5124 721 5205 ejus
760 5124 828 5184 in
865 5140 994 5205 quo
1033 5130 1146 5184 est.
1182 5122 1388 5197 Quum
1428 5143 1576 5206 ergo
1606 5125 1772 5187 Deus
1811 5125 1893 5187 sit

385 5226 456 5288 in
491 5244 560 5287 se
591 5224 736 5306 ipso
765 5240 1015 5285 summe
1045 5229 1109 5283 et
1140 5221 1555 5285 ineffabiliter
1592 5223 1888 5306 simplex,

385 5318 960 5395 incommutabiliS,
985 5328 1229 5383 constat
1257 5323 1426 5403 quod
1457 5320 1597 5402 ejus
1627 5322 1892 5385 scientia

2001 4348 2102 4402 cta
2141 4360 2282 4423 quae
2327 4339 2417 4401 rei
2465 4338 2875 4412 conveniunt,
2909 4338 3127 4400 insunt
3166 4338 3300 4401 sive
3338 4340 3501 4402 acci-

2003 4440 2150 4501 dere
2202 4446 2486 4520 possunt.
2529 4438 2675 4499 Ideo
2716 4435 2875 4499 falsa
2916 4444 3012 4498 est
3053 4436 3393 4501 Avicennae
3436 4448 3499 4501 et

1999 4536 2308 4618 Algazelis
2340 4536 2579 4618 opini0,
2601 4535 2950 4597 dicentium
2982 4535 3151 4617 quod
3182 4536 3349 4599 Deus
3378 4538 3499 4600 scit

1999 4636 2346 4718 singularia
2390 4634 2831 4697 universaliter
2873 4635 3103 4709 solum,
3144 4642 3208 4696 et
3250 4636 3316 4697 in
3363 4636 3499 4698 uui·

1999 4735 2352 4798 versalibus
2390 4733 2523 4797 suis
2563 4731 2920 4815 principiiS,
2954 4741 3017 4794 et
3047 4750 3173 4795 non
3214 4733 3279 4793 in
3321 4742 3507 4805 natu-⁴

1997 4852 2068 4895 ra
2107 4840 2170 4894 et
2209 4831 2622 4915 dispositione
2666 4851 2794 4894 suae
2838 4830 3374 4913 particularitatiS,
3409 4832 3496 4894 ita

1997 4932 2169 5013 quod
2218 4928 2509 5012 quamvis
2568 4930 2725 4991 sciat
2773 4928 3175 4990 individuum
3224 4929 3343 4992 hoc
3392 4931 3493 4992 vel

2000 5030 2180 5103 illud,
2236 5047 2360 5092 non
2408 5036 2620 5090 tamen
2678 5027 2797 5089 scit
2847 5026 2966 5089 hoc
3015 5046 3186 5089 nuuc
3244 5046 3382 5090 esse
3430 5036 3493 5091 et

1999 5136 2218 5210 postea
2260 5145 2385 5189 non
2428 5144 2586 5189 esse.

2079 5226 2366 5306 Insuper,
2401 5224 2583 5286 sicut·
2603 5242 2677 5286 ea
2710 5243 2851 5305 quae
2890 5232 3038 5286 sunt
3070 5224 3233 5286 Deus
3267 5242 3492 5306 cogno-

2003 5322 2120 5386 scit
2151 5322 2419 5385 scientia
2449 5320 2734 5397 visioniS,
2768 5321 2858 5384 sic
2895 5340 2969 5384 ea
3002 5341 3145 5404 quae
3180 5340 3306 5384 non
3342 5331 3490 5385 sunt
