4359 6250
643 509 940 566 amurca
981 511 1173 557 oxma
1218 511 1354 558 surr
1395 512 1460 558 ιΝ
1501 511 1619 559 nso
1662 512 1983 559 mumma
2024 513 2221 568 A‘roun
2262 513 2655 572 causan-m,
2696 515 2771 560 m·
2811 513 2955 570 omn
2997 516 3091 562 srr
3131 515 3279 561 maa
3386 493 3504 560 407

412 682 562 744 dum
619 682 1023 745 determinati
1085 690 1147 744 et
1206 682 1484 754 limitati,
1545 700 1672 745 non
1732 683 1900 765 quod
1934 682 1986 745 A
2015 681 2253 763 cipales
2300 681 2520 746 formae
2567 692 2630 746 et
2672 685 2947 747 rationes
2994 690 3265 760 aeternae‚
3300 692 3372 746 ut
3417 683 3509 746 di-

409 780 786 862 simpliciter
815 781 896 842 sit
926 781 1346 844 determinata
1375 789 1437 843 et
1469 781 1757 855 limitata,
1791 782 1901 843 sed

407 879 470 942 in
527 888 837 960 quantum
897 879 1252 942 similitudo
1311 881 1504 954 illius,
1557 888 1776 962 utpote
1831 888 1903 942 ut

407 977 734 1039 imitabilis
781 977 862 1040 ab
911 977 1021 1040 illo
1063 986 1165 1040 aut
1222 978 1332 1041 illo
1373 980 1725 1041 secundum
1773 998 1902 1040 cer-

405 1083 538 1139 tum
569 1085 631 1138 et
664 1076 1007 1138 limitatum
1036 1077 1301 1157 gradum
1334 1076 1756 1160 perfectionis
1773 1076 1902 1139 Nec

405 1175 544 1238 ideo
583 1175 874 1257 sequitur
911 1176 1081 1256 quod
1123 1175 1338 1238 divina
1376 1175 1652 1238 essentia
1690 1175 1773 1236 sit
1811 1194 1904 1236 ra-

407 1275 494 1336 tio
523 1274 944 1355 cognoscendi
978 1274 1135 1336 illud
1166 1282 1276 1336 aut
1307 1274 1466 1336 illud
1497 1273 1738 1355 absque
1771 1291 1902 1335 om-

406 1373 474 1434 ni
515 1379 810 1454 respectu
855 1372 946 1434 rei
995 1380 1059 1435 et
1107 1372 1393 1446 rationis,
1428 1372 1580 1454 quia
1627 1371 1901 1434 essentia

407 1471 618 1534 divina
647 1489 775 1532 non
807 1479 902 1533 est
943 1471 1296 1534 similitudo
1326 1471 1600 1552 alicujus
1643 1471 1898 1533 illorum

407 1570 528 1632 nisi
560 1578 628 1632 ut
661 1569 1014 1644 imitabilis,
1046 1570 1147 1632 vel
1178 1577 1249 1632 ut
1288 1570 1496 1632 taliter
1528 1569 1850 1632 intellecta
1884 1588 1896 1631 :

407 1669 640 1751 quibus
689 1669 1060 1732 nominibus
1111 1669 1490 1752 importatur
1539 1668 1760 1731 relatio
1809 1668 1899 1730 rei

407 1778 510 1831 aut
559 1768 844 1841 rationiS,
880 1767 1009 1830 imo
1057 1768 1278 1830 relatio
1326 1767 1417 1829 rei
1467 1769 1531 1830 in
1583 1774 1790 1829 creato
1839 1774 1903 1828 et

2017 786 2191 842 ctum
2241 789 2335 842 est
2384 789 2551 856 ante,
2602 791 2665 844 et
2712 784 2882 865 quod
2932 784 3061 845 sint
3108 783 3246 864 ipsa
3294 781 3510 844 divina

2015 879 2292 942 essentia
2332 880 2397 940 in
2440 889 2750 963 quantum
2794 889 2890 944 est
2933 882 3093 944 ratio
3135 900 3327 964 quam
3372 880 3513 942 imi-

2015 985 2184 1040 tatur
2217 987 2521 1040 creatura.
2556 979 2796 1042 Deinde
2826 980 3185 1062 respondet,
3221 980 3393 1062 quod
3424 979 3514 1041 in-

2017 1076 2332 1139 tentiones
2393 1077 2687 1140 secundae
2744 1087 2807 1140 et
2864 1077 3085 1140 formae
3140 1078 3511 1140 artificiales

2015 1191 2142 1236 non
2175 1173 2412 1236 habent
2451 1175 2739 1257 proprias
2783 1176 2953 1238 ideas
2995 1175 3061 1237 in
3090 1176 3241 1250 Deo,
3273 1177 3383 1238 sed
3414 1195 3511 1239 so-

2017 1272 2150 1334 lum
2202 1273 2373 1336 ideas
2432 1275 2818 1336 naturalium
2873 1293 3087 1336 rerum
3137 1274 3307 1336 circa
3353 1295 3513 1356 quas

2016 1371 2297 1454 concipit
2345 1372 2705 1435 intellectus
2749 1373 3133 1435 intentiones
3176 1373 3507 1446 secundaS,

2015 1477 2077 1531 et
2107 1470 2277 1532 circa
2316 1491 2473 1552 quas
2512 1478 2811 1552 operatur
2837 1490 2939 1532 ars
2972 1470 3209 1532 formas
3246 1470 3509 1532 artifici-

2014 1569 2144 1631 ales
2190 1587 2203 1631 :
2249 1569 2334 1631 ita
2381 1570 2550 1651 quod
2594 1571 2759 1632 Deus
2805 1589 2920 1652 per
2961 1569 3286 1652 simplices
3339 1569 3510 1632 ideas

2017 1667 2400 1729 naturalium
2461 1686 2673 1730 rerum
2740 1668 3065 1750 cognoscit
3126 1668 3509 1731 intentiones

2016 1766 2347 1840 secundas,
2378 1766 2875 1849 artificialesque
2907 1765 3143 1829 formas
3178 1772 3241 1829 et
3270 1767 3510 1829 violen-

409 1867 630 1941 ideato,
663 1873 856 1948 atque
895 1867 1116 1928 relatio
1157 1866 1417 1929 rationis
1450 1866 1516 1927 in
1559 1866 1699 1928 idea
1737 1873 1798 1928 et
1836 1865 1901 1927 in
1935 1867 1982 1931 B
2014 1871 2108 1926 tas
2155 1864 2607 1945 dispositiones
2655 1884 2798 1946 quae
2840 1865 2985 1926 fieri
3030 1871 3299 1947 possunt
3341 1865 3510 1926 circa

407 1965 678 2028 essentia
718 1972 786 2026 ut
827 1964 920 2026 sic
953 1965 1294 2028 intellecta.

482 2064 719 2126 Deinde
760 2063 838 2126 ad
885 2064 1155 2145 primam
1198 2063 1628 2145 objectionem
1668 2062 1900 2124 factam

406 2181 441 2222 a
479 2163 662 2224 Scoto
712 2169 929 2225 contra
973 2162 1318 2225 secundam
1371 2161 1764 2244 opinionem,
1807 2161 1901 2222 di-

407 2263 697 2334 cendum,
731 2262 900 2343 quod
933 2261 1202 2324 infinitae
1230 2260 1626 2323 excellentiae
1667 2259 1900 2321 divinae

405 2361 762 2422 nullatenus
821 2361 1100 2441 derogat,
1151 2360 1262 2422 sed
1313 2360 1514 2440 magis
1563 2358 1791 2420 alludit
1838 2364 1902 2419 et

406 2464 724 2532 consonat,
780 2458 947 2540 quod
997 2477 1034 2520 a
1085 2458 1262 2520 nullo
1314 2458 1640 2519 intellectu
1690 2464 1900 2518 creato

406 2565 609 2638 potest
665 2555 949 2638 plenarie
1013 2555 1491 2637 comprehendi,
1553 2573 1762 2636 neque
1819 2553 1901 2616 ab

403 2655 614 2736 aliqua
656 2663 943 2716 creatura
989 2653 1271 2736 perfecte
1323 2653 1557 2715 imitari
1592 2671 1606 2714 :
1641 2660 1900 2734 propter

407 2754 571 2835 quod
603 2753 696 2814 sic
726 2753 958 2815 habere
988 2771 1126 2814 esse
1157 2751 1546 2814 diminutum
1579 2751 1643 2812 in
1689 2757 1900 2812 mente

403 2851 938 2934 apprehendentis
967 2859 1030 2914 et
1061 2851 1128 2912 in
1161 2859 1385 2912 natura
1416 2849 1746 2924 imitantiS,
1771 2866 1898 2911 non

403 2949 616 3012 obviat
675 2949 1065 3012 excellentia}
1124 2949 1357 3011 divinae
1414 2949 1727 3023 essentia),
1779 2967 1898 3010 nec

2015 1962 2154 2024 illas
2212 1963 2292 2024 ab
2344 1963 2669 2026 intellectu
2720 1971 2803 2028 etv
2838 1971 2991 2026 arte.
3046 1963 3122 2024 Et
3170 1964 3291 2026 hoc
3343 1963 3505 2038 ideo,

2013 2061 2315 2143 quoniam
2358 2079 2579 2124 omnes
2623 2063 3008 2126 intentiones
3052 2063 3349 2125 secundae
3393 2062 3509 2124 im-

2014 2169 2267 2243 portant
2311 2160 2661 2223 formaliter
2698 2162 3008 2224 rationem
3048 2169 3376 2243 respectus
3416 2162 3509 2224 rei

2014 2260 2183 2320 cIrca
2232 2278 2423 2340 quam
2478 2259 2959 2323 considerantur
3011 2261 3089 2322 ad
3147 2259 3360 2322 aliam.
3416 2260 3509 2322 Si-

2014 2358 2253 2420 militer
2301 2375 2427 2420 non
2476 2357 2600 2419 nisi
2652 2358 2962 2420 rationem
3015 2365 3342 2441 respectus
3395 2359 3509 2420 im-

2012 2462 2267 2537 portant
2314 2455 2535 2518 formae
2591 2454 2982 2530 artificiales,
3025 2456 3327 2538 quoniam
3379 2475 3507 2519 non

2013 2553 2369 2616 consistunt
2415 2553 2541 2614 nisi
2586 2553 2651 2614 in
2693 2553 2914 2615 ordine
2964 2553 3241 2636 partium
3292 2572 3505 2616 rerum

2011 2651 2397 2714 naturalium
2434 2669 2448 2713 ε
2483 2653 2592 2732 qui
2633 2652 2787 2714 ordo
2831 2670 2958 2714 non
2998 2659 3094 2714 est
3134 2652 3259 2714 nisi
3298 2672 3509 2736 respe-

2012 2759 2152 2812 ctus
2184 2750 2464 2832 quidam.
2501 2751 2844 2832 Respectus
2874 2757 3087 2813 autem
3119 2751 3253 2814 sive
3284 2751 3507 2816 relatio

2012 2849 2335 2931 propriam
2372 2849 2576 2912 ideam
2608 2867 2736 2911 non
2766 2849 3057 2923 habet,ut
3079 2849 3211 2931 jam
3242 2849 3501 2912 dice-tur.

2091 2948 2281 3010 Porro
2310 2966 2523 3010 rerum
2556 2947 2942 3009 naturalium
2972 2949 3262 3029 quaedam
3293 2949 3509 3011 dicun-

403 3050 569 3132 quod
601 3048 714 3110 illo
745 3048 932 3110 modo
971 3047 1320 3110 fundantur
1353 3047 1416 3110 in
1457 3067 1532 3109 ea
1561 3047 1896 3110 relationes
1935 3045 1978 3108 C
2013 3054 2115 3107 tur
2160 3048 2513 3108 secundum
2564 3065 2653 3120 se,
2706 3046 2995 3128 quaedam
3044 3046 3120 3108 ad
3169 3045 3361 3109 aliud.
3417 3049 3505 3111 De

405 3148 684 3212 rationiS.
726 3184 808 3193 --
845 3147 938 3209 Ad
985 3148 1176 3209 aliam
1227 3148 1391 3221 dico,
1434 3147 1603 3228 quod
1654 3146 1718 3207 in
1767 3147 1896 3208 Deo
2010 3145 2221 3227 primo
2254 3146 2439 3208 modo
2470 3153 2617 3207 sunt
2648 3151 2893 3207 tantum
2925 3164 3025 3207 res
3055 3145 3251 3207 trium
3283 3146 3506 3228 praedi·

399 3247 709 3309 altissimo
739 3264 816 3308 ex
847 3265 961 3307 sua
1000 3254 1226 3307 natura
1253 3252 1316 3307 et
1354 3253 1662 3326 quantum
1693 3252 1894 3306 estex
2009 3252 2469 3317 camentorum,
2513 3244 2831 3318 videlicet,
2875 3242 3267 3315 substantiae,
3307 3263 3504 3326 quan-

403 3355 576 3430 parte
621 3346 734 3419 rei,
769 3354 865 3407 est
903 3364 1154 3407 summa
1191 3352 1254 3406 et
1291 3343 1547 3405 infinita
1586 3344 1894 3425 simplici-

399 3454 512 3518 tas,
561 3444 772 3506 unitas
820 3451 1010 3525 atque
1064 3443 1380 3516 identitaS,
1423 3450 1486 3505 et
1536 3458 1664 3503 non
1714 3442 1891 3523 prius

401 3562 603 3623 neque
666 3542 1027 3624 posterius;
1079 3559 1195 3603 nec
1249 3540 1484 3603 distant
1532 3540 1598 3601 in
1651 3557 1725 3602 eo
1775 3558 1891 3601 nec

400 3640 708 3702 differunt
735 3640 1026 3722 aptitudo
1064 3646 1128 3702 et
1163 3647 1364 3713 actus»,
1399 3657 1515 3700 nec
1556 3638 1892 3701 relationes

402 3738 463 3801 in
495 3738 652 3821 ipsis
684 3738 982 3801 fundatae.
1000 3738 1146 3801 Ideo
1174 3744 1320 3800 ante
1349 3737 1686 3800 relationes
1717 3738 1887 3811 ideae,

403 3855 522 3899 non
561 3844 660 3899 est
701 3836 768 3899 in
809 3838 937 3899 Deo
980 3836 1154 3918 prior
1182 3836 1404 3898 relatio
1441 3836 1518 3897 ad
1551 3842 1776 3898 creata.
1812 3871 1892 3879 —

401 3936 608 4017 Itaque
660 3942 922 4017 propter
971 3935 1082 3996 has
1129 3942 1194 3997 et
1243 3934 1484 3996 similes
1533 3933 1890 4016 persuasio-

403 4032 832 4107 neS,non·fuit
863 4052 980 4096 nec
1009 4040 1104 4095 est
1133 4053 1170 4095 a
1198 4032 1486 4095 doctrina
1516 4033 1888 4096 Sanctorum

405 4132 478 4193 de
520 4132 682 4194 ideis
727 4130 1078 4213 praehabita
1121 4131 1567 4193 recedendum.

478 4332 743 4411 Insuper
791 4329 868 4390 de
924 4328 1082 4391 ideis
1142 4328 1344 4389 multa
1399 4328 1620 4391 scribit
1671 4328 1890 4391 Henri-

401 4448 509 4490 cus
553 4428 620 4489 in
666 4427 936 4489 diversis
986 4445 1247 4489 suorum
1298 4426 1452 4489 Iocis
1492 4427 1892 4500 Quodlibeto-

403 4544 558 4587 rum.
597 4525 887 4606 Septimo
929 4525 1226 4606 equidem
1267 4524 1641 4597 Quodlibeto
1685 4525 1891 4606 inqui-

402 4624 500 4697 rit,
541 4624 768 4687 Utrum
811 4623 1112 4705 quaelibet
1157 4642 1255 4685 res
1298 4622 1526 4685 habeat
1569 4624 1889 4704 propriam

402 4720 603 4784 ideam
655 4720 724 4782 in
775 4722 936 4783 Deo.-
958 4722 1050 4783 Ad
1099 4720 1267 4803 quod
1316 4721 1778 4802 respondendo,
1814 4721 1894 4781 si-

403 4822 530 4883 mul
561 4819 907 4903 respondet
933 4819 1010 4880 ad
1051 4818 1466 4900 quaestionem
1508 4837 1632 4899 qua
1667 4817 1892 4899 quaeri-

404 4927 519 4993 tur,
561 4920 660 4982 An
711 4916 1048 4980 relationes
1097 4935 1209 4978 seu
1255 4924 1580 4996 respectus
1623 4914 1895 4977 habeant

404 5017 688 5099 proprias
723 5015 916 5087 ideas,
949 5033 1026 5075 an
1057 5014 1252 5076 etiam
1284 5015 1577 5075 secundae
1609 5013 1898 5075 intentio-

403 5134 528 5177 nes.
545 5112 856 5188 Quocirca
885 5112 1094 5194 primo
1123 5111 1399 5174 declarat
1430 5112 1583 5193 quid
1613 5112 1696 5173 sit
1727 5112 1894 5187 idea3

402 5222 462 5276 et
499 5212 795 5295 sequitur
830 5210 1257 5292 Augustinum
1296 5209 1362 5272 in
1405 5210 1570 5273 libro
1608 5210 1897 5272 LXXXIII

405 5309 1160 5387 Quaestionum,videlicet
1189 5309 1359 5390 quod
1392 5309 1548 5373 ideae
1577 5308 1705 5371 sint
1735 5308 1901 5390 prin-

2005 3342 2227 3415 titatis,
2252 3350 2315 3403 et
2345 3342 2684 3423 qualitatis,
2706 3343 2794 3403 De
2823 3341 3102 3404 secundo
3134 3342 3322 3405 modo
3352 3351 3500 3406 sunt

2006 3460 2106 3503 res
2156 3439 2427 3503 aliorum
2485 3448 2729 3522 septem
2789 3439 3426 3521 praedicamentorum
3479 3458 3493 3503 :

2007 3557 2279 3621 quarum
2321 3538 2473 3619 quia
2510 3555 2636 3599 non
2678 3544 2773 3600 est
2811 3537 3026 3618 aliqua
3064 3538 3317 3599 realit‘as
3357 3557 3499 3619 pro-

2006 3636 2166 3719 pria,
2198 3637 2321 3698 alia
2359 3656 2395 3698 a
2436 3635 2719 3698 realitate
2760 3636 3032 3698 aliorum
3076 3636 3270 3698 trium
3313 3656 3499 3717 gene-

2005 3755 2147 3798 rum
2179 3754 2373 3817 super
2400 3754 2542 3816 quae
2570 3734 2950 3813 fundantur3
2974 3734 3116 3797 ideo
3147 3734 3309 3809 dict),
3327 3737 3495 3817 quod

2007 3834 2342 3897 relationes
2388 3840 2451 3895 et
2491 3832 2869 3913 generaliter
2910 3852 3010 3895 res
3053 3840 3299 3915 septem
3345 3854 3497 3915 prae-

2004 3934 2529 4003 dicamentorum,
2549 3930 2820 3993 aliorum
2850 3950 2887 3993 a
2916 3931 3291 4007 substantia,
3312 3952 3501 4014 quan-

2002 4031 2179 4094 titate
2208 4040 2272 4093 et
2309 4029 2633 4112 qualitate,
2668 4047 2795 4091 non
2834 4029 3071 4092 habent
3109 4030 3399 4111 proprias
3430 4031 3497 4093 in

2004 4129 2131 4191 Deo
2185 4130 2378 4203 ideaS,
2430 4128 2584 4190 alias
2636 4127 2718 4189 ab
2767 4128 2929 4191 ideis
2982 4126 3499 4209 praedicamenfo-

1920 4232 1970 4294 D
2003 4245 2144 4289 rum
2189 4246 2379 4308 super
2422 4244 2696 4308 quorum
2741 4244 2841 4288 res
2883 4225 3252 4288 fundantur.

2079 4326 2310 4386 Rerum
2362 4341 2514 4385 vero
2559 4324 2949 4385 naturalium
2998 4344 3141 4405 quae
3198 4332 3346 4387 sunt
3401 4344 3496 4389 se·

2001 4422 2282 4484 cundum
2332 4441 2399 4484 se
2442 4428 2505 4483 et
2552 4422 2630 4483 ad
2674 4440 2742 4483 se
2788 4422 2979 4503 ipsaS,
3014 4423 3302 4504 quaedam
3347 4432 3497 4486 sunt

1999 4520 2423 4583 essentialiter
2452 4520 2513 4582 id
2555 4520 2724 4601 quod
2764 4528 2912 4582 sunt
2950 4522 3402 4585 secundum'se
3434 4530 3497 4585 et

1999 4620 2076 4681 ad
2110 4638 2199 4692 se,
2220 4619 2510 4700 quaedam
2541 4636 2691 4680 vero
2720 4619 3197 4682 accidentaliter
3227 4628 3489 4683 tantum.

2002 4719 2088 4780 De
2130 4718 2339 4799 primo
2376 4736 2606 4798 genere
2646 4724 2892 4778 tantum
2934 4724 3083 4779 sunt
3112 4718 3495 4799 quidditates

2001 4824 2066 4877 et
2103 4815 2395 4878 essentiae
2432 4814 2753 4897 specificae
2792 4815 3145 4876 secundum
3187 4816 3495 4878 rationem

2003 4913 2241 4996 speciei
2291 4912 2785 4994 specialissimae.
2820 4948 2901 4957 -
2929 4912 3017 4974 De
3066 4914 3345 4975 secundo
3390 4933 3498 4975 au·

2007 5020 2133 5075 tem
2184 5029 2413 5093 genere
2467 5010 2754 5091 quaedam
2809 5016 2958 5071 sunt
3010 5010 3074 5071 id
3128 5011 3294 5092 quod
3350 5018 3499 5073 sunt

2007 5110 2361 5173 secundum
2399 5127 2466 5170 se
2495 5116 2559 5169 et
2595 5108 2672 5169 ad
2712 5128 2779 5170 se
2817 5107 3311 5183 accidentaliter,
3344 5128 3499 5192 quo-

2007 5209 2180 5271 niam
2232 5226 2421 5289 opere
2480 5206 2840 5268 intellectus
2890 5206 3299 5269 consideratae
3350 5216 3500 5270 sunt

2011 5308 2076 5370 in
2107 5314 2331 5369 natura
2369 5305 2660 5368 essentiae
2699 5303 3042 5387 specificae,
3075 5313 3138 5368 et
3170 5304 3499 5369 abstractae
