4359 6250
1023 506 1106 551 AN
1147 506 1404 552 GAmTAs
1445 506 1790 562 AUGEATUR,
1833 506 1905 551 m·
1948 507 2248 562 omui-nn
2288 509 2581 564 omnesve
2622 509 2871 555 Aci-mus
3416 489 3493 552 37

393 675 812 755 stinguuntur
869 675 936 737 in
995 674 1199 750 nohiS,
1252 682 1425 737 tanto
1475 674 1618 756 plus
1667 672 1971 736 caritasA
2002 674 2062 735 la
2127 675 2547 756 possibilitate
2607 685 2670 739 et
2731 677 3091 740 unibilitate
3152 677 3493 740 exsistente

393 773 782 853 depuratur3
819 781 884 834 et
913 781 1148 854 quanto
1188 774 1332 855 plus
1364 773 1730 854 depuratur,
1763 779 1894 833 tan-

389 877 458 932 to
501 871 645 950 plus
684 871 817 932 Deo
855 872 1243 933 assimilatur
1273 879 1335 932 et
1372 871 1616 933 accedit
1654 871 1734 932 ad
1772 879 1894 932 ter-

393 968 665 1029 minum.
701 968 882 1031 Ratio
913 986 1172 1031 movens
1214 970 1366 1032 istos
1397 968 1521 1031 fuit
1550 969 1891 1031 auctoritas

389 1065 783 1147 Philosophi,
825 1067 1166 1128 asserentis
1213 1066 1450 1129 formas
1492 1065 1735 1129 intendi
1779 1085 1893 1148 per

389 1181 725 1225 accessum
785 1163 864 1224 ad
929 1164 1298 1237 terminum,
1359 1171 1422 1226 et
1483 1182 1597 1245 per
1653 1163 1884 1244 imper-

395 1261 772 1324 mixtionem
816 1279 965 1322 cum
1010 1279 1124 1324 suo
1167 1261 1514 1340 contrari03
1551 1260 1890 1323 auctoritas

391 1360 591 1422 etiam
621 1359 956 1440 Augustini
989 1359 1054 1423 in
1087 1360 1250 1423 libro
1277 1360 1568 1423 LXXXIII
1597 1359 1893 1433 Quaestio-

393 1477 558 1520 num
603 1457 876 1520 dicentis
920 1477 934 1519 :
977 1458 1154 1521 Sicut
1196 1459 1510 1521 minuitur
1551 1458 1888 1539 cupiditaS,

391 1557 492 1618 sic
544 1556 770 1619 crescit
811 1565 876 1618 et
917 1557 1162 1618 caritas.
1208 1558 1352 1620 Haec
1398 1565 1610 1620 autem
1662 1556 1892 1638 positio

392 1673 530 1716 non
583 1663 786 1717 exstat
842 1656 1250 1728 convenienS,
1302 1655 1605 1737 quoniam
1664 1654 1890 1716 caritas

389 1752 606 1833 major
644 1761 705 1814 et
747 1754 954 1816 minor
995 1762 1093 1816 est
1134 1753 1201 1816 in
1241 1754 1504 1834 angeliS,
1548 1753 1612 1815 in
1657 1752 1890 1834 quibus

2003 773 2069 834 in
2125 775 2581 854 augmentabili
2629 793 2642 837 :
2698 784 2977 857 tuncque
3025 774 3496 856 augmentabile

2000 891 2202 953 quum
2242 873 2470 935 habeat
2500 893 2567 936 se
2598 875 2663 936 in
2700 876 2941 938 ratione
2972 874 3354 957 imperfecti,
3386 875 3495 936 ha-

2001 970 2108 1032 bet
2155 991 2223 1033 se
2274 991 2389 1053 per
2438 975 2697 1035 modum
2758 974 3029 1055 passivi3
3079 981 3495 1054 augmentans

2001 1087 2150 1131 vero
2189 1089 2389 1151 quum
2433 1071 2515 1132 sit
2557 1071 2921 1152 perficiem,
2955 1071 3145 1134 hahet
3182 1089 3250 1132 se
3294 1071 3362 1132 in
3404 1089 3497 1132 ra-

1999 1167 2171 1230 tione
2238 1169 2523 1231 formalis
2590 1179 2653 1232 et
2716 1171 3105 1251 completivi,
3173 1170 3325 1252 quia
3392 1169 3498 1231 dat

2000 1267 2419 1347 quantitatem
2460 1267 2827 1348 perfectam.
2862 1269 3068 1341 Quum
3098 1285 3247 1349 ergo
3275 1267 3498 1349 objici-

2000 1372 2104 1425 tur
2141 1364 2312 1446 quod
2358 1384 2557 1426 unum
2596 1375 2691 1428 est
2734 1367 2798 1428 in
2849 1367 3131 1448 potentia
3176 1366 3256 1428 ad
3296 1366 3492 1440 aliud,

2001 1462 2343 1525 dicendum
2404 1464 2572 1543 quod
2632 1482 2755 1526 non
2815 1473 2912 1526 cst
2963 1466 3028 1526 in
3089 1464 3371 1546 potentia
3415 1463 3495 1525 ad

2002 1560 2505 1635 conversionem,
2556 1561 2666 1622 sed
2718 1563 3038 1625 unionem.
3092 1563 3235 1626 Haec
3282 1570 3495 1624 autem

2001 1659 2285 1739 potentia
2331 1667 2427 1720 est
2478 1660 2543 1720 in
2592 1659 2851 1720 caritate
2902 1678 2979 1721 ex
3038 1679 3151 1721 sua
3200 1658 3495 1740 imperfe-

2003 1757 2213 1818 ctione
2240 1776 2254 1819 :
2285 1776 2484 1838 quum
2515 1758 2689 1820 enim
2718 1758 2803 1819 sit
2832 1756 3271 1839 perfectibiliS,
3291 1756 3499 1819 unibi-

389 1851 560 1914 nihil
592 1859 688 1914 est
726 1870 842 1913 nec
884 1871 1166 1934 unquam
1206 1852 1327 1913 fuit
1366 1852 1611 1913 caritati
1650 1858 1891 1913 eontra·
1929 1855 1974 1918 B
2005 1855 2082 1917 lis
2112 1863 2209 1916 est
2240 1856 2330 1917 rei
2363 1856 2745 1936 perficienti.
2766 1855 3011 1931 —‚Haec
3036 1857 3491 1918 Bonaventura.

385 1951 585 2011 rium.
639 1951 1088 2012 Verumtamen
1143 1951 1324 2031 juxta
1383 1967 1746 2012 mensuram
1800 1968 1892 2010 re-

383 2049 721 2110 missionis
764 2049 1298 2130 concupiscentiae
1348 2048 1696 2110 intenditur
1737 2048 1894 2110 cari-

381 2153 487 2206 tas
519 2153 830 2226 quantum
869 2144 946 2206 ad
980 2144 1297 2206 fervorem
1332 2162 1346 2206 ε
1380 2151 1445 2205 et
1474 2144 1559 2206 ita
1594 2143 1893 2224 intelligit

381 2243 806 2322 Augustinus·
851 2242 954 2304 Sic
999 2260 1252 2324 quoque
1298 2242 1578 2324 loquitur
1618 2242 1894 2304 Philoso-

385 2341 564 2422 phus
601 2341 679 2401 de
722 2339 965 2412 formiS,
999 2347 1311 2421 quantum
1349 2340 1425 2401 ad
1467 2340 1890 2402 intensionem

384 2447 452 2502 et
496 2446 914 2519 augmentum
955 2457 1194 2502 earum.

473 2536 618 2599 Alia
678 2537 909 2619 positio
956 2545 1073 2610 est,
1126 2537 1294 2618 quod
1345 2537 1570 2599 caritas
1628 2544 1894 2616 augetur

389 2655 514 2718 per
561 2635 1026 2716 appositionem
1075 2655 1088 2698 :
1141 2635 1326 2715 cujus
1373 2635 1738 2716 exemplum
1790 2635 1893 2695 ha-

385 2734 588 2796 betur
617 2734 682 2794 in
723 2733 988 2808 lumine,
1022 2734 1192 2815 quod
1223 2734 1466 2795 caritati
1507 2733 1894 2795 assimilatur

383 2850 714 2914 expresse.
763 2831 936 2894 Unde
985 2833 1154 2894 sicut
1203 2831 1408 2913 majus
1460 2831 1676 2893 lumen
1724 2831 1895 2893 addi-

385 2942 536 2994 tum
578 2938 766 3011 auget
809 2930 1044 3003 minus,
1078 2931 1170 2992 sic
1214 2931 1440 2992 caritas
1488 2929 1892 3011 superaddita

2083 1953 2435 2015 Concordat
2482 1954 2723 2029 PetruS,
2776 1953 3046 2016 dicendo
3078 1975 3105 2022 ,ε
3152 1955 3303 2017 Duae
3349 1962 3498 2015 sunt

2001 2049 2106 2112 hic
2147 2051 2499 2133 opiniones.
2537 2052 2669 2113 Una
2706 2053 2863 2114 dicit
2901 2053 3044 2115 fieri
3083 2060 3496 2133 augmentum

2001 2149 2282 2212 caritatis
2326 2168 2439 2230 per
2478 2151 2756 2212 caritatis
2800 2151 3027 2215 insusae
3068 2153 3245 2232 prius
3285 2151 3499 2213 melio-

2001 2248 2313 2309 rationem
2372 2257 2435 2310 et
2493 2249 2975 2330 depurationem
3038 2258 3100 2312 et
3159 2249 3498 2331 perfectio-

2001 2364 2171 2419 nem,
2208 2346 2561 2407 secundum
2594 2348 2762 2427 quod
2798 2347 2997 2428 magis
3029 2347 3349 2428 colligitur
3375 2347 3499 2409 vir-

2000 2451 2102 2504 tus
2146 2444 2381 2505 amoris
2420 2462 2456 2504 a
2496 2445 2714 2506 multis
2753 2445 2817 2506 in
2860 2464 3079 2506 unum.
3113 2445 3236 2506 Alii
3276 2444 3500 2506 dicunt

2001 2541 2120 2603 hoc
2169 2540 2314 2602 fieri
2375 2560 2488 2623 per
2533 2542 2921 2604 additionem
2980 2561 3158 2606 novae
3218 2542 3497 2604 caritatis

2001 2658 2037 2700 a
2065 2640 2215 2714 Deo,
2250 2659 2390 2720 quae
2430 2641 2807 2721 praecedenti
2850 2641 3092 2703 caritati
3136 2641 3355 2702 unitur
3383 2660 3499 2722 per

2001 2737 2412 2811 creationem,
2436 2746 2498 2799 et
2530 2738 2809 2800 uniendo
2838 2747 3105 2800 creatur.
3130 2737 3338 2801 Prima
3370 2740 3499 2820 opi-

2002 2835 2110 2896 nio
2138 2835 2374 2916 accipit
2402 2844 2818 2915 augmentum
2859 2836 3136 2898 caritatis
3164 2837 3243 2897 ad
3273 2835 3497 2897 simili-

2000 2933 2289 2994 tudinem
2322 2933 2646 3013 augmenti
2678 2934 3059 2995 naturalium
3092 2933 3493 3015 qualitatum,

381 3036 587 3110 auget
635 3029 968 3091 minorem.
1003 3065 1081 3073 —
1111 3028 1286 3102 Quod
1333 3029 1387 3092 si
1430 3036 1768 3110 quaeratur,
1811 3047 1893 3089 an
1929 3027 1972 3088 C
2001 3030 2300 3092 videlicet
2347 3049 2462 3112 per
2510 3031 2797 3111 ejusdem
2846 3032 3305 3110 intensionem3
3348 3033 3492 3107 alia,

381 3148 470 3192 ex
513 3129 608 3190 eis
647 3128 765 3191 fiat
805 3147 1005 3190 unum
1045 3147 1156 3190 seu
1197 3128 1424 3190 caritas
1463 3146 1590 3189 una
1624 3146 1637 3189 :
1672 3128 1894 3190 dicunt

381 3227 620 3309 aliqui,
651 3227 821 3308 quod
863 3228 1031 3289 sicut
1069 3227 1318 3289 diversa
1362 3226 1606 3288 lumina
1644 3227 1709 3287 in
1748 3245 1892 3288 aere

383 3333 549 3387 sunt
576 3325 874 3386 distincta
901 3332 966 3386 et
996 3323 1349 3398 inconfusa,
1382 3332 1660 3385 attamen
1692 3342 1890 3385 unum

384 3424 608 3504 majus
649 3423 868 3485 lumen
908 3422 1182 3485 reddunt
1219 3431 1478 3504 propter
1511 3439 1892 3484 concursum

383 3525 460 3587 in
511 3521 912 3602 susceptibili
963 3538 1138 3598 uno;-
1170 3521 1263 3582 sic
1306 3520 1370 3582 in
1422 3520 1664 3583 lumine
1713 3520 1894 3601 spiri—

382 3620 578 3693 tuali,
611 3621 781 3701 quod
820 3628 916 3681 est
945 3620 1146 3700 gratia
1175 3619 1277 3681 vel
1317 3619 1566 3693 caritate,
1598 3620 1894 3680 essentia-

383 3720 544 3781 liter
573 3726 722 3780 sunt
750 3718 1072 3791 distincta,
1105 3726 1168 3779 et
1198 3726 1411 3779 'tamen
1453 3737 1653 3779 unum
1688 3717 1892 3798 majus

381 3817 696 3881 efficiunt
732 3818 800 3879 in
839 3817 1153 3879 movendo
1189 3816 1492 3879 virtutem
1533 3816 1779 3878 arbitrii
1821 3816 1892 3877 li-

383 3918 553 3979 beri.
607 3916 771 3977 Illud
821 3923 1035 3977 tamen
1095 3933 1222 3977 non
1271 3924 1367 3977 est
1415 3915 1624 3978 simile
1675 3933 1688 3977 :
1741 3915 1893 3996 quia

380 4016 723 4079 distinctio
765 4016 1082 4078 luminum
1124 4016 1190 4076 in
1228 4033 1394 4089 aere,
1428 4016 1603 4077 venit
1639 4034 1716 4076 ex
1757 4034 1894 4097 par-

383 4126 454 4177 te
483 4115 884 4177 diversarum
923 4113 1241 4194 originum
1282 4133 1395 4176 seu
1436 4113 1891 4191 luminarium3

1999 3131 2076 3191 ad
2103 3129 2591 3193 similitudinem
2622 3132 2943 3211 augmenti
2976 3132 3497 3212 quantitatiS,per

1999 3228 2387 3290 additionem
2420 3229 2789 3310 quantitatis
2821 3228 3098 3291 alteriuS.
3132 3229 3339 3291 Prima
3367 3230 3499 3312 opi-

2000 3327 2108 3389 nio
2163 3328 2344 3408 ponit
2399 3334 2811 3407 augmentum
2870 3327 3148 3388 caritatis
3205 3328 3341 3389 sine
3391 3329 3496 3391 ad-

2000 3424 2241 3487 ditione
2290 3425 2381 3487 rei
2432 3425 2840 3503 extrinsecae3
2892 3426 3188 3499 secunda,
3240 3445 3354 3508 per
3402 3427 3494 3489 rei

2001 3524 2371 3586 extrinsecae
2409 3523 2800 3585 additionem
2834 3542 2848 3585 :
2883 3542 3009 3586 non
3050 3525 3139 3586 rei
3171 3544 3313 3606 quae
3348 3534 3495 3587 ante

2001 3622 2335 3694 exstiterit,
2370 3620 2479 3682 sed
2512 3640 2653 3701 quae
2684 3622 2956 3683 creando
2993 3622 3267 3696 additur,
3300 3630 3363 3685 et
3391 3623 3495 3684 ad-

2001 3719 2208 3781 dendo
2248 3727 2514 3781 creatur.
2551 3720 2626 3781 Et
2664 3720 2784 3781 ista
2821 3720 3039 3800 opinio
3080 3720 3326 3802 planior
3354 3740 3493 3783 esse

2000 3818 2271 3879 videtur.
2307 3816 2450 3879 Haec
2490 3817 2727 3879 Petrus.

2081 3917 2270 3979 Porro
2299 3915 2594 3978 Albertus
2625 3915 2701 3977 de
2734 3924 2905 3978 tanta
2944 3915 3324 3978 difficultate
3365 3935 3493 3980 mo-

2000 4015 2217 4077 dicum
2260 4014 2483 4077 scribit
2516 4032 2529 4077 :
2563 4014 2705 4077 Haec
2745 4015 3020 4097 (dicens)
3060 4015 3325 4097 quaestio
3368 4035 3493 4079 una

1999 4124 2096 4176 est
2139 4122 2203 4176 et
2242 4114 2503 4176 rationis
2548 4114 2837 4194 ejusdem
2878 4114 2944 4175 in
2981 4122 3322 4195 augmento
3364 4134 3493 4178 om-

382 4232 586 4277 causa
639 4220 856 4273 autem
915 4211 1192 4273 caritatis
1243 4220 1306 4273 et
1352 4212 1568 4292 gratiae
1623 4230 1749 4274 non
1796 4221 1891 4274 est
1922 4212 2181 4277 Dnium
2243 4213 2572 4274 virtutum.
2642 4211 2717 4273 Et
2779 4212 3057 4275 concedo
3116 4213 3495 4295 simpliciter

381 4310 516 4373 nisi
557 4327 728 4370 unus
767 4308 912 4371 fons
953 4308 1235 4370 luminis.
1270 4308 1511 4371 Idcirco
1550 4309 1892 4370 dicendum

381 4407 564 4491 quod
593 4426 674 4469 ex
703 4406 798 4468 eis
835 4406 913 4468 fit
953 4424 1174 4468 unum.
1211 4442 1290 4452 —
1321 4408 1397 4469 Et
1439 4408 1491 4469 si
1527 4407 1888 4488 objiciatur,

379 4523 540 4587 ergo
591 4523 796 4566 unum
845 4522 1068 4566 eorum
1115 4522 1184 4566 se
1232 4505 1421 4567 habet
1469 4524 1582 4587 per
1630 4505 1888 4567 modum

381 4602 764 4675 materialiS,
797 4610 862 4663 ct
889 4602 1066 4664 aliud
1106 4621 1220 4684 per
1249 4604 1511 4665 modum
1551 4603 1836 4666 formalis
1873 4622 1886 4665 :

377 4701 760 4775 dicendum,
795 4701 966 4782 quod
998 4710 1412 4783 augmentum
1443 4703 1752 4784 contingit
1780 4704 1892 4765 du-

379 4800 648 4884 pliciter
696 4798 863 4861 fieri.
907 4799 1138 4873 Primo,
1183 4818 1299 4881 per
1336 4801 1640 4863 virtutem
1689 4802 1888 4882 ipsius

377 4898 908 4980 augmentabilis,
972 4906 1042 4959 ut
1099 4906 1270 4979 patet
1329 4898 1395 4959 in
1451 4899 1711 4962 animali
1763 4919 1776 4963 :
1829 4908 1890 4961 et

380 5008 544 5060 tunc
594 4996 1068 5077 augmentabile
1119 4997 1308 5058 habet
1352 5016 1420 5059 se
1469 5017 1582 5080 per
1631 4998 1888 5060 modum

381 5096 685 5160 formalis
733 5104 798 5157 et
843 5095 1037 5157 activi
1087 5096 1428 5178 principii;
1477 5105 1891 5177 augmentans

379 5212 570 5268 vero,
624 5212 738 5276 per
798 5193 1060 5255 modum
1120 5195 1462 5257 materialis
1516 5204 1579 5257 et
1636 5196 1888 5277 passivi.

385 5293 690 5358 Secundo
725 5293 801 5355 fit
842 5311 958 5375 per
987 5293 1287 5357 virtutem
1326 5294 1897 5369 extrinsecam,‘so-

2000 4309 2168 4391 quod
2222 4310 2447 4371 caritas
2495 4319 2762 4391 augetur
2812 4331 2925 4393 per
2970 4312 3361 4375 additionem
3402 4333 3496 4377 es-

1999 4409 2220 4471 sentia».
2262 4408 2339 4470 ad
2385 4409 2746 4472 essentiam.
2794 4410 2869 4472 Et
2915 4412 2966 4472 si
3008 4420 3328 4493 quaeratur
3368 4433 3495 4494 qua

1999 4508 2233 4569 virtute
2303 4507 2416 4570 fiat
2486 4508 2593 4570 illa
2657 4510 2915 4584 additio,
2978 4511 3490 4591 respondendum

1998 4608 2167 4688 quod
2212 4626 2279 4669 se
2320 4608 2475 4689 ipsis
2518 4607 2637 4670 sibi
2683 4610 2994 4671 uniuntur
3035 4610 3101 4671 in
3144 4610 3487 4685 voluntate,

1997 4726 2138 4787 quae
2188 4714 2284 4768 est
2342 4707 2671 4787 proprium
2722 4707 3053 4789 utriusque
3102 4709 3486 4790 subjectum,

1997 4804 2534 4885 quemadmodum
2586 4805 2747 4885 ignis
2790 4806 3200 4887 conjungitur
3242 4808 3371 4889 igni
3423 4809 3488 4871 in

2000 4902 2259 4985 proprio
2289 4902 2445 4965 loco.
2473 4904 2612 4985 Ipsa
2642 4921 2895 4985 quoque
2925 4906 3161 4985 speciei
3192 4906 3487 4969 identitas

2000 5002 2066 5064 in
2105 5001 2317 5063 addito
2355 5010 2545 5082 atque
2578 5002 2641 5063 in
2680 5020 2756 5064 eo
2795 5004 2897 5064 cui
2940 5003 3017 5064 fit
3046 5004 3302 5079 additio,
3335 5004 3489 5068 facit

1999 5100 2335 5163 transitum
2380 5099 2633 5162 facilem
2677 5101 2866 5162 unius
2908 5101 2974 5163 in
3010 5101 3203 5163 aliud.
3240 5139 3314 5149 —
3345 5103 3489 5168 Haec

2000 5198 2315 5261 Albertus.
2360 5198 2554 5279 Cujus
2598 5198 2829 5280 positio
2866 5218 3013 5261 cum
3055 5201 3235 5264 Petro
3276 5210 3339 5265 et
3379 5202 3490 5266 Bo-

2001 5305 2351 5360 naventura
2394 5297 2747 5361 concordat.
