4359 6250
534 3361 799 3469 gallitani,

830 503 953 570 660

1461 520 1525 570 ΙΝ
1565 520 1787 569 LIBRUM
1828 522 1847 567 1
1891 517 2373 567 SENTENUARUM.
2419 537 2501 547 -
2540 519 2692 565 DIST.
2739 518 2966 579 xtvlu3
3011 518 3233 574 QUAEST.
3283 518 3303 563 1

832 695 1197 758 notescendi
1240 694 1381 769 boc,
1416 711 1542 756 11011
1573 693 1760 755 video
1794 712 1807 755 :
1842 690 1992 772 quia
2031 709 2145 772 per
2177 707 2324 771 ope·
2353 687 2404 750 A
2433 688 2555 749 erit
2605 687 2926 749 moraliter
2975 687 3174 765 bona3
3215 695 3279 749 et
3331 686 3491 748 forte
3545 685 3599 747 si
3647 692 3814 746 esset
3866 682 3927 743 ei

830 793 1139 855 rationem
1202 794 1484 855 divinam
1540 792 1701 854 bene
1752 790 2090 852 innotescit
2138 787 2322 850 nobis

830 893 1000 973 quod
1031 892 1197 955 Deus
1228 892 1383 953 velit
1424 890 1545 952 tale
1584 889 1738 971 quid
1781 889 2008 961 facere,
2042 886 2153 947 sed
2195 902 2322 947 non

830 990 1001 1071 quod
1031 990 1186 1051 velit
1217 1008 1331 1051 nos
1373 989 1434 1050 id
1466 988 1649 1051 velle.
1686 987 1777 1049 Ad
1811 985 2320 1049 conformitatem

796 1094 1040 1149 autem
1102 1106 1243 1169 quae
1300 1094 1397 1148 est
1445 1085 1798 1147 secundum
1858 1103 2058 1164 genus
2117 1100 2322 1143 causae

781 1230 784 1232 -
828 1184 1136 1256 formalis,
1188 1203 1315 1247 non
1375 1193 1669 1247 tenemur
1726 1182 2034 1254 absolute,
2086 1179 2196 1241 sed
2245 1198 2322 1241 ex

830 1283 1288 1365 suppositione,
1322 1282 1620 1345 videlicet
1660 1282 1713 1343 si
1748 1281 2092 1344 debeamus
2122 1278 2319 1339 vitam

830 1382 1179 1463 promereri
1226 1400 1299 1443 ac
1344 1381 1614 1463 adipisci
1663 1387 1982 1442 aeternam.
2025 1376 2117 1439 Ad
2168 1374 2322 1436 illud

832 1498 1107 1561 namque
1150 1478 1440 1542 absolute
1480 1486 1795 1550 tenemur,
1828 1476 1997 1558 quod
2039 1493 2165 1536 non
2213 1473 2324 1534 im-

831 1577 1084 1659 plendo,
1138 1577 1525 1639 incurrimus
1574 1577 1827 1658 culpam
1874 1595 1888 1638 ε
1931 1593 2059 1637 11011
2107 1580 2322 1634 autem

829 1694 1167 1757 peccamus
1224 1694 1349 1739 non
1409 1676 1652 1755 agendo
1698 1695 1774 1737 ex
1825 1674 2083 1735 caritate
2133 1689 2322 1734 omne

826 1774 995 1855 quod
1040 1773 1331 1836 facimus.
1368 1773 1689 1835 Exsistens
1734 1773 1904 1853 enim
1952 1772 2018 1832 in
2061 1778 2323 1852 peccato

2435 786 2780 849 conformis
2813 786 2875 848 in
2909 785 3210 849 omnibus
3239 783 3931 863 circumstantiiS,puta

2435 884 2603 964 quod
2643 891 2903 964 propter
2945 883 3111 945 idem
3142 883 3335 945 vellet
3362 890 3424 944 et
3457 882 3645 945 modo
3679 881 3926 953 eodem,

2434 982 2654 1065 sicque
2694 983 2771 1044 de
2810 982 2975 1055 aliis,
3008 982 3216 1044 adhuc
3257 990 3469 1044 tamen
3513 998 3640 1042 non
3682 986 3930 1061 oporte-

2435 1088 2530 1142 ret.
2570 1100 2710 1142 eam
2750 1099 2889 1142 esse
2929 1080 3161 1142 bonam
3199 1080 3366 1141 sicut
3395 1062 3687 1143 voluntas
3729 1078 3933 1139 incre—

2433 1186 2534 1239 ata
2577 1186 2672 1240 est
2710 1178 2897 1251 bona,
2931 1178 3081 1259 quia
3121 1195 3248 1239 non
3288 1184 3646 1259 congruunt
3688 1175 3929 1238 eaedem

2435 1278 2928 1340 circumstantias
2967 1277 3136 1339 actui
3179 1284 3250 1337 ut.
3289 1286 3469 1338 actus
3513 1283 3609 1339 est
3650 1275 3928 1337 diverso-

2435 1394 2574 1436 rum
2607 1375 2951 1456 agentium.
2986 1375 3123 1438 Non
3153 1375 3327 1436 enim
3358 1373 3670 1436 voluntati
3701 1380 3929 1434 creatae

2435 1474 2733 1536 convenit
2781 1474 2866 1535 ita
2918 1474 3162 1535 intense
3211 1473 3467 1554 aliquod
3511 1473 3751 1535 bonum
3798 1469 3928 1532 vel-

2438 1571 2494 1633 le
2545 1579 2614 1633 ut
2661 1571 2972 1634 voluntati
3024 1572 3360 1649 increat-ae3
3403 1580 3469 1633 et
3515 1570 3790 1633 intensio
3827 1588 3928 1630 ac-

2438 1678 2536 1732 tus
2575 1677 2869 1751 respectu
2910 1669 3144 1750 objecti
3187 1670 3251 1730 in
3293 1676 3517 1751 agente
3557 1669 3838 1730 increato
3865 1675 3930 1728 et

2435 1776 2665 1841 creato,
2708 1777 2801 1830 cst
2848 1767 3123 1830 multum
3168 1767 3542 1830 differenter
3589 1767 3653 1828 in
3701 1767 3812 1829 eis.
3855 1766 3932 1827 Et

827 1872 1103 1945 mortali,
1137 1880 1199 1934 et
1230 1872 1546 1933 honorans
1585 1877 1876 1967 parentes
1908 1888 2020 1931 seu
2050 1867 2322 1929 eleemo·
2357 1869 2402 1931 B
2434 1867 2680 1941 saltem,
2713 1867 3026 1948 quidquid
3067 1868 3150 1928 sit
3190 1868 3268 1929 de
3302 1866 3646 1930 voluntatis
3684 1864 3930 1927 confor-

825 1989 1013 2052 synas
1072 1978 1376 2051 praestans
1425 1988 1503 2031 ex
1553 1967 1825 2029 naturali
1884 1966 2139 2048 pietate,
2195 1984 2320 2027 non

827 2075 1069 2150 peccat,
1102 2075 1165 2129 et
1195 2075 1405 2130 tamen
1447 2084 1570 2129 non
1603 2074 1902 2148 operatur
1930 2084 2007 2126 ex
2039 2065 2316 2126 caritate.

825 2167 1001 2229 Idem
1044 2166 1299 2248 penitus
1342 2173 1438 2228 est
1476 2166 1815 2227 dicendum
1859 2165 1936 2226 de
1980 2162 2322 2225 conformi-

828 2273 955 2328 tate
986 2265 1338 2327 secundum
1372 2283 1626 2325 causam
1663 2263 1941 2325 finalem.
1977 2263 2212 2323 Verum
2243 2262 2318 2323 ad

828 2363 1303 2427 conformitates
1352 2363 1463 2424 has
1508 2363 1686 2436 duaS,
1729 2382 1869 2443 quae
1914 2367 2061 2423 sunt
2102 2379 2324 2421 secun-

828 2462 983 2524 dum
1014 2480 1269 2523 causam
1303 2459 1634 2523 formalem
1664 2467 1853 2541 atque
1884 2458 2169 2532 finalem,
2195 2476 2320 2519 non

825 2567 1121 2623 tenemur
1169 2560 1371 2621 etiam.
1408 2541 1497 2619 'ex
1556 2557 2015 2640 suppositione,
2068 2555 2192 2617 nisi
2255 2556 2320 2616 in

824 2665 1135 2739 quantum
1183 2656 1516 2719 includunt
1558 2655 1733 2717 illam
1779 2674 1920 2737 quae
1964 2662 2059 2715 est
2101 2672 2323 2715 secun-

823 2756 978 2818 dum
1037 2774 1293 2817 causam
1342 2753 1755 2816 efficientem.
1811 2752 2006 2832 Cujus
2064 2752 2319 2833 signum

822 2863 940 2927 est,
994 2855 1163 2936 quod
1224 2854 1390 2916 sicut
1448 2853 1557 2915 illa
1607 2872 1749 2933 quae-
1800 2852 1965 2913 Deus
2014 2851 2152 2912 vult
2207 2868 2322 2912 nos

821 2953 986 3014 velle
1027 2952 1337 3024 absolute,
1373 2950 1779 3013 innotescunt
1810 2948 1993 3011 nobis
2024 2967 2138 3030 per
2168 2968 2322 3029 prae-

2435 1965 2652 2027 mitate
2699 1973 2923 2027 creatae
2966 1974 3030 2026 et
3071 1965 3365 2027 increatae
3406 1964 3470 2025 in
3513 1964 3928 2025 circumstan-

2433 2064 2539 2125 tiis
2582 2063 2918 2137 universiS,
2955 2081 3080 2125 non
3121 2062 3368 2125 sufficit
3408 2062 3820 2125 conformitas
3863 2061 3928 2122 in

2434 2163 2714 2224 bonitate
2743 2169 2922 2223 actus
2963 2169 3151 2243 atque
3189 2161 3449 2242 objecti,
3482 2160 3783 2243 quoniam
3825 2177 3928 2241 po·

2432 2268 2554 2321 test
2583 2278 2723 2322 esse
2753 2259 3136 2322 difformitas
3169 2260 3232 2321 in
3262 2260 3405 2322 aliis
3438 2258 3928 2321 circumstantiis

2433 2378 2574 2439 quae
2603 2358 2680 2419 ad
2720 2358 3066 2421 bonitatem
3108 2366 3288 2420 act-us
3333 2357 3689 2419 necessario
3718 2356 3927 2438 requi-

2435 2464 2678 2523 runtur.
2714 2456 2857 2519 Haec
2901 2456 3142 2519 Scotus.

2513 2554 2629 2627 Qui
2663 2553 2914 2616 videtur
2944 2554 3020 2616 de
3053 2554 3172 2616 ista
3214 2554 3478 2615 materia
3517 2553 3801 2615 strictius
3841 2552 3928 2615 lo-

2433 2652 2543 2733 qui
2583 2670 2776 2733 quam
2805 2652 3197 2732 Augustinus
3231 2658 3295 2713 et
3324 2650 3617 2732 Magister
3656 2650 3723 2712 in
3764 2650 3926 2713 litte-

2433 2770 2518 2811 ra.
2546 2750 2622 2811 Et
2652 2750 2944 2830 quamvis
2976 2749 3217 2811 bonum
3248 2749 3330 2810 sit
3359 2768 3438 2811 ex
3469 2749 3711 2829 integra
3741 2766 3930 2811 causa

2431 2848 2786 2910 secundum
2827 2847 3209 2929 completam
3253 2867 3432 2910 suam
3479 2848 3812 2921 rationem,
3843 2854 3933 2909 at-

2432 2954 2644 3007 tamen
2688 2945 3088 3007 latitudinem
3129 2944 3318 3007 habet
3354 2965 3368 3008 ε
3403 2946 3568 3007 sicut
3601 2953 3758 3008 teste
3790 2944 3928 3007 Phi-

824 3057 1083 3133 ceptum
1131 3049 1419 3111 absolute
1467 3047 1747 3126 factum3
1792 3048 1876 3108 ita
1922 3054 1987 3108 et
2034 3047 2130 3108 hae
2180 3046 2323 3108 duae
2354 3043 2397 3106 C
2433 3043 2718 3127 losophO,
2771 3062 2898 3105 non
2948 3043 3154 3105 solum
3205 3043 3409 3106 bonus
3459 3051 3555 3105 est
3603 3043 3932 3126 sagittator

825 3148 1301 3211 conformitates
1343 3148 1749 3210 innotescunt
1790 3145 1973 3207 nobis
2013 3164 2127 3226 per
2167 3164 2321 3227 prae-

829 3255 1086 3329 ceptum
1138 3245 1665 3317 conditionatum,
1710 3243 1875 3306 sicut
1917 3262 2114 3325 quum
2167 3244 2322 3305 dici=

829 3352 981 3406 tur:
1016 3343 1079 3406 Si
1124 3343 1221 3406 vis
1264 3344 1340 3405 ad
1385 3342 1580 3404 vitam
1626 3342 1881 3414 intrare,
1924 3360 2104 3403 serva
2147 3361 2322 3403 man-

831 3443 991 3504 data.
1036 3442 1211 3515 Quod
1257 3440 1634 3521 intelligitur
1674 3459 1799 3502 non
1844 3440 2049 3502 solum
2094 3440 2171 3501 de
2215 3440 2321 3502 ob-

830 3540 1148 3603 servantia
1178 3547 1487 3621 quantum
1519 3539 1595 3600 ad
1626 3538 2047 3603 substantiam
2086 3537 2321 3619 operiS‚

831 3637 942 3700 sed
990 3638 1181 3700 etiam
1230 3644 1541 3719 quantum
1584 3637 1661 3698 ad
1706 3636 1967 3698 modum
2010 3654 2083 3696 ac
2122 3633 2324 3696 finem

830 3736 1130 3798 caritatis,
1186 3736 1329 3798 Haec
1390 3735 1745 3808 DuranduS‚
1796 3734 1907 3814 qui
1971 3733 2035 3794 in
2096 3733 2324 3794 ceteris

832 3835 1171 3897 concordat
1212 3832 1597 3914 praehabitis.

910 3934 1099 3995 Porro
1139 3933 1362 3994 Scotus
1406 3931 1511 3992 hic
1552 3930 1930 4004 sciscitatur,
1966 3937 2181 3991 utrum
2221 3948 2326 3992 vo-

834 4033 1041 4093 luntas
1084 4037 1292 4092 creata
1333 4029 1416 4090 sit
1458 4029 1622 4091 bona
1667 4027 2009 4102 moraliter,
2049 4029 2326 4109 quando-

832 4147 1107 4210 cumque
1157 4127 1589 4189 conformatur
1638 4126 1947 4188 voluntati
2006 4127 2318 4188 increatae.

2434 3143 2544 3224 qui
2594 3143 2794 3223 tangit
2847 3143 3124 3223 signum,
3178 3143 3289 3204 sed
3347 3143 3540 3205 etiam
3597 3142 3708 3224 qui
3773 3142 3934 3204 mul-

2437 3248 2571 3301 tum
2602 3240 3007 3321 propinquat.
3023 3240 3150 3302 Nec
3181 3258 3403 3303 omnes
3434 3239 3932 3302 circumstantiae

2435 3339 2763 3420 aequaliter
2811 3338 3225 3419 requiruntur
3266 3338 3343 3399 ad
3391 3346 3605 3400 actum
3649 3337 3928 3410 virtutiS,

2436 3446 2498 3498 et
2545 3437 2600 3498 si
2648 3435 2862 3517 aliqua
2919 3435 3168 3498 modica
3217 3436 3694 3498 circumstantia
3743 3436 3928 3508 desit,

2437 3553 2561 3596 non
2605 3534 2907 3597 continuo
2944 3542 3123 3596 actus
3163 3533 3448 3596 redditur
3481 3535 3770 3596 vitiosuS.
3803 3535 3932 3597 Nec

2434 3632 2512 3693 ad
2558 3631 3069 3694 conformitatem
3112 3632 3457 3695 voluntatis
3509 3639 3734 3695 creatae
3783 3651 3932 3694 cum

2435 3731 2651 3791 divina
2693 3731 2971 3810 exigit-ur
3008 3731 3175 3811 quod
3219 3749 3398 3811 aeque
3439 3731 3686 3792 intense
3729 3729 3935 3793 feran-

2435 3835 2537 3889 tur
2583 3827 2648 3889 in
2694 3827 2955 3901 bonum,
2990 3847 3190 3909 quum
3234 3828 3354 3890 ista
3397 3829 3480 3890 sit
3519 3828 3931 3892 conformitas

2437 3926 2763 3988 imitativae
2806 3925 3256 4008 proportionis,
3292 3933 3362 3988 ut
3406 3927 3628 4008 patuit.

2514 4025 2797 4104 AEgidius
2835 4025 3095 4086 demum
3137 4024 3243 4086 hic
3274 4024 3498 4086 scribit
3531 4044 3544 4088 :
3580 4023 3933 4094 (101110111ιί-

2435 4131 2530 4184 tas
2574 4123 2640 4183 in
2686 4121 3144 4184 assimilatione
3187 4123 3496 4185 consistit.
3539 4122 3931 4186 Assimilatio

830 4225 1189 4307 Respondet
1235 4242 1249 4286 ι
1296 4224 1669 4297 Dicendum,
1722 4223 1891 4305 quod
1941 4222 2180 4284 bonum
2231 4231 2326 4285 est
2356 4225 2404 4285 D
2433 4228 2645 4282 autem
2696 4239 2806 4282 seu
2857 4219 3230 4294 similitudo,
3278 4221 3630 4282 secundum
3682 4221 3747 4283 B.
3790 4222 3932 4284 Dio·

832 4345 909 4387 ex
950 4324 1195 4404 integra
1224 4341 1433 4396 causa,
1468 4323 1555 4383 ita
1585 4322 1753 4403 quod
1794 4340 2014 4384 omnes
2056 4322 2326 4383 circum-

832 4423 1079 4485 stantiae
1122 4429 1301 4483 actus
1339 4420 1605 4483 virtuosi
1647 4427 2027 4482 concurrant
2065 4419 2129 4481 in
2172 4438 2327 4502 quo-

834 4540 1109 4603 cumque
1152 4527 1297 4582 actu
1342 4519 1666 4582 moraliter
1711 4519 1896 4581 bon0.
1940 4518 2196 4581 Sufficit
2243 4526 2329 4580 ta-

836 4640 982 4684 men
1025 4619 1311 4682 defectus
1360 4618 1547 4680 unius
1591 4625 1653 4679 et
1697 4617 2162 4699 cujuscumque
2211 4618 2327 4679 cir-

834 4718 1232 4782 cumstantiae
1269 4717 1349 4779 ad
1389 4718 1507 4779 boc
1546 4716 1715 4798 quod
1754 4723 1933 4777 actus
1974 4716 2055 4777 sit
2097 4717 2320 4778 maluS.

832 4818 1134 4880 Voluntas
1176 4833 1326 4896 ergo
1369 4821 1577 4876 creata
1624 4812 1970 4876 conformis
2014 4812 2366 4875 voluntati·

834 4918 1127 4978 increatae
1177 4915 1241 4976 in
1292 4912 1648 4976 substantia
1688 4920 1865 4972 actus
1898 4911 2049 4973 -sive
2095 4913 2161 4973 in
2206 4912 2325 4974 cir—

834 5013 1367 5078 cumstantionata
1396 5011 1769 5083 substantia,
1804 5009 2144 5071 deficiente
2174 5029 2328 5091 qua-

833 5131 1111 5194 cumque
1142 5109 1619 5173 circumstantia
1662 5127 1808 5182 una,
1842 5126 2041 5189 quum
2084 5125 2211 5170 11011
2247 5109 2331 5169 sit

832 5211 891 5274 ei
941 5210 1287 5274 conformis
1346 5208 1413 5270 in
1472 5206 1773 5270 omnibus
1831 5205 2327 5268 circumstantiis

832 5309 1302 5394 pertinentibus
1360 5307 1438 5369 ad
1505 5306 1852 5368 bonitatem
1918 5304 2135 5378 moris,
2199 5323 2327 5368 non

2435 4319 2687 4401 nysium
2729 4336 2897 4380 nono
2935 4318 3214 4400 capitulo
3251 4318 3330 4380 de
3370 4319 3615 4381 Divinis
3654 4321 3929 4382 nomini—

2435 4417 2576 4492 11115,
2619 4426 2715 4479 est
2764 4417 2992 4499 triplex
3049 4436 3062 4480 :
3115 4417 3324 4498 prima
3370 4416 3660 4497 ejusdem
3707 4418 3787 4479 ad
3837 4437 3926 4492 50,

2435 4535 2577 4597 quae
2605 4523 2816 4577 tamen
2859 4515 3206 4596 improprie
3236 4514 3501 4595 dicitur3
3545 4516 3824 4578 secunda
3850 4534 3930 4577 ex

2435 4614 2655 4677 ordine
2703 4613 2889 4675 unius
2933 4614 3009 4675 ad
3054 4613 3249 4687 aliud,
3282 4614 3449 4675 sicut
3484 4613 3758 4676 effectus
3800 4633 3932 4677 suae

2437 4732 2662 4786 causae,
2695 4713 2773 4774 ad
2818 4731 3009 4794 quam
3061 4711 3471 4786 convertitur,
3514 4711 3746 4774 similis
3797 4731 3934 4794 per-

2438 4811 2729 4883 hibetur;
2772 4810 2958 4872 tertia
2995 4829 3074 4872 ex
3113 4809 3335 4871 ordine
3379 4810 3652 4872 duorum
3695 4810 3775 4872 ad
3821 4811 3934 4872 ali-

2437 4909 2605 4990 quod
2650 4909 2928 4970 tertium.
2963 4908 3173 4970 Primo
3217 4908 3405 4970 modo
3453 4907 3656 4969 fertur
3704 4927 3808 4972 res
3855 4909 3935 4972 si-

2439 5007 2610 5069 milis
2649 5007 2774 5069 sibi
2814 5007 2959 5088 ipsi,
2993 5007 3146 5068 dum
3187 5024 3440 5087 semper
3476 5006 3700 5068 eodem
3745 5009 3934 5071 modo

2438 5125 2504 5167 se
2537 5105 2724 5167 habet
2758 5124 2771 5167 :
2805 5106 2974 5187 quod
3015 5105 3314 5167 convenit
3353 5103 3628 5168 Creatori
3671 5123 3932 5186 prorsus

2439 5204 2822 5280 invariabili,
2877 5222 3002 5267 non
3053 5211 3376 5276 creaturae‚
3427 5203 3494 5264 in
3543 5223 3673 5285 qua
3717 5204 3933 5287 aliqua

2437 5304 2770 5367 diversitas
2808 5311 2913 5366 aut.
2957 5302 3218 5366 variatio
3259 5301 3592 5384 reperitur.
3639 5302 3932 5367 Secundo

4013 3953 4142 3994 ξε
