4359 6250
826 465 946 532 440

1441 485 1504 532 IN
1545 485 1766 532 LIBRUM
1809 485 1830 531 1
1872 484 2356 532 SENTENTIARUM.
2402 503 2484 514 --
2524 485 2677 532 msT.
2722 484 2976 548 xxxvn3
3018 485 3242 540 QUAEST.
3288 486 3311 531 1

824 657 1040 738 aliquo
1097 656 1236 721 loco
1294 658 1712 720 determinato
1759 664 1821 719 et
1871 675 1997 720 non
2057 657 2317 739 ubique,
2350 659 2401 722 A
2432 656 2887 718 cumscribitur
2914 657 3204 720 terminis
3234 657 3516 720 universi
3542 674 3556 719 τ
3581 664 3824 739 estque,
3852 663 3929 718 ut

827 764 1042 838 posset
1073 763 1282 818 tamen
1323 757 1565 839 aliquid
1597 756 1760 819 velle
1799 775 1938 818 esse
1976 756 2042 818 in
2081 757 2206 819 alio
2238 756 2323 819 lo-

827 872 902 916 co
931 854 1035 916 cui
1074 872 1202 917 non
1243 862 1624 937 repugnaret
1661 874 1821 929 esse,
1855 861 1917 916 et
1955 873 2068 937 per
2107 872 2324 917 conse-

825 972 1028 1034 quens
1068 971 1183 1015 suo
1222 954 1386 1016 velle
1429 953 1584 1015 illud
1627 953 1888 1016 haberet
1926 971 2064 1015 esse
2103 954 2167 1015 in
2212 953 2321 1016 illo

826 1051 966 1113 loco
1001 1069 1014 1114 :
1047 1059 1110 1114 et
1141 1072 1255 1134 per
1285 1070 1680 1133 consequens
1714 1052 1870 1114 illud
1902 1052 2087 1113 fieret
2117 1052 2325 1116 Omni·

827 1158 1084 1232 potente
1114 1150 1387 1225 volente,
1421 1151 1661 1231 absque
1692 1149 1810 1212 hoc
1843 1151 2012 1232 quod
2044 1170 2322 1231 praesens

827 1256 994 1311 esset
1042 1248 1133 1310 ibi
1183 1268 1298 1331 per
1349 1249 1710 1311 essentiam.
1765 1285 1846 1294 —
1894 1249 2325 1312 Confirmatur

827 1348 1057 1422 adhuc,
1109 1348 1411 1429 quoniam
1469 1355 1614 1410 ante
1665 1349 1887 1410 mundi
1936 1349 2318 1411 creationem

829 1464 956 1509 non
1002 1454 1098 1508 est
1142 1447 1620 1527 imaginandum
1665 1446 1861 1509 fuisse
1905 1466 2179 1509 vacuum
2231 1447 2323 1508 in-

828 1543 1114 1618 finitum,
1149 1545 1329 1627 quasi
1373 1544 1459 1606 ibi
1501 1545 1694 1606 fuerit
1724 1565 2000 1627 praesens
2031 1547 2197 1608 Dcus
2228 1565 2323 1609 se-

830 1644 1111 1705 cundum
1160 1643 1498 1705 essentiam
1552 1643 1752 1725 prius,
1793 1650 2131 1725 antequam
2186 1662 2326 1726 pro-

831 1742 1090 1803 duceret
1121 1741 1432 1803 mundum
1468 1761 1481 1804 :
1519 1742 1648 1804 imo
1679 1760 1805 1804 non
1840 1750 1909 1803 ut
1938 1742 2170 1804 alicubi
2210 1763 2322 1805 seu

2430 755 2515 818 ait
2548 755 2906 836 GregoriuS,
2940 755 3007 818 in
3047 757 3308 830 mundo,
3342 773 3469 818 non
3515 755 3831 834 inclusus;
3860 762 3933 817 et

2430 861 2608 916 extra
2638 839 2972 929 mundum,
3007 872 3133 917 non
3170 855 3486 917 exclusus,
3524 855 3599 916 Et
3629 854 3682 916 si
3714 863 3933 916 essent

2433 951 2932 1014 innumerabiles
2979 951 3299 1014 infinitive
3342 971 3609 1016 numero
3650 961 3757 1014 aut
3802 972 3935 1014 ma-

2431 1050 2764 1130 gnitudine
2796 1051 3042 1124 mundi,
3079 1051 3215 1132 ipse
3254 1059 3701 1132 supersanctus
3730 1059 3795 1112 et
3824 1071 3933 1112 su-

2433 1147 3217 1228 perincomprehensibilis
3266 1149 3431 1210 Deus
3490 1148 3820 1212 universos
3864 1156 3935 1211 et.

2434 1246 2725 1326 singulos
2749 1265 2863 1308 sua
2895 1246 3221 1326 majestate
3251 1253 3315 1309 et
3339 1246 3660 1310 essentiali
3692 1267 3763 1310 ac
3796 1267 3935 1329 per-

2435 1344 2636 1406 sonali
2679 1362 2829 1406 vera
2878 1345 3215 1426 praesentia
3259 1345 3653 1427 adimpleret.
3698 1347 3773 1408 Et
3818 1346 3931 1420 ita,

2436 1441 2727 1524 quamvis
2786 1451 3011 1504 natura
3066 1443 3395 1506 abhorreat
3456 1464 3751 1518 vacuum,
3810 1465 3935 1508 nec

2436 1541 2594 1604 illud
2634 1542 2886 1604 realiter
2928 1543 3031 1616 sit,
3075 1549 3285 1605 tamen
3324 1563 3524 1624 quum
3567 1543 3938 1626 imaginatio

2436 1641 2674 1702 sitnon
2716 1642 2959 1702 entium
3002 1650 3063 1703 et
3104 1641 3624 1724 impossibilium,
3658 1643 3750 1704 nil
3788 1661 3935 1725 pro-

2438 1738 2617 1801 hibet
2654 1739 2846 1802 etiam
2888 1740 3220 1822 imaginari
3252 1759 3523 1802 vacuum
3566 1749 3624 1804 et
3660 1761 3830 1803 nunc
3869 1751 3937 1804 et.

831 1847 902 1900 ut
949 1839 1179 1900 nullibi
1229 1857 1506 1921 praesens
1556 1841 1908 1902 secundum
1956 1841 2319 1916 essentiam,
2361 1841 2408 1903 B
2438 1845 2581 1900 ante
2633 1837 2854 1900 mundi
2906 1839 3412 1920 productionem,
3454 1840 3531 1901 ad
3574 1840 3746 1902 hunc
3794 1861 3939 1903 sen-

830 1936 955 1999 fuit
1002 1945 1227 2019 potens
1276 1937 1484 2000 facere
1536 1939 1864 2000 mundum.
1915 1940 2326 2012 Quemadmo-

831 2036 986 2097 dum
1025 2054 1174 2117 ergo
1205 2035 1294 2098 ibi
1339 2037 1672 2118 praesentia
1711 2037 2157 2100 immensitatis
2199 2056 2325 2100 non

833 2135 1337 2216 praeexigebatur
1368 2136 1717 2216 praesentiae
1758 2136 2054 2217 potentiae
2087 2156 2218 2199 suae
2258 2145 2325 2198 ut

833 2232 1116 2314 potentia
1159 2240 1277 2307 est,
1321 2233 1408 2294 ita
1449 2233 1706 2295 videtur
1749 2234 1916 2315 quod
1969 2234 2155 2296 modo
2201 2253 2327 2297 non

833 2339 1120 2413 oporteat
1178 2331 1664 2413 praeintelligere
1723 2333 1924 2394 Deum
1987 2333 2052 2394 in
2115 2333 2330 2415 aliqua

832 2436 1010 2510 parte
1042 2429 1284 2503 mundi,
1320 2437 1385 2490 ut
1419 2429 1509 2491 ibi
1541 2429 1782 2512 aliquid
1815 2438 2050 2504 causet,
2079 2431 2189 2493 sed
2225 2449 2330 2512 po-

836 2527 959 2589 tius
995 2528 1177 2609 quasi
1218 2535 1476 2590 econtra
1513 2528 1596 2589 sit
1635 2528 1813 2609 prius
1851 2529 1940 2590 ibi
1977 2530 2329 2592 secundum

831 2626 1205 2707 potentiam,
1241 2634 1312 2687 ut
1347 2633 1561 2689 causet
1599 2627 1842 2709 aliquid
1883 2626 2010 2706 ibi3
2051 2634 2115 2688 et
2153 2636 2328 2702 tunc,

832 2723 980 2785 licet
1027 2743 1140 2806 per
1183 2725 1581 2807 impossibile
1631 2743 1756 2786 non
1804 2733 1971 2787 esset
2014 2725 2103 2786 ibi
2154 2726 2331 2807 prius

831 2823 1184 2884 secundum
1216 2823 1802 2905 essentiam,posset
1833 2831 2042 2885 tamen
2075 2824 2162 2886 ita
2193 2843 2334 2886 cau-

829 2939 987 2983 sare.
1031 2957 1112 2966 —
1147 2922 1292 2984 Haec
1337 2921 1578 2983 Scotus.

2438 1954 2604 2008 sum,
2658 1936 2826 2017 quod
2878 1936 2931 1998 si
2982 1955 3129 1999 vere
3179 1945 3356 1999 extra
3404 1938 3715 1999 mundum
3765 1947 3939 2001 esset

2438 2032 2614 2094 locus
2675 2034 2929 2114 penitus
2990 2032 3285 2094 infinitus
3343 2020 3518 2096 sicut
3568 2035 3937 2115 imaginatio

2436 2131 2876 2212 apprehendit,
2913 2131 2976 2192 in
3023 2131 3161 2194 loco
3201 2131 3311 2194 illo
3349 2132 3515 2195 Deus
3554 2152 3703 2196 vere
3746 2133 3941 2195 incir-

2440 2229 3031 2311 cumscriptibiliter
3072 2231 3454 2309 exstitisset3
3494 2239 3556 2293 et
3593 2251 3765 2294 nunc
3804 2239 3935 2294 tam

2439 2345 2587 2388 vere
2636 2332 2733 2388 est
2782 2325 3252 2390 illimitabiliter
3298 2336 3361 2390 et
3403 2327 3945 2392 inextensibiliter

2439 2434 2614 2488 extra
2646 2426 2815 2486 bunc
2847 2426 3182 2500 mundum,
3216 2445 3290 2488 ac
3319 2427 3372 2488 si
3408 2434 3583 2489 extra
3623 2429 3941 2490 mundum

2439 2532 2605 2586 esset
2637 2524 2811 2586 locus
2840 2525 3093 2586 realiter
3124 2523 3437 2589 infinitus
3456 2527 3531 2587 Et
3557 2525 3739 2606 juxta
3764 2528 3943 2590 hunc

2442 2623 2970 2697 sensum,dicitur
2998 2624 3163 2685 Deus
3194 2643 3333 2686 esse
3364 2633 3540 2688 extra
3567 2625 3737 2688 hunc
3770 2646 3950 2688 mun-

2443 2722 2593 2782 dum
2629 2741 2743 2804 per
2772 2722 3048 2804 spatium
3084 2722 3439 2797 infinitum,
3465 2724 3530 2785 in
3562 2743 3688 2806 quo
3719 2725 3948 2807 utique

2442 2827 2539 2880 est.
2567 2820 2631 2882 in
2674 2840 2741 2883 se
2782 2821 2957 2902 ips03
3000 2829 3062 2882 et
3101 2829 3246 2884 ante
3286 2822 3511 2884 mundi
3550 2823 3952 2886 constitutio-

2444 2937 2592 2981 nem
2625 2936 2749 2980 non
2784 2920 2982 3000 magis
3014 2919 3137 2981 fuit
3168 2919 3277 2981 ubi
3310 2939 3481 2982 nunc
3516 2921 3811 2983 subsistit
3838 2923 3949 2985 hic

915 3019 1057 3081 Haec
1103 3019 1321 3101 opinio
1363 3018 1663 3081 omnibus
1708 3019 2119 3100 praeinductis
2163 3021 2334 3083 vide·
2371 3023 2413 3085 C
2448 3018 2746 3092 munduS,
2782 3037 2971 3099 quam
3013 3036 3183 3079 nune
3223 3019 3302 3080 sit
3334 3027 3512 3081 extra
3549 3019 3721 3081 hunc
3761 3039 3951 3082 mun-

799 3144 805 3149 ·
834 3125 940 3177 tur
970 3117 1304 3189 contraria,
1339 3125 1527 3199 atque
1559 3138 1634 3180 ex
1665 3118 1842 3180 omni
1882 3127 2058 3200 parte
2090 3119 2329 3202 inepta,

837 3214 1260 3295 impossibilia
1315 3224 1378 3277 et
1429 3216 1914 3279 contradictoria
1973 3218 2329 3299 implicans

837 3312 1309 3394 Omnipotentia
1366 3333 1640 3396 namque
1701 3332 1827 3377 non
1890 3323 2006 3391 est,
2069 3318 2193 3379 nisi
2253 3318 2335 3378 sit

837 3411 1218 3493 simpliciter
1260 3411 1519 3474 infinita
1563 3420 1875 3495 potestas;
1917 3433 2033 3476 nec
2077 3414 2335 3477 infinita

837 3511 1120 3592 potentia
1163 3518 1371 3592 potest
1410 3530 1548 3573 esse
1594 3510 1715 3574 nisi
1763 3512 1830 3573 in
1870 3514 2145 3575 essentia
2188 3514 2334 3575 insi—

834 3609 984 3685 nita.
1018 3609 1148 3670 Hoc
1186 3617 1398 3689 autem
1441 3618 1536 3671 est
1575 3618 1794 3672 contra
1837 3610 2144 3673 rationem
2192 3612 2335 3673 insi-

835 3707 982 3770 nitae
1032 3708 1343 3782 essentiae,
1386 3725 1622 3790 ponere
1672 3728 1812 3770 eam
1858 3717 1919 3770 et
1967 3717 2207 3772 arctare
2256 3712 2331 3772 ad

835 3805 1046 3868 locum
1101 3806 1592 3869 determinatum
1643 3806 1708 3867 in
1761 3824 1887 3888 quo
1935 3808 2014 3869 sit
2061 3808 2333 3871 circum-

833 3904 1158 3985 scriptive.
1181 3904 1443 3976 RursuS,
1469 3923 1719 3966 summa
1748 3906 1859 3967 Dei
1893 3906 2162 3987 requirit
2192 3907 2339 3969 sim·

836 4003 1110 4084 plicitaS,
1155 4010 1225 4063 ut
1270 4003 1334 4063 in
1381 4003 1520 4085 ipso
1564 4003 1817 4065 realiter
1858 4006 2112 4086 penitus
2164 4006 2334 4068 idem

835 4102 966 4163 sint
1016 4100 1300 4183 potentia
1347 4109 1410 4163 et
1455 4101 1748 4163 essentia.
1803 4102 1950 4164 Ideo
1999 4103 2333 4184 imaginari

2445 3117 2597 3179 dum
2630 3137 2743 3199 per
2773 3117 3045 3199 spatium
3081 3118 3552 3199 quantumlibet
3584 3119 3941 3181 infinitum.

2443 3217 2576 3278 Imo
2617 3235 2732 3277 nec
2773 3217 2960 3278 modo
3001 3218 3199 3296 magis
3240 3224 3334 3278 est
3376 3218 3440 3278 in
3482 3218 3717 3279 mundo
3746 3238 3944 3299 quam

2444 3322 2620 3376 extra
2668 3315 3001 3386 mundum,
3055 3314 3177 3375 nisi
3230 3315 3293 3376 in
3343 3323 3653 3396 quantum
3706 3316 3770 3377 in
3821 3316 3945 3379 hoc

2447 3412 2685 3474 mundo
2726 3411 2868 3493 plus
2899 3420 3196 3493 operatur
3234 3432 3430 3495 seque
3470 3414 3761 3475 ostendit.
3798 3415 3943 3496 Ipse

2444 3527 2616 3583 vem,
2669 3517 2979 3591 quantum
3039 3518 3134 3571 est
3194 3530 3269 3573 ex
3330 3518 3507 3591 parte
3568 3511 3791 3593 ipsiuS,
3845 3521 3943 3574 est

2448 3608 2701 3688 penitus
2754 3607 3023 3669 illocalis
3072 3614 3136 3669 et.
3176 3607 3634 3689 intemporalis,
3678 3610 3805 3671 Nec
3852 3618 3945 3671 ta-

2447 3724 2593 3767 men
2644 3705 3039 3768 immensitas
3084 3706 3195 3767 Dei
3250 3706 3543 3788 imperite
3586 3724 3658 3769 ac
3700 3708 3949 3770 ruditer

2445 3803 2848 3884 imaginanda
2889 3812 2985 3865 est
3032 3804 3232 3867 instar
3280 3804 3625 3885 corporalis
3672 3806 3947 3867 extensi-

2444 3903 2607 3976 oniS,
2647 3922 2846 3984 quum
2897 3922 3015 3964 nec
3063 3903 3277 3965 anima
3324 3903 3648 3965 rationalis
3695 3903 3782 3966 ita
3831 3925 3943 3986 pu-

2445 4002 2633 4063 tanda
2680 4001 2761 4063 sit
2810 4002 2875 4063 in
2926 4008 3058 4063 toto
3107 4018 3223 4063 suo
3272 4018 3534 4084 corpore
3588 4021 3744 4065 esse.
3798 4004 3947 4066 ldeo

2448 4100 2841 4162 immensitas
2882 4100 3003 4162 Dei·
3041 4117 3167 4162 non
3208 4107 3299 4161 est
3343 4099 3466 4161 nisi
3511 4100 3949 4163 interminabi-

837 4199 1037 4261 Deum
1097 4199 1331 4261 alicubi
1387 4217 1524 4261 esse
1581 4199 1932 4261 secundum
1984 4203 2331 4282 potentiam
2364 4206 2413 4267 D
2447 4198 2525 4273 le,
2552 4198 3299 4280 supersimplicissimum
3330 4205 3393 4259 et
3424 4198 3946 4281 superperfectis-

839 4304 901 4359 et
958 4315 1082 4359 non
1141 4298 1504 4371 essentiam,
1564 4297 1867 4379 implicat.
1927 4299 2186 4374 Iterum,
2242 4302 2334 4363 di-

839 4404 1012 4457 ctum
1053 4401 1240 4457 estet
1269 4403 1616 4470 ostensum,
1651 4396 1820 4478 quod
1860 4415 2113 4459 causam
2155 4416 2336 4480 opor-

836 4500 966 4555 teat
995 4512 1110 4555 sua
1136 4492 1372 4555 virtute
1411 4494 1718 4573 attingere
1753 4513 1940 4556 suum
1981 4504 2327 4558 causatum.

832 4591 1126 4673 Implicat
1172 4609 1322 4672 ergo
1371 4592 1536 4672 quod
1590 4593 1755 4654 Deus
1806 4592 2047 4674 aliquid
2099 4593 2333 4657 faceret

831 4691 941 4753 ubi
989 4709 1105 4752 sua
1141 4689 1345 4752 virtus
1389 4708 1501 4752 seu
1546 4690 1828 4772 potentia
1877 4708 2002 4753 non
2046 4693 2330 4771 adesset-3

829 4808 948 4851 nec
989 4787 1203 4850 minus
1245 4787 1535 4869 implicat
1567 4806 1692 4851 non
1723 4808 1862 4851 esse
1902 4808 2082 4851 suam
2123 4809 2333 4853 essen-

827 4887 982 4947 tiam
1025 4885 1135 4947 ubi
1182 4893 1280 4948 est
1319 4906 1436 4948 sua
1477 4886 1777 4968 potentia.

908 4985 1196 5066 Insuper,
1225 4985 1410 5065 juxta
1447 4992 1810 5047 sanctorum
1852 4985 2106 5047 Patrum
2134 4994 2198 5047 et
2228 5006 2334 5049 au-

829 5083 1256 5145 thenticorum
1296 5084 1627 5146 doctorum
1669 5083 2050 5145 documenta
2091 5092 2155 5146 et
2192 5086 2336 5147 rati-

829 5199 1006 5255 oneS‚
1027 5181 1320 5244 infinitus
1350 5188 1412 5243 et
1443 5182 2133 5264 supergloriosissimus
2167 5184 2333 5245 Deus

836 5298 1235 5361 nequaquam
1295 5280 1676 5354 continetur,
1727 5287 2005 5343 arctatur
2055 5288 2163 5344 aut
2214 5282 2333 5344 cir-

2444 4298 2681 4359 simum
2730 4316 2869 4359 esse
2928 4316 3140 4371 suum,
3197 4296 3451 4359 infinita
3508 4297 3831 4361 beatitudo
3877 4308 3941 4361 et

2442 4395 2645 4476 gloria
2690 4414 2825 4469 sua,
2876 4394 3133 4457 infinita
3188 4395 3501 4477 sapientia
3545 4402 3605 4457 et
3656 4397 3945 4479 omnipo-

2445 4494 2641 4555 tentia
2688 4513 2823 4565 sua,
2876 4492 3133 4555 infinita
3189 4493 3622 4575 pulchritudo,
3670 4494 3945 4558 dulcedo

2443 4600 2507 4655 et
2553 4592 3124 4673 superexcellentia
3173 4611 3307 4665 sua,
3362 4591 3618 4654 infinita
3664 4592 3942 4658 bonitas,

2442 4691 2675 4753 veritas
2704 4710 2777 4752 ac
2809 4689 3108 4752 sanctitas
3140 4709 3274 4764 sua,
3308 4699 3371 4752 et
3404 4689 3489 4751 ita
3518 4690 3596 4752 de
3627 4690 3768 4752 aliis
3798 4710 3946 4772 quae

2442 4790 2500 4853 ei
2546 4788 2983 4851 attribuuntur
3016 4805 3029 4850 :
3064 4808 3205 4870 quae
3244 4788 3462 4851 omnia
3504 4796 3655 4851 sunt
3692 4789 3761 4851 in
3804 4790 3949 4871 ipso

2444 4908 2644 4951 unum
2690 4887 3107 4970 purissimum
3156 4906 3319 4962 esse,
3366 4886 3637 4951 infinitae
3684 4907 3949 4971 prorsus

2444 4984 2891 5067 simplicitatis.

2522 5084 2845 5156 Praeterea,
2879 5083 2957 5144 de
2989 5082 3105 5144 hac
3139 5101 3225 5156 re,
3261 5082 3535 5164 qualiter
3564 5083 3728 5145 Deus
3756 5083 3840 5144 sit
3876 5085 3947 5147 in

2442 5181 2742 5245 omnibus
2786 5180 2974 5243 rebus
3013 5188 3079 5242 et
3118 5180 3377 5261 ubique,
3411 5180 3635 5243 scribit
3667 5180 3951 5245 Antisio-

2443 5280 2730 5343 dorensis
2769 5280 2834 5341 in
2868 5279 3129 5341 Summa
3166 5298 3300 5354 sua,
3336 5279 3500 5342 libro
3529 5278 3736 5361 primo
3766 5280 3947 5343 circa
