4359 6250
555 515 698 570 omn
742 515 836 561 srr
876 515 1173 571 ransom,
1207 514 1283 560 ΒΤ
1323 514 1458 569 QUAE
1497 511 1679 558 nmo
1721 511 1860 558 mus
1903 511 1966 557 m
2007 482 2257 569 mvn-iffi,
2294 512 2369 558 nr
2409 514 2705 569 emman
2747 515 2863 561 nno
2904 514 3246 561 coNVENlAT
3328 495 3446 560 165

367 702 585 747 nomen
626 702 756 766 quo
795 684 1197 765 significetur
1226 704 1351 762 quo
1390 692 1505 751 esc,
1539 682 1708 763 quod
1752 687 1847 741 cst
1875 680 1927 741 A
1955 680 2050 741 nit
2090 680 2503 744 rationalibus
2546 690 2809 745 tantum.
2844 683 3003 746 Hinc
3042 686 3128 746 ait
3166 686 3440 760 BoetiuS,

363 783 662 859 essentia;
712 792 776 845 et
826 784 1035 865 ipsum
1087 786 1260 863 quod
1306 791 1421 851 est,
1473 789 1535 843 et
1584 781 1703 842 hoc
1751 788 1844 840 est
1956 780 2125 861 quod
2186 780 2383 843 Graeci
2447 788 2714 843 utuntur
2770 783 3027 845 nomine
3088 784 3443 867 hypostasis

363 882 723 943 substantia.
762 882 838 943 Et
880 882 967 943 ita
1016 881 1150 943 haec
1200 882 1326 943 duo
1376 880 1635 942 nomina
1681 879 1844 939 acci-

364 979 618 1061 piuntur
649 980 714 1041 in
747 979 982 1042 divinis
1022 999 1100 1041 ex
1133 985 1308 1061 parte·
1340 978 1701 1041 communis
1733 995 1842 1039 seu
1953 984 2320 1040 naventura.

361 1078 923 1140 communicabilis
959 1078 1070 1139 Est
1099 1094 1354 1159 quoque
1386 1077 1452 1138 in
1482 1075 1719 1138 divinis
1748 1094 1846 1137 ac·
2045 1075 2337 1156 Amplius
2396 1076 2473 1137 de
2536 1077 2799 1139 materia
2858 1078 2976 1139 ista
3034 1098 3164 1160 prae
3222 1078 3448 1141 ceteris

362 1176 560 1257 cipere
593 1175 836 1259 aliquid
868 1175 1490 1249 incommunicabile,
1508 1182 1569 1236 et
1601 1174 1720 1235 hoc
1750 1180 1846 1235 est
1955 1174 2178 1235 scribit
2230 1174 2534 1237 diffusius
2582 1176 2937 1238 Alexander
2984 1194 2997 1237 ε
3046 1178 3231 1258 cujus
3282 1178 3451 1239 dicta

1954 896 2069 959 pro
2110 880 2443 960 supposito
2485 880 2807 944 rationalis
2852 889 3109 945 naturae.
3146 883 3289 945 Haec
3332 883 3446 945 Bo·
3539 940 3547 949 .
3634 912 3647 925 ·

360 1275 504 1355 quid
533 1274 930 1347 distinctum,
965 1293 1076 1336 seu
1109 1275 1253 1357 quis
1283 1274 1638 1336 distinctus.
1670 1273 1842 1345 Quod

362 1373 662 1453 contingit
715 1372 1058 1454 dupliciter
1111 1372 1381 1452 intelligi
1437 1390 1548 1433 seu
1603 1370 1846 1450 signifi-

361 1471 501 1543 cari,
535 1470 832 1532 videlicet
869 1488 882 1531 :
918 1471 984 1532 in
1028 1478 1338 1553 quantum
1379 1468 1841 1549 dis'tinguibile,

359 1578 416 1631 et
466 1570 548 1630 ita
598 1568 1004 1649 significatur
1055 1588 1168 1650 per
1216 1586 1449 1631 nomen
1497 1567 1844 1629 subsisten-

359 1669 454 1730 ¹1·ae
493 1668 628 1729 sive
674 1668 1067 1749 hypostasi53
1108 1675 1172 1729 et
1212 1668 1368 1731 item
1418 1668 1482 1728 in
1533 1673 1843 1747 quantum

359 1766 748 1839 distinctum,
782 1765 1004 1847 sicque
1035 1765 1437 1846 significatur
1468 1783 1580 1847 per
1609 1781 1840 1826 nomen

1951 1272 2082 1353 jam
2119 1290 2233 1353 pro
2265 1281 2441 1354 parte
2472 1274 2829 1337 virtualiter
2860 1282 3007 1337 sunt
3039 1276 3315 1339 inducta.
3340 1277 3449 1338 Te-

1953 1378 2061 1431 net
2100 1379 2337 1444 autem,
2371 1373 2539 1453 quod
2581 1391 2851 1454 persona
2895 1373 2959 1435 in
3003 1374 3239 1438 divinis
3282 1374 3448 1436 dica-

1952 1476 2057 1529 tur
2087 1470 2439 1530 secundum
2472 1470 2914 1544 substantiam,
2938 1490 3064 1534 non
3096 1474 3445 1534 secundum

1954 1566 2329 1629 relationem
2384 1584 2398 1628 ε
2448 1569 2526 1629 ad
2573 1570 2743 1649 quod
2791 1570 3018 1650 allegat
3064 1570 3443 1633 Richardum

1955 1666 2032 1727 de
2064 1664 2122 1727 S.
2140 1665 2410 1727 Victore.
2431 1665 2849 1729 Definitiones
2880 1686 3133 1750 quoque
3164 1685 3449 1749 personae

1955 1784 1992 1826 a
2021 1765 2238 1826 Boe-tio
2267 1772 2329 1825 et
2360 1764 2671 1827 Richardo
2702 1766 2974 1847 digestas
3005 1767 3323 1848 eleganter
3352 1785 3453 1827 ex-

361 1882 655 1944 personae.
691 1864 767 1924 Et
797 1864 1092 1945 quamvis
1124 1864 1189 1925 in
1221 1864 1349 1926 Deo
1383 1881 1512 1926 non
1541 1862 1845 1924 differant
1880 1863 1926 1924 B
1957 1862 2155 1944 ponit.
2192 1898 2271 1906 -—
2313 1863 2579 1943 Insuper
2622 1864 2848 1944 quaerit
2888 1865 2967 1925 de
3013 1864 3449 1946 suppositione

358 1960 786 2042 distinguibile
837 1969 899 2023 et
950 1962 1345 2035 distinctum,
1388 1961 1538 2042 quia
1589 1961 1653 2023 in
1706 1960 1844 2041 ipso

359 2060 632 2141 potentia
679 2060 1061 2122 aeternaliter
1110 2059 1451 2142 conjuncta
1507 2067 1604 2121 est
1650 2059 1842 2131 actui,

357 2164 558 2221 tamen
599 2158 912 2238 contingit
951 2177 1026 2220 ea
1066 2158 1308 2239 duplici
1355 2158 1614 2221 nomine
1653 2156 1845 2237 signi-

356 2256 528 2317 ficari
572 2263 766 2338 prout
807 2254 1152 2337 dupliciter
1194 2256 1694 2318 considerantur.
1731 2256 1846 2317 Ita-

356 2373 471 2436 que
501 2353 816 2416 difi'erunt
846 2354 982 2417 haec
1023 2362 1294 2435 quatuor
1335 2354 1594 2418 nomina
1624 2373 1847 2415 secun-

357 2453 498 2513 dum
535 2452 799 2515 modum
841 2452 1262 2533 intelligendi,
1297 2452 1464 2514 sicut
1503 2470 1630 2534 quo
1660 2459 1756 2513 est
1786 2460 1848 2514 et

355 2551 514 2633 quod
545 2558 665 2624 est,
699 2557 765 2613 et
803 2550 913 2633 qui
947 2559 1041 2612 est
1079 2557 1143 2612 et
1183 2550 1327 2632 quis
1367 2558 1482 2613 est.
1519 2550 1594 2612 Et
1624 2550 1848 2633 quoni-

355 2670 449 2711 am
493 2651 556 2712 in
599 2650 730 2713 Deo
771 2650 940 2713 idem
982 2657 1078 2712 est
1116 2668 1242 2732 quo
1281 2658 1377 2713 est
1415 2658 1476 2711 et
1517 2651 1686 2732 quod
1728 2657 1844 2724 est,

354 2756 409 2810 et
439 2748 882 2829 distinguibile
911 2756 976 2810 et
1014 2749 1388 2811 distinctum
1429 2768 1506 2810 ex
1546 2748 1671 2810 alia
1710 2768 1848 2829 par-

357 2854 432 2917 te,
465 2847 682 2909 Sancti
726 2845 1096 2927 frequenter
1140 2846 1464 2927 accipiunt
1506 2846 1847 2908 essentiam

354 2952 412 3005 et
457 2944 880 3006 substantiam
926 2962 1040 3025 pro
1082 2945 1306 3007 eodem
1354 2962 1366 3006 :
1411 2944 1502 3006 sic
1545 2951 1608 3006 et
1656 2944 1850 3027 hypo—

1958 1960 2251 2023 nominis·
2276 1960 2498 2041 hujuS,
2533 1980 2821 2041 persona,
2855 1962 3153 2024 videlicet
3190 1983 3268 2024 an
3306 1982 3452 2044 sup-

1958 2059 2163 2141 posita
2223 2077 2512 2140 persona,
2576 2068 2973 2141 supponatur
3028 2061 3319 2123 essentia.
3375 2062 3451 2123 Et

1957 2157 2298 2237 respondet
2352 2174 2366 2217 :
2418 2157 2718 2229 Quamvis
2779 2158 2845 2220 in
2905 2158 3141 2220 divinis
3200 2158 3452 2221 realiter

1958 2256 2126 2317 idern
2161 2256 2289 2316 sint
2319 2255 2593 2317 essentia
2622 2264 2685 2318 et
2716 2274 2986 2338 persona
3016 2263 3275 2338 propter
3305 2257 3453 2319 sim-

1959 2354 2310 2435 plicitatem
2366 2353 2567 2415 divini
2617 2373 2779 2426 esse,
2815 2355 3039 2417 modus
3084 2363 3295 2417 tamen
3340 2356 3451 2437 qui

1958 2471 2085 2515 non
2134 2452 2392 2532 derogat
2448 2452 2841 2533 simplicitati
2894 2454 3191 2516 convenit
3239 2472 3451 2535 perso*

1958 2570 2076 2625 nae,
2129 2551 2240 2632 qui
2301 2568 2429 2612 non
2490 2552 2787 2614 convenit
2846 2553 3154 2615 essentiae.
3213 2552 3290 2613 Et
3346 2553 3451 2614 hic

1959 2649 2185 2712 modus
2227 2656 2324 2711 est
2366 2648 2731 2711 differentia
2771 2649 3165 2712 habitudinis
3210 2658 3274 2712 et
3312 2669 3452 2731 pro-

1959 2748 2247 2829 prietatis
2296 2747 2582 2828 originis,
2617 2767 2744 2829 qua
2791 2748 3025 2810 dicitur
3060 2766 3073 2810 t
3106 2749 3285 2810 Pater
3332 2758 3449 2823 est,

1959 2848 2067 2909 sed
2101 2865 2227 2907 non
2260 2854 2356 2907 est
2384 2846 2465 2908 ab
2504 2846 2666 2924 alio;
2701 2847 2895 2909 Filius
2934 2855 3030 2909 est
3060 2867 3097 2910 a
3132 2848 3309 2909 Patre
3341 2868 3454 2929 per

1957 2943 2453 3024 generationem,
2473 2944 2747 3025 Spiritus
2778 2946 3042 3007 Sanctus
3072 2944 3153 3007 ab
3182 2954 3452 3029 utroque

355 3044 530 3105 stasis
583 3043 846 3105 nomine
899 3050 1166 3104 utuntur
1209 3043 1405 3105 Graeci
1458 3061 1572 3124 pro
1617 3061 1849 3126 suppo·
1883 3048 1926 3109 G
1959 3062 2073 3125 per
2102 3043 2587 3124 processionem.
2611 3042 2859 3104 Etenim
2891 3045 3238 3105 secundum
3268 3045 3452 3108 istius

355 3141 470 3204 sito
514 3150 667 3204 actu
717 3141 1036 3204 distincto.
1079 3142 1308 3223 Sicque
1361 3142 1688 3204 distinctio
1739 3161 1849 3223 per

355 3259 472 3318 quo
500 3249 594 3300 est
624 3247 690 3301 et
721 3243 895 3318 quod
923 3249 1038 3309 esc,
1072 3247 1134 3300 et
1176 3258 1289 3320 per
1319 3239 1757 3320 distinguibile
1787 3247 1851 3301 et

355 3337 749 3407 distinctum,
785 3355 912 3399 non
963 3337 1115 3399 facit
1164 3336 1594 3399 differentiam
1647 3337 1710 3398 in
1762 3338 1851 3399 di-

355 3437 538 3509 viniS‚
573 3435 702 3497 nisi
744 3436 1097 3497 secundum
1145 3435 1454 3498 rationem
1497 3435 1849 3515 intelligen-

355 3536 434 3597 di.
455 3537 826 3617 —Insuper
856 3555 1056 3617 quum
1087 3534 1250 3598 fides
1282 3535 1448 3597 dicat
1481 3537 1680 3597 Deum
1711 3554 1849 3598 esse

361 3652 550 3694 unum
603 3641 669 3694 et
721 3633 982 3706 trinum,
1035 3651 1162 3696 non
1225 3649 1562 3714 possumus
1621 3633 1852 3694 intelli-

356 3751 496 3812 gere
535 3750 678 3794 esse
719 3750 944 3804 unum,
979 3731 1101 3792 nisi
1145 3731 1555 3811 intelligendo
1595 3749 1723 3812 quo
1756 3737 1851 3792 est

361 3848 577 3904 unum,
630 3836 696 3890 et
755 3829 924 3910 quod
985 3837 1080 3890 est
1140 3847 1358 3890 unum.
1417 3829 1698 3890 Primum
1757 3837 1852 3889 est

359 3929 654 4001 essentia,
689 3927 1040 3988 secundum
1074 3926 1443 3988 substantia.
1479 3927 1604 3988 Nec
1637 3945 1855 4007 possu-

363 4045 496 4087 mus
531 4025 891 4105 intelligere
923 4025 1091 4106 quod
1132 4025 1212 4085 sit
1256 4024 1479 4099 trinuS,
1515 4025 1636 4086 nisi
1676 4024 1854 4085 intel-

361 4124 608 4205 ligendo
640 4124 1038 4196 distinctum,
1071 4131 1134 4186 et
1163 4141 1291 4204 quo
1321 4123 1803 4203 distinguuntur
1836 4139 1849 4183 τ

1959 3141 2345 3203 exsistentiae
2405 3142 2662 3204 modum
2714 3142 3193 3222 distinguuntur
3241 3163 3451 3225 perso—

1961 3260 2078 3314 nae,
2100 3257 2227 3302 non
2259 3239 2771 3312 essentia.Quum
2802 3258 2951 3321 ergo
2980 3243 3336 3323 suppositio
3365 3263 3455 3306 se-

1961 3346 2192 3419 quatur
2232 3339 2490 3399 modum
2534 3338 3044 3419 significationiS,
3079 3350 3249 3422 patet
3281 3344 3451 3423 quod

1962 3451 2232 3516 persona
2270 3433 2617 3514 supposita,
2652 3452 2777 3497 non
2820 3444 3216 3517 supponatur
3245 3457 3454 3500 essen-

1961 3533 2064 3594 tia.
2101 3531 2257 3594 Nam
2298 3550 2567 3613 persona
2602 3532 3036 3613 distinguitur,
3072 3535 3456 3617 multiplica-

1960 3638 2085 3701 tur,
2133 3630 2337 3711 gignit
2386 3637 2449 3690 et
2495 3629 2777 3710 gignitur
2821 3649 2835 3692 ε
2880 3649 3151 3712 quorum
3202 3634 3451 3696 nullum

1963 3729 2261 3790 convenit
2291 3728 2523 3790 divinae
2553 3729 3271 3793 essentiae.—Praeterea
3300 3751 3458 3812 quae-

1962 3827 2065 3900 rit,
2106 3845 2185 3888 an
2232 3844 2503 3907 persona
2550 3826 2717 3888 idem
2764 3827 3088 3906 significet
3136 3829 3200 3889 in
3244 3830 3457 3910 singu-

1966 3925 2079 3987 lari
2128 3931 2191 3986 et
2242 3925 2305 3984 in
2368 3923 2619 4005 plurali.
2674 3923 2767 3985 Ad
2826 3925 2994 4005 quod
3046 3927 3385 4007 respondet
3436 3945 3451 3989 z

1964 4023 2326 4086 Secundum
2357 4021 2646 4083 Boetium
2678 4029 2739 4082 et
2769 4022 3174 4098 Richardum,
3199 4024 3319 4086 boc
3347 4043 3455 4088 no—

1965 4141 2134 4196 men,
2189 4139 2477 4203 persona,
2526 4122 2590 4182 in
2642 4121 2945 4202 singulari
2996 4130 3059 4184 et
3108 4122 3171 4184 in
3222 4122 3453 4204 plurali

362 4230 420 4283 et
449 4223 608 4284 illud
644 4239 772 4302 quo
802 4221 1306 4302 distinguuntur,
1331 4230 1479 4282 sunt
1511 4221 1855 4303 proprieta-
1885 4225 1933 4286 D
1964 4219 2288 4301 significat
2318 4218 2739 4280 substantiam
2770 4238 2910 4300 quae
2948 4228 3045 4282 est
3073 4221 3451 4303 hypostasis,

361 4329 484 4398 tes3
536 4321 654 4402 qui
705 4327 917 4381 autem
969 4319 1404 4399 distinguitur,
1457 4318 1856 4401 significatur
1965 4319 2084 4380 hoc
2115 4324 2211 4379 est
2243 4336 2357 4398 per
2389 4317 2648 4378 modum
2688 4317 3058 4381 substantiae
3093 4319 3451 4400 singularis

363 4425 436 4480 ut·
453 4420 816 4481 distinctus.
853 4418 1026 4492 Quod
1060 4425 1266 4499 potest
1295 4437 1432 4480 esse
1463 4418 1804 4498 dupliciter
1838 4435 1851 4478 ε
1966 4418 2172 4491 Quum
2232 4416 2405 4477 enim
2454 4415 2691 4476 dicitur
2741 4433 3029 4496 persona,
3082 4417 3459 4500 intelligitur

365 4519 588 4598 primo,
625 4524 700 4578 ut
741 4517 1081 4578 distinctus
1126 4517 1508 4598 proprietate
1554 4535 1856 4598 quacum·
1965 4515 2199 4596 aliquis
2241 4533 2428 4585 unuS‚
2463 4512 2573 4595 qui
2616 4521 2827 4574 tamen
2868 4515 2950 4577 sit
2991 4515 3313 4580 rationalis
3350 4537 3457 4580 na-

363 4633 517 4697 que3
551 4616 858 4689 secundo,
893 4623 963 4676 ut
995 4615 1332 4676 distinctus
1367 4614 1748 4696 proprietate
1779 4615 1856 4676 ad
1969 4621 2160 4691 turae3
2204 4619 2267 4672 et
2310 4630 2509 4692 quum
2554 4611 2807 4685 dicitur,
2852 4619 2977 4673 tres
3024 4630 3328 4693 personae,
3370 4615 3461 4676 in-

363 4713 736 4794 dignitatem
786 4721 850 4774 et
898 4713 1296 4775 nobilitatem
1347 4720 1690 4794 spectante.
1736 4713 1861 4774 Pri-

367 4830 536 4873 mum
607 4810 1014 4892 significatur
1081 4811 1340 4872 nomine
1409 4810 1858 4884 subsisten'tiae,

365 4929 502 4990 quae
553 4909 794 4971 dicitur
844 4909 1052 4990 prima
1103 4908 1478 4981 substantia,
1523 4915 1586 4969 et
1640 4926 1865 4971 conve-

369 5008 456 5069 nit
487 5026 618 5070 non
651 5008 860 5070 solum
904 5007 1252 5070 individuis
1285 5006 1719 5077 rationalibuS,
1755 5008 1864 5069 sed

369 5106 554 5168 etiam
603 5105 1097 5169 irrationalibus.
1139 5106 1500 5168 Secundum
1547 5105 1868 5186 significa-

373 5212 473 5266 tur
503 5224 620 5288 per
654 5204 774 5268 hoc
806 5221 1063 5276 nomen,
1097 5221 1386 5288 persona,
1413 5221 1529 5286 pro
1558 5221 1686 5285 quo
1717 5203 1875 5267 Grae-

1971 4711 2345 4792 telliguntur
2377 4717 2503 4771 'tres
2547 4708 2767 4791 aliqui,
2802 4710 2913 4790 qui
2949 4719 3163 4773 tamen
3194 4713 3463 4775 rationa-

1973 4809 2049 4871 lis
2081 4817 2323 4870 naturae
2354 4807 2719 4871 consistant.
2742 4843 2821 4853 —
2846 4808 3083 4871 Rursus
3114 4811 3361 4890 quaerit,
3383 4830 3463 4872 an

1975 4926 2206 4970 nomen
2249 4906 2678 4969 subsistentia}
2710 4907 2792 4968 sit
2832 4908 3167 4969 essentiale
3198 4908 3298 4970 vel
3331 4927 3469 4990 per-

1977 5006 2211 5069 sonale.
2250 5005 2325 5066 Et
2370 5005 2708 5087 respondet
2742 5023 2756 5066 ε
2792 5006 3331 5078 Quemadmodum
3378 5026 3469 5069 se-

1981 5106 2261 5168 cundum
2296 5104 2582 5166 Boetium
2626 5103 2788 5167 libro
2820 5103 2896 5165 de
2938 5103 3193 5166 Duabus
3226 5106 3471 5169 naturis

1984 5204 2241 5278 Christi,
2278 5201 2546 5265 intentio
2589 5201 2681 5280 (id
2730 5207 2826 5262 est
2875 5201 3061 5282 ratio)
3106 5202 3474 5268 substantiae

379 5303 433 5365 ci
469 5310 741 5366 utuntur
771 5301 1032 5367 nomine
1062 5303 1626 5386 hypostasis,quod
1658 5319 1878 5365 conve-
1992 5301 2241 5364 duobus
2282 5300 2487 5368 modis
2517 5297 2877 5379 exponitur,
2912 5306 3086 5380 puta,
3118 5302 3472 5382 negatione,
