4359 6250
797 452 916 514 304

1436 471 1499 516 ΙΝ
1542 470 1763 515 LIBRUM
1806 469 1825 514 1
1868 468 2351 514 SENTENTIARUM.
2398 487 2478 497 —
2521 470 2672 516 DIST.
2719 472 2885 534 xxx3
2929 473 3152 528 QUAEST.
3202 473 3268 519 111

800 659 999 701 unum
1053 640 1347 720 importat
1400 639 1769 701 relationem
1822 638 2077 710 realem,
2119 638 2292 699 aliud
2325 639 2374 700 A
2405 639 2626 701 relatio
2657 640 2766 702 Dei
2801 641 2878 702 ad
2911 649 3118 703 creata
3151 641 3337 704 realis
3367 641 3473 716 sit,
3505 649 3568 703 et
3597 642 3751 723 quid
3781 641 3916 702 cir-

798 739 1081 812 rationiS,
1126 746 1195 799 ut
1242 738 1506 800 scientia
1554 745 1615 799 et
1655 737 1899 799 scibile.
1936 737 2137 818 Hujus
2183 757 2292 798 au-

796 845 925 898 tem
968 838 1351 899 diversitatis
1387 845 1483 898 est
1514 837 1673 898 ratio
1714 837 1852 910 ista,
1887 836 2190 917 quoniam
2229 836 2292 898 id

798 955 991 1018 super
1021 937 1190 1018 quod
1232 936 1536 998 fundatur
1565 935 1808 1008 relati0,
1844 935 2164 997 interdum
2201 935 2293 996 in-

796 1034 1052 1096 venitur
1112 1034 1177 1095 in
1233 1034 1433 1095 altero
1494 1039 1764 1106 tantum,
1826 1033 2168 1114 aliquando
2226 1033 2292 1095 in

799 1140 1085 1214 utroque.
1132 1132 1308 1195 Sicut
1356 1132 1577 1194 relatio
1624 1132 1906 1194 scientiae
1949 1132 2027 1192 ad
2066 1131 2292 1193 scibile

797 1231 1101 1293 fundatur
1161 1250 1353 1313 super
1417 1231 1993 1312 apprehensionem
2062 1250 2292 1293 secun-

797 1331 951 1392 dum
997 1349 1136 1391 esse
1186 1330 1538 1411 spirituale,
1581 1330 1749 1411 quod
1800 1337 2047 1391 tantum
2089 1337 2186 1392 est
2225 1329 2292 1390 in

797 1429 1058 1502 sciente,
1094 1446 1221 1490 non
1263 1429 1328 1489 in
1366 1428 1580 1490 scibili
1614 1445 1627 1489 z
1664 1429 1805 1491 ideo
1846 1428 2031 1489 realis
2070 1427 2292 1490 relatio

796 1535 893 1588 est
932 1527 999 1588 in
1044 1527 1331 1598 scientia,
1374 1545 1500 1589 non
1552 1527 1617 1588 in
1662 1527 1874 1588 scibili
1913 1527 1991 1588 ad
2038 1526 2292 1588 scienti-

794 1646 915 1688 am.
952 1625 1319 1689 Econtrario
1358 1635 1453 1688 est
1489 1627 1566 1688 de
1604 1633 1854 1687 amante
1894 1634 2083 1708 atque
2122 1645 2291 1687 ama-

798 1733 883 1799 to,
946 1725 1096 1807 quia
1153 1725 1387 1787 amoris
1455 1725 1679 1787 relatio
1742 1723 2045 1785 fundatur
2099 1743 2293 1804 super

2405 755 2478 798 ca
2519 736 2638 798 hoc
2680 737 2786 799 alii
2834 739 3200 820 opinentur,
3235 741 3374 821 lpse
3415 757 3568 802 vero
3611 740 3914 802 doctores

2404 835 2694 916 sequitur
2727 838 3172 918 praeinductOS,
3207 839 3376 921 quod
3409 857 3536 900 non
3566 839 3648 900 sit
3679 838 3914 900 relatio

2406 932 2515 994 illa
2563 933 2770 995 realis,
2804 971 2886 980 —
2923 936 3010 997 De
3051 936 3306 1018 scriptis
3355 945 3570 998 autem
3619 937 3787 998 Scoti
3843 944 3914 998 et

2403 1031 2680 1093 Durandi
2743 1041 3132 1114 pertranseo,
3185 1035 3487 1116 quoniam
3547 1034 3910 1096 claritatem

2401 1131 2704 1210 expositae
2747 1132 3033 1194 verit-atis
3085 1133 3285 1214 magis
3327 1133 3626 1195 videntur
3671 1131 3910 1194 obscu-

2401 1227 2586 1289 ritate
2629 1229 2952 1292 involvere
2997 1250 3189 1312 quam
3232 1231 3572 1294 elucidare.

2481 1325 2835 1388 Alexander
2877 1328 3137 1390 demum
3184 1329 3354 1390 circa
3401 1329 3537 1392 haec
3581 1329 3764 1411 plura
3809 1328 3910 1390 in-

2402 1425 2600 1505 quirit
2644 1445 2658 1488 :
2704 1426 2889 1507 cujus
2939 1427 3498 1490 determinationes
3543 1427 3910 1490 virtualiter

2404 1531 2552 1584 sunt
2597 1523 2870 1588 inductae
2923 1526 3510 1609 sententialiterque
3561 1545 3902 1608 expressae.

2482 1720 2575 1782 Ad
2635 1721 2916 1802 primum
2969 1741 3119 1804 ergo
3176 1724 3541 1797 dicendum,
3603 1725 3770 1805 quod
3835 1723 3908 1786 in

796 1824 1153 1905 appetitum
1198 1822 1371 1897 boni,
1416 1824 1585 1905 quod
1624 1841 1749 1885 non
1795 1822 2003 1885 solum
2042 1823 2290 1884 exsistit
2328 1820 2375 1882 B
2407 1819 2532 1881 Deo
2571 1825 2668 1880 est
2696 1839 2918 1883 verum
2960 1830 3023 1883 et
3053 1842 3379 1884 summum
3421 1822 3801 1896 dominium,
3839 1829 3912 1884 et

798 1923 862 1985 in
902 1923 1118 1984 anima
1151 1940 1163 1982 :
1201 1922 1343 1984 ideo
1385 1922 1448 1983 in
1492 1929 1759 2004 utroque
1802 1921 2021 1983 relatio
2058 1929 2155 1983 est
2195 1939 2289 1982 re—

792 2021 934 2094 alis,
998 2027 1067 2082 ut
1124 2020 1407 2102 loquitur
1461 2020 1803 2092 Avicenna,
1859 2021 2160 2101 quoniam
2221 2020 2288 2081 in

794 2126 1063 2201 utroque
1106 2126 1203 2181 est
1242 2119 1576 2200 dispositio
1623 2139 1739 2200 per
1776 2137 1965 2198 quam
2016 2119 2288 2180 refertur

794 2219 871 2280 ad
910 2219 1203 2280 alterum.
1242 2218 1315 2278 Et
1346 2218 1649 2299 quoniam
1689 2236 1911 2280 omnes
1948 2217 2287 2279 relationes

793 2325 1097 2380 creaturae
1146 2319 1223 2380 ad
1277 2319 1475 2379 Deum
1525 2316 1873 2379 fundantur
1920 2335 2111 2397 super
2155 2333 2288 2377 mo-

792 2417 947 2478 dum
979 2435 1106 2499 quo
1136 2435 1171 2477 a
1201 2417 1328 2478 Deo
1369 2416 1716 2497 accipiunt,
1751 2416 1860 2497 qui
1902 2416 2127 2477 modus
2159 2433 2286 2476 non

790 2524 886 2577 est
947 2516 1012 2577 in
1070 2516 1218 2588 De0,
1280 2516 1580 2596 quoniam
1640 2523 1943 2576 creaturae
2002 2532 2127 2576 non
2184 2533 2285 2575 as-

792 2621 1147 2696 sequuntur
1196 2611 1651 2694 perfectionem
1713 2612 1883 2674 modi
1932 2612 2285 2673 secundum

792 2730 984 2793 quem
1030 2711 1194 2773 Deus
1240 2720 1537 2792 operatur
1584 2711 1647 2772 in
1686 2711 1812 2788 eis3
1848 2711 1995 2772 hinc
2041 2711 2287 2772 relatio·

791 2809 981 2872 nibus
1040 2817 1468 2872 creaturarum
1519 2809 1597 2870 ad
1645 2810 1846 2871 Deum
1904 2827 2031 2871 non
2080 2827 2286 2871 corre-

791 2909 1060 2990 spondet
1109 2908 1295 2970 realis
1347 2908 1411 2969 in
1464 2909 1589 2969 Deo
1640 2908 1877 2970 relatio.
1934 2908 2076 2970 Haec
2126 2908 2285 2970 Tho—

2407 1916 2542 1998 ipse
2575 1918 2828 1980 realiter
2857 1927 3048 2002 atque
3079 1921 3412 1983 verissime
3453 1920 3906 1984 universorum

2403 2016 2699 2078 dominus
2739 2026 2855 2090 est,
2891 2037 2998 2080 rex
3039 2026 3101 2080 et
3131 2028 3410 2097 creator3
3443 2020 3555 2082 sed
3593 2019 3750 2081 illud
3791 2020 3911 2082 do-

2405 2115 2678 2177 minium
2723 2134 2851 2178 non
2897 2125 2991 2178 est
3031 2117 3218 2180 realis
3267 2118 3490 2181 relatio
3533 2125 3640 2180 aut
3683 2137 3908 2200 respe-

2401 2220 2540 2275 ctus
2579 2215 2658 2276 ad
2691 2223 3031 2290 creaturas,
3068 2217 3197 2278 imo
3235 2225 3330 2278 est
3362 2224 3636 2298 potestas
3672 2224 3734 2278 et
3761 2235 3907 2279 om-

2401 2312 2754 2393 nipotentia
2782 2314 3114 2376 coercendi
3147 2314 3654 2397 subjiciendique
3685 2317 3906 2378 omnia

2399 2409 2545 2484 sibi,
2609 2431 2802 2492 super
2859 2432 3052 2494 quam
3117 2414 3278 2476 ratio
3341 2414 3666 2496 negotians
3725 2415 3904 2476 circa

2399 2509 2622 2583 Deum,
2685 2511 2910 2573 fundat
2973 2512 3346 2575 relationem
3409 2521 3472 2575 et
3531 2521 3904 2595 respectum

2401 2607 2602 2687 ipsius
2631 2609 2708 2670 ad
2741 2618 3079 2673 creaturas
3097 2647 3178 2656 —
3198 2611 3292 2673 Ad
3322 2611 3696 2684 secundum,
3721 2613 3902 2694 quod

2398 2707 2694 2768 dominus
2737 2708 2804 2769 in
2835 2710 3166 2784 creaturis,
3201 2728 3330 2772 non
3371 2710 3438 2772 in
3469 2719 3614 2773 ente
3657 2711 3906 2773 increa-

2396 2811 2482 2878 to,
2518 2806 2752 2868 realem
2785 2806 3088 2888 importat
3119 2809 3512 2871 relationem.
3547 2844 3628 2854 -—
3654 2809 3748 2871 Ad
3777 2817 3910 2871 ter-

2396 2901 2579 2976 tium,
2615 2905 2784 2985 quod
2824 2913 2968 2966 actu
3010 2906 3274 2968 rationis
3313 2913 3418 2968 aut
3460 2907 3652 2971 etiam
3683 2907 3904 2969 omnis

792 3025 947 3068 mas,
1012 3042 1092 3052 —
1148 3006 1321 3068 Idem
1380 3006 1748 3069 Richardus.
1815 3007 2165 3068 Concordat
2222 3013 2285 3067 et
2323 3005 2365 3069 C
2399 3002 2628 3064 mentis
2670 3009 2893 3066 creatae
2935 3011 3242 3078 cessante,
3279 3013 3561 3067 maneret
3592 3006 3756 3068 Deus
3787 3024 3902 3066 ve-

788 3105 1026 3169 Petrus.

870 3205 1049 3268 Circa
1079 3205 1213 3267 haec
1244 3204 1467 3266 scribit
1498 3204 1721 3267 Scotus
1751 3222 1763 3265 :
1800 3204 2031 3266 Dicunt
2060 3204 2281 3287 aliqui,

790 3303 958 3383 quod
1000 3301 1175 3364 nulla
1215 3301 1437 3363 relatio
1477 3300 1711 3363 dicitur
1750 3302 1826 3363 de
1857 3301 1985 3363 Deo
2022 3320 2099 3362 ex
2133 3309 2286 3363 tem-

790 3418 965 3481 pore,
997 3401 1127 3462 imo
1160 3418 1276 3461 nec
1308 3398 1529 3461 relatio
1560 3399 1843 3473 rationiS,
1870 3399 1999 3462 imo
2028 3408 2123 3461 est
2155 3409 2286 3462 tan-

790 3506 925 3559 tum
957 3497 1301 3580 appellatio
1332 3498 1849 3579 novazquoniam
1883 3498 2049 3559 sicut
2078 3506 2286 3579 potest

790 3597 1060 3677 intelligi
1103 3604 1172 3657 ut
1216 3596 1279 3657 in
1320 3602 1464 3657 actu
1505 3604 1567 3658 et
1608 3595 1671 3656 in
1719 3596 2021 3677 potentia,
2055 3597 2148 3657 sic
2195 3616 2288 3659 re-

788 3695 1053 3758 lationes
1114 3695 1391 3757 fundatae
1439 3712 1632 3775 super
1679 3694 1993 3757 actionem
2041 3695 2286 3757 varian-

786 3802 912 3869 tur,
975 3795 1142 3857 sicut
1201 3792 1669 3867 calefactivum,
1731 3794 1882 3874 quia
1938 3792 2283 3856 calefacere

788 3900 1031 3975 potest3
1072 3892 1549 3964 calefacturum,
1584 3891 1885 3972 quoniam
1928 3891 2278 3954 calefaciet.

788 3991 1095 4054 Similiter
1143 3990 1479 4052 relationes
1526 3990 1603 4051 ad
1653 3989 2069 4071 propositum.
2124 3991 2282 4052 Nam

786 4090 953 4151 sicut
994 4088 1478 4150 fundamentum
1521 4096 1616 4149 est
1648 4087 1815 4149 idem
1857 4088 2283 4151 diversimode

2397 3117 2462 3161 re
2503 3107 2876 3182 potestatem
2916 3110 2980 3164 et
3019 3103 3488 3185 praesidentiam
3539 3102 3777 3167 habens
3820 3124 3904 3167 ac

2396 3200 2692 3262 dominus
2733 3210 3042 3283 quantum
3085 3202 3162 3263 ad
3203 3209 3580 3283 potestatem
3611 3210 3672 3264 'et
3699 3202 3902 3283 juris-

2395 3298 2740 3361 dictionem
2779 3300 3182 3375 altissimam,
3217 3320 3411 3383 super
3441 3321 3634 3383 quam
3669 3301 3904 3364 funda-

2397 3397 2690 3459 mentalis
2729 3406 2896 3459 esset
2938 3399 3158 3461 relatio
3203 3401 3554 3462 secundum
3597 3400 3745 3471 dici,
3777 3401 3899 3463 sed

2397 3513 2523 3558 non
2568 3504 2879 3577 quantum
2922 3498 2998 3559 ad
3045 3498 3281 3560 realem
3325 3506 3687 3581 respectum
3735 3499 3906 3561 rela-

2393 3593 2760 3675 tionemque
2808 3595 3142 3658 actualem.
3186 3631 3266 3641 —
3305 3597 3399 3659 Ad
3450 3606 3746 3679 quartum
3797 3597 3900 3659 di-

2395 3692 2668 3754 cendum
2713 3693 2878 3755 sicut
2921 3694 2998 3755 ad
3044 3695 3346 3776 primum.

2475 3891 2664 3953 Circa·
2702 3892 2837 3954 haec
2886 3891 3114 3973 quaerit
3160 3892 3401 3966 Petrus,
3453 3901 3670 3955 utrum
3719 3893 3898 3957 Deus

2393 3989 2586 4052 fuerit
2626 3990 2922 4053 dominus
2963 3990 3042 4052 ab
3087 3998 3340 4054 aeterno.
3377 3992 3453 4055 Et
3495 3993 3840 4074 respondet
3877 4012 3894 4055 ε

2395 4088 2742 4150 Dicendum
2795 4088 3174 4171 simpliciter
3214 4091 3384 4171 quod
3429 4108 3580 4165 non,
3613 4091 3762 4172 quia
3807 4092 3900 4153 ab

786 4187 1279 4259 consideratum,
1314 4186 1407 4247 sic
1440 4186 1660 4248 relatio
1698 4187 1919 4248 eadem
1961 4193 2056 4248 est
2086 4195 2149 4247 et
2178 4206 2282 4249 va·
2313 4192 2362 4253 D
2392 4194 2626 4248 aeterno
2665 4204 2792 4249 non
2843 4186 2965 4247 fuit
3015 4194 3322 4261 creatura,
3367 4196 3658 4269 respectu
3700 4188 3900 4269 cujus

787 4285 987 4346 riatur
1016 4284 1371 4346 secundum
1402 4302 1655 4347 nomen.
1692 4284 1866 4346 Unde
1900 4285 2121 4347 relatio
2154 4304 2284 4348 cre-

786 4382 951 4444 antis
993 4381 1115 4444 suit
1154 4381 1234 4443 ab
1274 4390 1511 4443 aeterno
1551 4382 1773 4445 relatio
1808 4383 2064 4444 creativi
2104 4400 2116 4445 :
2161 4384 2281 4445 sic·

786 4500 911 4562 que
941 4481 1163 4543 relatio
1193 4480 1631 4561 aptitudinalis
1667 4488 1730 4541 et
1760 4481 1981 4543 relatio
2015 4483 2281 4545 actualis

786 4587 935 4642 sunt
969 4598 1095 4641 una
1134 4578 1373 4641 relatio.
1418 4579 1663 4641 Dicitur
1703 4595 1955 4660 quoque
1998 4597 2279 4641 commu—

784 4679 971 4753 niter,
1016 4678 1185 4759 quod
1227 4676 1448 4739 relatio
1491 4677 1597 4738 Dei
1638 4676 1716 4737 ad
1760 4684 2109 4738 creaturam
2152 4697 2280 4741 non

782 4784 879 4840 est
919 4776 1125 4839 realis
1160 4812 1241 4821 —
1270 4776 1399 4837 Hoc
1440 4776 1579 4837 loco
1611 4775 1833 4837 Scotus
1874 4777 2282 4857 prosequitur

782 4878 1199 4958 quorumdam
1259 4874 1611 4956 opiniones.
1666 4875 1806 4954 lpse
1864 4881 2077 4935 autem
2132 4893 2280 4937 con-

780 4976 973 5037 sentit
1004 4974 1370 5057 praehabitis
1411 4972 1476 5034 in
1518 4973 1638 5034 hoc
1677 4973 1845 5053 quod
1888 4973 2109 5036 relatio
2140 4973 2280 5036 Cre-

778 5075 972 5137 atoris
1014 5075 1094 5136 ad
1136 5080 1346 5135 creata
1388 5089 1513 5133 non
1558 5078 1655 5133 est
1698 5069 1903 5131 realis,

860 5175 1125 5254 Insuper
1177 5171 1509 5234 Durandus
1570 5169 1674 5231 hic
1732 5167 1959 5231 scribit
2008 5169 2273 5249 prolixe,

778 5272 1049 5336 aliorum
1078 5270 1412 5353 opiniones
1444 5267 2081 5342 narrando,videlicet
2105 5269 2277 5349 quod

2393 4284 2627 4346 dicitur
2656 4285 2971 4347 dominus.
3005 4320 3086 4330 —
3115 4285 3178 4347 Si
3215 4294 3533 4367 quaeratur
3569 4306 3652 4349 an
3691 4288 3900 4368 coepit

2391 4401 2530 4444 esse
2589 4382 2884 4445 dominus
2943 4402 3020 4445 ex
3078 4392 3365 4466 tempore
3427 4402 3442 4446 :
3507 4385 3902 4466 responden-

2391 4482 2566 4555 dum,
2601 4483 2770 4563 quod
2813 4501 3025 4544 rerum
3072 4502 3213 4565 quae
3259 4491 3592 4565 coeperunt
3633 4502 3772 4545 esse
3822 4485 3896 4547 in

2391 4586 2697 4662 tempore,
2732 4581 2869 4662 ipse
2900 4581 3094 4662 coepit
3123 4600 3264 4645 esse
3294 4582 3592 4644 dominus
3621 4600 3700 4643 ex
3729 4590 3898 4645 tem-

2390 4697 2560 4760 pore.
2606 4680 2780 4751 Quod
2825 4678 2878 4740 si
2927 4679 3342 4760 investigetur
3385 4700 3464 4742 an
3511 4680 3705 4761 coepit
3745 4698 3898 4745 esse

2389 4778 2686 4839 dominus
2745 4776 3046 4858 temporis
3109 4780 3216 4855 [ex
3269 4782 3614 4860 tempore]‚
3665 4779 3900 4842 distin-

2387 4875 2709 4955 guendum
2747 4882 2863 4947 est,
2909 4875 3062 4956 quia
3102 4883 3355 4957 tempus
3400 4877 3744 4959 dupliciter
3781 4897 3896 4939 su-

2391 4974 2605 5035 mitur.
2639 4974 2848 5035 Primo
2889 4974 3167 5056 proprie,
3201 4992 3317 5056 pro
3349 4994 3647 5037 mensura
3685 4984 3900 5038 muta-

2386 5072 2578 5135 tionis
2619 5073 3030 5151 successivae;
3065 5081 3130 5135 et
3168 5074 3260 5135 sic
3298 5092 3427 5136 non
3466 5073 3591 5135 fuit
3631 5082 3894 5156 tempus

2390 5171 2454 5232 in
2511 5171 2716 5253 primo
2775 5172 3035 5233 instanti
3091 5172 3429 5235 creationis
3481 5192 3720 5248 rerum,
3767 5174 3890 5237 sed

2387 5269 2582 5351 coepit
2615 5287 2629 5331 ε
2663 5270 2805 5333 ideo
2834 5271 2999 5333 Deus
3031 5289 3158 5333 non
3189 5272 3386 5353 coepit
3413 5291 3552 5335 esse
3581 5272 3888 5337 dominus
