4359 6250
1325 534 1500 582 unna
1551 536 1570 580 1
1621 533 2104 580 samammnuu.
2157 551 2239 562 --
2288 534 2440 579 msr.
2494 535 2619 580 xm
3401 512 3523 576 555

431 705 740 777 moderni,
773 704 924 786 quia
955 704 1020 766 in
1052 703 1232 766 brevi
1263 704 1453 785 coepit
1489 722 1710 767 eorum
1743 721 1920 767 reno-
1947 703 1998 765 A
2027 704 2113 766 cti
2147 713 2297 766 sunt
2326 703 2635 777 Realistae,
2668 710 2738 764 ut
2769 709 3012 765 constat
3051 720 3127 763 ex
3158 700 3373 764 verbis
3400 700 3522 764 An-

427 803 557 865 vari
590 803 896 865 doctrina.
933 803 1204 866 Thomas
1244 821 1394 866 vero
1436 803 1500 864 in
1533 803 1748 865 verbis
1785 803 1917 866 suis
2027 803 2481 866 tisiodorensiS.
2529 803 2710 865 Nunc
2770 818 3023 882 quoque
3069 809 3379 862 vocantur
3416 819 3523 863 an·
3592 856 3605 862 -

431 901 818 984 pra-habitis,
877 921 994 984 per
1053 903 1388 965 modernos
1449 902 1747 984 intelligit
1809 922 1915 965 eos
2027 901 2212 984 tiqui,
2273 902 2425 983 quia
2486 920 2705 964 revera
2762 901 2931 962 viam
2991 899 3398 982 antiquorum
3457 907 3521 961 et

431 999 536 1080 qui
569 991 1022 1082 nuncupantur
1053 1001 1294 1075 RealeS‚
1326 1009 1388 1063 et
1425 999 1506 1064 ab
1536 1001 1799 1084 antiquo
1828 1001 1917 1063 di·
2023 1020 2315 1065 verorum
2346 1001 2899 1084 Peripateticorum
2926 998 3120 1080 magis
3150 1005 3513 1080 sequuntur.

1365 1415 2185 1527 DlSTlNCTIO
2280 1415 2579 1526 XLII

906 1761 986 1824 A.
1033 1765 1130 1824 De
1179 1763 1716 1836 omnipotentia
1766 1764 1900 1824 Det
1937 1781 1962 1822 .·
2010 1763 2137 1824 ubi
2178 1763 2395 1835 prius
2442 1762 2989 1846 consideratum

1411 1895 1645 1955 quare
1692 1879 1990 1941 dicatur
2036 1878 2518 1951 omnipotens.

696 2217 1032 2300 quomodo
1071 2235 1220 2280 vere
1273 2217 1453 2280 Deus
1489 2217 1744 2280 dicatur
1779 2216 2222 2298 omnipotenS‚
2262 2233 2343 2280 an
2392 2217 2549 2297 quia
2591 2217 2813 2280 omnia
2862 2218 3096 2298 possit,
3137 2234 3221 2282 an
3259 2220 3516 2282 tantum

696 2335 854 2416 quia
891 2353 966 2398 ea
1001 2335 1214 2416 possit
1241 2351 1388 2414 quae
1427 2334 1591 2396 vult.
1626 2333 1814 2407 Quod
1856 2333 2031 2397 enim
2068 2334 2253 2397 Deus
2294 2334 2516 2396 omnia
2556 2333 2789 2415 possit,
2827 2333 3129 2415 pluribus
3165 2336 3517 2398 auctorita-

415 2452 595 2516 tibus
641 2451 1125 2532 comprobatur.
1181 2450 1294 2512 Ait
1350 2450 1528 2512 enim
1587 2449 1998 2532 Augustinus
2055 2451 2126 2512 in
2172 2449 2338 2513 libro
2390 2450 2848 2523 Quaestionum
2904 2450 3143 2514 veteris
3196 2467 3272 2514 ac
3322 2468 3512 2516 novae

421 2101 848 2400 NUNC
896 2101 978 2164 de
1028 2101 1504 2182 omnipotentia
1551 2101 1676 2164 Dei
1723 2100 2048 2182 agendum
2101 2101 2201 2164 est
2241 2119 2256 2161 :
2298 2099 2413 2163 ubi
2460 2100 2675 2181 prima
2722 2102 3157 2166 consideratio
3210 2104 3513 2184 occurrit,

413 2566 582 2649 legis
623 2587 637 2627 ε
680 2565 922 2630 Omnia
964 2565 1234 2646 quidem
1280 2566 1498 2646 potest
1540 2566 1744 2644 Deus,
1783 2566 1898 2629 sed
1943 2582 2076 2628 non
2129 2563 2283 2628 facit
2336 2564 2464 2627 nisi
2502 2565 2680 2645 quod
2730 2566 3036 2629 convenit
3072 2566 3330 2630 veritati
3368 2566 3513 2646 eJus
3538 2586 3811 2641 Awoumt,

3538 2662 3591 2691 ex
3627 2648 3677 2692 N.
3712 2648 3780 2700 T„

413 2686 478 2748 et
519 2683 824 2764 justitiae.
866 2682 1032 2745 Item
1076 2681 1146 2744 in
1193 2681 1426 2746 eodem
1461 2701 1474 2742 :
1508 2681 1736 2746 Potuit
1773 2683 1953 2745 Deus
1989 2683 2223 2745 cuncta
2272 2679 2482 2745 facere
2519 2681 2743 2762 simul,
2792 2683 2907 2746 sed
2958 2683 3127 2746 ratio
3173 2682 3512 2765 prohibuit
3537 2715 3777 2766 quanm.

412 2799 510 2880 (id
551 2799 652 2861 est
687 2793 1038 2878 voluntas).
1061 2796 1414 2859 Rationem
1451 2815 1688 2878 nempe
1726 2796 1817 2859 ibi
1857 2796 2258 2858 voluntatem
2298 2796 2422 2859 Dei
2460 2796 2835 2878 appellavit,
2860 2797 3015 2878 quia
3051 2799 3176 2863 Dei
3206 2798 3511 2862 voluntas
3537 2848 3561 2877 Θ

413 2912 826 2976 rationabilis
871 2913 972 2976 est
1017 2912 1082 2976 et
1127 2912 1530 2992 aequissima.
1581 2911 1946 2975 Fatendum
1995 2913 2094 2974 est
2139 2928 2293 2990 ergo
2341 2913 2557 2975 Deum
2606 2914 2830 2976 omnia
2874 2932 3088 2996 posse.

559 3154 637 3217 B.
693 3157 1056 3223 Quomodo
1107 3156 1404 3217 dicatur
1449 3158 1638 3217 Deus
1682 3158 1935 3218 omnia
1977 3170 2218 3230 posse,
2271 3172 2493 3231 quum
2540 3172 2676 3219 nos
2720 3158 2957 3221 multa
2997 3161 3368 3232 possimus

1535 3288 1694 3348 quoe
1745 3275 1896 3347 ipse
1942 3287 2090 3336 non
2131 3274 2392 3346 potest.

547 3488 678 3553 Sed
715 3484 1422 3567 quaeritur,'quomodo
1467 3484 1689 3548 omnia
1725 3502 1918 3566 posse
1947 3484 2225 3563 dicatur,
2258 3496 2466 3565 quum
2504 3503 2628 3551 nos
2663 3487 2966 3567 quaedam
3004 3488 3339 3569 possimus
3368 3507 3515 3570 quae

413 3604 554 3686 ipse
593 3621 726 3667 non
775 3604 1013 3685 potest.
1065 3602 1214 3666 Non
1266 3604 1482 3683 potest
1527 3602 1702 3665 enim
1753 3599 2112 3680 ambulare,
2154 3600 2361 3681 loqui,
2404 3602 2469 3665 et
2517 3601 2902 3683 hujusmodi
2945 3623 2960 3665 ε
3004 3620 3151 3683 quae
3199 3620 3237 3665 a
3286 3607 3520 3668 natura

412 3720 780 3785 divinitatis
813 3720 970 3783 sunt
1005 3720 1270 3801 penitus
1305 3718 1543 3807 aliena,
1590 3735 1796 3798 quum
1848 3717 2087 3780 horum
2142 3718 2581 3782 instrumenta
2626 3717 3002 3783 nullatenus
3047 3720 3286 3785 habere
3321 3724 3519 3802 queat

412 3838 797 3917 incorporea
844 3836 910 3899 et
959 3835 1242 3916 simplex
1293 3833 1680 3898 substantia.
1715 3832 1972 3907 Quibus
2024 3834 2092 3896 id
2142 3833 2671 3914 respondendum
2719 3833 3019 3915 arbitror,
3064 3836 3242 3915 quod
3288 3836 3519 3918 hujus-

413 3954 593 4017 modi
643 3953 957 4032 actioneS‚
1008 3950 1368 4014 ambulatio
1421 3950 1672 4013 scilieet
1722 3952 1787 4013 et
1837 3949 2106 4029 locutio,
2141 3950 2207 4012 et
2255 3948 2665 4030 hujusmodi,
2697 3968 2737 4013 a
2782 3951 2903 4014 Dei
2956 3952 3250 4032 potentia
3286 3952 3514 4019 alienae

413 4089 545 4133 non
583 4072 763 4149 sunt,
795 4069 910 4132 sed
947 4069 1030 4131 ad
1059 4068 1271 4149 ipsam
1303 4067 1650 4148 pertinent.
1679 4066 1865 4129 Licet
1903 4067 2078 4129 enim
2110 4066 2498 4146 hujusmodi
2526 4066 2819 4130 actiones
2855 4067 2919 4129 in
2960 4086 3029 4132 se
3066 4069 3249 4133 Deus
3277 4070 3515 4135 habere

410 4205 542 4251 non
582 4186 796 4267 possit
832 4185 994 4266 (non
1032 4185 1205 4247 enim
1246 4184 1464 4265 potest
1501 4181 1836 4246 ambulare
1873 4183 1978 4245 vel
2009 4182 2217 4263 loqui,
2251 4183 2315 4246 et
2352 4182 2783 4265 hujusmodi),
2824 4201 2936 4248 eas
2972 4187 3191 4249 tamen
3233 4187 3302 4249 in
3337 4205 3515 4251 crea-

409 4303 580 4367 turis
616 4302 835 4383 potest
872 4301 1126 4382 operari
1168 4320 1183 4361 :
1227 4300 1383 4363 facit
1421 4299 1597 4363 enim
1636 4302 1710 4362 ut
1746 4299 1946 4361 homo
1995 4298 2289 4361 ambulet
2341 4300 2406 4363 et
2443 4298 2769 4381 loquatur,
2816 4301 2880 4364 et
2916 4301 3323 4382 hujusmodi.
3364 4302 3513 4365 Non

410 4437 566 4501 ergo
604 4436 722 4499 per
767 4417 930 4481 istas
975 4416 1266 4479 actiones
1314 4414 1558 4477 divinae
1606 4415 1914 4495 potentiae
1967 4414 2335 4478 detrahitur
2370 4414 2643 4497 aliquid,
2684 4418 2841 4497 quia
2891 4418 2957 4481 et
3007 4417 3134 4481 hoc
3180 4420 3395 4500 potest
3445 4417 3515 4481 in

407 4536 605 4600 nobis
653 4534 862 4599 facere
898 4534 1080 4597 Deus
1128 4532 1566 4613 omnipotens.

1528 4772 1598 4837 C.
1654 4776 1754 4836 De
1802 4777 1980 4837 aliis
2025 4777 2403 4848 objicitur.

546 4989 676 5055 Sed
727 4988 885 5052 sunt
920 4987 1050 5050 alia
1095 4988 1400 5068 quaedam
1449 5006 1598 5069 quae
1649 4988 1830 5051 Deus
1880 4986 2257 5052 nullatenus
2310 4988 2521 5053 facere
2576 4990 2815 5071 potest,
2869 4991 2944 5052 ut
2998 4992 3262 5071 peccata
3312 5010 3326 5051 :
3381 5008 3511 5055 non

407 5106 588 5171 enim
617 5091 837 5186 potest
875 5102 1162 5183 mentiri,
1205 5120 1338 5165 non
1375 5105 1592 5185 potest
1621 5120 1908 5184 peccare.
1953 5103 2079 5167 Sed
2119 5120 2251 5166 non
2295 5103 2442 5167 ideo
2487 5105 2981 5185 omnipotentiae
3019 5105 3143 5169 Dei
3182 5106 3250 5168 in
3288 5106 3512 5187 aliquo

408 5220 778 5286 detrahitur
814 5218 918 5281 vel
950 5218 1323 5299 derogatur,
1355 5217 1412 5281 si
1442 5236 1708 5299 peccare
1745 5235 1878 5281 non
1915 5235 2110 5299 posse
2148 5218 2411 5297 dicitur,
2451 5219 2609 5299 quia
2644 5235 2776 5281 non
2815 5221 2987 5284 esset
3014 5220 3138 5283 hoc
3173 5221 3508 5302 potentiae‚

411 5337 530 5401 sed
565 5334 990 5401 infirmitatis.
1032 5332 1102 5398 Si
1152 5332 1328 5400 enim
1378 5333 1503 5397 hoc
1553 5335 1799 5415 posset,
1841 5334 2259 5416 omnipotens
2304 5350 2435 5397 non
2473 5333 2667 5397 esset.
2711 5333 2861 5399 Non
2899 5352 3051 5417 ergo
3102 5335 3508 5419 impotentiae

3565 2774 3629 2817 ld.
3644 2773 3806 2826 Queat.

3566 2849 3589 2877 x
3608 2839 3807 2890 utroque,

3536 2903 3688 2952 quest.
3713 2901 3805 2942 106.
