4359 6250
875 463 997 526 398

1506 482 1569 526 IN
1613 480 1833 526 LIBRUM
1874 480 1896 526 1
1939 477 2423 525 SENTENTIARUM.
2469 494 2549 502 —
2590 476 2740 520 ms'r.
2786 475 3015 538 xxxvl3
3059 477 3283 532 QUAEST.
3330 470 3351 520 Ι

874 649 1096 712 divina
1123 650 1398 712 essentia
1429 649 1494 710 in
1526 655 1835 730 quantum
1876 645 2377 728 apprehenditur
2406 645 2455 707 A
2484 651 2661 707 notat
2692 645 2756 706 in
2788 652 3075 708 creatura
3114 645 3345 708 realem
3378 653 3739 727 respectum
3772 645 3836 707 in
3870 663 3985 727 po-

875 746 956 808 ab
1003 747 1330 809 intellectu
1374 747 1594 810 divino
1632 756 1702 807 ut
1741 745 2093 808 similitudo
2132 751 2375 805 creatu—

878 863 1092 906 rarum
1124 845 1488 927 expressiva
1517 851 1580 905 et
1612 843 1941 906 imitabilis
1971 842 2051 904 ab
2081 842 2323 904 eisdem
2358 857 2371 901 :

877 961 1028 1023 ergo
1076 943 1154 1006 de
1201 944 1442 1005 ratione
1498 944 1653 1006 ideae
1699 951 1794 1004 est
1843 942 2058 1003 divina
2101 940 2377 1010 essentia

878 1050 946 1103 ut
985 1061 1024 1104 a
1060 1042 1280 1104 divino
1317 1042 1570 1123 cognita
1609 1041 1936 1103 intellectu
1983 1039 2170 1102 modo
2217 1057 2374 1120 prae-

877 1139 1024 1202 fato.

955 1238 1049 1300 Ad
1099 1238 1220 1300 hoc
1269 1239 1608 1321 respondet
1652 1233 1999 1301 Richardus
2035 1253 2049 1297 :
2085 1236 2229 1296 ldea
2271 1235 2377 1295 tri-

878 1337 1132 1419 pliciter
1179 1337 1384 1419 accipi
1431 1344 1656 1418 potest.
1691 1336 1921 1410 Primo,
1965 1352 2078 1417 pro
2129 1333 2377 1414 quiddi-

877 1441 1004 1496 tate
1054 1433 1458 1497 sensibilium
1502 1441 1566 1496 θῖ
1608 1432 1994 1495 naturalium
2036 1450 2251 1494 rerum
2295 1429 2375 1492 ab

880 1532 1036 1613 ipsis
1067 1531 1258 1595 rebus
1292 1532 1544 1594 realiter
1574 1539 1860 1614 separata
1889 1537 1952 1592 et
1991 1549 2104 1612 per
2133 1548 2202 1590 se
2233 1527 2377 1590 sub-

877 1629 1140 1692 sistente
1188 1647 1203 1692 :
1251 1630 1472 1712 sicque
1517 1629 1886 1692 Aristoteles
1937 1627 2211 1711 imponit
2248 1627 2379 1689 Pla-

876 1728 1009 1789 toni
1061 1728 1348 1810 posuisse
1409 1728 1579 1790 ideas
1631 1735 1929 1809 tanquam
1988 1724 2376 1806 exemplaria

2488 743 2685 805 tentia
2712 745 2789 806 ad
2823 745 3021 806 Deum
3044 744 3298 826 :sicque
3330 743 3660 826 pluralitas
3690 744 3979 806 idearum

2485 849 2581 902 est
2630 842 2959 924 pluralitas
3000 843 3353 905 secundum
3398 843 3707 905 rationem
3754 843 3819 904 in
3872 860 3987 924 po-

2490 939 2729 1018 tentia3
2780 941 2873 1002 sic
2923 959 3179 1022 quoque
3226 941 3391 1003 Deus
3443 941 3764 1022 cognoscit
3814 959 3987 1002 crea-

2486 1044 2692 1100 turam
2743 1058 2857 1121 per
2906 1039 3134 1113 ideam,
3181 1039 3245 1102 in
3295 1047 3605 1122 quantum
3655 1048 3750 1101 est
3799 1038 3986 1121 quasi

2485 1136 2690 1199 forma
2729 1137 2827 1199 sui
2870 1138 3230 1200 intellectus
3270 1138 3391 1200 sibi
3434 1138 3799 1220 exprimens
3836 1156 3916 1199 ea
3948 1156 3989 1198 a

2485 1234 2723 1316 quibus
2770 1245 2866 1297 est
2917 1236 3266 1298 imitabilis
3319 1273 3400 1281 —
3448 1237 3739 1299 Secundo
3792 1236 3989 1298 modo

2487 1332 2804 1416 loquendo
2833 1334 2911 1396 de
2943 1334 3106 1409 idea,
3124 1335 3214 1396 sic
3246 1335 3404 1396 dicit
3434 1335 3499 1396 in
3531 1334 3747 1397 divina
3777 1353 3992 1396 essen-

2486 1433 2572 1494 tia
2614 1439 2973 1514 respectum
3020 1432 3281 1496 rationis
3325 1433 3390 1496 in
3433 1441 3579 1496 actu
3621 1433 3700 1495 ad
3738 1441 3990 1495 creatu-

2488 1549 2644 1605 ram,
2696 1539 2759 1592 et
2809 1539 3103 1594 connotat
3155 1532 3221 1593 in
3272 1540 3562 1594 creatura
3619 1539 3989 1613 respectum

2486 1629 2749 1692 rationis
2807 1629 2872 1691 in
2931 1638 3075 1691 actu
3125 1630 3202 1692 ad
3252 1630 3476 1705 Deum,
3526 1637 3717 1712 atque
3772 1648 3993 1711 respe-

2487 1736 2661 1790 ctum
2695 1729 2927 1790 realem
2962 1729 3027 1791 in
3058 1729 3341 1811 potentia
3363 1747 3377 1790 ε
3398 1730 3621 1811 sicque
3652 1729 3991 1811 pluralitas
4070 1733 4079 1739 '

877 1826 1282 1888 sensibilium
1342 1845 1554 1888 rerum
1614 1825 1970 1889 necessaria
2027 1824 2103 1887 ad
2153 1842 2373 1886 earum
2410 1827 2457 1888 B
2490 1825 2773 1888 idearum
2804 1834 2899 1888 est
2931 1827 3259 1908 pluralitas
3291 1827 3643 1890 secundum
3676 1827 3993 1890 rationem

877 1925 1306 2004 cognitionem
1337 1932 1400 1987 et
1429 1925 1932 2006 productionem.
1969 1924 2200 2005 Sicque
2236 1940 2373 1984 esse

875 2021 1084 2084 ideam
1115 2041 1518 2105 nequaquam
1561 2022 1855 2085 convenit
1897 2022 2130 2084 divinae
2160 2039 2373 2083 essen-

879 2120 980 2182 tiae
1015 2139 1029 2183 :
1065 2122 1195 2183 imo
1226 2122 1318 2184 sic
1349 2140 1476 2184 non
1507 2140 1646 2184 esse
1677 2121 2000 2203 ponendas
2033 2121 2206 2182 ideas
2238 2137 2377 2202 pro-

875 2219 984 2281 bat
1019 2220 1439 2302 Philosophus
1479 2221 1753 2302 septimo
1796 2219 2259 2302 Metaphysicae.
2294 2255 2375 2263 —

875 2318 1167 2381 Secundo
1229 2320 1396 2381 sumi
1456 2325 1664 2401 potest
1724 2319 1864 2380 idea
1923 2336 2039 2401 pro
2099 2318 2375 2380 essentia

875 2424 1178 2480 creaturae
1220 2425 1290 2479 ut
1337 2417 1658 2479 intellecta
1707 2417 1787 2479 ab
1837 2416 2165 2479 intellectu
2214 2415 2374 2477 divi-

875 2532 959 2576 no
991 2533 1006 2576 ε
1040 2516 1192 2597 quia
1221 2516 1497 2578 essentia
1525 2522 1830 2578 creaturae
1860 2515 1952 2577 sic
1987 2514 2310 2576 intellecta
2338 2532 2375 2576 a

875 2614 1023 2688 Dec,
1058 2623 1154 2677 est
1191 2615 1406 2697 aliquo
1447 2615 1634 2677 modo
1673 2613 2000 2696 exemplar
2028 2614 2128 2675 sui
2169 2613 2373 2696 ipsius

874 2720 945 2773 ut
974 2721 1070 2774 θεῖ
1103 2713 1168 2775 in
1199 2731 1337 2776 esse
1368 2714 1556 2775 realis
1587 2721 1650 2775 et
1688 2713 1953 2774 actualis
1987 2712 2375 2774 exsistentiae

871 2810 1004 2891 jam
1046 2813 1370 2894 producta.
1409 2811 1773 2874 Secundum
1817 2830 2008 2892 quam
2053 2809 2376 2892 significa-

874 2910 1114 2972 tionem
1160 2911 1427 2972 credunt
1467 2910 1665 2991 aliqui
1709 2909 2032 2971 Platonem
2083 2909 2372 2990 posuisse

2488 1925 2549 1986 in
2581 1933 2747 1986 actu.
2784 1925 2860 1986 Et
2898 1926 2989 1987 sic
3021 1926 3187 1988 Deus
3226 1943 3351 1988 non
3385 1926 3708 2007 cognoscit
3742 1933 3993 1988 creatu-

2484 2041 2619 2084 ram
2652 2041 2766 2104 per
2797 2023 3025 2096 ideam,
3060 2024 3212 2105 quia
3242 2024 3384 2086 idea
3412 2024 3505 2086 sic
3542 2032 3797 2106 sumpta
3826 2043 3995 2105 pra*-

2486 2122 2790 2204 supponit
2820 2123 3171 2185 secundum
3214 2123 3525 2186 rationem
3560 2122 3989 2203 intelligendi,

2484 2220 2913 2300 cognitionem
2969 2221 3201 2284 divinae
3258 2221 3551 2284 essentiae
3608 2229 3671 2283 et
3732 2229 3991 2282 creatu-

2484 2337 2586 2381 rae.
2615 2319 2903 2400 Cognitio
2935 2337 3211 2402 namque
3244 2320 3592 2394 relationiS,
3627 2320 3989 2383 secundum

2484 2416 2793 2479 rationem
2834 2417 3253 2498 intelligendi,
3288 2419 3729 2500 praesupponit
3766 2418 3991 2498 cogni-

2484 2515 2721 2577 tionem
2780 2516 3115 2599 utriusque
3172 2518 3461 2579 extremi.
3522 2517 3987 2579 Verumtamen

2485 2614 2650 2676 Deus
2681 2615 3005 2695 cognoscit
3034 2621 3387 2677 creaturam
3422 2615 3487 2678 in
3520 2616 3661 2678 idea
3690 2615 3781 2678 sic
3811 2634 3994 2677 sum-

2485 2721 2614 2794 pta,
2674 2712 2739 2774 in
2798 2721 3109 2794 quantum
3170 2713 3474 2776 intuendo
3531 2733 3599 2776 se
3656 2713 3999 2795 exemplar

2484 2818 2808 2886 creaturae,
2855 2812 3026 2874 videt
3077 2830 3218 2874 eam
3263 2812 3547 2875 relucere
3598 2814 3665 2875 in
3714 2831 3781 2875 se
3814 2829 3827 2873 :
3864 2831 3995 2874 nec

2489 2907 2655 2970 idem
2699 2915 2797 2971 est
2843 2909 3077 2984 dicere,
3110 2927 3248 2972 rem
3296 2928 3675 2991 cognoscere
3720 2929 3831 2993 per
3870 2911 3994 2972 ali-

878 3008 1073 3082 ideaS,
1107 3009 1400 3090 quamvis
1445 3007 1799 3070 secundum
1843 3025 2186 3069 numerum
2236 3026 2374 3089 spe·
2407 3010 2450 3074 C
2482 3007 2637 3089 quid
2676 3016 2737 3069 et
2780 3008 2844 3070 in
2882 3008 3118 3090 aliquo.
3152 3007 3387 3071 Verum
3432 3009 3581 3091 quia
3626 3009 3991 3072 secundum

877 3107 1121 3169 cierum
1160 3114 1428 3169 tantum.
1464 3106 1567 3169 Sic
1606 3124 1863 3188 quoque
1902 3105 2136 3169 divinae
2165 3125 2374 3169 essen-

876 3207 980 3269 tiae
1039 3223 1166 3269 non
1229 3205 1527 3269 convenit
1585 3224 1722 3267 esse
1783 3206 2012 3267 ideam.
2075 3204 2374 3278 Quamvis

876 3306 1049 3367 enim
1096 3304 1370 3367 essentia
1417 3304 1696 3367 hominis
1745 3322 1858 3366 seu
1907 3303 2374 3385 cujuscumque

877 3411 1180 3467 creaturae
1220 3403 1416 3465 fuerit
1453 3402 1535 3464 ab
1576 3410 1812 3466 aeterno
1851 3422 1886 3464 a
1928 3402 2148 3464 divino
2192 3401 2390 3464 intel-.-

878 3503 1045 3565 lectu
1103 3504 1500 3585 apprehensa
1547 3509 1611 3564 et
1658 3501 1930 3582 cognita,
1983 3517 2111 3563 non
2161 3509 2373 3562 tamen

876 3601 1000 3663 fuit
1047 3601 1264 3664 divina
1312 3601 1610 3676 essentia,
1641 3618 1760 3665 nec
1811 3607 1939 3662 tam
1989 3599 2374 3661 intrinsecus

878 3700 943 3762 in
996 3701 1123 3762 Deo
1168 3700 1502 3773 exsistcnS,
1550 3699 1660 3761 sed
1708 3699 1872 3761 sicut
1923 3697 2373 3761 secundarium

877 3799 1078 3863 divini
1126 3799 1485 3861 intellectus
1526 3797 1873 3879 objectum.

957 3898 1166 3960 Tertio
1195 3897 1471 3960 sumitur
1508 3897 1650 3958 idea
1688 3884 2040 3957 secundum
2083 3894 2254 3976 quod
2285 3894 2375 3955 di-

877 3996 965 4058 cit
1007 3996 1391 4059 intrinsecus
1433 3996 1498 4056 in
1537 3995 1664 4057 Deo
1703 3995 2015 4056 rationem
2053 3992 2377 4073 cognosci·

878 4095 1074 4157 tivam
1113 4103 1546 4158 creaturarum
1583 4101 1646 4156 et
1685 4093 2074 4175 operativam
2110 4109 2371 4170 earum3

2484 3106 2851 3188 praedictam
2889 3107 3281 3190 opinionem,
3313 3126 3441 3171 non
3479 3115 3725 3171 tantum
3762 3107 3995 3171 divina

2481 3206 2757 3267 essentia
2798 3213 2965 3269 esset
3009 3206 3451 3269 immediatum
3491 3206 3695 3269 divini
3738 3206 3995 3269 intelle-

2484 3311 2623 3365 ctus
2662 3304 3010 3384 objectum,
3043 3305 3153 3367 sed
3193 3305 3387 3367 etiam
3430 3305 3705 3367 essentia
3742 3314 3998 3367 creatu-

2485 3420 2603 3480 rae3
2636 3402 2789 3464 hinc
2826 3403 2933 3464 alii
2978 3403 3385 3465 communius
3416 3404 3659 3479 dicunt,
3692 3403 3861 3486 quod
3896 3403 3999 3465 di-

2482 3502 2647 3564 vinae
2704 3502 2995 3564 essentiae
3044 3520 3171 3565 non
3220 3504 3527 3585 competit
3584 3523 3723 3567 esse
3774 3504 3995 3567 ideam

2482 3599 2606 3661 nisi
2650 3600 2714 3663 in
2756 3609 3066 3682 quantum
3106 3610 3201 3663 est
3242 3602 3563 3664 intellecta
3604 3610 3673 3664 ut
3708 3602 3999 3665 imitabi-

2485 3686 2561 3760 lis
2604 3718 2641 3760 a
2684 3707 2970 3762 creatura
3004 3717 3019 3761 ε
3055 3700 3357 3783 quoniam
3406 3701 3572 3763 Deus
3619 3720 3731 3783 per
3773 3720 4001 3763 essen-

2485 3797 2637 3859 tiam
2688 3817 2868 3860 suam
2917 3815 3045 3860 non
3094 3799 3419 3879 cognoscit
3462 3805 3813 3861 creaturam
3856 3800 3999 3861 nisi

2485 3894 2550 3957 in
2598 3904 2908 3977 quantum
2958 3896 3255 3978 intelligit
3306 3916 3449 3959 eam
3500 3908 3569 3959 ut
3616 3917 3653 3960 a
3700 3904 4003 3961 creatura

2484 3995 2901 4075 imitabilem3
2935 3996 3156 4078 sicque
3206 3996 3272 4059 in
3322 3996 3464 4059 idea
3510 4005 3573 4059 et
3622 4015 3735 4079 per
3774 3996 4001 4059 ideam

2486 4093 2784 4174 intelligit
2813 4102 3187 4157 creaturam.
3224 4095 3525 4168 Quamvis
3564 4096 3738 4157 enim
3766 4095 4002 4157 divina

879 4194 1120 4275 sicque,
1164 4201 1235 4254 ut
1282 4192 1666 4275 quibusdam
1718 4190 1988 4264 videtur,
2032 4190 2377 4272 dupliciter
2408 4194 2454 4254 D
2484 4193 2759 4255 essentia
2787 4193 2907 4255 sub
2940 4193 3180 4255 ratione
3223 4193 3378 4257 ideae
3410 4212 3538 4257 non
3574 4194 3657 4256 sit
3688 4194 3844 4255 ratio
3878 4212 3996 4257 co-

879 4292 1114 4354 dicitur
1161 4292 1301 4353 idea
1339 4308 1352 4353 z
1392 4291 1600 4372 primo
1651 4290 1788 4372 ipsa
1834 4288 2051 4351 divina
2099 4288 2375 4351 essentia

878 4397 1069 4472 prout
1106 4388 1436 4451 imitabilis
1476 4407 1513 4450 a
1551 4396 1877 4466 creatura3
1913 4387 2038 4449 alio
2080 4387 2267 4449 modo
2308 4386 2373 4447 in

880 4495 1190 4571 quantum
1258 4495 1356 4549 est
1421 4487 1742 4549 intellecta
1806 4494 1878 4547 ut
1945 4486 2276 4548 imitabilis
2338 4504 2375 4548 a

881 4594 1185 4649 creatura.
1205 4586 1280 4648 Et
1309 4586 1401 4648 sic
1433 4585 1573 4647 idea
1602 4586 1720 4647 hoc
1755 4585 1961 4667 primo
1995 4584 2181 4646 modo
2212 4603 2379 4645 sum-

880 4694 1009 4769 pta,
1053 4686 1231 4769 prius
1279 4692 1376 4747 cst
1423 4684 1775 4746 secundum
1827 4684 2136 4745 rationem
2193 4682 2375 4743 intel-

881 4786 1141 4867 ligendi,
1191 4802 1384 4866 quam
1444 4781 1724 4844 secundo
1783 4782 1969 4844 modo
2030 4788 2294 4863 accepta
2357 4798 2371 4842 ε

880 4904 1028 4947 nam
1067 4883 1217 4966 quia
1254 4882 1472 4945 divina
1508 4879 1783 4942 essentia
1827 4879 2158 4942 imitabilis
2204 4887 2299 4940 est
2339 4898 2376 4939 a

881 4993 1188 5057 creatura,
1224 4982 1366 5044 ideo
1405 4981 1570 5041 Deus
1613 4978 1910 5060 intelligit
1948 4997 2088 5041 cam
2132 4986 2201 5040 ut
2234 4978 2374 5039 imi-

880 5082 1141 5145 tabilem
1171 5099 1208 5143 a
1239 5079 1566 5151 creaturiS,
1601 5095 1726 5140 non
1759 5095 2122 5140 econverso.
2151 5076 2230 5137 Et
2256 5077 2378 5138 hoc

882 5182 1091 5264 primo
1133 5179 1320 5241 modo
1363 5178 1504 5239 idea
1543 5176 1701 5238 dicit
1738 5176 1804 5238 in
1844 5177 1972 5239 Deo
2015 5184 2376 5258 respectum

883 5280 1145 5343 rationis
1176 5278 1242 5341 in
1283 5276 1563 5360 potentia
1599 5276 1678 5337 ad
1721 5282 2096 5350 creaturam,
2127 5282 2193 5337 et
2231 5291 2378 5337 con·

2485 4290 2788 4372 gnitionis
2837 4310 2964 4373 qua
3012 4292 3178 4353 Deus
3227 4299 3581 4354 creaturam
3632 4292 3999 4373 cognoscit,

2487 4409 2688 4470 quum
2737 4390 2959 4451 eadem
3010 4389 3371 4471 cognitione
3420 4396 3756 4471 cognoscat
3804 4408 3875 4451 se
3930 4399 4005 4453 et

2489 4496 2879 4567 creaturam;
2912 4495 3125 4549 tamen
3157 4495 3251 4550 est
3282 4488 3440 4551 ratio
3481 4508 3596 4570 per
3624 4507 3813 4570 quam
3846 4488 4005 4571 ipsa

2488 4584 2766 4666 cognitio
2795 4604 2921 4667 qua
2951 4587 3115 4648 Deus
3146 4586 3489 4668 cognoscit,
3524 4586 3785 4669 respicit
3812 4604 4004 4651 crea-

2488 4690 2693 4745 turam
2745 4691 3047 4765 tanquam
3092 4684 3537 4746 secundarium
3587 4684 3921 4764 objectum
3983 4704 4001 4748 :

2488 4790 2551 4842 et
2579 4782 2701 4844 hoc
2731 4781 2995 4844 forsitan
3026 4790 3121 4844 est
3150 4782 3320 4864 quod
3348 4782 3459 4844 alii
3490 4781 3701 4845 dicere
3734 4782 3999 4854 volunt,

2489 4879 2759 4942 dicendo
2789 4880 2959 4962 quod
2988 4888 3085 4941 est
3113 4880 3271 4942 ratio
3301 4899 3427 4961 qua
3467 4882 3633 4943 Deus
3662 4883 4009 4962 cognoscit

2490 4988 2865 5053 creaturam,
2898 4996 3026 5041 non
3060 4997 3173 5059 per
3202 4979 3740 5062 comparationem
3768 4980 3847 5041 ad
3890 5000 4005 5045 ac-

2490 5084 2648 5151 tum,
2680 5078 2791 5140 sed
2828 5078 2907 5139 ad
2938 5077 3285 5158 cognitum.
3318 5113 3400 5123 —
3428 5078 3571 5141 Haec
3606 5078 3998 5143 RicharduS.

2569 5177 2835 5257 Insuper
2874 5176 3202 5238 Udalricus
3244 5176 3308 5238 in
3349 5177 3611 5239 Summa
3649 5196 3784 5251 sua,
3820 5177 4003 5242 libro

2488 5276 2769 5338 secundo
2802 5293 2816 5337 ε
2850 5276 3013 5349 ldea,
3048 5275 3276 5357 inquit,
3314 5276 3379 5337 in
3420 5276 3547 5338 Deo
3586 5294 3726 5339 esse
3756 5276 4001 5360 proba-
