4359 6250
867 451 987 520 532

1545 470 1610 519 IN
1651 471 1873 520 mnam(
1913 474 1935 518 1
1977 467 2459 518 SENTENTIARUM.
2504 489 2585 500 ·-
2625 469 2777 517 Dls'r.
2824 471 2963 534 xu3
3008 470 3231 528 QUAEST.
3278 466 3300 517 1

869 643 1200 724 injustitiae
1229 653 1324 708 est
1347 625 1417 707 'et
1447 644 1727 726 aequitati
1760 650 2089 726 repugnat,
2123 643 2223 704 his
2253 643 2364 725 qui
2396 643 2447 705 A
2478 643 2644 706 bono
2674 643 2973 725 indignus
3004 651 3134 722 est;
3174 662 3292 706 nec
3324 643 3531 706 solum
3561 661 3638 705 ex
3670 660 3981 724 congruo,

868 742 1195 824 aequaliter
1221 743 1539 825 dispositi,
1573 744 1728 825 apti,
1752 761 2014 824 capaces
2045 749 2216 814 sunt,
2239 759 2365 802 non

867 840 1197 922 aequaliter
1243 860 1360 904 nec
1410 842 1698 924 aequalia,
1751 841 1860 902 sed
1921 839 2257 921 inaequalia
2304 848 2367 902 et

867 938 1265 1020 inaequaliter
1309 942 1476 1003 dare.
1513 940 1634 1002 Sed
1678 947 1824 1001 ante
1869 939 2090 1001 mundi
2135 938 2365 1000 consti-

866 1036 1178 1099 tutionem
1207 1046 1269 1100 et
1298 1046 1443 1100 ante
1477 1038 1848 1100 meritorum
1887 1037 2368 1099 demeritorum-

866 1154 990 1216 que
1040 1137 1634 1210 considerationem,
1678 1144 1979 1198 creaturae
2027 1133 2365 1196 rationales

864 1234 1191 1315 aequaliter
1231 1255 1296 1298 se
1336 1235 1654 1298 habebant
1683 1235 1758 1296 ad
1801 1235 2016 1315 gratiae
2055 1235 2364 1315 suscepti-

865 1330 1197 1395 bilitatem.
1219 1335 1380 1415 Ergo
1411 1335 1722 1415 injustum
1756 1334 1979 1395 fuisset
2009 1350 2364 1415 proponere

865 1431 978 1493 uni
1020 1433 1308 1493 misereri
1349 1433 1547 1513 magis
1587 1452 1781 1514 quam
1823 1433 2026 1506 alteri,
2060 1440 2123 1494 et
2161 1451 2362 1494 unum

865 1530 1314 1610 praedestinare
1361 1531 1439 1592 ad
1489 1531 1754 1611 gloriam
1814 1549 2107 1611 magnam
2163 1530 2363 1610 magis

864 1647 1056 1709 quam
1089 1627 1302 1701 alium,
1319 1628 1612 1690 similiter
1643 1649 1839 1691 unum
1871 1628 2209 1710 reprobare
2243 1647 2366 1689 ma-

863 1726 960 1806 gis
1003 1745 1196 1808 quam
1239 1727 1532 1802 alterum,
1574 1727 1814 1809 absque
1858 1727 2360 1789 consideratione

2475 741 2779 822 quoniam
2819 742 3031 822 justus
3074 743 3304 823 dignus
3344 749 3441 803 est
3484 741 3791 803 exaudiri.
3832 742 3986 804 Gra-

2475 839 2745 902 til'icatio
2792 857 2941 921 ergo
2990 840 3111 902 sub
3163 841 3389 903 merito
3438 840 3701 920 congrui
3750 841 3983 902 cadere

2476 945 2684 1019 potest
2714 946 3023 1019 quantum
3054 939 3129 1000 ad
3162 938 3683 1019 gratificandum3
3706 938 3827 1000 sub
3858 957 3987 1000 me-

2476 1036 2599 1098 rito
2643 1037 2839 1117 digni,
2874 1045 3182 1119 quantum
3222 1038 3300 1099 ad
3340 1037 3539 1098 alium
3578 1037 3789 1099 virum
3836 1057 3983 1098 san-

2477 1143 2688 1210 ctum;
2731 1135 2851 1196 sub
2900 1135 3129 1198 merito
3171 1135 3493 1216 condigni,
3536 1143 3849 1217 quantum
3898 1137 3982 1197 ad

2476 1241 2775 1295 neutrum
2830 1252 2844 1295 :
2896 1242 2959 1296 et
3007 1235 3127 1298 hoc
3188 1234 3445 1316 proprie
3507 1234 3824 1315 loquendo
3882 1243 3985 1296 est

2478 1332 2795 1394 meritum.
2849 1369 2930 1378 —
2976 1333 3193 1414 Itaque
3252 1333 3721 1414 praedestinatio
3770 1341 3833 1394 et
3884 1351 3981 1394 re-

2476 1430 2785 1512 probatio,
2838 1439 3146 1512 quantum
3195 1432 3274 1493 ad
3327 1431 3679 1513 principale
3727 1431 3982 1512 signifi-

2474 1538 2709 1602 catum,
2734 1530 2904 1610 quod
2935 1537 3027 1591 est
3058 1538 3367 1592 aeternum
3400 1530 3822 1612 propositum,
3848 1548 3983 1592 non

2474 1627 2708 1689 cadunt
2747 1627 2867 1690 sub
2908 1627 3172 1706 merit03
3215 1629 3324 1690 sed
3366 1635 3675 1709 quantum
3716 1629 3795 1690 ad
3829 1646 3983 1691 con-

2473 1733 2783 1800 notatum,
2816 1721 3179 1808 reprobatio
3212 1726 3380 1788 cadit
3410 1726 3531 1789 sub
3566 1727 3793 1788 merito
3828 1727 3985 1788 sim-

865 1825 1235 1889 meritorum
1299 1833 1409 1888 aut
1463 1827 1914 1888 demeritorum
1981 1825 2170 1888 unius
2230 1845 2359 1908 prae
2397 1827 2443 1890 B
2476 1823 3227 1905 pliciter,praedestinatio
3257 1825 3609 1886 secundum
3640 1824 3980 1906 quid.Haec

861 1924 1006 1986 alio.

942 2023 1013 2084 ln
1063 2023 1450 2085 contrarium
1506 2033 1654 2086 sunt
1701 2043 1842 2105 quae
1890 2043 1966 2085 ex
2015 2024 2361 2105 Scripturis

861 2121 1472 2202 auctoritatibusque
1508 2121 1881 2183 Sanctorum
1925 2123 1990 2184 in
2031 2121 2240 2183 littera
2276 2121 2363 2182 al-

861 2219 1197 2300 legantur:
1233 2238 1462 2301 nempe
1504 2220 1703 2300 gratia
1753 2239 1879 2283 non
1928 2228 2094 2283 esset
2135 2221 2356 2300 gratia,

859 2317 914 2378 si
957 2317 1144 2378 datur
1185 2325 1444 2399 propter
1489 2318 1730 2380 merita.

917 2513 1033 2575 Aa
1062 2513 1182 2576 hoc
1213 2514 1553 2596 respondet
1581 2515 2020 2577 Bonaventura
2053 2533 2067 2577 :
2101 2515 2169 2576 In
2204 2533 2357 2595 prae-

859 2611 1278 2675 destinatione
1309 2611 1430 2673 tria
1461 2611 1923 2692 intelliguntur.
1950 2612 2233 2674 Primum
2263 2619 2359 2674 est

857 2717 1164 2772 aeternum
1210 2709 1606 2792 propositum
1654 2711 1866 2783 dandi,
1911 2710 2195 2772 salvandi
2246 2729 2356 2772 seu

857 2807 1222 2869 miserendi.
1266 2807 1629 2869 Secundum
1673 2815 1768 2869 est
1811 2808 2178 2889 temporalis
2222 2826 2358 2888 gra-

856 2903 1143 2967 tificatio
1170 2904 1476 2978 Tertium,
1512 2912 1818 2986 perpetua
1846 2904 2247 2986 glorificatio.
2274 2905 2362 2966 Si-

2474 1921 2928 1984 Bonaventura.

2552 2019 2667 2092 Qui
2719 2019 2980 2102 insuper
3023 2019 3191 2082 circa
3241 2021 3374 2083 hoec
3422 2021 3650 2102 quaerit
3692 2021 3979 2084 :Utrum

2473 2117 2943 2198 praedestinatio
2972 2125 3035 2178 et
3062 2117 3423 2199 reprobatio
3449 2116 3723 2179 habeant
3753 2117 3817 2180 in
3848 2119 3979 2180 Deo

2471 2216 2779 2278 rationem
2826 2217 3128 2278 motivam
3174 2235 3252 2278 ex
3296 2225 3473 2298 parte
3519 2217 3721 2299 ipsius
3766 2217 3901 2279 Dei.

2551 2314 2813 2376 Videtur
2871 2314 3041 2396 quod
3100 2315 3214 2388 sic,
3266 2314 3571 2396 quoniam
3628 2315 3695 2377 in
3744 2315 3976 2379 Genesi

2471 2413 2777 2475 Dominus
2809 2413 2895 2475 ait
2924 2431 2938 2474 ε
2972 2413 3137 2475 Num
3169 2413 3375 2475 celare
3406 2421 3625 2495 potero
3654 2414 3975 2477 Abraham

2470 2531 2611 2592 quae
2640 2519 2934 2591 gesturus
2974 2530 3139 2585 sum,
3174 2530 3375 2593 quum
3416 2519 3853 2594 praecepturus
3894 2514 3980 2575 sit

2470 2609 2686 2671 domui
2737 2629 2867 2672 suae
2916 2619 2985 2671 ut
3034 2609 3343 2671 custodiat
3393 2617 3649 2691 pactum
3702 2615 3978 2674 meum?

2470 2707 2775 2770 Dominus
2807 2725 2956 2788 ergo
2988 2707 3293 2770 revelavit
3320 2709 3587 2770 Abrahae
3617 2728 3731 2770 sua
3768 2728 3979 2772 secre-

2470 2813 2531 2868 ta
2569 2814 2829 2887 propter
2867 2823 3059 2887 opera
3100 2806 3265 2868 bona
3303 2805 3567 2868 Abrahae
3609 2814 3761 2868 tunc
3802 2806 3977 2870 futu-

2470 2923 2555 2965 ra.
2586 2939 2666 2950 —-
2692 2906 2850 2966 Item
2881 2904 3255 2968 Ambrosius
3288 2924 3481 2987 super
3512 2905 3863 2988 Epistolam
3895 2908 3975 2970 ad

4028 2435 4138 2477 Gen.
4156 2448 4259 2482 xuni,

4010 2501 4077 2548 Ιῗ,
4102 2501 4162 2541 19.

855 3003 1095 3064 militer
1141 3003 1209 3065 in
1257 3001 1698 3083 reprobatione
1747 3010 1895 3064 sunt
1945 3003 2084 3076 tria,
2137 3002 2359 3065 videli-
2394 2996 2438 3059 C
2468 3003 2801 3076 RomanOS,
2837 3003 3102 3085 loquens
3146 3003 3213 3065 in
3260 3003 3370 3065 Dei
3420 3021 3737 3085 persona:
3774 3005 3972 3079 Dabo,
4002 3023 4261 3066 Romans.

856 3107 977 3175 cet,
1001 3107 1310 3164 aeternum
1341 3099 1740 3182 propositum
1772 3119 1897 3185 non
1929 3101 2213 3164 salvandi
2245 3121 2358 3165 seu

855 3198 1077 3262 odium
1105 3198 1421 3273 aeternale,
1437 3199 1805 3280 temporalis
1832 3199 2186 3273 obduratio,
2202 3219 2360 3262 sem-

858 3297 1108 3379 piterna
1136 3296 1475 3359 damnatio.
1505 3297 1831 3371 Quantum
1865 3298 1942 3359 ad
1981 3298 2263 3379 primum
2296 3306 2359 3361 et

855 3395 1179 3468 ultimum,
1213 3393 1509 3457 similiter
1551 3402 1644 3457 est
1683 3395 2100 3475 judicandum
2149 3415 2162 3458 :
2208 3418 2357 3460 nam

856 3493 982 3555 duo
1025 3492 1248 3554 ultima
1293 3492 1422 3565 illa,
1455 3492 1753 3555 videlicet
1797 3512 1984 3575 poena
2025 3502 2086 3557 et
2130 3495 2352 3575 gloria,

855 3590 1234 3672 simpliciter
1291 3590 1524 3652 cadunt
1579 3590 1700 3651 sub
1759 3591 2022 3670 merit03
2073 3594 2355 3674 primum

854 3708 1026 3763 vero,
1071 3697 1224 3770 puta
1271 3696 1577 3751 aeternum
1629 3690 2050 3771 propositum,
2093 3708 2168 3753 eo
2216 3691 2356 3773 ipso

852 3788 1022 3869 quod
1067 3794 1397 3861 aeternum,
1442 3788 1742 3849 meritum
1791 3787 2024 3850 habere
2068 3806 2196 3851 non
2246 3808 2353 3871 po-

851 3892 974 3948 test
1005 3904 1120 3967 pro
1150 3904 1340 3947 causa
1369 3904 1480 3946 seu
1512 3886 1772 3947 ratione.
1794 3885 2108 3957 Quantum
2140 3895 2351 3949 autem

851 3984 930 4045 ad
990 3983 1296 4055 medium,
1348 3983 1518 4063 quod
1568 3991 1660 4045 est
1709 3983 2089 4063 gratificatio
2137 3992 2200 4047 et
2248 3986 2356 4048 ob-

852 4080 1124 4155 duratio,
1161 4080 1534 4142 differenter
1577 4089 1673 4143 est
1712 4081 2150 4161 judicandum.
2196 4084 2352 4146 Nam

2469 3101 2697 3183 inquit,
2748 3101 3015 3182 gratiam
3066 3102 3124 3164 ei
3173 3120 3368 3184 quem
3418 3102 3551 3165 scio
3600 3110 3731 3165 toto
3781 3105 3975 3167 corde

2468 3219 2871 3262 reversurum
2915 3201 2994 3262 ad
3039 3219 3141 3263 me
3186 3208 3328 3283 post
3370 3218 3671 3263 errorem.

2547 3299 2615 3359 In
2657 3299 3043 3360 contrarium
3087 3307 3182 3360 est
3214 3299 3383 3380 quod
3426 3300 3733 3362 Dominus
3773 3301 3865 3363 ait
3904 3301 3971 3363 in

2467 3395 2679 3458 Exodo
2712 3415 2725 3458 ε
2760 3396 3104 3459 Miserebor
3134 3396 3238 3457 cui
3268 3396 3551 3471 voluer0,
3584 3404 3648 3459 et
3685 3398 3973 3461 clemens

2465 3512 2574 3556 ero
2624 3493 2690 3556 in
2739 3513 2930 3575 quem
2982 3494 3142 3556 mihi
3194 3495 3521 3577 placuerit.
3554 3532 3635 3541 —
3674 3498 3967 3579 Insuper,

2466 3592 2751 3654 Christus
2781 3592 2907 3653 ait:
2934 3592 3257 3656 Confiteor
3286 3592 3427 3667 tibi,
3449 3594 3643 3668 Pater,
3660 3596 3971 3677 quoniam

2464 3688 2850 3753 abscondisti
2901 3690 3035 3753 haec
3075 3709 3112 3751 a
3150 3690 3547 3771 sapientibus
3588 3700 3653 3753 et
3696 3694 3975 3773 pruden-

2466 3785 2658 3859 tibus,
2700 3796 2762 3849 et
2806 3786 3099 3849 revelasti
3144 3806 3218 3849 ea
3262 3788 3543 3869 parvulis
3579 3808 3594 3852 :
3631 3788 3715 3851 ita
3762 3790 3970 3866 Pater,

2463 3883 2615 3965 quia
2654 3885 2745 3946 sic
2788 3884 3027 3966 placuit
3060 3892 3206 3946 ante
3237 3893 3327 3947 te,
3354 3886 3585 3967 Sicque
3616 3886 3815 3949 Filius
3856 3889 3973 3953 Dei

2464 4000 2581 4063 pro
2618 3983 2860 4063 optima
2902 3982 3144 4045 ratione
3190 3983 3591 4045 discernendi
3636 3983 3805 4047 inter
3846 3987 3974 4049 ele-

2464 4088 2597 4143 ctos
2659 4088 2721 4141 et
2784 4080 3088 4162 reprobos
3149 4082 3426 4161 assignat
3489 4080 3971 4164 beneplacitum

852 4179 1186 4242 obduratio
1225 4178 1605 4259 simpliciter
1645 4180 1812 4241 cadit
1844 4180 1962 4241 sub
2005 4180 2351 4260 demerit03
2383 4182 2432 4243 D
2464 4178 2679 4240 Patris,
2712 4214 2794 4223 —
2832 4178 3094 4251 RursuS‚
3140 4179 3477 4260 Apostolus
3526 4180 3603 4241 ad
3652 4180 3973 4245 Romanos

851 4276 1232 4357 gratificatio
1267 4294 1416 4339 vero
1456 4294 1574 4338 nec
1615 4276 1994 4357 simplicit-er
2028 4279 2195 4340 cadit
2233 4280 2354 4341 sub

833 4374 1102 4448 ·merito,
1137 4393 1255 4436 nec
1286 4374 1666 4455 simpliciter
1694 4383 1870 4436 extra
1903 4376 2203 4439 meritum
2234 4385 2348 4439 est.

853 4472 964 4535 Est
1009 4472 1182 4535 enim
1233 4472 1532 4534 meritum
1583 4473 1868 4553 congrui,
1915 4475 2215 4537 meritum
2265 4476 2355 4537 di-

849 4571 982 4653 gni,
1025 4572 1455 4653 meritumque
1501 4571 1819 4652 condigni.
1867 4574 2155 4635 Meritum
2208 4592 2357 4636 con-

847 4669 992 4751 grui
1037 4676 1154 4745 est,
1208 4669 1464 4751 quando
1523 4676 1817 4751 peccator
1865 4670 2018 4732 facit
2066 4674 2236 4752 quod
2289 4675 2353 4736 in

847 4788 916 4831 se
945 4775 1043 4830 est
1071 4776 1134 4829 et
1165 4786 1281 4849 pro
1311 4786 1415 4847 se;
1460 4768 1761 4830 meritum
1799 4768 1974 4849 digni
2009 4777 2126 4843 est,
2160 4791 2355 4852 quan-

848 4867 928 4929 do
970 4866 1181 4947 justus
1231 4866 1385 4929 facit
1430 4884 1544 4949 pro
1585 4866 1748 4944 alio;
1794 4865 2092 4927 meritum
2140 4868 2356 4929 condi-

845 4964 977 5045 gni,
1012 4965 1166 5027 dum
1208 4964 1420 5045 justus
1459 4971 1758 5045 operatur
1803 4982 1918 5045 pro
1957 4983 2048 5039 se,
2083 4965 2235 5046 quia
2276 4966 2353 5027 ad

847 5062 969 5123 hoc
1017 5062 1348 5125 ordinatur
1401 5062 1602 5141 gratia
1649 5080 1726 5123 ex
1777 5062 2111 5143 condigno.
2166 5064 2355 5126 Porro

845 5160 1050 5240 gratia
1110 5160 1293 5221 alteri
1355 5160 1774 5241 promerenda
1838 5178 1966 5222 non
2026 5162 2356 5224 ordinatur

847 5259 1105 5341 penitus
1148 5277 1226 5319 ex
1271 5257 1606 5338 condigno,
1650 5258 1799 5339 quia
1842 5268 2135 5341 peccator
2178 5262 2353 5324 omni

2464 4296 2656 4358 super
2697 4277 2814 4338 hac
2852 4277 3200 4359 quaestione
3242 4277 3580 4358 respondet
3614 4294 3629 4339 :
3663 4278 3711 4341 Ο
3750 4278 3968 4356 homo,

2465 4382 2531 4435 tu
2570 4375 2714 4456 quis
2752 4394 2820 4437 es
2861 4374 2971 4457 qui
3013 4376 3393 4456 respondeas
3438 4377 3611 4438 Deo?
3649 4380 3971 4460 numquid

2465 4490 2592 4534 non
2650 4473 2837 4536 habet
2890 4480 3268 4556 potestatem
3329 4472 3567 4553 figulus
3616 4474 3694 4536 de
3742 4477 3971 4539 eadem

2466 4591 2673 4633 massa
2720 4572 2927 4635 facere
2976 4573 3148 4635 aliud
3196 4572 3457 4655 quidem
3504 4592 3611 4634 vas
3664 4572 3730 4635 in
3774 4575 3977 4637 hono-

2464 4689 2621 4743 rem,
2641 4669 2814 4731 aliud
2847 4671 2911 4731 in
2944 4671 3443 4733 contumeliam?
3472 4669 3971 4751 -Augustinus

2462 4786 2717 4851 quoque
2768 4767 2931 4831 libro
2982 4769 3061 4831 de
3108 4769 3663 4832 Praedestinatione
3712 4769 3976 4832 Sancto-

2464 4886 2606 4928 rum
2642 4885 2657 4928 :
2691 4866 2828 4929 Non
2873 4866 3023 4947 quia
3068 4866 3221 4928 tales
3266 4884 3381 4928 nos
3426 4866 3675 4929 futuros
3718 4868 3974 4948 praesci-

2463 4966 2576 5039 vit,
2612 4966 2753 5027 ideo
2797 4982 2910 5027 nos
2953 4964 3162 5045 elegit,
3197 4965 3305 5027 sed
3352 4971 3420 5025 ut
3459 4965 3615 5026 tales
3653 4984 3967 5028 essemuS.

2463 5099 2543 5109 —
2570 5063 2887 5145 AmpliuS‚
2920 5062 3210 5125 voluntas
3241 5062 3353 5125 Dci
3392 5070 3489 5125 est
3528 5063 3737 5145 prima
3776 5082 3972 5127 causa

2465 5170 2525 5225 et
2558 5180 2747 5224 causa
2784 5180 3118 5224 causarum
3155 5181 3168 5224 :
3204 5179 3354 5243 ergo
3395 5162 3460 5224 in
3498 5180 3573 5224 ea
3606 5169 3705 5224 est
3737 5168 3965 5237 statuS,

2469 5279 2585 5323 nec
2644 5267 2740 5321 est
2798 5277 3080 5341 quaerere
3138 5260 3329 5322 aliam
3389 5279 3667 5323 causam.
3718 5260 3967 5344 Nempe

4062 3418 4211 3461 Exod.

3996 3496 4147 3533 xum,
4170 3486 4231 3524 ¹9.

4034 3614 4193 3657 Manli
4206 3646 4217 3656 .
4236 3628 4287 3663 xi,

4000 3680 4073 3729 25,
4104 3682 4172 3721 26.

4050 4304 4185 4346 Rom.
4214 4317 4267 4351 α,

4000 4368 4073 4417 20,
4096 4370 4166 4409 εἰ.
