4359 6250
143 3754 454 3803 lma-151.

207 4046 385 4091 exod.

145 4125 294 4161 mu.
327 4114 408 4154 ³4.

1365 508 1567 554 trram!
1609 506 1884 554 ANGELUS
1927 507 2020 554 SIT
2062 507 2126 554 IN
2165 507 2313 554 Loco
2354 506 2701 552 lit-:mmmm
3460 485 3582 554 459

475 679 610 742 mul
650 700 665 745 :
699 680 852 764 quia
882 682 937 743 si
969 700 1244 763 praesens
1274 688 1441 743 esset
1471 678 1580 742 uni
1615 686 1882 754 tantum,
1917 686 1976 740 et
2006 678 2058 741 A
2091 677 2154 740 in
2200 677 2522 753 omnibuS,
2564 687 2628 741 et
2672 678 3113 761 unusquisque
3165 678 3331 743 infra
3370 679 3584 742 termi-

477 786 698 862 postea
728 778 1220 854 alteri,difficile
1251 780 1433 843 valde
1465 787 1630 842 esset
1657 779 1978 860 assignare
2087 794 2205 839 nos
2234 777 2525 840 essentiae
2563 777 2825 839 alterius
2854 777 2997 852 erit,
3031 785 3094 841 et
3126 777 3422 840 illabetur
3452 777 3584 839 cui-

477 897 676 961 quare
719 878 922 959 magis
965 897 1242 960 praesens
1287 887 1454 940 esset
1499 877 1604 940 isti
1653 897 1844 960 quam
1889 877 1978 939 al-

475 977 620 1051 teri,
664 997 866 1059 quum
917 977 1198 1040 nondum
1239 977 1305 1039 in
1349 978 1605 1060 aliquod
1653 983 1796 1058 agat
1844 976 1978 1038 illo-

473 1093 660 1154 rum3
700 1085 766 1137 et
809 1075 1104 1158 quamvis
1147 1076 1216 1138 in
1253 1076 1497 1158 aliquid
1541 1083 1773 1158 ageret,
1806 1074 1979 1138 diffi-

478 1175 682 1237 cultas
711 1174 934 1236 eadem
965 1175 1506 1257 remaneret,quia
1536 1175 1820 1257 operatio
1851 1193 1977 1236 non

474 1273 629 1335 facit
657 1273 904 1354 agentis
945 1273 1369 1354 praesentiam,
1403 1275 1513 1337 sed
1545 1273 1867 1356 supponit.
1905 1273 1980 1335 Et

475 1391 720 1444 rursuS,
755 1370 808 1432 si
852 1390 1130 1453 praesens
1161 1378 1336 1434 esset
1359 1372 1468 1434 uni
1509 1371 1601 1434 sic
1642 1371 1810 1452 quod
1851 1389 1978 1434 non

473 1469 680 1543 alteri,
724 1469 856 1550 jam
903 1469 1042 1532 loco
1085 1470 1407 1532 videretur
1450 1469 1708 1532 deliniri
1753 1489 1767 1533 τ
1810 1470 1979 1552 quod

475 1569 598 1651 ipsi
646 1575 898 1649 negant.
933 1567 1190 1641 lterum,
1226 1566 1278 1630 si
1321 1588 1598 1650 praesens
1637 1576 1804 1631 essct
1843 1567 1976 1642 uni,

475 1684 604 1729 non
664 1666 870 1740 alteri,
922 1684 1049 1728 non
1109 1674 1321 1749 posset
1369 1667 1462 1729 illi
1513 1687 1790 1749 praesens
1833 1666 1978 1729 fieri

477 1766 602 1828 nisi
655 1784 771 1846 per
818 1773 1086 1839 motum,
1129 1766 1229 1827 vel
1279 1767 1356 1828 ad
1406 1766 1602 1828 alium
1655 1767 1916 1829 modum
1961 1783 1974 1828 :

2090 874 2247 937 libet
2288 875 2577 938 essentiae
2625 876 2885 938 alterius
2931 895 2945 939 :
2989 876 3157 958 quod
3205 883 3414 938 tamen
3457 876 3586 938 Deo

2090 974 2419 1056 proprium
2472 974 2865 1056 perhibetur,
2918 973 3217 1036 videlicet
3263 974 3440 1037 illabi
3491 993 3585 1036 re-

2091 1092 2232 1134 rum
2282 1072 2593 1134 essentiis.
2650 1072 2984 1155 Quumque
3033 1073 3162 1135 sint
3210 1082 3340 1135 tam
3400 1073 3586 1136 innu-

2089 1170 2422 1234 merabilia
2482 1171 2684 1233 millia
2738 1171 3131 1252 angelorum,
3184 1172 3247 1234 in
3300 1171 3587 1254 quolibet

2088 1269 2313 1350 angelo
2343 1269 2845 1332 substantialiter
2875 1289 2988 1352 per
3018 1270 3421 1333 essentialem
3454 1271 3587 1333 illa·

2089 1387 2277 1449 psum
2327 1373 2514 1429 erunt
2560 1368 2763 1430 millia
2806 1369 3178 1450 angelorum
3228 1369 3588 1431 innumera-

2089 1465 2265 1527 bilia.
2318 1465 2459 1528 Post
2510 1466 2681 1528 diem
2730 1485 2985 1548 quoque
3032 1466 3282 1548 judicii,
3332 1469 3585 1550 quando

2089 1563 2373 1626 Salvator
2403 1583 2550 1626 cum
2582 1565 2715 1626 suis
2746 1565 2966 1627 electis
2997 1574 3061 1627 et
3092 1566 3337 1628 Sanctis
3368 1584 3585 1628 ascen-

2089 1662 2194 1724 det
2228 1662 2292 1724 in
2333 1663 2457 1725 alta
2497 1662 2803 1725 coelorum
2846 1683 3047 1746 usque
3086 1664 3149 1726 in
3184 1665 3419 1727 coelum
3459 1683 3588 1727 em-

2091 1778 2380 1842 pyreum,
2433 1768 2497 1822 et
2547 1761 2635 1822 ibi
2688 1779 2833 1822 cum
2886 1760 3043 1843 ipsis
3090 1762 3470 1824 aeternaliter
3520 1763 3585 1825 in

479 1865 693 1926 dicere
721 1872 936 1927 autem
977 1865 1148 1946 quod
1187 1865 1450 1946 angelus
1493 1883 1606 1947 per
1635 1865 1976 1926 essentiam
2012 1862 2060 1924 B
2091 1858 2280 1940 plena
2324 1859 2715 1922 beatitudine
2760 1858 3093 1934 habitabit,
3132 1860 3340 1942 angeli
3385 1861 3588 1923 sancti

478 1982 660 2025 suam
712 1971 1063 2037 moveatur,
1107 1981 1232 2026 non
1282 1971 1378 2025 est
1422 1962 1825 2044 intelligibile
1875 1964 1979 2026 be-

475 2080 578 2123 ne.
615 2061 816 2143 Igitur
855 2061 1038 2141 juxta
1079 2062 1242 2144 hanc
1282 2062 1474 2135 viam,
1510 2061 1770 2144 ponitur
1807 2063 1977 2143 quod

477 2160 741 2240 angelus
781 2161 864 2222 sit
895 2179 1174 2242 praesens
1205 2159 1470 2222 cuilibet
1503 2160 1774 2242 corpori,
1809 2167 1980 2222 ante-

478 2277 672 2340 quam
706 2258 960 2320 illorum
993 2257 1250 2339 aliquod
1283 2265 1550 2321 moveat.
1576 2294 1656 2304 -
1683 2258 1828 2320 Haec
1860 2259 1979 2319 Du-

477 2356 711 2418 randus
749 2357 909 2438 :qui
956 2356 1108 2418 huic
1153 2349 1394 2444 ultima)
1439 2356 1725 2439 opinioni
1779 2356 1978 2437 magis

475 2455 752 2517 adhaeret
799 2455 938 2516 sine
981 2455 1316 2517 temeraria
1360 2455 1729 2528 assertione,
1773 2461 1837 2517 et
1881 2473 1978 2518 so-

479 2553 614 2615 lum
657 2553 1035 2616 scholastice
1079 2572 1270 2616 causa
1308 2553 1798 2616 exercitationis

561 2651 870 2733 Denique,
902 2651 980 2713 de
1012 2651 1238 2733 primis
1279 2651 1526 2714 duabus
1565 2651 1978 2733 opinionibus

476 2757 541 2811 et
571 2769 790 2811 earum
822 2750 1078 2812 motivis
1103 2750 1236 2831 jam
1267 2751 1510 2812 dictum
1541 2757 1637 2812 est
1667 2770 1878 2833 supra.
1900 2787 1976 2796 —

477 2847 686 2910 Tertia
738 2865 891 2910 vero
948 2847 1166 2930 opinio
1217 2849 1469 2918 videtur
1521 2868 1660 2912 esse
1719 2850 1796 2910 de
1854 2868 1980 2930 qua

472 2946 608 3027 jam
649 2945 715 3008 in
757 2946 970 3008 verbis
1010 2947 1282 3009 Udalrici
1325 2955 1421 3010 est
1461 2955 1697 3009 tactum
1735 2965 1748 3009 :
1784 2967 1978 3029 quam

2089 1977 2309 2020 secum
2352 1976 2475 2020 non
2516 1959 2881 2032 ascendent,
2917 1960 3026 2021 sed
3064 1958 3415 2022 manebunt·
3443 1961 3588 2040 (sic-

2089 2062 2159 2117 ut
2208 2075 2380 2118 nunc
2429 2056 2604 2136 sunt)
2650 2056 2890 2139 ubique
2940 2064 3003 2119 et
3049 2058 3223 2120 omni
3283 2067 3587 2122 creaturae

2089 2163 2433 2236 praesentes
2470 2175 2483 2219 ε
2519 2163 2707 2217 erunt
2754 2174 2903 2236 ergo
2950 2156 3141 2219 etiam
3194 2157 3259 2219 in
3312 2157 3584 2232 infernO,

2091 2254 2245 2316 alias
2294 2262 2506 2316 essent
2554 2253 2888 2317 definitive
2939 2255 3004 2316 in
3056 2256 3213 2319 loco.
3253 2256 3587 2340 Quumque

2057 2353 2403 2415 ‘daemones
2434 2353 2560 2414 sint
2590 2371 2665 2414 ex
2697 2353 3028 2415 ordinibus
3057 2354 3421 2435 angelorum
3455 2375 3591 2438 pro-

2090 2451 2273 2533 lapsi,
2307 2453 2527 2514 eadem
2573 2451 2733 2514 ratio
2774 2460 2870 2514 est
2912 2453 2991 2514 de
3038 2452 3193 2535 ipsis
3242 2460 3306 2515 et
3345 2455 3587 2536 angelis

2088 2550 2324 2612 sanctis
2375 2558 2685 2631 quantum
2733 2552 2810 2613 ad
2856 2552 3330 2615 consistendum
3383 2553 3449 2616 in
3499 2554 3587 2617 lo-

2090 2667 2165 2712 co
2200 2667 2213 2711 :
2247 2649 2467 2730 sicque
2500 2649 2565 2711 in
2607 2649 2892 2731 quolibet
2933 2651 3158 2732 angelo
3195 2658 3412 2713 sancto
3442 2652 3588 2714 sub·

2089 2746 2467 2809 stantialiter
2528 2753 2717 2809 erunt
2776 2747 3092 2810 daemones
3160 2747 3464 2822 universi,
3524 2757 3587 2810 et

2088 2853 2277 2907 erunt
2320 2864 2393 2907 ac
2443 2851 2591 2907 sunt
2638 2845 2702 2907 in
2749 2846 2909 2908 coelo
2952 2863 3275 2928 empyre0‚
3318 2845 3484 2908 sicut
3524 2854 3588 2908 et

2087 2944 2297 3025 angeli
2345 2943 2569 3017 sancti,
2621 2945 2773 3026 quia
2820 2945 3059 3026 ubique
3110 2952 3278 3006 sunt.
3322 2981 3403 2990 —
3450 2945 3589 3007 Alia

475 3052 542 3107 et
605 3043 1107 3108 irrationabilem
1169 3064 1308 3108 esse
1369 3045 1623 3119 fatetur,
1684 3045 1977 3129 quamvis
2016 3041 2471 3125 Cquamplura
2528 3042 2678 3104 huic
2727 3041 3002 3104 fatuitati
3052 3042 3247 3124 objici
3307 3051 3583 3126 possent.

475 3143 679 3207 Rabbi
721 3142 917 3227 Moysi
963 3144 1196 3226 partim
1237 3144 1639 3207 attribuatur.

557 3243 792 3304 Verum
835 3250 1057 3324 quarta
1098 3243 1217 3305 ista
1256 3243 1474 3325 opinio
1512 3243 1765 3306 videtur
1804 3262 1977 3325 pror-

477 3360 588 3403 sus
638 3340 856 3423 inepta
903 3348 966 3403 et
1009 3339 1202 3415 fatua,
1245 3350 1308 3403 et
1350 3341 1586 3404 divinis
1634 3341 1977 3423 Scripturis

478 3438 797 3501 contraria
820 3456 834 3500 ε
860 3438 1008 3520 quia
1039 3440 1390 3502 secundum
1422 3439 1811 3520 eam,angeli
1845 3459 1982 3501 san·

480 3537 568 3598 cti
617 3556 948 3619 nunquam
994 3537 1072 3599 de
1116 3537 1277 3600 coelo
1323 3538 1387 3599 in
1438 3546 1670 3600 terram
1721 3538 1980 3600 descen-

481 3635 728 3709 derent,
762 3654 970 3717 neque
999 3635 1077 3698 de
1108 3642 1274 3698 terra
1315 3635 1380 3697 in
1413 3636 1646 3699 coelum
1687 3636 1982 3698 ascende-

483 3741 864 3815 rent,quum
893 3742 1104 3796 tamen
1136 3733 1305 3795 dicat
1335 3734 1651 3796 Salvator:
1671 3734 1982 3796 Videbitis

479 3831 740 3913 angelos
791 3831 904 3893 Dei
957 3832 1370 3894 ascendentes
1417 3840 1480 3893 et
1527 3832 1982 3894 descendentes

481 3948 680 4011 super
728 3928 960 3992 Filium
1010 3930 1307 3992 hominiS.
1351 3931 1557 4011 Atque
1604 3930 1682 3991 ad
1729 3930 1983 4011 Moysen

482 4028 794 4091 Dominus
842 4027 1004 4090 dixit
1057 4045 1070 4089 :
1115 4028 1392 4109 Angelus
1443 4047 1622 4091 meus
1673 4029 1985 4110 praecedet

485 4136 566 4189 te.
600 4126 738 4189 Imo
775 4125 1266 4188 innumerabilia
1306 4126 1668 4188 testimonia
1706 4126 1985 4208 Scriptu-

2090 3141 2287 3221 Cujus
2344 3141 2536 3203 etiam
2596 3142 2907 3204 motivum
2966 3142 3437 3205 debilissimum
3483 3162 3589 3205 ex-

2091 3247 2234 3311 stat,
2270 3259 2470 3322 quum
2502 3240 2590 3301 ait
2624 3260 2637 3303 :
2673 3240 2875 3302 Motus
2907 3248 2969 3302 et
3000 3240 3209 3303 omnis
3238 3241 3405 3304 actio
3436 3261 3591 3323 prae-

2091 3338 2396 3420 supponit
2440 3338 2824 3419 subjectum.
2857 3339 2952 3402 Ad
2998 3340 3167 3422 quod
3212 3338 3376 3413 dico,
3420 3341 3589 3421 quod

2092 3436 2203 3498 illo
2252 3454 2573 3510 concess0,
2628 3455 2753 3498 non
2803 3444 3052 3518 oportet
3101 3438 3269 3518 quod
3326 3437 3589 3517 angelus

2090 3551 2345 3615 semper
2374 3532 2877 3595 substantialiter
2916 3552 3194 3615 praesens
3230 3533 3312 3595 sit
3342 3535 3589 3597 cunctis

2091 3630 2466 3712 corporibus
2516 3650 2657 3712 quae
2706 3637 2914 3712 potest
2962 3648 3239 3704 movere,
3295 3630 3423 3693 imo
3471 3650 3589 3694 nec

2093 3729 2205 3791 uni
2249 3746 2468 3791 eorum
2505 3729 2663 3791 :sed
2707 3728 2961 3810 quando
3005 3728 3133 3792 Deo
3172 3728 3438 3809 jubente
3480 3739 3591 3792 aut

2093 3843 2159 3887 se
2206 3825 2557 3887 secundum
2601 3825 2800 3888 Deum
2846 3826 3145 3901 dictante,
3179 3827 3319 3888 vult
3357 3844 3588 3909 corpus

2092 3924 2541 4005 quodcumque
2600 3942 2855 3987 movere
2903 3925 3003 3987 vel
3064 3924 3233 3987 circa
3289 3924 3591 3988 inferiora

2096 4021 2524 4084 ministerium
2576 4022 2898 4096 exhibere,
2943 4023 3218 4085 mittitur
3261 4043 3298 4086 a
3340 4024 3468 4086 Deo
3508 4025 3587 4086 ad

2095 4119 2254 4182 illud
2300 4138 2411 4181 seu
2457 4118 2586 4193 illa,
2621 4119 2723 4181 vel
2767 4121 3095 4183 descendit
3132 4129 3194 4184 et
3230 4121 3475 4184 accedit
3515 4140 3587 4184 ac

484 4243 700 4287 rarum
733 4224 886 4287 huic
917 4224 1214 4305 imperito
1243 4224 1441 4288 errori
1472 4225 1666 4304 objici
1703 4232 1977 4307 possent.
2013 4227 2062 4289 D
2095 4225 2301 4279 movet
2350 4236 2417 4279 se
2462 4217 2615 4278 illuc
2659 4219 3010 4295 secundum
3057 4220 3315 4281 modum
3360 4236 3487 4301 quo
3529 4220 3587 4281 ei

483 4324 727 4405 Nempe
771 4323 939 4405 quod
982 4323 1189 4404 angeli
1241 4323 1441 4385 sancti
1491 4324 1782 4386 homines
1830 4322 1984 4385 assi-

485 4421 611 4482 due
660 4420 889 4482 adeant
935 4428 999 4482 et
1049 4420 1130 4482 ab
1178 4421 1270 4483 eis
1321 4421 1650 4483 discedant
1696 4420 1982 4483 vicissim

485 4517 1258 4593 invisibiliter,interdum
1289 4517 1628 4582 visibiliter
1661 4517 1724 4579 in
1753 4538 1987 4581 assum·

485 4616 614 4699 ptis
661 4615 1058 4698 corporibuS,
1103 4616 1358 4697 copiose
1401 4617 1585 4678 docet
1635 4616 1978 4698 Scriptura,

486 4714 816 4797 sanctique
845 4714 1057 4777 Patres
1098 4714 1494 4777 concorditer
1533 4720 1978 4795 protestantur.

487 4812 566 4873 Et
610 4820 678 4874 ut
727 4820 985 4875 sanctus
1033 4812 1121 4874 ait
1159 4812 1553 4886 AmbrosiuS,
1597 4831 1672 4873 ex
1725 4813 1843 4875 hoc
1886 4832 1984 4875 os-

487 4911 768 4973 tenditur
795 4910 1072 4993 Spiritus
1102 4911 1368 4973 Sanctus
1399 4928 1588 4972 verus
1620 4910 1984 4993 DeuS,quod

488 5025 742 5071 omnem
801 5008 1007 5090 replet
1065 5015 1415 5071 creaturam
1477 5015 1539 5069 et
1591 5008 1831 5091 ubique
1889 5018 1985 5073 est

489 5125 784 5187 praesens,
809 5142 890 5151 -
918 5107 1184 5188 Insuper
1208 5106 1390 5186 juxta
1419 5106 1789 5188 opinionem
1823 5109 1984 5170 hanc

489 5204 873 5267 insensatam
917 5212 1240 5286 sequetur,
1283 5205 1453 5286 quod
1497 5206 1732 5287 singuli
1775 5207 1982 5287 angeli

489 5301 555 5363 in
603 5302 874 5385 singulis
923 5301 1052 5365 sint
1093 5301 1616 5377 substantialiter,
1659 5312 1722 5365 et
1763 5321 1984 5367 omnes

2095 4315 2394 4379 convenit
2442 4322 2673 4390 motuS,
2717 4322 2907 4396 prout
2950 4318 3295 4398 quaestione
3344 4318 3591 4380 dicetur

2093 4422 2417 4497 sequente.

2174 4514 2316 4576 Haec
2357 4530 2506 4595 ergo
2545 4512 2766 4595 opinio
2804 4512 2979 4575 omni
3021 4513 3479 4596 philosophicae
3517 4534 3589 4581 ac

2094 4611 2465 4692 theologicae
2500 4611 2747 4673 veritati
2792 4613 3125 4688 contraria,
3157 4633 3285 4677 non
3323 4622 3419 4677 est
3459 4624 3591 4678 tan-

2093 4729 2286 4792 quam
2332 4707 2680 4791 probabilis
2723 4711 3139 4786 defendenda,
3181 4713 3291 4775 sed
3333 4713 3587 4795 penitus

2093 4807 2467 4889 respuenda.

2177 5006 2497 5069 Postremo
2536 5005 2819 5087 AEgidius
2866 5006 3033 5069 circa
3072 5007 3206 5070 haec
3254 5008 3452 5070 multa
3496 5008 3587 5070 in-

2094 5103 2293 5176 ducit,
2327 5112 2389 5166 et
2420 5123 2580 5185 pene
2610 5103 2897 5166 omnium
2942 5105 3288 5186 positiones
3328 5106 3588 5188 corrigit

2093 5210 2158 5266 et.
2195 5203 2507 5265 emendat.
2543 5201 2773 5276 Prim0,
2805 5219 3026 5263 eorum
3069 5204 3179 5284 qui
3220 5204 3441 5265 dicunt
3478 5224 3586 5267 an-

2085 5301 2307 5383 gelum
2356 5318 2494 5363 esse
2540 5298 2604 5360 in
2648 5299 2787 5362 loco
2830 5300 3071 5365 ratione
3121 5320 3250 5365 suae
3300 5301 3587 5366 limitatae
