4359 6250
789 479 910 545 210
1427 498 1489 542 IN
1532 497 1752 542 mancii
1797 498 1812 541 1
1858 495 2339 540 snnraxrlxnun.
2385 513 2466 522 —
2507 495 2658 539 nlsr.
2705 496 2892 556 xxv13
2937 495 3160 550 QuAEs'r.
3208 496 3250 541 n

792 669 873 732 tis
934 669 1185 730 habere.
1243 668 1312 730 ln
1371 667 1605 730 divinis
1665 684 1939 749 namque
2002 665 2289 747 personis
2320 665 2369 726 A
2401 682 2469 726 ro
2508 663 2857 745 proprietas
2889 672 3018 727 tam
3057 664 3369 746 originem
3409 683 3599 746 quam
3641 665 3908 727 habitu-

793 768 1210 849 intelligimus
1254 775 1379 828 tam
1433 768 1743 846 originem
1794 785 1905 828 seu
1948 764 2290 826 emanatio·
2399 762 2615 822 dinem
2647 763 2982 843 exprimat,
3017 763 3108 824 sie
3139 771 3234 824 est
3266 763 3424 825 ratio
3457 762 3908 825 innotescendi

795 886 942 929 nem
976 868 1164 928 unius
1196 866 1275 927 ab
1304 867 1449 936 alia,
1484 885 1675 947 quam
1708 864 2149 926 habitudinem
2179 881 2290 923 seu
2401 869 2460 922 et
2512 861 2942 941 distinguendi
3005 879 3305 943 personas
3359 881 3373 924 ε
3434 862 3913 936 innotescendi,

796 973 1156 1046 respectum
1208 964 1397 1024 unius
1445 963 1522 1024 ad
1566 963 1775 1023 aliam.
1820 962 2023 1043 Atque
2073 979 2294 1022 secun·
2403 960 2754 1021 secundum
2797 960 2966 1040 quod
3007 959 3448 1022 habitudinem
3486 961 3772 1038 denotat;
3809 960 3920 1021 di-

796 1062 949 1124 dum
981 1062 1290 1124 rationem
1322 1069 1384 1122 et
1413 1061 1703 1123 ordinem
1734 1057 2293 1140 intelligendi‚ori·
2404 1058 2766 1138 stinguendi
2813 1076 2984 1132 vero,
3021 1065 3208 1139 prout
3249 1057 3560 1139 originem
3603 1058 3774 1120 dicit.

792 1179 873 1242 go
924 1161 1223 1242 praecedit
1283 1161 1495 1241 ipsum
1551 1160 1659 1241 qni
1714 1159 1948 1234 oritur3
1999 1157 2296 1218 similiter
2486 1156 2644 1217 Hinc
2694 1157 2951 1217 demum
3012 1157 3311 1218 disseruit
3359 1157 3710 1219 Alexander
3761 1173 3780 1218 :
3841 1157 3918 1219 In

794 1259 1148 1321 secundum
1188 1258 1493 1319 rationem
1538 1256 1954 1336 intelligendi,
1989 1254 2295 1316 habitudo
2406 1253 2641 1315 divinis
2694 1271 2819 1316 non
2869 1255 3073 1315 solum
3120 1261 3214 1316 est
3259 1255 3637 1317 relationum
3680 1255 3920 1316 distin-

796 1357 1209 1437 consequitur
1244 1357 1455 1437 ipsum
1487 1356 1596 1437 qui
1641 1355 1928 1416 refertur.
1963 1355 2169 1417 Potest
2201 1371 2295 1414 er·
2407 1351 2555 1424 cti0,
2597 1352 2707 1413 sed
2751 1351 2944 1413 etiam
2994 1352 3479 1414 subsistentium
3530 1371 3765 1424 rerum,
3813 1352 3918 1415 vi-

794 1473 874 1536 go
924 1455 1277 1536 proprietas
1336 1454 1597 1516 relativa
1654 1455 1999 1534 importare
2049 1451 2296 1512 habitu-
2407 1450 2635 1511 delicet
2684 1468 3118 1530 personarum.
3174 1450 3622 1513 Verumtamen
3682 1451 3920 1513 relatio

796 1553 1012 1614 dinem
1062 1559 1306 1612 tantum
1352 1569 1365 1613 :
1408 1559 1468 1612 et
1514 1553 1599 1612 ita
1646 1551 1934 1632 sequitur
1985 1549 2294 1611 rationem
2409 1547 2769 1610 manifestat
2811 1549 3286 1611 distinctionem
3331 1549 3396 1610 in
3438 1549 3691 1611 divinis
3727 1550 3920 1612 Unde

795 1649 1246 1723 distinctioniS,
1280 1658 1343 1711 et
1373 1669 1487 1731 per
1518 1667 1911 1730 consequens
1945 1647 2295 1708 distinctio-
2409 1654 2700 1727 respectu
2764 1646 3160 1708 diversarum
3230 1646 3691 1729 proprietatum
3753 1657 3920 1709 sunt

796 1767 979 1826 nem3
1022 1755 1243 1829 estque
1276 1748 1435 1810 ratio
1466 1745 1902 1810 innotescendi
1940 1744 2293 1807 distinctio·
2411 1743 2624 1825 plures
2675 1763 2773 1806 res
2833 1744 3250 1807 subsistentes
3305 1761 3318 1806 :
3372 1763 3497 1806 non
3549 1746 3714 1827 quod
3775 1747 3922 1807 sint

795 1864 969 1919 nem,
1012 1863 1139 1908 non
1188 1845 1643 1926 distinguendi,
1687 1852 1755 1905 ut
1804 1844 1965 1905 dixit
2014 1843 2292 1904 secunda
2335 1842 2376 1904 B
2411 1861 2509 1903 res
2558 1842 2975 1904 subsistentes
3035 1862 3147 1904 seu
3197 1861 3482 1924 personae
3533 1843 3737 1905 solum
3793 1863 3921 1924 per

795 1945 1032 2025 opinio.
1068 1944 1273 2005 Potest
1303 1961 1556 2025 quoque
1598 1943 1950 2024 proprietas
1994 1942 2291 2022 importa-

796 2059 863 2104 re
893 2051 1250 2123 utramque,
1285 2042 1583 2103 videlicet
1623 2041 2062 2102 habitudinem
2101 2048 2290 2121 atque

794 2139 1105 2220 originem
1151 2159 1164 2203 :
1207 2148 1270 2201 et
1308 2140 1399 2201 sic
1443 2157 1569 2201 non
1611 2140 1817 2201 solum
1862 2147 1957 2199 est
1995 2139 2154 2199 ratio
2199 2138 2290 2199 in-

796 2238 1181 2311 notescendi,
1216 2238 1324 2300 sed
1366 2237 1558 2299 etiam
1604 2236 2057 2318 distinguendi,
2094 2244 2163 2296 ut
2205 2236 2292 2297 ait

797 2337 1003 2417 prima
1050 2337 1287 2418 opini0.
1333 2371 1413 2381 —-
1454 2337 1757 2398 Praeterea
1802 2335 2286 2406 advertendum,

793 2435 963 2514 quod
1025 2435 1317 2516 quamvis
1383 2435 1447 2496 in
1509 2433 1744 2495 divinis
1814 2433 2099 2514 personis
2164 2433 2290 2493 sint

796 2532 961 2593 idem
1004 2533 1153 2594 oriri
1195 2541 1256 2594 et
1292 2551 1430 2594 esse
1468 2539 1531 2593 et
1568 2532 1646 2592 ad
1686 2532 1955 2593 alterum
1998 2550 2065 2591 se
2104 2530 2292 2591 habe-

793 2649 883 2704 re,
918 2639 1129 2693 tamen
1170 2632 1519 2692 secundum
1562 2631 1871 2692 rationem
1908 2639 1971 2690 et.
2000 2629 2289 2691 ordinem

794 2728 1189 2809 intelligendi
1248 2737 1395 2789 sunt
1446 2729 1831 2795 coordinata,
1888 2735 1950 2788 ut
2008 2728 2288 2808 primum

792 2827 875 2888 sit
913 2827 1067 2889 oriri
1107 2847 1221 2888 seu
1258 2845 1575 2898 emanare,
1611 2827 1839 2887 deinde
1870 2845 2007 2887 esse
2049 2826 2113 2887 in
2156 2843 2292 2906 per-

793 2925 965 2987 sonis
1023 2944 1165 3006 quae
1223 2932 1521 2988 emanant
1578 2924 1657 2986 ab
1715 2924 1859 2995 alia,
1923 2924 2151 2985 deinde
2212 2924 2288 2985 ad

2409 1940 2547 2001 illas
2590 1940 2947 2012 relationeS,
2985 1941 3114 2002 imo
3153 1940 3346 2002 etiam
3381 1948 3444 2003 et
3475 1959 3541 2003 se
3579 1941 3756 2022 ipsis,
3793 1942 3916 2003 sed

2405 2045 2698 2120 respectu
2750 2039 3233 2120 proprietatum,
3286 2057 3412 2102 non
3462 2049 3754 2121 respectu
3807 2059 3915 2102 es-

2405 2137 2644 2210 sentiae,
2701 2137 2850 2218 quia
2909 2136 3264 2218 hypostasis
3323 2137 3478 2199 dicit
3536 2146 3910 2219 respectum

2402 2235 2479 2296 ad
2533 2235 3004 2316 proprietatem.
3047 2271 3128 2280 —
3169 2237 3313 2298 Haee
3359 2235 3730 2298 Alexander.
3777 2237 3910 2310 Qui

2399 2334 2592 2395 etiam
2646 2333 3026 2414 positionem
3077 2335 3464 2416 Praepositivi
3518 2336 3596 2396 de
3647 2335 3910 2398 relatio-

2403 2433 2592 2494 nibus
2631 2451 2704 2494 ac
2747 2433 3110 2494 notionibus
3156 2433 3219 2494 in
3261 2433 3496 2495 divinis
3539 2434 3687 2495 satis
3727 2452 3912 2496 com-

2403 2531 2700 2592 mendare
2744 2531 3017 2605 videtur,
3059 2538 3122 2592 et
3173 2531 3446 2593 multum
3498 2531 3908 2614 probabilem

2401 2647 2539 2690 esse
2589 2628 2840 2690 fatetur.
2895 2629 2969 2690 Et
3017 2629 3184 2691 circa
3234 2629 3354 2692 hoc
3403 2631 3622 2692 eadem
3671 2631 3912 2692 scribit

2402 2745 2543 2808 quae
2575 2727 2764 2808 paulo
2794 2733 2938 2788 ante
2969 2746 3047 2788 ex
3079 2728 3338 2789 Summa
3362 2727 3908 2790 Antisiodorensis
3979 2761 4034 2801 p.
4065 2753 4160 2792 206
4179 2750 4233 2793 a.

2402 2832 2550 2910 sunt
2593 2824 2868 2886 recitata.

2483 2922 2694 2984 Nihilo
2747 2923 2956 2984 minus
3019 2933 3172 3005 post·
3209 2923 3343 2986 haec
3391 2923 3744 2986 Alexander
3791 2927 3909 2987 ad-

792 3023 1064 3085 alterum
1097 3043 1163 3085 se
1195 3023 1446 3085 habere.
1484 3023 1558 3084 Et
1588 3023 1890 3104 quoniam
1932 3023 2100 3084 idem
2143 3031 2292 3084 sunt
2329 3017 2372 3080 C
2400 3020 2632 3101 jungit,
2685 3021 2854 3102 quod
2907 3022 3256 3083 secundum
3309 3039 3716 3085 communem
3763 3025 3912 3104 opi-

794 3123 863 3184 in
903 3120 1052 3195 Deo,
1086 3123 1308 3184 eodem
1350 3121 1609 3184 nomine
1650 3121 2059 3201 designantur
2094 3139 2106 3182 :
2144 3141 2289 3183 nam

794 3220 1117 3300 generatio
1164 3220 1472 3299 originem
1517 3228 1577 3279 et
1622 3218 2061 3281 habitudinem
2112 3218 2288 3291 dicit,

797 3318 1052 3399 proprie
1112 3325 1323 3378 tamen
1383 3317 1712 3397 originem.
1776 3316 2083 3389 Quoniam
2142 3334 2292 3396 ergo

798 3415 1147 3496 proprietas
1198 3415 1415 3477 divina
1472 3415 1823 3476 seeundum
1885 3432 2290 3477 communem

799 3532 987 3574 usum
1025 3513 1345 3594 loquendi,
1379 3513 1689 3593 originem
1724 3513 2291 3593 habitudinemque

798 3611 1119 3692 importat,
1156 3611 1393 3672 idcirco
1424 3612 1771 3672 tenendum
1802 3612 1970 3692 quod
2012 3612 2294 3693 proprie—

796 3718 953 3771 tates
1006 3726 1130 3770 non
1184 3709 1392 3771 solum
1443 3710 1569 3770 sint
1620 3710 1778 3771 ratio
1830 3710 2288 3784 innotescendi,

796 3807 905 3869 sed
935 3806 1126 3867 etiam
1169 3808 1619 3888 distinguendi.
1656 3808 2010 3888 Proprietas
2050 3809 2288 3870 etenim

793 3906 990 3967 Patris
1037 3914 1143 3967 aut
1187 3914 1281 3967 est
1324 3907 1381 3967 ei
1434 3906 1990 3968 consubstantialis
2038 3916 2099 3967 et
2144 3925 2292 3970 con-

794 4004 1121 4077 naturaliS‚
1183 4012 1293 4065 aut
1348 4004 1576 4066 accidit
1636 4005 1714 4065 ei.
1772 4004 1907 4067 Non
1970 4013 2175 4086 potest
2233 4006 2288 4067 ei

794 4101 1103 4173 accidere,
1138 4118 1339 4181 quum
1382 4118 1507 4161 non
1551 4100 1633 4161 sit
1671 4101 1965 4162 accidens
2006 4100 2069 4162 in
2112 4102 2240 4163 Deo
2275 4120 2288 4162 :

2405 3119 2662 3182 nionem
2705 3119 2992 3182 notiones
3033 3120 3161 3182 sint
3193 3119 3257 3181 in
3289 3119 3525 3182 divinis
3565 3121 3906 3203 ponendae.

2403 3218 2480 3279 Et
2520 3218 2813 3299 quamvis
2853 3218 2985 3298 jam
3026 3219 3257 3280 dixerit
3297 3219 3467 3301 quod
3513 3219 3732 3281 relatio
3772 3239 3914 3283 ma·

2403 3316 2660 3378 nisestat
2712 3317 3186 3379 distinctionem
3239 3316 3304 3378 in
3355 3316 3614 3386 divinis,
3663 3318 3728 3379 in
3773 3318 3916 3381 alia

2404 3422 2616 3477 tamen
2677 3414 2880 3477 fassus
2941 3424 3036 3476 est
3093 3415 3462 3496 quaestione,
3520 3416 3691 3496 quod
3750 3415 3912 3479 licet

2405 3530 2689 3594 personae
2754 3513 3226 3594 distinguantur
3287 3532 3353 3575 se
3421 3513 3606 3594 ipsiS,
3670 3514 3912 3577 distin-

2403 3620 2686 3691 guuntur
2716 3620 2926 3672 tamen
2959 3619 3022 3672 et
3054 3612 3548 3693 proprietatibus
3581 3612 3746 3684 suis;
3779 3632 3910 3675 nec

2403 3709 2729 3771 distinctio
2769 3708 2876 3769 illa
2921 3728 3034 3790 per
3073 3728 3138 3769 se
3182 3708 3364 3770 istam
3407 3709 3710 3780 excludit,
3743 3729 3911 3791 quo-

2405 3806 2576 3868 niam
2629 3807 3046 3888 proprietates
3099 3825 3224 3869 non
3277 3816 3524 3889 ponunt
3567 3808 3630 3869 in
3681 3828 3914 3871 nume-

2405 3923 2548 3966 rum
2599 3925 2746 3966 eum
2797 3906 3101 3987 personis.
3149 3906 3390 3986 Alie-gat
3439 3907 3630 3968 etiam
3681 3906 3912 3969 Dama-

2404 4022 2667 4065 scenum
2711 4004 3026 4065 dicentem
3073 4003 3240 4084 quod
3291 4003 3524 4067 divinae
3563 4012 3626 4066 et
3665 4014 3910 4069 sanctae

2402 4102 2770 4183 hypostases
2819 4120 2944 4163 non
2989 4101 3297 4163 differunt
3347 4102 3698 4164 secundum
3748 4103 3910 4165 sub-

793 4216 943 4278 ergo
986 4206 1081 4259 est
1120 4199 1178 4259 ei
1220 4197 1777 4259 consubstantialis
1820 4207 1881 4259 et
1922 4208 2294 4261 connatura-
2323 4198 2372 4259 D
2403 4200 2721 4268 stantiam,
2790 4199 2898 4261 sed
2967 4201 3318 4261 secundum
3388 4200 3912 4264 characteristica

795 4294 893 4357 lis.
950 4296 1178 4377 Sicque
1239 4314 1439 4377 quum
1498 4314 1627 4358 non
1685 4307 2107 4377 consequatur
2153 4317 2292 4359 esse

795 4393 1171 4474 hypostasis,
1236 4412 1361 4455 non
1426 4402 1668 4456 tantum
1730 4402 1825 4455 est.
1890 4395 2047 4456 ratio
2110 4396 2292 4457 inno-

798 4492 1099 4563 tescendi,
1150 4492 1259 4552 sed
1307 4492 1497 4552 etiam
1549 4491 1998 4571 distinguendi.
2057 4492 2288 4554 Eadem

795 4589 987 4651 etiam
1020 4596 1169 4651 sunt
1201 4590 1517 4671 principia
1546 4590 1793 4651 essendi
1826 4598 1884 4651 et
1918 4608 2294 4671 cognoscen-

799 4686 882 4748 di.
920 4688 1061 4749 Haec
1103 4689 1561 4749 Bonaventura.

880 4786 970 4847 Ex
1013 4787 1248 4867 quibus
1294 4786 1369 4847 fit
1411 4786 1694 4858 evidens,
1728 4786 1897 4867 quod
1939 4788 2290 4849 secundum

796 4902 969 4958 eum,
1003 4884 1233 4946 divinae
1276 4901 1559 4965 persona}
1600 4884 2080 4964 distinguuntur
2109 4886 2295 4966 origi-

796 5002 877 5043 ne
936 5001 1047 5043 seu
1105 4982 1524 5048 emanatione,
1588 5000 1713 5042 non
1774 4982 2178 5063 proprietate,
2241 4985 2291 5045 si

798 5081 1149 5162 proprietas
1194 5080 1393 5142 solam
1438 5079 1875 5141 habitudinem
1922 5080 2109 5154 dicat,
2153 5101 2295 5163 quae

794 5180 1145 5240 secundum
1192 5180 1425 5259 ipsum,
1460 5197 1585 5239 non
1627 5186 1718 5239 est
1754 5178 1873 5239 nisi
1920 5180 2078 5241 ratio
2118 5181 2296 5242 inno-

796 5277 1099 5346 tescendi,
1134 5285 1195 5337 et
1236 5296 1508 5357 sequens
1552 5276 2047 5338 distinctionem.
2085 5278 2145 5339 Si
2191 5297 2292 5339 ve-

2405 4298 2724 4370 idiomata,
2779 4298 2840 4360 id
2899 4306 2994 4359 est
3043 4298 3559 4359 determinativas
3620 4300 3914 4379 proprie-

2405 4403 2580 4457 tates.
2635 4396 2942 4458 Similiter
2991 4414 3068 4457 ex
3117 4395 3329 4458 verbis
3379 4396 3745 4458 Damasceni
3798 4398 3916 4460 de-

2403 4493 2620 4567 clarat,
2672 4494 2840 4575 quod
2894 4492 3195 4575 quaelibet
3245 4493 3459 4555 divina
3506 4501 3570 4553 et
3620 4494 3912 4559 increata

2403 4609 2672 4673 persona
2723 4591 2911 4653 habet
2953 4591 3234 4652 divinam
3285 4592 3624 4653 essentiam
3673 4610 3912 4655 secun-

2403 4689 2556 4749 dum
2590 4689 2929 4770 specialem
2962 4696 3024 4749 et
3054 4688 3384 4770 proprium
3425 4687 3548 4749 sibi
3585 4689 3852 4752 modum
3889 4711 3906 4755 ε

2402 4786 2704 4867 quoniam
2737 4787 2914 4849 Pater
2955 4786 3144 4848 habet
3173 4804 3312 4847 eam
3345 4804 3380 4847 a
3410 4804 3477 4847 se
3510 4786 3668 4867 ipso,
3705 4786 3766 4847 id
3801 4798 3910 4850 est

2402 4904 2438 4946 a
2489 4884 2666 4946 nullo
2714 4884 2860 4959 alio,
2905 4884 3096 4947 Filius
3145 4903 3182 4945 a
3231 4883 3364 4945 solo
3413 4884 3590 4945 Patre
3638 4903 3748 4965 per
3797 4902 3914 4965 ge—

2404 4982 2818 5052 nerationem,
2864 4982 3136 5063 Spiritus
3188 4982 3456 5043 Sanctus
3503 4982 3585 5043 ab
3627 4990 3912 5064 utroque

2405 5100 2518 5162 per
2569 5080 3056 5161 processionem.
3103 5079 3258 5141 Nam
3308 5081 3394 5142 ait
3440 5097 3454 5141 ε
3499 5081 3916 5163 Unaquaeque

2404 5178 2620 5240 divina
2683 5196 2968 5259 persona,
3021 5178 3187 5239 sicut
3236 5178 3520 5259 loquitur
3578 5180 3920 5243 Damasce-

2406 5297 2548 5349 nuS,
2603 5276 2934 5358 proprium
2994 5277 3378 5341 exsistentia}
3436 5277 3718 5359 possidet
3769 5296 3916 5341 mo-
