<?xml version="1.0" encoding="UTF-8"?>
<!DOCTYPE html PUBLIC "-//W3C//DTD XHTML 1.0 Transitional//EN"
    "http://www.w3.org/TR/xhtml1/DTD/xhtml1-transitional.dtd">
<html xmlns="http://www.w3.org/1999/xhtml" xml:lang="en" lang="en">
 <head>
  <title>
</title>
<meta http-equiv="Content-Type" content="text/html;charset=utf-8" />
  <meta name='ocr-system' content='tesseract 3.04.00' />
  <meta name='ocr-capabilities' content='ocr_page ocr_carea ocr_par ocr_line ocrx_word'/>
</head>
<body>
  <div class='ocr_page' id='page_1' title='image "./doctorisecstati11unkngoog_0422.png"; bbox 0 0 4359 6250; ppageno 0'>
   <div class='ocr_carea' id='block_1_1' title="bbox 861 483 981 550">
    <p class='ocr_par' dir='ltr' id='par_1_1' title="bbox 861 483 981 550">
     <span class='ocr_line' id='line_1_1' title="bbox 861 483 981 550; baseline 0.017 -2"><span class='ocrx_word' id='word_1_1' title='bbox 861 483 981 550; x_wconf 78' lang='lat'>410</span> 
     </span>
    </p>
   </div>
   <div class='ocr_carea' id='block_1_2' title="bbox 1481 503 3347 568">
    <p class='ocr_par' dir='ltr' id='par_1_2' title="bbox 1481 503 3347 568">
     <span class='ocr_line' id='line_1_2' title="bbox 1481 503 3347 568; baseline -0.001 -19"><span class='ocrx_word' id='word_1_2' title='bbox 1481 503 1545 550; x_wconf 84' lang='lat' dir='ltr'>IN</span> <span class='ocrx_word' id='word_1_3' title='bbox 1586 504 1808 550; x_wconf 77' lang='lat' dir='ltr'><strong>LIBRUM</strong></span> <span class='ocrx_word' id='word_1_4' title='bbox 1851 505 1872 549; x_wconf 86' lang='grc' dir='ltr'>Ι</span> <span class='ocrx_word' id='word_1_5' title='bbox 1913 503 2395 550; x_wconf 74' lang='grc' dir='ltr'><strong>8ΕΝΤΕΝΤῙΑΒΠΜ.</strong></span> <span class='ocrx_word' id='word_1_6' title='bbox 2438 521 2521 532; x_wconf 90' lang='grc'><strong>-</strong></span> <span class='ocrx_word' id='word_1_7' title='bbox 2560 504 2713 550; x_wconf 74' lang='grc' dir='ltr'><strong>ΒΙὸΤ.</strong></span> <span class='ocrx_word' id='word_1_8' title='bbox 2760 504 2989 568; x_wconf 69' lang='lat' dir='ltr'>xxxt⁷13</span> <span class='ocrx_word' id='word_1_9' title='bbox 3034 504 3258 559; x_wconf 75' lang='lat' dir='ltr'><strong>QUAEST.</strong></span> <span class='ocrx_word' id='word_1_10' title='bbox 3301 503 3347 548; x_wconf 86' lang='lat'>11</span> 
     </span>
    </p>
   </div>
   <div class='ocr_carea' id='block_1_3' title="bbox 860 667 3970 758">
    <p class='ocr_par' dir='ltr' id='par_1_3' title="bbox 860 667 3970 758">
     <span class='ocr_line' id='line_1_3' title="bbox 860 667 3970 758; baseline -0 -21"><span class='ocrx_word' id='word_1_11' title='bbox 860 667 1119 738; x_wconf 84' lang='lat' dir='ltr'>tertium</span> <span class='ocrx_word' id='word_1_12' title='bbox 1169 675 1522 738; x_wconf 83' lang='lat' dir='ltr'><strong>Alexander</strong></span> <span class='ocrx_word' id='word_1_13' title='bbox 1570 675 1930 757; x_wconf 81' lang='lat' dir='ltr'>respondet,</span> <span class='ocrx_word' id='word_1_14' title='bbox 1972 675 2141 757; x_wconf 92' lang='lat' dir='ltr'>quod</span> <span class='ocrx_word' id='word_1_15' title='bbox 2191 674 2357 735; x_wconf 91' lang='lat' dir='ltr'>Deus</span> <span class='ocrx_word' id='word_1_16' title='bbox 2386 672 2439 735; x_wconf 88' lang='lat' dir='ltr'><strong>A</strong></span> <span class='ocrx_word' id='word_1_17' title='bbox 2548 675 2640 736; x_wconf 83' lang='lat' dir='ltr'>Ad</span> <span class='ocrx_word' id='word_1_18' title='bbox 2672 676 2792 737; x_wconf 93' lang='lat' dir='ltr'>hoc</span> <span class='ocrx_word' id='word_1_19' title='bbox 2834 676 3173 758; x_wconf 77' lang='lat' dir='ltr'>respondet</span> <span class='ocrx_word' id='word_1_20' title='bbox 3208 676 3507 739; x_wconf 86' lang='lat' dir='ltr'>Albertus</span> <span class='ocrx_word' id='word_1_21' title='bbox 3541 693 3555 737; x_wconf 74' lang='grc' dir='ltr'><strong>ε</strong></span> <span class='ocrx_word' id='word_1_22' title='bbox 3588 675 3733 738; x_wconf 88' lang='lat' dir='ltr'>Idea</span> <span class='ocrx_word' id='word_1_23' title='bbox 3762 673 3970 756; x_wconf 88' lang='lat' dir='ltr'>tripli-</span> 
     </span>
    </p>
   </div>
   <div class='ocr_carea' id='block_1_4' title="bbox 835 774 2359 1841">
    <p class='ocr_par' dir='ltr' id='par_1_4' title="bbox 835 774 2359 1841">
     <span class='ocr_line' id='line_1_4' title="bbox 860 774 2359 856; baseline -0.002 -20"><span class='ocrx_word' id='word_1_24' title='bbox 860 782 1090 836; x_wconf 87' lang='lat' dir='ltr'>cuncta</span> <span class='ocrx_word' id='word_1_25' title='bbox 1141 775 1461 856; x_wconf 81' lang='lat' dir='ltr'>cognoscit</span> <span class='ocrx_word' id='word_1_26' title='bbox 1513 793 1625 855; x_wconf 91' lang='lat' dir='ltr'>per</span> <span class='ocrx_word' id='word_1_27' title='bbox 1674 793 1896 846; x_wconf 90' lang='lat' dir='ltr'>unum,</span> <span class='ocrx_word' id='word_1_28' title='bbox 1931 774 2050 835; x_wconf 94' lang='lat' dir='ltr'>hoc</span> <span class='ocrx_word' id='word_1_29' title='bbox 2099 780 2195 834; x_wconf 90' lang='lat' dir='ltr'>est</span> <span class='ocrx_word' id='word_1_30' title='bbox 2246 791 2359 853; x_wconf 90' lang='lat' dir='ltr'>per</span> 
     </span>
     <span class='ocr_line' id='line_1_5' title="bbox 861 871 2357 953; baseline -0.003 -19"><span class='ocrx_word' id='word_1_31' title='bbox 861 893 1041 935; x_wconf 88' lang='lat' dir='ltr'>suam</span> <span class='ocrx_word' id='word_1_32' title='bbox 1087 873 1450 946; x_wconf 83' lang='lat' dir='ltr'>essentiam,</span> <span class='ocrx_word' id='word_1_33' title='bbox 1483 872 1688 934; x_wconf 85' lang='lat' dir='ltr'>nihilo</span> <span class='ocrx_word' id='word_1_34' title='bbox 1729 872 1941 934; x_wconf 90' lang='lat' dir='ltr'>minus</span> <span class='ocrx_word' id='word_1_35' title='bbox 1985 891 2098 953; x_wconf 88' lang='lat' dir='ltr'>per</span> <span class='ocrx_word' id='word_1_36' title='bbox 2141 871 2357 953; x_wconf 88' lang='lat' dir='ltr'>plures</span> 
     </span>
     <span class='ocr_line' id='line_1_6' title="bbox 859 971 2358 1046; baseline -0.002 -13"><span class='ocrx_word' id='word_1_37' title='bbox 859 971 1156 1046; x_wconf 83' lang='lat' dir='ltr'>rationeS,</span> <span class='ocrx_word' id='word_1_38' title='bbox 1202 971 1654 1034; x_wconf 81' lang='lat' dir='ltr'>similitudines</span> <span class='ocrx_word' id='word_1_39' title='bbox 1699 991 1810 1033; x_wconf 91' lang='lat' dir='ltr'>seu</span> <span class='ocrx_word' id='word_1_40' title='bbox 1854 971 2048 1044; x_wconf 80' lang='lat' dir='ltr'>ideaS‚</span> <span class='ocrx_word' id='word_1_41' title='bbox 2095 987 2222 1031; x_wconf 91' lang='lat' dir='ltr'>non</span> <span class='ocrx_word' id='word_1_42' title='bbox 2267 987 2358 1030; x_wconf 87' lang='lat' dir='ltr'>re-</span> 
     </span>
     <span class='ocr_line' id='line_1_7' title="bbox 859 1069 2355 1133; baseline -0.002 -2"><span class='ocrx_word' id='word_1_43' title='bbox 859 1071 1044 1132; x_wconf 81' lang='lat' dir='ltr'>aliter</span> <span class='ocrx_word' id='word_1_44' title='bbox 1092 1071 1201 1133; x_wconf 86' lang='lat' dir='ltr'>sed</span> <span class='ocrx_word' id='word_1_45' title='bbox 1256 1071 1608 1133; x_wconf 89' lang='lat' dir='ltr'>secundum</span> <span class='ocrx_word' id='word_1_46' title='bbox 1663 1071 1972 1132; x_wconf 88' lang='lat' dir='ltr'>rationem</span> <span class='ocrx_word' id='word_1_47' title='bbox 2023 1069 2355 1130; x_wconf 83' lang='lat' dir='ltr'>distinctas</span> 
     </span>
     <span class='ocr_line' id='line_1_8' title="bbox 859 1165 2357 1250; baseline -0.002 -20"><span class='ocrx_word' id='word_1_48' title='bbox 859 1188 973 1250; x_wconf 87' lang='lat' dir='ltr'>per</span> <span class='ocrx_word' id='word_1_49' title='bbox 1016 1176 1374 1250; x_wconf 88' lang='lat' dir='ltr'>respectum</span> <span class='ocrx_word' id='word_1_50' title='bbox 1405 1170 1484 1230; x_wconf 90' lang='lat' dir='ltr'>ad</span> <span class='ocrx_word' id='word_1_51' title='bbox 1522 1170 1743 1230; x_wconf 88' lang='lat' dir='ltr'>ideata.</span> <span class='ocrx_word' id='word_1_52' title='bbox 1781 1169 1884 1230; x_wconf 90' lang='lat' dir='ltr'>Sic</span> <span class='ocrx_word' id='word_1_53' title='bbox 1924 1174 2136 1230; x_wconf 88' lang='lat' dir='ltr'>autem</span> <span class='ocrx_word' id='word_1_54' title='bbox 2178 1165 2357 1228; x_wconf 89' lang='lat' dir='ltr'>intel-</span> 
     </span>
     <span class='ocr_line' id='line_1_9' title="bbox 859 1265 2357 1348; baseline -0.002 -19"><span class='ocrx_word' id='word_1_55' title='bbox 859 1267 1120 1348; x_wconf 87' lang='lat' dir='ltr'>ligentia</span> <span class='ocrx_word' id='word_1_56' title='bbox 1150 1285 1276 1330; x_wconf 92' lang='lat' dir='ltr'>non</span> <span class='ocrx_word' id='word_1_57' title='bbox 1318 1268 1640 1348; x_wconf 85' lang='lat' dir='ltr'>cognoscit</span> <span class='ocrx_word' id='word_1_58' title='bbox 1679 1267 1893 1329; x_wconf 88' lang='lat' dir='ltr'>omnia</span> <span class='ocrx_word' id='word_1_59' title='bbox 1934 1267 2121 1328; x_wconf 90' lang='lat' dir='ltr'>unica</span> <span class='ocrx_word' id='word_1_60' title='bbox 2153 1265 2357 1327; x_wconf 86' lang='lat' dir='ltr'>l&#39;orma</span> 
     </span>
     <span class='ocr_line' id='line_1_10' title="bbox 859 1365 2357 1448; baseline -0.002 -21"><span class='ocrx_word' id='word_1_61' title='bbox 859 1385 972 1428; x_wconf 90' lang='lat' dir='ltr'>seu</span> <span class='ocrx_word' id='word_1_62' title='bbox 1004 1366 1216 1448; x_wconf 90' lang='lat' dir='ltr'>specie</span> <span class='ocrx_word' id='word_1_63' title='bbox 1248 1366 1517 1428; x_wconf 87' lang='lat' dir='ltr'>naturali</span> <span class='ocrx_word' id='word_1_64' title='bbox 1553 1366 1929 1446; x_wconf 81' lang='lat' dir='ltr'>cognitione.</span> <span class='ocrx_word' id='word_1_65' title='bbox 1955 1365 2144 1426; x_wconf 81' lang='lat' dir='ltr'>—Ad</span> <span class='ocrx_word' id='word_1_66' title='bbox 2176 1383 2357 1445; x_wconf 90' lang='lat' dir='ltr'>quar-</span> 
     </span>
     <span class='ocr_line' id='line_1_11' title="bbox 835 1460 2356 1546; baseline -0.001 -20"><span class='ocrx_word' id='word_1_67' title='bbox 835 1460 1019 1538; x_wconf 68' lang='lat' dir='ltr'>tum,</span> <span class='ocrx_word' id='word_1_68' title='bbox 1054 1465 1222 1546; x_wconf 91' lang='lat' dir='ltr'>quod</span> <span class='ocrx_word' id='word_1_69' title='bbox 1253 1465 1423 1527; x_wconf 91' lang='lat' dir='ltr'>Plato</span> <span class='ocrx_word' id='word_1_70' title='bbox 1455 1465 1521 1526; x_wconf 93' lang='lat' dir='ltr'>in</span> <span class='ocrx_word' id='word_1_71' title='bbox 1551 1466 1670 1527; x_wconf 93' lang='lat' dir='ltr'>hoc</span> <span class='ocrx_word' id='word_1_72' title='bbox 1702 1465 2000 1538; x_wconf 82' lang='lat' dir='ltr'>deviavit,</span> <span class='ocrx_word' id='word_1_73' title='bbox 2034 1483 2152 1525; x_wconf 84' lang='lat' dir='ltr'>nec</span> <span class='ocrx_word' id='word_1_74' title='bbox 2186 1464 2356 1525; x_wconf 86' lang='lat' dir='ltr'>theo-</span> 
     </span>
     <span class='ocr_line' id='line_1_12' title="bbox 861 1562 2354 1644; baseline -0.001 -20"><span class='ocrx_word' id='word_1_75' title='bbox 861 1563 1062 1644; x_wconf 88' lang='lat' dir='ltr'>logica</span> <span class='ocrx_word' id='word_1_76' title='bbox 1118 1562 1404 1625; x_wconf 85' lang='lat' dir='ltr'>doctrina</span> <span class='ocrx_word' id='word_1_77' title='bbox 1460 1570 1568 1625; x_wconf 87' lang='lat' dir='ltr'>aut</span> <span class='ocrx_word' id='word_1_78' title='bbox 1625 1582 1802 1625; x_wconf 90' lang='lat' dir='ltr'>sacra</span> <span class='ocrx_word' id='word_1_79' title='bbox 1858 1563 2184 1644; x_wconf 83' lang='lat' dir='ltr'>Scriptura</span> <span class='ocrx_word' id='word_1_80' title='bbox 2241 1580 2354 1642; x_wconf 91' lang='lat' dir='ltr'>per</span> 
     </span>
     <span class='ocr_line' id='line_1_13' title="bbox 861 1653 2349 1744; baseline -0.001 -21"><span class='ocrx_word' id='word_1_81' title='bbox 861 1653 1331 1744; x_wconf 70' lang='lat' dir='ltr'>philosophiam</span> <span class='ocrx_word' id='word_1_82' title='bbox 1383 1670 1477 1724; x_wconf 89' lang='lat' dir='ltr'>est</span> <span class='ocrx_word' id='word_1_83' title='bbox 1529 1662 1950 1723; x_wconf 88' lang='lat' dir='ltr'>mensuranda</span> <span class='ocrx_word' id='word_1_84' title='bbox 1996 1667 2104 1723; x_wconf 91' lang='lat' dir='ltr'>aut</span> <span class='ocrx_word' id='word_1_85' title='bbox 2151 1660 2349 1723; x_wconf 91' lang='lat' dir='ltr'>corri-</span> 
     </span>
     <span class='ocr_line' id='line_1_14' title="bbox 858 1761 2353 1841; baseline -0.001 -19"><span class='ocrx_word' id='word_1_86' title='bbox 858 1761 1082 1841; x_wconf 88' lang='lat' dir='ltr'>genda,</span> <span class='ocrx_word' id='word_1_87' title='bbox 1116 1761 1224 1822; x_wconf 89' lang='lat' dir='ltr'>sed</span> <span class='ocrx_word' id='word_1_88' title='bbox 1265 1778 1630 1833; x_wconf 86' lang='lat' dir='ltr'>econverso,</span> <span class='ocrx_word' id='word_1_89' title='bbox 1668 1761 1834 1822; x_wconf 88' lang='lat' dir='ltr'>sicut</span> <span class='ocrx_word' id='word_1_90' title='bbox 1874 1768 1936 1821; x_wconf 88' lang='lat' dir='ltr'>et</span> <span class='ocrx_word' id='word_1_91' title='bbox 1981 1761 2197 1822; x_wconf 90' lang='lat' dir='ltr'>lumen</span> <span class='ocrx_word' id='word_1_92' title='bbox 2244 1779 2353 1821; x_wconf 88' lang='lat' dir='ltr'>na-</span> 
     </span>
    </p>
   </div>
   <div class='ocr_carea' id='block_1_5' title="bbox 2462 773 3973 1843">
    <p class='ocr_par' dir='ltr' id='par_1_5' title="bbox 2462 773 3973 1843">
     <span class='ocr_line' id='line_1_15' title="bbox 2467 773 3969 850; baseline 0.001 -16"><span class='ocrx_word' id='word_1_93' title='bbox 2467 773 2627 835; x_wconf 90' lang='lat' dir='ltr'>citer</span> <span class='ocrx_word' id='word_1_94' title='bbox 2686 776 3140 838; x_wconf 84' lang='lat' dir='ltr'>consideratur.</span> <span class='ocrx_word' id='word_1_95' title='bbox 3204 776 3434 850; x_wconf 88' lang='lat' dir='ltr'>Primo,</span> <span class='ocrx_word' id='word_1_96' title='bbox 3488 776 3841 838; x_wconf 87' lang='lat' dir='ltr'>secundum</span> <span class='ocrx_word' id='word_1_97' title='bbox 3904 775 3969 836; x_wconf 90' lang='lat' dir='ltr'>id</span> 
     </span>
     <span class='ocr_line' id='line_1_16' title="bbox 2468 873 3972 954; baseline 0.002 -21"><span class='ocrx_word' id='word_1_98' title='bbox 2468 873 2636 954; x_wconf 92' lang='lat' dir='ltr'>quod</span> <span class='ocrx_word' id='word_1_99' title='bbox 2668 882 2762 935; x_wconf 91' lang='lat' dir='ltr'>est</span> <span class='ocrx_word' id='word_1_100' title='bbox 2797 891 2812 936; x_wconf 74' lang='grc' dir='ltr'><strong>ε</strong></span> <span class='ocrx_word' id='word_1_101' title='bbox 2846 882 2908 935; x_wconf 87' lang='lat' dir='ltr'>et</span> <span class='ocrx_word' id='word_1_102' title='bbox 2948 874 3040 936; x_wconf 90' lang='lat' dir='ltr'>sic</span> <span class='ocrx_word' id='word_1_103' title='bbox 3080 882 3176 936; x_wconf 88' lang='lat' dir='ltr'>est</span> <span class='ocrx_word' id='word_1_104' title='bbox 3213 874 3432 936; x_wconf 82' lang='lat' dir='ltr'>divina</span> <span class='ocrx_word' id='word_1_105' title='bbox 3471 874 3750 936; x_wconf 81' lang='lat' dir='ltr'>essentia</span> <span class='ocrx_word' id='word_1_106' title='bbox 3782 881 3847 936; x_wconf 89' lang='lat' dir='ltr'>et</span> <span class='ocrx_word' id='word_1_107' title='bbox 3878 874 3972 936; x_wconf 90' lang='lat' dir='ltr'>in-</span> 
     </span>
     <span class='ocr_line' id='line_1_17' title="bbox 2466 971 3973 1047; baseline 0.003 -15"><span class='ocrx_word' id='word_1_108' title='bbox 2466 971 2757 1033; x_wconf 88' lang='lat' dir='ltr'>tellectus</span> <span class='ocrx_word' id='word_1_109' title='bbox 2788 973 3068 1047; x_wconf 89' lang='lat' dir='ltr'>divinus,</span> <span class='ocrx_word' id='word_1_110' title='bbox 3100 981 3163 1034; x_wconf 89' lang='lat' dir='ltr'>et</span> <span class='ocrx_word' id='word_1_111' title='bbox 3201 982 3295 1035; x_wconf 87' lang='lat' dir='ltr'>est:</span> <span class='ocrx_word' id='word_1_112' title='bbox 3327 993 3454 1037; x_wconf 89' lang='lat' dir='ltr'>una</span> <span class='ocrx_word' id='word_1_113' title='bbox 3483 973 3829 1035; x_wconf 83' lang='lat' dir='ltr'>dumtaxat.</span> <span class='ocrx_word' id='word_1_114' title='bbox 3866 973 3973 1036; x_wconf 88' lang='lat' dir='ltr'>Se·</span> 
     </span>
     <span class='ocr_line' id='line_1_18' title="bbox 2469 1070 3967 1153; baseline 0.001 -23"><span class='ocrx_word' id='word_1_115' title='bbox 2469 1071 2697 1143; x_wconf 91' lang='lat' dir='ltr'>cund0‚</span> <span class='ocrx_word' id='word_1_116' title='bbox 2739 1070 2803 1132; x_wconf 90' lang='lat' dir='ltr'>in</span> <span class='ocrx_word' id='word_1_117' title='bbox 2855 1071 3326 1153; x_wconf 86' lang='lat' dir='ltr'>comparatione</span> <span class='ocrx_word' id='word_1_118' title='bbox 3376 1071 3452 1132; x_wconf 91' lang='lat' dir='ltr'>ad</span> <span class='ocrx_word' id='word_1_119' title='bbox 3504 1071 3967 1151; x_wconf 86' lang='lat' dir='ltr'>intelligentem</span> 
     </span>
     <span class='ocr_line' id='line_1_19' title="bbox 2467 1169 3969 1251; baseline 0.001 -21"><span class='ocrx_word' id='word_1_120' title='bbox 2467 1187 2578 1230; x_wconf 88' lang='lat' dir='ltr'>seu</span> <span class='ocrx_word' id='word_1_121' title='bbox 2622 1177 2991 1250; x_wconf 85' lang='lat' dir='ltr'>operantem</span> <span class='ocrx_word' id='word_1_122' title='bbox 3036 1188 3151 1251; x_wconf 87' lang='lat' dir='ltr'>per</span> <span class='ocrx_word' id='word_1_123' title='bbox 3194 1169 3401 1231; x_wconf 88' lang='lat' dir='ltr'>ideam</span> <span class='ocrx_word' id='word_1_124' title='bbox 3438 1188 3449 1230; x_wconf 93' lang='lat'>:</span> <span class='ocrx_word' id='word_1_125' title='bbox 3486 1177 3549 1230; x_wconf 87' lang='lat' dir='ltr'>et</span> <span class='ocrx_word' id='word_1_126' title='bbox 3590 1169 3683 1231; x_wconf 92' lang='lat' dir='ltr'>sic</span> <span class='ocrx_word' id='word_1_127' title='bbox 3732 1169 3969 1232; x_wconf 90' lang='lat' dir='ltr'>iterum</span> 
     </span>
     <span class='ocr_line' id='line_1_20' title="bbox 2466 1267 3968 1349; baseline 0.001 -21"><span class='ocrx_word' id='word_1_128' title='bbox 2466 1284 2594 1329; x_wconf 90' lang='lat' dir='ltr'>non</span> <span class='ocrx_word' id='word_1_129' title='bbox 2635 1275 2731 1329; x_wconf 85' lang='lat' dir='ltr'>est</span> <span class='ocrx_word' id='word_1_130' title='bbox 2781 1268 3017 1349; x_wconf 85' lang='lat' dir='ltr'>plureS,</span> <span class='ocrx_word' id='word_1_131' title='bbox 3050 1268 3158 1330; x_wconf 91' lang='lat' dir='ltr'>sed</span> <span class='ocrx_word' id='word_1_132' title='bbox 3204 1287 3332 1330; x_wconf 89' lang='lat' dir='ltr'>una</span> <span class='ocrx_word' id='word_1_133' title='bbox 3375 1275 3644 1340; x_wconf 88' lang='lat' dir='ltr'>tantum,</span> <span class='ocrx_word' id='word_1_134' title='bbox 3677 1267 3829 1349; x_wconf 89' lang='lat' dir='ltr'>quia</span> <span class='ocrx_word' id='word_1_135' title='bbox 3874 1267 3968 1329; x_wconf 89' lang='lat' dir='ltr'>in-</span> 
     </span>
     <span class='ocr_line' id='line_1_21' title="bbox 2467 1366 3969 1447; baseline 0 -20"><span class='ocrx_word' id='word_1_136' title='bbox 2467 1366 2757 1447; x_wconf 87' lang='lat' dir='ltr'>telligens</span> <span class='ocrx_word' id='word_1_137' title='bbox 2798 1376 2894 1428; x_wconf 90' lang='lat' dir='ltr'>est</span> <span class='ocrx_word' id='word_1_138' title='bbox 2933 1387 3133 1429; x_wconf 91' lang='lat' dir='ltr'>unum</span> <span class='ocrx_word' id='word_1_139' title='bbox 3174 1375 3237 1429; x_wconf 88' lang='lat' dir='ltr'>et</span> <span class='ocrx_word' id='word_1_140' title='bbox 3282 1366 3698 1441; x_wconf 88' lang='lat' dir='ltr'>indivisibile,</span> <span class='ocrx_word' id='word_1_141' title='bbox 3733 1366 3969 1428; x_wconf 87' lang='lat' dir='ltr'>intelli-</span> 
     </span>
     <span class='ocr_line' id='line_1_22' title="bbox 2463 1465 3967 1548; baseline -0.001 -21"><span class='ocrx_word' id='word_1_142' title='bbox 2463 1485 2617 1546; x_wconf 89' lang='lat' dir='ltr'>gens</span> <span class='ocrx_word' id='word_1_143' title='bbox 2652 1485 2763 1548; x_wconf 87' lang='lat' dir='ltr'>per</span> <span class='ocrx_word' id='word_1_144' title='bbox 2794 1486 2860 1528; x_wconf 91' lang='lat' dir='ltr'>se</span> <span class='ocrx_word' id='word_1_145' title='bbox 2900 1467 3132 1548; x_wconf 88' lang='lat' dir='ltr'>ipsum.</span> <span class='ocrx_word' id='word_1_146' title='bbox 3170 1466 3401 1539; x_wconf 88' lang='lat' dir='ltr'>Terti0,</span> <span class='ocrx_word' id='word_1_147' title='bbox 3434 1484 3551 1548; x_wconf 89' lang='lat' dir='ltr'>per</span> <span class='ocrx_word' id='word_1_148' title='bbox 3589 1465 3967 1528; x_wconf 86' lang='lat' dir='ltr'>relationem</span> 
     </span>
     <span class='ocr_line' id='line_1_23' title="bbox 2464 1564 3967 1646; baseline 0 -21"><span class='ocrx_word' id='word_1_149' title='bbox 2464 1565 2543 1625; x_wconf 91' lang='lat' dir='ltr'>ad</span> <span class='ocrx_word' id='word_1_150' title='bbox 2585 1582 2776 1646; x_wconf 89' lang='lat' dir='ltr'>opera</span> <span class='ocrx_word' id='word_1_151' title='bbox 2818 1582 3090 1646; x_wconf 90' lang='lat' dir='ltr'>quorum</span> <span class='ocrx_word' id='word_1_152' title='bbox 3136 1573 3233 1627; x_wconf 87' lang='lat' dir='ltr'>est</span> <span class='ocrx_word' id='word_1_153' title='bbox 3281 1565 3423 1627; x_wconf 87' lang='lat' dir='ltr'>idea</span> <span class='ocrx_word' id='word_1_154' title='bbox 3466 1582 3480 1626; x_wconf 92' lang='lat'>:</span> <span class='ocrx_word' id='word_1_155' title='bbox 3524 1571 3585 1627; x_wconf 88' lang='lat' dir='ltr'>et</span> <span class='ocrx_word' id='word_1_156' title='bbox 3634 1564 3729 1626; x_wconf 92' lang='lat' dir='ltr'>sic</span> <span class='ocrx_word' id='word_1_157' title='bbox 3772 1564 3967 1626; x_wconf 87' lang='lat' dir='ltr'>habet</span> 
     </span>
     <span class='ocr_line' id='line_1_24' title="bbox 2464 1663 3958 1746; baseline -0.001 -21"><span class='ocrx_word' id='word_1_158' title='bbox 2464 1663 2893 1745; x_wconf 86' lang='lat' dir='ltr'>pluralitatem</span> <span class='ocrx_word' id='word_1_159' title='bbox 2947 1683 3025 1726; x_wconf 88' lang='lat' dir='ltr'>ex</span> <span class='ocrx_word' id='word_1_160' title='bbox 3074 1671 3252 1746; x_wconf 89' lang='lat' dir='ltr'>parte</span> <span class='ocrx_word' id='word_1_161' title='bbox 3312 1671 3639 1745; x_wconf 87' lang='lat' dir='ltr'>respectus</span> <span class='ocrx_word' id='word_1_162' title='bbox 3698 1664 3776 1726; x_wconf 91' lang='lat' dir='ltr'>ad</span> <span class='ocrx_word' id='word_1_163' title='bbox 3830 1663 3958 1724; x_wconf 89' lang='lat' dir='ltr'>illa.</span> 
     </span>
     <span class='ocr_line' id='line_1_25' title="bbox 2462 1761 3969 1843; baseline 0 -19"><span class='ocrx_word' id='word_1_164' title='bbox 2462 1762 2621 1824; x_wconf 90' lang='lat' dir='ltr'>Hinc</span> <span class='ocrx_word' id='word_1_165' title='bbox 2672 1781 2815 1825; x_wconf 91' lang='lat' dir='ltr'>meo</span> <span class='ocrx_word' id='word_1_166' title='bbox 2858 1763 3124 1843; x_wconf 88' lang='lat' dir='ltr'>judicio,</span> <span class='ocrx_word' id='word_1_167' title='bbox 3172 1763 3401 1824; x_wconf 89' lang='lat' dir='ltr'>melius</span> <span class='ocrx_word' id='word_1_168' title='bbox 3450 1762 3687 1824; x_wconf 91' lang='lat' dir='ltr'>dicitur</span> <span class='ocrx_word' id='word_1_169' title='bbox 3737 1761 3969 1824; x_wconf 89' lang='lat' dir='ltr'>multo—</span> 
     </span>
    </p>
   </div>
   <div class='ocr_carea' id='block_1_6' title="bbox 859 1858 3967 1943">
    <p class='ocr_par' dir='ltr' id='par_1_6' title="bbox 859 1858 3967 1943">
     <span class='ocr_line' id='line_1_26' title="bbox 859 1858 3967 1943; baseline 0.001 -24"><span class='ocrx_word' id='word_1_170' title='bbox 859 1858 1059 1920; x_wconf 86' lang='lat' dir='ltr'>turale</span> <span class='ocrx_word' id='word_1_171' title='bbox 1111 1859 1398 1934; x_wconf 86' lang='lat' dir='ltr'>l&#39;allibile,</span> <span class='ocrx_word' id='word_1_172' title='bbox 1443 1879 1556 1941; x_wconf 86' lang='lat' dir='ltr'>per</span> <span class='ocrx_word' id='word_1_173' title='bbox 1605 1859 1820 1921; x_wconf 89' lang='lat' dir='ltr'>lumen</span> <span class='ocrx_word' id='word_1_174' title='bbox 1870 1858 2348 1941; x_wconf 81' lang='lat' dir='ltr'>supernaturale</span> <span class='ocrx_word' id='word_1_175' title='bbox 2386 1859 2433 1922; x_wconf 92' lang='grc' dir='ltr'><strong>Β</strong></span> <span class='ocrx_word' id='word_1_176' title='bbox 2464 1881 2607 1924; x_wconf 92' lang='lat' dir='ltr'>rum</span> <span class='ocrx_word' id='word_1_177' title='bbox 2666 1863 2826 1934; x_wconf 88' lang='lat' dir='ltr'>idea,</span> <span class='ocrx_word' id='word_1_178' title='bbox 2878 1881 3069 1943; x_wconf 90' lang='lat' dir='ltr'>quam</span> <span class='ocrx_word' id='word_1_179' title='bbox 3132 1861 3347 1924; x_wconf 78' lang='lat' dir='ltr'>multae</span> <span class='ocrx_word' id='word_1_180' title='bbox 3402 1861 3576 1924; x_wconf 79' lang='lat' dir='ltr'>ideae.</span> <span class='ocrx_word' id='word_1_181' title='bbox 3630 1898 3711 1906; x_wconf 95' lang='lat'>-—</span> <span class='ocrx_word' id='word_1_182' title='bbox 3758 1861 3967 1941; x_wconf 82' lang='lat' dir='ltr'>Hujus</span> 
     </span>
    </p>
   </div>
   <div class='ocr_carea' id='block_1_7' title="bbox 859 1957 1213 2020">
    <p class='ocr_par' dir='ltr' id='par_1_7' title="bbox 859 1957 1213 2020">
     <span class='ocr_line' id='line_1_27' title="bbox 859 1957 1213 2020; baseline -0.006 0"><span class='ocrx_word' id='word_1_183' title='bbox 859 1957 1213 2020; x_wconf 80' lang='lat' dir='ltr'>infallibile.</span> 
     </span>
    </p>
   </div>
   <div class='ocr_carea' id='block_1_8' title="bbox 1294 2221 1925 2296">
    <p class='ocr_par' dir='ltr' id='par_1_8' title="bbox 1294 2221 1925 2296">
     <span class='ocr_line' id='line_1_28' title="bbox 1294 2221 1925 2296; baseline -0.003 -12"><span class='ocrx_word' id='word_1_184' title='bbox 1294 2221 1768 2296; x_wconf 83' lang='lat' dir='ltr'>QUAESTIO</span> <span class='ocrx_word' id='word_1_185' title='bbox 1849 2221 1925 2283; x_wconf 93' lang='lat' dir='ltr'>II</span> 
     </span>
    </p>
   </div>
   <div class='ocr_carea' id='block_1_9' title="bbox 982 2449 2351 2630">
    <p class='ocr_par' dir='ltr' id='par_1_9' title="bbox 982 2449 2351 2630">
     <span class='ocr_line' id='line_1_29' title="bbox 982 2449 2349 2532; baseline 0 -20"><span class='ocrx_word' id='word_1_186' title='bbox 982 2451 1242 2513; x_wconf 91' lang='lat' dir='ltr'>Ecundo</span> <span class='ocrx_word' id='word_1_187' title='bbox 1277 2450 1715 2532; x_wconf 86' lang='lat' dir='ltr'>principaliter</span> <span class='ocrx_word' id='word_1_188' title='bbox 1746 2449 2071 2531; x_wconf 86' lang='lat' dir='ltr'>quaeritur‚</span> <span class='ocrx_word' id='word_1_189' title='bbox 2105 2449 2234 2513; x_wconf 87' lang='lat' dir='ltr'>An</span> <span class='ocrx_word' id='word_1_190' title='bbox 2265 2450 2349 2513; x_wconf 87' lang='lat' dir='ltr'>in</span> 
     </span>
     <span class='ocr_line' id='line_1_30' title="bbox 1007 2547 2351 2630; baseline -0.003 -14"><span class='ocrx_word' id='word_1_191' title='bbox 1007 2553 1168 2616; x_wconf 91' lang='lat' dir='ltr'>Deo</span> <span class='ocrx_word' id='word_1_192' title='bbox 1219 2551 1386 2616; x_wconf 79' lang='lat' dir='ltr'>sint</span> <span class='ocrx_word' id='word_1_193' title='bbox 1439 2550 1714 2630; x_wconf 85' lang='lat' dir='ltr'>plures</span> <span class='ocrx_word' id='word_1_194' title='bbox 1775 2547 1996 2628; x_wconf 76' lang='lat' dir='ltr'>ideae,</span> <span class='ocrx_word' id='word_1_195' title='bbox 2048 2549 2210 2613; x_wconf 78' lang='lat' dir='ltr'>imo</span> <span class='ocrx_word' id='word_1_196' title='bbox 2270 2549 2351 2612; x_wconf 88' lang='lat' dir='ltr'>et</span> 
     </span>
    </p>
   </div>
   <div class='ocr_carea' id='block_1_10' title="bbox 856 2648 2350 2828">
    <p class='ocr_par' dir='ltr' id='par_1_10' title="bbox 856 2648 2350 2828">
     <span class='ocr_line' id='line_1_31' title="bbox 856 2648 1896 2730; baseline -0.001 -15"><span class='ocrx_word' id='word_1_197' title='bbox 856 2648 1212 2715; x_wconf 79' lang='lat' dir='ltr'>omnium</span> <span class='ocrx_word' id='word_1_198' title='bbox 1255 2664 1427 2730; x_wconf 76' lang='lat' dir='ltr'>quae</span> <span class='ocrx_word' id='word_1_199' title='bbox 1468 2649 1896 2726; x_wconf 77' lang='lat' dir='ltr'>cognoscit.</span> 
     </span>
     <span class='ocr_line' id='line_1_32' title="bbox 935 2745 2350 2828; baseline -0.003 -19"><span class='ocrx_word' id='word_1_200' title='bbox 935 2748 1143 2809; x_wconf 88' lang='lat' dir='ltr'>Primo</span> <span class='ocrx_word' id='word_1_201' title='bbox 1201 2755 1464 2828; x_wconf 84' lang='lat' dir='ltr'>apparet</span> <span class='ocrx_word' id='word_1_202' title='bbox 1512 2747 1680 2828; x_wconf 92' lang='lat' dir='ltr'>quod</span> <span class='ocrx_word' id='word_1_203' title='bbox 1732 2746 1795 2807; x_wconf 92' lang='lat' dir='ltr'>in</span> <span class='ocrx_word' id='word_1_204' title='bbox 1857 2747 1984 2807; x_wconf 90' lang='lat' dir='ltr'>Deo</span> <span class='ocrx_word' id='word_1_205' title='bbox 2037 2761 2163 2806; x_wconf 92' lang='lat' dir='ltr'>non</span> <span class='ocrx_word' id='word_1_206' title='bbox 2222 2745 2350 2805; x_wconf 91' lang='lat' dir='ltr'>sint</span> 
     </span>
    </p>
   </div>
   <div class='ocr_carea' id='block_1_11' title="bbox 859 2845 2350 3026">
    <p class='ocr_par' dir='ltr' id='par_1_11' title="bbox 859 2845 2350 3026">
     <span class='ocr_line' id='line_1_33' title="bbox 859 2845 2350 2930; baseline -0.003 -21"><span class='ocrx_word' id='word_1_207' title='bbox 859 2848 1072 2930; x_wconf 90' lang='lat' dir='ltr'>plures</span> <span class='ocrx_word' id='word_1_208' title='bbox 1107 2847 1283 2920; x_wconf 78' lang='lat' dir='ltr'>idcae,</span> <span class='ocrx_word' id='word_1_209' title='bbox 1318 2865 1517 2927; x_wconf 89' lang='lat' dir='ltr'>quum</span> <span class='ocrx_word' id='word_1_210' title='bbox 1560 2846 1698 2907; x_wconf 87' lang='lat' dir='ltr'>idea</span> <span class='ocrx_word' id='word_1_211' title='bbox 1729 2853 1792 2907; x_wconf 87' lang='lat' dir='ltr'>et</span> <span class='ocrx_word' id='word_1_212' title='bbox 1832 2845 2048 2906; x_wconf 87' lang='lat' dir='ltr'>divina</span> <span class='ocrx_word' id='word_1_213' title='bbox 2074 2845 2350 2906; x_wconf 87' lang='lat' dir='ltr'>essentia</span> 
     </span>
     <span class='ocr_line' id='line_1_34' title="bbox 861 2942 2347 3026; baseline -0.003 -19"><span class='ocrx_word' id='word_1_214' title='bbox 861 2947 1028 3008; x_wconf 86' lang='lat' dir='ltr'>idem</span> <span class='ocrx_word' id='word_1_215' title='bbox 1060 2945 1206 3006; x_wconf 88' lang='lat' dir='ltr'>sint.</span> <span class='ocrx_word' id='word_1_216' title='bbox 1230 2981 1310 2989; x_wconf 89' lang='lat'>—</span> <span class='ocrx_word' id='word_1_217' title='bbox 1340 2944 1652 3016; x_wconf 85' lang='lat' dir='ltr'>SecundO,</span> <span class='ocrx_word' id='word_1_218' title='bbox 1678 2944 1830 3026; x_wconf 90' lang='lat' dir='ltr'>quia</span> <span class='ocrx_word' id='word_1_219' title='bbox 1859 2942 2189 3024; x_wconf 90' lang='lat' dir='ltr'>pluralitas</span> <span class='ocrx_word' id='word_1_220' title='bbox 2221 2943 2347 3003; x_wconf 89' lang='lat' dir='ltr'>ide-</span> 
     </span>
    </p>
   </div>
   <div class='ocr_carea' id='block_1_12' title="bbox 2462 1959 4295 2082">
    <p class='ocr_par' dir='ltr' id='par_1_12' title="bbox 2462 1959 4295 2082">
     <span class='ocr_line' id='line_1_35' title="bbox 2462 1959 4295 2042; baseline -0.003 -20"><span class='ocrx_word' id='word_1_221' title='bbox 2462 1960 2826 2042; x_wconf 88' lang='lat' dir='ltr'>exemplum</span> <span class='ocrx_word' id='word_1_222' title='bbox 2878 1961 2937 2022; x_wconf 93' lang='lat' dir='ltr'>S.</span> <span class='ocrx_word' id='word_1_223' title='bbox 2992 1960 3329 2042; x_wconf 84' lang='lat' dir='ltr'>Dionysius</span> <span class='ocrx_word' id='word_1_224' title='bbox 3390 1960 3573 2041; x_wconf 90' lang='lat' dir='ltr'>ponit</span> <span class='ocrx_word' id='word_1_225' title='bbox 3620 1959 3687 2022; x_wconf 91' lang='lat' dir='ltr'>in</span> <span class='ocrx_word' id='word_1_226' title='bbox 3740 1968 3965 2022; x_wconf 89' lang='lat' dir='ltr'>centro</span> <span class='ocrx_word' id='word_1_227' title='bbox 4052 1975 4121 2018; x_wconf 71' lang='lat' dir='ltr'>ne</span> <span class='ocrx_word' id='word_1_228' title='bbox 4146 1975 4295 2018; x_wconf 53' lang='lat' dir='ltr'>nis-tn.</span> 
     </span>
     <span class='ocr_line' id='line_1_36' title="bbox 3996 2051 4261 2082; baseline -0.004 0"><span class='ocrx_word' id='word_1_229' title='bbox 3996 2051 4129 2082; x_wconf 69' lang='lat' dir='ltr'>nom.</span> <span class='ocrx_word' id='word_1_230' title='bbox 4153 2052 4196 2081; x_wconf 79' lang='lat' dir='ltr'>e.</span> <span class='ocrx_word' id='word_1_231' title='bbox 4216 2054 4261 2081; x_wconf 66' lang='grc' dir='ltr'>Υ.</span> 
     </span>
    </p>
   </div>
   <div class='ocr_carea' id='block_1_13' title="bbox 2462 2057 3977 3016">
    <p class='ocr_par' dir='ltr' id='par_1_13' title="bbox 2462 2057 3977 3016">
     <span class='ocr_line' id='line_1_37' title="bbox 2463 2057 3963 2139; baseline 0 -19"><span class='ocrx_word' id='word_1_232' title='bbox 2463 2058 2711 2132; x_wconf 90' lang='lat' dir='ltr'>circuli,</span> <span class='ocrx_word' id='word_1_233' title='bbox 2784 2059 2952 2139; x_wconf 90' lang='lat' dir='ltr'>quod</span> <span class='ocrx_word' id='word_1_234' title='bbox 3018 2066 3115 2120; x_wconf 89' lang='lat' dir='ltr'>est</span> <span class='ocrx_word' id='word_1_235' title='bbox 3181 2057 3572 2139; x_wconf 88' lang='lat' dir='ltr'>principium</span> <span class='ocrx_word' id='word_1_236' title='bbox 3644 2057 3963 2120; x_wconf 87' lang='lat' dir='ltr'>linearum</span> 
     </span>
     <span class='ocr_line' id='line_1_38' title="bbox 2462 2155 3961 2238; baseline -0.001 -18"><span class='ocrx_word' id='word_1_237' title='bbox 2462 2158 2923 2238; x_wconf 85' lang='lat' dir='ltr'>egredientium</span> <span class='ocrx_word' id='word_1_238' title='bbox 2956 2157 3035 2218; x_wconf 93' lang='lat' dir='ltr'>ab</span> <span class='ocrx_word' id='word_1_239' title='bbox 3066 2157 3205 2238; x_wconf 90' lang='lat' dir='ltr'>ipso</span> <span class='ocrx_word' id='word_1_240' title='bbox 3234 2157 3313 2218; x_wconf 88' lang='lat' dir='ltr'>ad</span> <span class='ocrx_word' id='word_1_241' title='bbox 3349 2155 3961 2230; x_wconf 79' lang='lat' dir='ltr'>circumferentiam,</span> 
     </span>
     <span class='ocr_line' id='line_1_39' title="bbox 2462 2254 3973 2338; baseline -0.001 -20"><span class='ocrx_word' id='word_1_242' title='bbox 2462 2265 2523 2318; x_wconf 85' lang='lat' dir='ltr'>et</span> <span class='ocrx_word' id='word_1_243' title='bbox 2564 2256 2754 2317; x_wconf 87' lang='lat' dir='ltr'>etiam</span> <span class='ocrx_word' id='word_1_244' title='bbox 2798 2254 3187 2338; x_wconf 90' lang='lat' dir='ltr'>principium</span> <span class='ocrx_word' id='word_1_245' title='bbox 3228 2254 3783 2328; x_wconf 58' lang='lat' dir='ltr'>circumferentia),</span> <span class='ocrx_word' id='word_1_246' title='bbox 3815 2274 3973 2337; x_wconf 88' lang='lat' dir='ltr'>quo-</span> 
     </span>
     <span class='ocr_line' id='line_1_40' title="bbox 2464 2352 3967 2433; baseline -0.001 -17"><span class='ocrx_word' id='word_1_247' title='bbox 2464 2355 2635 2416; x_wconf 88' lang='lat' dir='ltr'>niam</span> <span class='ocrx_word' id='word_1_248' title='bbox 2700 2361 2827 2415; x_wconf 86' lang='lat' dir='ltr'>tota</span> <span class='ocrx_word' id='word_1_249' title='bbox 2893 2352 3413 2415; x_wconf 74' lang='lat' dir='ltr'>circumferentia</span> <span class='ocrx_word' id='word_1_250' title='bbox 3476 2361 3815 2433; x_wconf 86' lang='lat' dir='ltr'>generatur</span> <span class='ocrx_word' id='word_1_251' title='bbox 3884 2373 3967 2416; x_wconf 81' lang='lat' dir='ltr'>ex</span> 
     </span>
     <span class='ocr_line' id='line_1_41' title="bbox 2464 2451 3974 2534; baseline 0 -20"><span class='ocrx_word' id='word_1_252' title='bbox 2464 2453 2602 2534; x_wconf 87' lang='lat' dir='ltr'>ipso</span> <span class='ocrx_word' id='word_1_253' title='bbox 2652 2461 2714 2514; x_wconf 87' lang='lat' dir='ltr'>et</span> <span class='ocrx_word' id='word_1_254' title='bbox 2758 2459 3049 2514; x_wconf 90' lang='lat' dir='ltr'>movetur</span> <span class='ocrx_word' id='word_1_255' title='bbox 3092 2470 3168 2513; x_wconf 88' lang='lat' dir='ltr'>ex</span> <span class='ocrx_word' id='word_1_256' title='bbox 3213 2451 3343 2526; x_wconf 93' lang='lat' dir='ltr'>illo,</span> <span class='ocrx_word' id='word_1_257' title='bbox 3380 2459 3449 2512; x_wconf 88' lang='lat' dir='ltr'>ut</span> <span class='ocrx_word' id='word_1_258' title='bbox 3490 2451 3829 2513; x_wconf 85' lang='lat' dir='ltr'>adstruunt</span> <span class='ocrx_word' id='word_1_259' title='bbox 3878 2471 3974 2514; x_wconf 88' lang='lat' dir='ltr'>sa-</span> 
     </span>
     <span class='ocr_line' id='line_1_42' title="bbox 2463 2550 3971 2633; baseline 0.001 -21"><span class='ocrx_word' id='word_1_260' title='bbox 2463 2551 2749 2633; x_wconf 88' lang='lat' dir='ltr'>pientes;</span> <span class='ocrx_word' id='word_1_261' title='bbox 2782 2559 2845 2612; x_wconf 87' lang='lat' dir='ltr'>ct</span> <span class='ocrx_word' id='word_1_262' title='bbox 2876 2550 3087 2632; x_wconf 92' lang='lat' dir='ltr'>ipsum</span> <span class='ocrx_word' id='word_1_263' title='bbox 3128 2557 3223 2612; x_wconf 89' lang='lat' dir='ltr'>est</span> <span class='ocrx_word' id='word_1_264' title='bbox 3264 2569 3467 2612; x_wconf 92' lang='lat' dir='ltr'>unum</span> <span class='ocrx_word' id='word_1_265' title='bbox 3505 2551 3861 2612; x_wconf 86' lang='lat' dir='ltr'>secundum</span> <span class='ocrx_word' id='word_1_266' title='bbox 3903 2552 3971 2613; x_wconf 91' lang='lat' dir='ltr'>id</span> 
     </span>
     <span class='ocr_line' id='line_1_43' title="bbox 2464 2647 3973 2731; baseline 0.001 -21"><span class='ocrx_word' id='word_1_267' title='bbox 2464 2650 2633 2731; x_wconf 84' lang='lat' dir='ltr'>quod</span> <span class='ocrx_word' id='word_1_268' title='bbox 2672 2657 2785 2711; x_wconf 88' lang='lat' dir='ltr'>est.</span> <span class='ocrx_word' id='word_1_269' title='bbox 2822 2649 2898 2710; x_wconf 91' lang='lat' dir='ltr'>Et</span> <span class='ocrx_word' id='word_1_270' title='bbox 2938 2649 2990 2710; x_wconf 89' lang='lat' dir='ltr'>si</span> <span class='ocrx_word' id='word_1_271' title='bbox 3034 2667 3345 2730; x_wconf 88' lang='lat' dir='ltr'>ponamus</span> <span class='ocrx_word' id='word_1_272' title='bbox 3379 2649 3442 2709; x_wconf 91' lang='lat' dir='ltr'>in</span> <span class='ocrx_word' id='word_1_273' title='bbox 3484 2647 3622 2729; x_wconf 92' lang='lat' dir='ltr'>ipso</span> <span class='ocrx_word' id='word_1_274' title='bbox 3660 2667 3799 2711; x_wconf 89' lang='lat' dir='ltr'>esse</span> <span class='ocrx_word' id='word_1_275' title='bbox 3832 2668 3973 2712; x_wconf 86' lang='lat' dir='ltr'>mo-</span> 
     </span>
     <span class='ocr_line' id='line_1_44' title="bbox 2464 2746 3976 2829; baseline 0.001 -21"><span class='ocrx_word' id='word_1_276' title='bbox 2464 2757 2663 2810; x_wconf 89' lang='lat' dir='ltr'>torcm</span> <span class='ocrx_word' id='word_1_277' title='bbox 2724 2746 3257 2809; x_wconf 78' lang='lat' dir='ltr'>circumferentiae</span> <span class='ocrx_word' id='word_1_278' title='bbox 3304 2755 3368 2807; x_wconf 91' lang='lat' dir='ltr'>et</span> <span class='ocrx_word' id='word_1_279' title='bbox 3418 2765 3672 2809; x_wconf 89' lang='lat' dir='ltr'>movere</span> <span class='ocrx_word' id='word_1_280' title='bbox 3729 2765 3845 2829; x_wconf 92' lang='lat' dir='ltr'>per</span> <span class='ocrx_word' id='word_1_281' title='bbox 3899 2748 3976 2810; x_wconf 86' lang='lat' dir='ltr'>li-</span> 
     </span>
     <span class='ocr_line' id='line_1_45' title="bbox 2462 2843 3977 2926; baseline 0 -18"><span class='ocrx_word' id='word_1_282' title='bbox 2462 2865 2611 2908; x_wconf 91' lang='lat' dir='ltr'>neas</span> <span class='ocrx_word' id='word_1_283' title='bbox 2642 2845 3037 2926; x_wconf 88' lang='lat' dir='ltr'>egredientes</span> <span class='ocrx_word' id='word_1_284' title='bbox 3069 2845 3227 2907; x_wconf 90' lang='lat' dir='ltr'>sicut</span> <span class='ocrx_word' id='word_1_285' title='bbox 3259 2844 3417 2906; x_wconf 88' lang='lat' dir='ltr'>radii</span> <span class='ocrx_word' id='word_1_286' title='bbox 3448 2843 3527 2906; x_wconf 89' lang='lat' dir='ltr'>ab</span> <span class='ocrx_word' id='word_1_287' title='bbox 3556 2863 3672 2906; x_wconf 79' lang='lat' dir='ltr'>axe</span> <span class='ocrx_word' id='word_1_288' title='bbox 3704 2845 3977 2908; x_wconf 90' lang='lat' dir='ltr'>circum-</span> 
     </span>
     <span class='ocr_line' id='line_1_46' title="bbox 2462 2943 3971 3016; baseline 0.001 -11"><span class='ocrx_word' id='word_1_289' title='bbox 2462 2945 2797 3006; x_wconf 82' lang='lat' dir='ltr'>ferentiam</span> <span class='ocrx_word' id='word_1_290' title='bbox 2859 2950 3113 3006; x_wconf 89' lang='lat' dir='ltr'>movent</span> <span class='ocrx_word' id='word_1_291' title='bbox 3168 2943 3234 3005; x_wconf 91' lang='lat' dir='ltr'>in</span> <span class='ocrx_word' id='word_1_292' title='bbox 3284 2950 3441 3016; x_wconf 90' lang='lat' dir='ltr'>rota,</span> <span class='ocrx_word' id='word_1_293' title='bbox 3493 2943 3613 3005; x_wconf 86' lang='lat' dir='ltr'>erit</span> <span class='ocrx_word' id='word_1_294' title='bbox 3670 2951 3971 3006; x_wconf 87' lang='lat' dir='ltr'>centrum</span> 
     </span>
    </p>
   </div>
   <div class='ocr_carea' id='block_1_14' title="bbox 857 3040 3971 3125">
    <p class='ocr_par' dir='ltr' id='par_1_14' title="bbox 857 3040 3971 3125">
     <span class='ocr_line' id='line_1_47' title="bbox 857 3040 3971 3125; baseline -0.001 -18"><span class='ocrx_word' id='word_1_295' title='bbox 857 3063 1040 3107; x_wconf 91' lang='lat' dir='ltr'>arum</span> <span class='ocrx_word' id='word_1_296' title='bbox 1081 3062 1208 3105; x_wconf 92' lang='lat' dir='ltr'>non</span> <span class='ocrx_word' id='word_1_297' title='bbox 1246 3050 1342 3104; x_wconf 90' lang='lat' dir='ltr'>est</span> <span class='ocrx_word' id='word_1_298' title='bbox 1379 3042 1502 3104; x_wconf 89' lang='lat' dir='ltr'>nisi</span> <span class='ocrx_word' id='word_1_299' title='bbox 1545 3042 1897 3104; x_wconf 89' lang='lat' dir='ltr'>secundum</span> <span class='ocrx_word' id='word_1_300' title='bbox 1939 3041 2247 3103; x_wconf 89' lang='lat' dir='ltr'>rationem</span> <span class='ocrx_word' id='word_1_301' title='bbox 2290 3049 2351 3102; x_wconf 89' lang='lat' dir='ltr'>et</span> <span class='ocrx_word' id='word_1_302' title='bbox 2389 3040 2431 3103; x_wconf 94' lang='lat' dir='ltr'>C</span> <span class='ocrx_word' id='word_1_303' title='bbox 2465 3043 2529 3104; x_wconf 92' lang='lat' dir='ltr'>in</span> <span class='ocrx_word' id='word_1_304' title='bbox 2574 3041 3043 3125; x_wconf 87' lang='lat' dir='ltr'>comparatione</span> <span class='ocrx_word' id='word_1_305' title='bbox 3088 3041 3281 3103; x_wconf 90' lang='lat' dir='ltr'>totius</span> <span class='ocrx_word' id='word_1_306' title='bbox 3325 3048 3534 3103; x_wconf 90' lang='lat' dir='ltr'>motus</span> <span class='ocrx_word' id='word_1_307' title='bbox 3579 3059 3819 3120; x_wconf 90' lang='lat' dir='ltr'>unum;</span> <span class='ocrx_word' id='word_1_308' title='bbox 3852 3044 3971 3104; x_wconf 89' lang='lat' dir='ltr'>sed</span> 
     </span>
    </p>
   </div>
   <div class='ocr_carea' id='block_1_15' title="bbox 855 3139 2355 4211">
    <p class='ocr_par' dir='ltr' id='par_1_15' title="bbox 855 3139 2355 4211">
     <span class='ocr_line' id='line_1_48' title="bbox 860 3139 2351 3221; baseline -0.003 -16"><span class='ocrx_word' id='word_1_309' title='bbox 860 3142 1228 3206; x_wconf 88' lang='lat' dir='ltr'>relationem</span> <span class='ocrx_word' id='word_1_310' title='bbox 1277 3143 1354 3203; x_wconf 90' lang='lat' dir='ltr'>ad</span> <span class='ocrx_word' id='word_1_311' title='bbox 1408 3142 1610 3203; x_wconf 89' lang='lat' dir='ltr'>ideata</span> <span class='ocrx_word' id='word_1_312' title='bbox 1660 3159 1673 3202; x_wconf 93' lang='lat'>:</span> <span class='ocrx_word' id='word_1_313' title='bbox 1727 3159 1875 3221; x_wconf 90' lang='lat' dir='ltr'>ergo</span> <span class='ocrx_word' id='word_1_314' title='bbox 1925 3159 2050 3202; x_wconf 89' lang='lat' dir='ltr'>non</span> <span class='ocrx_word' id='word_1_315' title='bbox 2100 3140 2220 3201; x_wconf 81' lang='lat' dir='ltr'>suit</span> <span class='ocrx_word' id='word_1_316' title='bbox 2270 3139 2351 3201; x_wconf 91' lang='lat' dir='ltr'>ab</span> 
     </span>
     <span class='ocr_line' id='line_1_49' title="bbox 857 3238 2350 3322; baseline -0.004 -17"><span class='ocrx_word' id='word_1_317' title='bbox 857 3250 1094 3306; x_wconf 80' lang='lat' dir='ltr'>aetcrno</span> <span class='ocrx_word' id='word_1_318' title='bbox 1140 3241 1204 3304; x_wconf 92' lang='lat' dir='ltr'>in</span> <span class='ocrx_word' id='word_1_319' title='bbox 1247 3242 1394 3315; x_wconf 87' lang='lat' dir='ltr'>Deo,</span> <span class='ocrx_word' id='word_1_320' title='bbox 1426 3259 1576 3322; x_wconf 87' lang='lat' dir='ltr'>ergo</span> <span class='ocrx_word' id='word_1_321' title='bbox 1618 3260 1735 3301; x_wconf 90' lang='lat' dir='ltr'>nec</span> <span class='ocrx_word' id='word_1_322' title='bbox 1780 3241 1986 3313; x_wconf 82' lang='lat' dir='ltr'>mode,</span> <span class='ocrx_word' id='word_1_323' title='bbox 2023 3259 2222 3322; x_wconf 94' lang='lat' dir='ltr'>quum</span> <span class='ocrx_word' id='word_1_324' title='bbox 2262 3238 2350 3299; x_wconf 93' lang='lat' dir='ltr'>nil</span> 
     </span>
     <span class='ocr_line' id='line_1_50' title="bbox 859 3339 2346 3423; baseline -0.005 -19"><span class='ocrx_word' id='word_1_325' title='bbox 859 3342 1007 3404; x_wconf 89' lang='lat' dir='ltr'>novi</span> <span class='ocrx_word' id='word_1_326' title='bbox 1060 3342 1256 3423; x_wconf 86' lang='lat' dir='ltr'>possit</span> <span class='ocrx_word' id='word_1_327' title='bbox 1305 3359 1444 3402; x_wconf 88' lang='lat' dir='ltr'>esse</span> <span class='ocrx_word' id='word_1_328' title='bbox 1495 3340 1560 3402; x_wconf 92' lang='lat' dir='ltr'>in</span> <span class='ocrx_word' id='word_1_329' title='bbox 1612 3339 1971 3401; x_wconf 89' lang='lat' dir='ltr'>invariabili</span> <span class='ocrx_word' id='word_1_330' title='bbox 2024 3340 2134 3402; x_wconf 91' lang='lat' dir='ltr'>illo</span> <span class='ocrx_word' id='word_1_331' title='bbox 2183 3345 2346 3401; x_wconf 89' lang='lat' dir='ltr'>cntc.</span> 
     </span>
     <span class='ocr_line' id='line_1_51' title="bbox 856 3437 2352 3521; baseline -0.004 -18"><span class='ocrx_word' id='word_1_332' title='bbox 856 3476 938 3485; x_wconf 94' lang='lat'>—</span> <span class='ocrx_word' id='word_1_333' title='bbox 967 3440 1204 3503; x_wconf 88' lang='lat' dir='ltr'>Deinde</span> <span class='ocrx_word' id='word_1_334' title='bbox 1253 3445 1515 3521; x_wconf 88' lang='lat' dir='ltr'>apparet</span> <span class='ocrx_word' id='word_1_335' title='bbox 1559 3439 1730 3519; x_wconf 89' lang='lat' dir='ltr'>quod</span> <span class='ocrx_word' id='word_1_336' title='bbox 1773 3439 1836 3499; x_wconf 90' lang='lat' dir='ltr'>in</span> <span class='ocrx_word' id='word_1_337' title='bbox 1881 3438 2009 3499; x_wconf 89' lang='lat' dir='ltr'>Deo</span> <span class='ocrx_word' id='word_1_338' title='bbox 2052 3456 2178 3499; x_wconf 88' lang='lat' dir='ltr'>non</span> <span class='ocrx_word' id='word_1_339' title='bbox 2224 3437 2352 3497; x_wconf 90' lang='lat' dir='ltr'>sint</span> 
     </span>
     <span class='ocr_line' id='line_1_52' title="bbox 857 3535 2355 3619; baseline -0.004 -18"><span class='ocrx_word' id='word_1_340' title='bbox 857 3540 1013 3602; x_wconf 78' lang='lat' dir='ltr'>ideae</span> <span class='ocrx_word' id='word_1_341' title='bbox 1044 3538 1332 3601; x_wconf 91' lang='lat' dir='ltr'>omnium</span> <span class='ocrx_word' id='word_1_342' title='bbox 1365 3558 1506 3619; x_wconf 84' lang='lat' dir='ltr'>quae</span> <span class='ocrx_word' id='word_1_343' title='bbox 1537 3536 2197 3619; x_wconf 85' lang='lat' dir='ltr'>cognoscit,quoniam</span> <span class='ocrx_word' id='word_1_344' title='bbox 2228 3535 2355 3598; x_wconf 90' lang='lat' dir='ltr'>Pla-</span> 
     </span>
     <span class='ocr_line' id='line_1_53' title="bbox 855 3634 2352 3719; baseline -0.005 -19"><span class='ocrx_word' id='word_1_345' title='bbox 855 3647 942 3713; x_wconf 88' lang='lat' dir='ltr'>to,</span> <span class='ocrx_word' id='word_1_346' title='bbox 1005 3638 1114 3719; x_wconf 89' lang='lat' dir='ltr'>qui</span> <span class='ocrx_word' id='word_1_347' title='bbox 1175 3636 1526 3699; x_wconf 88' lang='lat' dir='ltr'>secundum</span> <span class='ocrx_word' id='word_1_348' title='bbox 1585 3636 1651 3697; x_wconf 88' lang='lat' dir='ltr'>B.</span> <span class='ocrx_word' id='word_1_349' title='bbox 1706 3635 2155 3715; x_wconf 87' lang='lat' dir='ltr'>Augustinum,</span> <span class='ocrx_word' id='word_1_350' title='bbox 2220 3634 2352 3715; x_wconf 88' lang='lat' dir='ltr'>pri-</span> 
     </span>
     <span class='ocr_line' id='line_1_54' title="bbox 858 3733 2350 3815; baseline -0.003 -16"><span class='ocrx_word' id='word_1_351' title='bbox 858 3755 964 3799; x_wconf 91' lang='lat' dir='ltr'>mo</span> <span class='ocrx_word' id='word_1_352' title='bbox 1002 3736 1251 3798; x_wconf 88' lang='lat' dir='ltr'>induxit</span> <span class='ocrx_word' id='word_1_353' title='bbox 1290 3753 1523 3797; x_wconf 87' lang='lat' dir='ltr'>nomen</span> <span class='ocrx_word' id='word_1_354' title='bbox 1565 3734 1742 3807; x_wconf 77' lang='lat' dir='ltr'>ideae,</span> <span class='ocrx_word' id='word_1_355' title='bbox 1778 3752 1903 3795; x_wconf 92' lang='lat' dir='ltr'>non</span> <span class='ocrx_word' id='word_1_356' title='bbox 1937 3734 2148 3815; x_wconf 87' lang='lat' dir='ltr'>posuit</span> <span class='ocrx_word' id='word_1_357' title='bbox 2181 3733 2350 3795; x_wconf 89' lang='lat' dir='ltr'>ideas</span> 
     </span>
     <span class='ocr_line' id='line_1_55' title="bbox 856 3832 2352 3917; baseline -0.004 -19"><span class='ocrx_word' id='word_1_358' title='bbox 856 3853 1162 3917; x_wconf 88' lang='lat' dir='ltr'>generum</span> <span class='ocrx_word' id='word_1_359' title='bbox 1207 3853 1324 3896; x_wconf 90' lang='lat' dir='ltr'>nec</span> <span class='ocrx_word' id='word_1_360' title='bbox 1371 3832 1846 3895; x_wconf 91' lang='lat' dir='ltr'>individuorum</span> <span class='ocrx_word' id='word_1_361' title='bbox 1895 3852 2011 3893; x_wconf 88' lang='lat' dir='ltr'>nec</span> <span class='ocrx_word' id='word_1_362' title='bbox 2061 3832 2352 3893; x_wconf 89' lang='lat' dir='ltr'>acciden-</span> 
     </span>
     <span class='ocr_line' id='line_1_56' title="bbox 855 3930 2346 4014; baseline -0.004 -18"><span class='ocrx_word' id='word_1_363' title='bbox 855 3935 1020 3996; x_wconf 86' lang='lat' dir='ltr'>tium</span> <span class='ocrx_word' id='word_1_364' title='bbox 1055 3950 1068 3995; x_wconf 92' lang='lat'>:</span> <span class='ocrx_word' id='word_1_365' title='bbox 1103 3952 1252 4014; x_wconf 88' lang='lat' dir='ltr'>ergo</span> <span class='ocrx_word' id='word_1_366' title='bbox 1283 3933 1402 3994; x_wconf 88' lang='lat' dir='ltr'>ista</span> <span class='ocrx_word' id='word_1_367' title='bbox 1433 3950 1559 3993; x_wconf 93' lang='lat' dir='ltr'>non</span> <span class='ocrx_word' id='word_1_368' title='bbox 1591 3931 1821 3993; x_wconf 88' lang='lat' dir='ltr'>habent</span> <span class='ocrx_word' id='word_1_369' title='bbox 1856 3930 2061 3992; x_wconf 89' lang='lat' dir='ltr'>ideam</span> <span class='ocrx_word' id='word_1_370' title='bbox 2093 3930 2159 3991; x_wconf 93' lang='lat' dir='ltr'>in</span> <span class='ocrx_word' id='word_1_371' title='bbox 2200 3930 2346 3991; x_wconf 89' lang='lat' dir='ltr'>Deo.</span> 
     </span>
     <span class='ocr_line' id='line_1_57' title="bbox 855 4027 2348 4112; baseline -0.005 -17"><span class='ocrx_word' id='word_1_372' title='bbox 855 4068 937 4077; x_wconf 94' lang='lat'>—</span> <span class='ocrx_word' id='word_1_373' title='bbox 966 4033 1144 4104; x_wconf 89' lang='lat' dir='ltr'>Item,</span> <span class='ocrx_word' id='word_1_374' title='bbox 1171 4032 1434 4093; x_wconf 89' lang='lat' dir='ltr'>materia</span> <span class='ocrx_word' id='word_1_375' title='bbox 1465 4030 1671 4112; x_wconf 87' lang='lat' dir='ltr'>prima</span> <span class='ocrx_word' id='word_1_376' title='bbox 1700 4036 1795 4092; x_wconf 91' lang='lat' dir='ltr'>est</span> <span class='ocrx_word' id='word_1_377' title='bbox 1828 4048 1984 4110; x_wconf 89' lang='lat' dir='ltr'>pura</span> <span class='ocrx_word' id='word_1_378' title='bbox 2018 4027 2301 4109; x_wconf 89' lang='lat' dir='ltr'>potentia</span> <span class='ocrx_word' id='word_1_379' title='bbox 2333 4045 2348 4088; x_wconf 77' lang='grc' dir='ltr'><strong>ε</strong></span> 
     </span>
     <span class='ocr_line' id='line_1_58' title="bbox 859 4129 2118 4211; baseline -0.003 -19"><span class='ocrx_word' id='word_1_380' title='bbox 859 4149 1008 4211; x_wconf 89' lang='lat' dir='ltr'>ergo</span> <span class='ocrx_word' id='word_1_381' title='bbox 1047 4148 1175 4191; x_wconf 94' lang='lat' dir='ltr'>non</span> <span class='ocrx_word' id='word_1_382' title='bbox 1216 4130 1404 4193; x_wconf 88' lang='lat' dir='ltr'>habet</span> <span class='ocrx_word' id='word_1_383' title='bbox 1447 4130 1651 4192; x_wconf 88' lang='lat' dir='ltr'>ideam</span> <span class='ocrx_word' id='word_1_384' title='bbox 1698 4130 1762 4191; x_wconf 90' lang='lat' dir='ltr'>in</span> <span class='ocrx_word' id='word_1_385' title='bbox 1809 4129 2118 4190; x_wconf 86' lang='lat' dir='ltr'>Creatore.</span> 
     </span>
    </p>
   </div>
   <div class='ocr_carea' id='block_1_16' title="bbox 2461 3140 3979 4211">
    <p class='ocr_par' dir='ltr' id='par_1_16' title="bbox 2461 3140 3979 4211">
     <span class='ocr_line' id='line_1_59' title="bbox 2464 3140 3973 3224; baseline 0.001 -21"><span class='ocrx_word' id='word_1_386' title='bbox 2464 3143 2529 3205; x_wconf 89' lang='lat' dir='ltr'>in</span> <span class='ocrx_word' id='word_1_387' title='bbox 2572 3142 3041 3224; x_wconf 88' lang='lat' dir='ltr'>comparatione</span> <span class='ocrx_word' id='word_1_388' title='bbox 3082 3142 3161 3203; x_wconf 88' lang='lat' dir='ltr'>ad</span> <span class='ocrx_word' id='word_1_389' title='bbox 3204 3141 3402 3203; x_wconf 88' lang='lat' dir='ltr'>lineas</span> <span class='ocrx_word' id='word_1_390' title='bbox 3441 3140 3675 3222; x_wconf 92' lang='lat' dir='ltr'>quibus</span> <span class='ocrx_word' id='word_1_391' title='bbox 3712 3140 3788 3202; x_wconf 82' lang='lat' dir='ltr'>fit</span> <span class='ocrx_word' id='word_1_392' title='bbox 3832 3160 3973 3205; x_wconf 88' lang='lat' dir='ltr'>mo—</span> 
     </span>
     <span class='ocr_line' id='line_1_60' title="bbox 2463 3239 3963 3314; baseline -0.001 -12"><span class='ocrx_word' id='word_1_393' title='bbox 2463 3250 2564 3302; x_wconf 92' lang='lat' dir='ltr'>tus</span> <span class='ocrx_word' id='word_1_394' title='bbox 2598 3240 2811 3314; x_wconf 81' lang='lat' dir='ltr'>totiuS‚</span> <span class='ocrx_word' id='word_1_395' title='bbox 2845 3240 2965 3301; x_wconf 86' lang='lat' dir='ltr'>erit</span> <span class='ocrx_word' id='word_1_396' title='bbox 2997 3239 3199 3301; x_wconf 91' lang='lat' dir='ltr'>multa</span> <span class='ocrx_word' id='word_1_397' title='bbox 3228 3240 3581 3303; x_wconf 89' lang='lat' dir='ltr'>secundum</span> <span class='ocrx_word' id='word_1_398' title='bbox 3612 3239 3963 3302; x_wconf 90' lang='lat' dir='ltr'>rationem:</span> 
     </span>
     <span class='ocr_line' id='line_1_61' title="bbox 2462 3338 3969 3420; baseline 0 -19"><span class='ocrx_word' id='word_1_399' title='bbox 2462 3347 2683 3420; x_wconf 88' lang='lat' dir='ltr'>estque</span> <span class='ocrx_word' id='word_1_400' title='bbox 2716 3338 2927 3420; x_wconf 90' lang='lat' dir='ltr'>potius</span> <span class='ocrx_word' id='word_1_401' title='bbox 2959 3358 3159 3399; x_wconf 92' lang='lat' dir='ltr'>unum</span> <span class='ocrx_word' id='word_1_402' title='bbox 3194 3338 3540 3400; x_wconf 89' lang='lat' dir='ltr'>multorum</span> <span class='ocrx_word' id='word_1_403' title='bbox 3570 3356 3763 3419; x_wconf 89' lang='lat' dir='ltr'>quam</span> <span class='ocrx_word' id='word_1_404' title='bbox 3798 3340 3969 3401; x_wconf 89' lang='lat' dir='ltr'>mul-</span> 
     </span>
     <span class='ocr_line' id='line_1_62' title="bbox 2462 3435 3971 3518; baseline 0.001 -19"><span class='ocrx_word' id='word_1_405' title='bbox 2462 3447 2544 3512; x_wconf 87' lang='lat' dir='ltr'>ta,</span> <span class='ocrx_word' id='word_1_406' title='bbox 2580 3446 2789 3498; x_wconf 88' lang='lat' dir='ltr'>tamen</span> <span class='ocrx_word' id='word_1_407' title='bbox 2826 3443 3151 3518; x_wconf 86' lang='lat' dir='ltr'>respectus</span> <span class='ocrx_word' id='word_1_408' title='bbox 3194 3435 3379 3498; x_wconf 90' lang='lat' dir='ltr'>multi</span> <span class='ocrx_word' id='word_1_409' title='bbox 3418 3444 3607 3497; x_wconf 88' lang='lat' dir='ltr'>erunt</span> <span class='ocrx_word' id='word_1_410' title='bbox 3644 3436 3709 3497; x_wconf 90' lang='lat' dir='ltr'>in</span> <span class='ocrx_word' id='word_1_411' title='bbox 3752 3455 3829 3499; x_wconf 91' lang='lat' dir='ltr'>eo</span> <span class='ocrx_word' id='word_1_412' title='bbox 3870 3456 3971 3499; x_wconf 88' lang='lat' dir='ltr'>se-</span> 
     </span>
     <span class='ocr_line' id='line_1_63' title="bbox 2463 3534 3967 3617; baseline 0.001 -20"><span class='ocrx_word' id='word_1_413' title='bbox 2463 3536 2743 3598; x_wconf 87' lang='lat' dir='ltr'>cundum</span> <span class='ocrx_word' id='word_1_414' title='bbox 2776 3534 3214 3597; x_wconf 89' lang='lat' dir='ltr'>habitudinem</span> <span class='ocrx_word' id='word_1_415' title='bbox 3247 3534 3591 3596; x_wconf 92' lang='lat' dir='ltr'>multorum</span> <span class='ocrx_word' id='word_1_416' title='bbox 3620 3535 3696 3596; x_wconf 89' lang='lat' dir='ltr'>ad</span> <span class='ocrx_word' id='word_1_417' title='bbox 3730 3536 3967 3617; x_wconf 81' lang='lat' dir='ltr'>ipsum.</span> 
     </span>
     <span class='ocr_line' id='line_1_64' title="bbox 2461 3634 3975 3716; baseline 0.001 -19"><span class='ocrx_word' id='word_1_418' title='bbox 2461 3635 2635 3697; x_wconf 90' lang='lat' dir='ltr'>Unde</span> <span class='ocrx_word' id='word_1_419' title='bbox 2698 3635 2953 3716; x_wconf 90' lang='lat' dir='ltr'>proprie</span> <span class='ocrx_word' id='word_1_420' title='bbox 3011 3634 3412 3715; x_wconf 75' lang='lat' dir='ltr'>significa-tur</span> <span class='ocrx_word' id='word_1_421' title='bbox 3468 3654 3669 3716; x_wconf 85' lang='lat' dir='ltr'>quum</span> <span class='ocrx_word' id='word_1_422' title='bbox 3727 3636 3975 3699; x_wconf 89' lang='lat' dir='ltr'>dicitur</span> 
     </span>
     <span class='ocr_line' id='line_1_65' title="bbox 2462 3732 3979 3815; baseline 0.002 -21"><span class='ocrx_word' id='word_1_423' title='bbox 2462 3734 2630 3815; x_wconf 90' lang='lat' dir='ltr'>quod</span> <span class='ocrx_word' id='word_1_424' title='bbox 2672 3741 2768 3795; x_wconf 89' lang='lat' dir='ltr'>est</span> <span class='ocrx_word' id='word_1_425' title='bbox 2807 3752 3006 3794; x_wconf 91' lang='lat' dir='ltr'>unum</span> <span class='ocrx_word' id='word_1_426' title='bbox 3049 3732 3113 3793; x_wconf 92' lang='lat' dir='ltr'>in</span> <span class='ocrx_word' id='word_1_427' title='bbox 3155 3751 3223 3795; x_wconf 89' lang='lat' dir='ltr'>se</span> <span class='ocrx_word' id='word_1_428' title='bbox 3262 3742 3557 3815; x_wconf 87' lang='lat' dir='ltr'>respectu</span> <span class='ocrx_word' id='word_1_429' title='bbox 3595 3734 3785 3796; x_wconf 90' lang='lat' dir='ltr'>unius</span> <span class='ocrx_word' id='word_1_430' title='bbox 3831 3754 3979 3797; x_wconf 90' lang='lat' dir='ltr'>mo-</span> 
     </span>
     <span class='ocr_line' id='line_1_66' title="bbox 2462 3832 3975 3914; baseline 0.002 -20"><span class='ocrx_word' id='word_1_431' title='bbox 2462 3833 2639 3907; x_wconf 81' lang='lat' dir='ltr'>toriS,</span> <span class='ocrx_word' id='word_1_432' title='bbox 2684 3833 3032 3914; x_wconf 89' lang='lat' dir='ltr'>respiciens</span> <span class='ocrx_word' id='word_1_433' title='bbox 3076 3832 3278 3895; x_wconf 87' lang='lat' dir='ltr'>multa</span> <span class='ocrx_word' id='word_1_434' title='bbox 3325 3833 3770 3896; x_wconf 88' lang='lat' dir='ltr'>diversimode.</span> <span class='ocrx_word' id='word_1_435' title='bbox 3818 3836 3975 3897; x_wconf 75' lang='lat' dir='ltr'>Haec</span> 
     </span>
     <span class='ocr_line' id='line_1_67' title="bbox 2462 3931 3977 4014; baseline 0.001 -20"><span class='ocrx_word' id='word_1_436' title='bbox 2462 3940 2673 3994; x_wconf 88' lang='lat' dir='ltr'>autem</span> <span class='ocrx_word' id='word_1_437' title='bbox 2725 3931 3165 4013; x_wconf 90' lang='lat' dir='ltr'>multiplicitas</span> <span class='ocrx_word' id='word_1_438' title='bbox 3214 3940 3621 4014; x_wconf 87' lang='lat' dir='ltr'>respectuum</span> <span class='ocrx_word' id='word_1_439' title='bbox 3668 3942 3977 3995; x_wconf 86' lang='lat' dir='ltr'>causatur</span> 
     </span>
     <span class='ocr_line' id='line_1_68' title="bbox 2462 4030 3971 4113; baseline 0.001 -21"><span class='ocrx_word' id='word_1_440' title='bbox 2462 4031 2542 4092; x_wconf 92' lang='lat' dir='ltr'>ab</span> <span class='ocrx_word' id='word_1_441' title='bbox 2572 4031 2673 4092; x_wconf 89' lang='lat' dir='ltr'>his</span> <span class='ocrx_word' id='word_1_442' title='bbox 2704 4050 2845 4112; x_wconf 81' lang='lat' dir='ltr'>quae</span> <span class='ocrx_word' id='word_1_443' title='bbox 2875 4038 3023 4091; x_wconf 91' lang='lat' dir='ltr'>sunt</span> <span class='ocrx_word' id='word_1_444' title='bbox 3052 4036 3229 4092; x_wconf 80' lang='lat' dir='ltr'>extra</span> <span class='ocrx_word' id='word_1_445' title='bbox 3268 4030 3479 4112; x_wconf 92' lang='lat' dir='ltr'>ipsum</span> <span class='ocrx_word' id='word_1_446' title='bbox 3515 4048 3530 4092; x_wconf 90' lang='lat'>:</span> <span class='ocrx_word' id='word_1_447' title='bbox 3568 4030 3709 4093; x_wconf 90' lang='lat' dir='ltr'>ideo</span> <span class='ocrx_word' id='word_1_448' title='bbox 3748 4030 3971 4113; x_wconf 85' lang='lat' dir='ltr'>ipsum</span> 
     </span>
     <span class='ocr_line' id='line_1_69' title="bbox 2464 4128 3969 4211; baseline 0.001 -20"><span class='ocrx_word' id='word_1_449' title='bbox 2464 4129 2530 4191; x_wconf 93' lang='lat' dir='ltr'>in</span> <span class='ocrx_word' id='word_1_450' title='bbox 2570 4148 2637 4191; x_wconf 90' lang='lat' dir='ltr'>se</span> <span class='ocrx_word' id='word_1_451' title='bbox 2680 4147 2805 4191; x_wconf 90' lang='lat' dir='ltr'>non</span> <span class='ocrx_word' id='word_1_452' title='bbox 2848 4128 3330 4211; x_wconf 89' lang='lat' dir='ltr'>multiplicatur.</span> <span class='ocrx_word' id='word_1_453' title='bbox 3364 4130 3479 4191; x_wconf 90' lang='lat' dir='ltr'>Per</span> <span class='ocrx_word' id='word_1_454' title='bbox 3518 4129 3729 4192; x_wconf 89' lang='lat' dir='ltr'>simile</span> <span class='ocrx_word' id='word_1_455' title='bbox 3763 4130 3969 4205; x_wconf 89' lang='lat' dir='ltr'>istud,</span> 
     </span>
    </p>
   </div>
   <div class='ocr_carea' id='block_1_17' title="bbox 939 4225 3981 4309">
    <p class='ocr_par' dir='ltr' id='par_1_17' title="bbox 939 4225 3981 4309">
     <span class='ocr_line' id='line_1_70' title="bbox 939 4225 3981 4309; baseline 0 -18"><span class='ocrx_word' id='word_1_456' title='bbox 939 4230 1006 4291; x_wconf 90' lang='lat' dir='ltr'>In</span> <span class='ocrx_word' id='word_1_457' title='bbox 1040 4229 1425 4291; x_wconf 91' lang='lat' dir='ltr'>contrarium</span> <span class='ocrx_word' id='word_1_458' title='bbox 1466 4229 1751 4307; x_wconf 86' lang='lat' dir='ltr'>arguitur</span> <span class='ocrx_word' id='word_1_459' title='bbox 1783 4228 2014 4309; x_wconf 88' lang='lat' dir='ltr'>prim0,</span> <span class='ocrx_word' id='word_1_460' title='bbox 2049 4225 2349 4307; x_wconf 90' lang='lat' dir='ltr'>quoniam</span> <span class='ocrx_word' id='word_1_461' title='bbox 2384 4228 2432 4289; x_wconf 89' lang='lat' dir='ltr'>D</span> <span class='ocrx_word' id='word_1_462' title='bbox 2464 4228 2892 4308; x_wconf 87' lang='lat' dir='ltr'>intelligamus</span> <span class='ocrx_word' id='word_1_463' title='bbox 2925 4227 3321 4290; x_wconf 89' lang='lat' dir='ltr'>immobilem</span> <span class='ocrx_word' id='word_1_464' title='bbox 3354 4228 3465 4289; x_wconf 89' lang='lat' dir='ltr'>Dei</span> <span class='ocrx_word' id='word_1_465' title='bbox 3498 4237 3788 4290; x_wconf 87' lang='lat' dir='ltr'>naturam</span> <span class='ocrx_word' id='word_1_466' title='bbox 3818 4248 3981 4292; x_wconf 88' lang='lat' dir='ltr'>cau-</span> 
     </span>
    </p>
   </div>
   <div class='ocr_carea' id='block_1_18' title="bbox 851 4323 2355 5388">
    <p class='ocr_par' dir='ltr' id='par_1_18' title="bbox 851 4323 2355 5388">
     <span class='ocr_line' id='line_1_71' title="bbox 857 4323 2350 4404; baseline -0.003 -16"><span class='ocrx_word' id='word_1_467' title='bbox 857 4326 1066 4388; x_wconf 88' lang='lat' dir='ltr'>omnis</span> <span class='ocrx_word' id='word_1_468' title='bbox 1099 4333 1384 4387; x_wconf 87' lang='lat' dir='ltr'>creatura</span> <span class='ocrx_word' id='word_1_469' title='bbox 1417 4325 1478 4385; x_wconf 93' lang='lat' dir='ltr'>in</span> <span class='ocrx_word' id='word_1_470' title='bbox 1511 4324 1725 4404; x_wconf 89' lang='lat' dir='ltr'>aliquo</span> <span class='ocrx_word' id='word_1_471' title='bbox 1756 4324 2039 4385; x_wconf 88' lang='lat' dir='ltr'>imitatur</span> <span class='ocrx_word' id='word_1_472' title='bbox 2069 4323 2350 4385; x_wconf 90' lang='lat' dir='ltr'>divinam</span> 
     </span>
     <span class='ocr_line' id='line_1_72' title="bbox 856 4421 2352 4503; baseline -0.001 -18"><span class='ocrx_word' id='word_1_473' title='bbox 856 4424 1198 4485; x_wconf 87' lang='lat' dir='ltr'>essentiam</span> <span class='ocrx_word' id='word_1_474' title='bbox 1254 4441 1267 4484; x_wconf 92' lang='lat'>:</span> <span class='ocrx_word' id='word_1_475' title='bbox 1319 4441 1468 4503; x_wconf 90' lang='lat' dir='ltr'>ergo</span> <span class='ocrx_word' id='word_1_476' title='bbox 1525 4421 1742 4483; x_wconf 87' lang='lat' dir='ltr'>divina</span> <span class='ocrx_word' id='word_1_477' title='bbox 1801 4422 2074 4483; x_wconf 87' lang='lat' dir='ltr'>essentia</span> <span class='ocrx_word' id='word_1_478' title='bbox 2131 4432 2202 4483; x_wconf 87' lang='lat' dir='ltr'>ut</span> <span class='ocrx_word' id='word_1_479' title='bbox 2260 4422 2352 4483; x_wconf 91' lang='lat' dir='ltr'>sic</span> 
     </span>
     <span class='ocr_line' id='line_1_73' title="bbox 860 4520 2349 4601; baseline -0.002 -17"><span class='ocrx_word' id='word_1_480' title='bbox 860 4522 1190 4584; x_wconf 90' lang='lat' dir='ltr'>imitabilis</span> <span class='ocrx_word' id='word_1_481' title='bbox 1231 4520 1310 4583; x_wconf 89' lang='lat' dir='ltr'>ab</span> <span class='ocrx_word' id='word_1_482' title='bbox 1351 4521 1459 4582; x_wconf 85' lang='lat' dir='ltr'>illa</span> <span class='ocrx_word' id='word_1_483' title='bbox 1498 4527 1559 4582; x_wconf 86' lang='lat' dir='ltr'>et</span> <span class='ocrx_word' id='word_1_484' title='bbox 1600 4520 2111 4601; x_wconf 73' lang='lat' dir='ltr'>repraesentativa</span> <span class='ocrx_word' id='word_1_485' title='bbox 2153 4520 2349 4594; x_wconf 82' lang='lat' dir='ltr'>illius,</span> 
     </span>
     <span class='ocr_line' id='line_1_74' title="bbox 855 4617 2353 4701; baseline -0.002 -18"><span class='ocrx_word' id='word_1_486' title='bbox 855 4628 952 4685; x_wconf 91' lang='lat' dir='ltr'>est</span> <span class='ocrx_word' id='word_1_487' title='bbox 997 4620 1138 4700; x_wconf 89' lang='lat' dir='ltr'>ejus</span> <span class='ocrx_word' id='word_1_488' title='bbox 1183 4620 1341 4692; x_wconf 87' lang='lat' dir='ltr'>idea,</span> <span class='ocrx_word' id='word_1_489' title='bbox 1378 4627 1562 4701; x_wconf 84' lang='lat' dir='ltr'>prout</span> <span class='ocrx_word' id='word_1_490' title='bbox 1607 4638 1683 4679; x_wconf 85' lang='lat' dir='ltr'>ex</span> <span class='ocrx_word' id='word_1_491' title='bbox 1731 4617 2093 4699; x_wconf 60' lang='lat' dir='ltr'>praehabitis</span> <span class='ocrx_word' id='word_1_492' title='bbox 2145 4627 2353 4700; x_wconf 90' lang='lat' dir='ltr'>potest</span> 
     </span>
     <span class='ocr_line' id='line_1_75' title="bbox 855 4716 2352 4803; baseline -0.002 -23"><span class='ocrx_word' id='word_1_493' title='bbox 855 4719 1133 4803; x_wconf 90' lang='lat' dir='ltr'>probari.</span> <span class='ocrx_word' id='word_1_494' title='bbox 1169 4754 1248 4763; x_wconf 85' lang='lat'>--</span> <span class='ocrx_word' id='word_1_495' title='bbox 1277 4718 1586 4790; x_wconf 89' lang='lat' dir='ltr'>Secundo,</span> <span class='ocrx_word' id='word_1_496' title='bbox 1621 4716 1924 4798; x_wconf 86' lang='lat' dir='ltr'>quoniam</span> <span class='ocrx_word' id='word_1_497' title='bbox 1957 4716 2095 4778; x_wconf 88' lang='lat' dir='ltr'>idea</span> <span class='ocrx_word' id='word_1_498' title='bbox 2131 4724 2227 4778; x_wconf 89' lang='lat' dir='ltr'>est</span> <span class='ocrx_word' id='word_1_499' title='bbox 2257 4736 2352 4778; x_wconf 89' lang='lat' dir='ltr'>ra-</span> 
     </span>
     <span class='ocr_line' id='line_1_76' title="bbox 851 4816 2351 4899; baseline -0.003 -18"><span class='ocrx_word' id='word_1_500' title='bbox 851 4820 944 4882; x_wconf 88' lang='lat' dir='ltr'>tio</span> <span class='ocrx_word' id='word_1_501' title='bbox 982 4817 1365 4899; x_wconf 85' lang='lat' dir='ltr'>exemplaris</span> <span class='ocrx_word' id='word_1_502' title='bbox 1407 4817 1470 4878; x_wconf 90' lang='lat' dir='ltr'>in</span> <span class='ocrx_word' id='word_1_503' title='bbox 1503 4824 1714 4878; x_wconf 89' lang='lat' dir='ltr'>mente</span> <span class='ocrx_word' id='word_1_504' title='bbox 1753 4816 1988 4886; x_wconf 88' lang='lat' dir='ltr'>divina,</span> <span class='ocrx_word' id='word_1_505' title='bbox 2024 4835 2146 4897; x_wconf 89' lang='lat' dir='ltr'>qua</span> <span class='ocrx_word' id='word_1_506' title='bbox 2187 4816 2351 4877; x_wconf 88' lang='lat' dir='ltr'>Deus</span> 
     </span>
     <span class='ocr_line' id='line_1_77' title="bbox 853 4915 2355 5000; baseline -0.002 -20"><span class='ocrx_word' id='word_1_507' title='bbox 853 4918 1260 5000; x_wconf 88' lang='lat' dir='ltr'>omnipotens</span> <span class='ocrx_word' id='word_1_508' title='bbox 1301 4924 1364 4977; x_wconf 87' lang='lat' dir='ltr'>et</span> <span class='ocrx_word' id='word_1_509' title='bbox 1401 4915 1698 4977; x_wconf 91' lang='lat' dir='ltr'>sublimis</span> <span class='ocrx_word' id='word_1_510' title='bbox 1739 4922 2088 4977; x_wconf 83' lang='lat' dir='ltr'>creaturam</span> <span class='ocrx_word' id='word_1_511' title='bbox 2128 4933 2355 4995; x_wconf 90' lang='lat' dir='ltr'>cogno-</span> 
     </span>
     <span class='ocr_line' id='line_1_78' title="bbox 853 5013 2354 5096; baseline -0.003 -17"><span class='ocrx_word' id='word_1_512' title='bbox 853 5017 993 5079; x_wconf 90' lang='lat' dir='ltr'>scit.</span> <span class='ocrx_word' id='word_1_513' title='bbox 1043 5016 1163 5078; x_wconf 91' lang='lat' dir='ltr'>Sed</span> <span class='ocrx_word' id='word_1_514' title='bbox 1217 5015 1352 5096; x_wconf 91' lang='lat' dir='ltr'>ipse</span> <span class='ocrx_word' id='word_1_515' title='bbox 1403 5013 1700 5075; x_wconf 90' lang='lat' dir='ltr'>universa</span> <span class='ocrx_word' id='word_1_516' title='bbox 1747 5022 1810 5075; x_wconf 91' lang='lat' dir='ltr'>et</span> <span class='ocrx_word' id='word_1_517' title='bbox 1857 5013 2108 5093; x_wconf 89' lang='lat' dir='ltr'>singula</span> <span class='ocrx_word' id='word_1_518' title='bbox 2156 5032 2354 5094; x_wconf 88' lang='lat' dir='ltr'>quan-</span> 
     </span>
     <span class='ocr_line' id='line_1_79' title="bbox 857 5110 2354 5193; baseline -0.004 -17"><span class='ocrx_word' id='word_1_519' title='bbox 857 5113 1155 5176; x_wconf 87' lang='lat' dir='ltr'>tumlibet</span> <span class='ocrx_word' id='word_1_520' title='bbox 1208 5130 1398 5193; x_wconf 88' lang='lat' dir='ltr'>parva</span> <span class='ocrx_word' id='word_1_521' title='bbox 1442 5118 1504 5172; x_wconf 90' lang='lat' dir='ltr'>et</span> <span class='ocrx_word' id='word_1_522' title='bbox 1548 5110 1700 5172; x_wconf 90' lang='lat' dir='ltr'>vilia</span> <span class='ocrx_word' id='word_1_523' title='bbox 1745 5110 2096 5172; x_wconf 88' lang='lat' dir='ltr'>clarissime</span> <span class='ocrx_word' id='word_1_524' title='bbox 2139 5128 2213 5171; x_wconf 89' lang='lat' dir='ltr'>ac</span> <span class='ocrx_word' id='word_1_525' title='bbox 2262 5110 2354 5171; x_wconf 91' lang='lat' dir='ltr'>di-</span> 
     </span>
     <span class='ocr_line' id='line_1_80' title="bbox 855 5209 2353 5291; baseline -0.003 -17"><span class='ocrx_word' id='word_1_526' title='bbox 855 5214 1086 5274; x_wconf 90' lang='lat' dir='ltr'>stincte</span> <span class='ocrx_word' id='word_1_527' title='bbox 1137 5209 1459 5291; x_wconf 87' lang='lat' dir='ltr'>cognoscit</span> <span class='ocrx_word' id='word_1_528' title='bbox 1511 5227 1525 5270; x_wconf 72' lang='grc' dir='ltr'><strong>ε</strong></span> <span class='ocrx_word' id='word_1_529' title='bbox 1579 5227 1729 5289; x_wconf 87' lang='lat' dir='ltr'>ergo</span> <span class='ocrx_word' id='word_1_530' title='bbox 1781 5209 2069 5271; x_wconf 91' lang='lat' dir='ltr'>omnium</span> <span class='ocrx_word' id='word_1_531' title='bbox 2125 5209 2353 5271; x_wconf 91' lang='lat' dir='ltr'>horum</span> 
     </span>
     <span class='ocr_line' id='line_1_81' title="bbox 859 5307 1520 5388; baseline -0.011 -14"><span class='ocrx_word' id='word_1_532' title='bbox 859 5312 1018 5374; x_wconf 83' lang='lat' dir='ltr'>ideae</span> <span class='ocrx_word' id='word_1_533' title='bbox 1061 5316 1210 5372; x_wconf 92' lang='lat' dir='ltr'>sunt</span> <span class='ocrx_word' id='word_1_534' title='bbox 1252 5308 1319 5370; x_wconf 90' lang='lat' dir='ltr'>in</span> <span class='ocrx_word' id='word_1_535' title='bbox 1361 5307 1520 5388; x_wconf 88' lang='lat' dir='ltr'>ipso.</span> 
     </span>
    </p>
   </div>
   <div class='ocr_carea' id='block_1_19' title="bbox 2461 4326 3985 5391">
    <p class='ocr_par' dir='ltr' id='par_1_19' title="bbox 2461 4326 3985 5391">
     <span class='ocr_line' id='line_1_82' title="bbox 2462 4326 3976 4406; baseline 0.002 -18"><span class='ocrx_word' id='word_1_536' title='bbox 2462 4334 2706 4388; x_wconf 88' lang='lat' dir='ltr'>santem</span> <span class='ocrx_word' id='word_1_537' title='bbox 2748 4332 2936 4406; x_wconf 88' lang='lat' dir='ltr'>atque</span> <span class='ocrx_word' id='word_1_538' title='bbox 2978 4332 3337 4387; x_wconf 88' lang='lat' dir='ltr'>moventem</span> <span class='ocrx_word' id='word_1_539' title='bbox 3380 4332 3575 4388; x_wconf 88' lang='lat' dir='ltr'>totam</span> <span class='ocrx_word' id='word_1_540' title='bbox 3616 4326 3976 4392; x_wconf 86' lang='lat' dir='ltr'>mundialis</span> 
     </span>
     <span class='ocr_line' id='line_1_83' title="bbox 2462 4423 3975 4505; baseline 0.002 -20"><span class='ocrx_word' id='word_1_541' title='bbox 2462 4424 2773 4485; x_wconf 82' lang='lat' dir='ltr'>machinae</span> <span class='ocrx_word' id='word_1_542' title='bbox 2804 4430 3043 4501; x_wconf 85' lang='lat' dir='ltr'>rotam3</span> <span class='ocrx_word' id='word_1_543' title='bbox 3078 4432 3139 4485; x_wconf 90' lang='lat' dir='ltr'>et</span> <span class='ocrx_word' id='word_1_544' title='bbox 3180 4443 3294 4505; x_wconf 90' lang='lat' dir='ltr'>per</span> <span class='ocrx_word' id='word_1_545' title='bbox 3328 4423 3526 4486; x_wconf 90' lang='lat' dir='ltr'>lineas</span> <span class='ocrx_word' id='word_1_546' title='bbox 3563 4424 3975 4505; x_wconf 86' lang='lat' dir='ltr'>egredientes</span> 
     </span>
     <span class='ocr_line' id='line_1_84' title="bbox 2464 4521 3981 4603; baseline 0.001 -19"><span class='ocrx_word' id='word_1_547' title='bbox 2464 4521 2893 4603; x_wconf 87' lang='lat' dir='ltr'>intelligamus</span> <span class='ocrx_word' id='word_1_548' title='bbox 2948 4530 3156 4583; x_wconf 88' lang='lat' dir='ltr'>creata</span> <span class='ocrx_word' id='word_1_549' title='bbox 3210 4521 3479 4602; x_wconf 90' lang='lat' dir='ltr'>singula,</span> <span class='ocrx_word' id='word_1_550' title='bbox 3532 4522 3767 4603; x_wconf 90' lang='lat' dir='ltr'>quibus</span> <span class='ocrx_word' id='word_1_551' title='bbox 3820 4543 3981 4586; x_wconf 89' lang='lat' dir='ltr'>suc-</span> 
     </span>
     <span class='ocr_line' id='line_1_85' title="bbox 2463 4619 3977 4701; baseline 0.003 -20"><span class='ocrx_word' id='word_1_552' title='bbox 2463 4620 2747 4682; x_wconf 88' lang='lat' dir='ltr'>cessione</span> <span class='ocrx_word' id='word_1_553' title='bbox 2778 4619 3022 4681; x_wconf 86' lang='lat' dir='ltr'>entium</span> <span class='ocrx_word' id='word_1_554' title='bbox 3056 4627 3411 4682; x_wconf 89' lang='lat' dir='ltr'>creatorum</span> <span class='ocrx_word' id='word_1_555' title='bbox 3441 4620 3621 4701; x_wconf 88' lang='lat' dir='ltr'>quasi</span> <span class='ocrx_word' id='word_1_556' title='bbox 3662 4620 3977 4686; x_wconf 86' lang='lat' dir='ltr'>circulari</span> 
     </span>
     <span class='ocr_line' id='line_1_86' title="bbox 2461 4718 3985 4801; baseline 0.004 -22"><span class='ocrx_word' id='word_1_557' title='bbox 2461 4718 2865 4799; x_wconf 88' lang='lat' dir='ltr'>generatione</span> <span class='ocrx_word' id='word_1_558' title='bbox 2898 4718 3174 4779; x_wconf 91' lang='lat' dir='ltr'>mundus</span> <span class='ocrx_word' id='word_1_559' title='bbox 3208 4719 3769 4801; x_wconf 75' lang='lat' dir='ltr'>moveturzsicque</span> <span class='ocrx_word' id='word_1_560' title='bbox 3798 4720 3985 4785; x_wconf 73' lang='lat' dir='ltr'>dica-</span> 
     </span>
     <span class='ocr_line' id='line_1_87' title="bbox 2466 4816 3977 4899; baseline 0.005 -21"><span class='ocrx_word' id='word_1_561' title='bbox 2466 4837 2629 4891; x_wconf 83' lang='lat' dir='ltr'>muS,</span> <span class='ocrx_word' id='word_1_562' title='bbox 2664 4818 2832 4899; x_wconf 89' lang='lat' dir='ltr'>quod</span> <span class='ocrx_word' id='word_1_563' title='bbox 2874 4816 3156 4898; x_wconf 89' lang='lat' dir='ltr'>primum</span> <span class='ocrx_word' id='word_1_564' title='bbox 3198 4816 3357 4878; x_wconf 91' lang='lat' dir='ltr'>illud</span> <span class='ocrx_word' id='word_1_565' title='bbox 3399 4818 3727 4881; x_wconf 90' lang='lat' dir='ltr'>immobile</span> <span class='ocrx_word' id='word_1_566' title='bbox 3760 4838 3977 4885; x_wconf 88' lang='lat' dir='ltr'>unum</span> 
     </span>
     <span class='ocr_line' id='line_1_88' title="bbox 2464 4910 3981 4997; baseline 0.003 -18"><span class='ocrx_word' id='word_1_567' title='bbox 2464 4922 2667 4979; x_wconf 84' lang='lat' dir='ltr'>exstat</span> <span class='ocrx_word' id='word_1_568' title='bbox 2710 4915 3124 4997; x_wconf 90' lang='lat' dir='ltr'>principium,</span> <span class='ocrx_word' id='word_1_569' title='bbox 3159 4924 3371 4979; x_wconf 88' lang='lat' dir='ltr'>tamen</span> <span class='ocrx_word' id='word_1_570' title='bbox 3416 4917 3763 4979; x_wconf 90' lang='lat' dir='ltr'>multorum</span> <span class='ocrx_word' id='word_1_571' title='bbox 3806 4936 3847 4979; x_wconf 84' lang='lat' dir='ltr'>a</span> <span class='ocrx_word' id='word_1_572' title='bbox 3890 4910 3981 4983; x_wconf 76' lang='lat' dir='ltr'>&#39;se</span> 
     </span>
     <span class='ocr_line' id='line_1_89' title="bbox 2464 5012 3983 5097; baseline 0.003 -20"><span class='ocrx_word' id='word_1_573' title='bbox 2464 5013 3029 5095; x_wconf 86' lang='lat' dir='ltr'>egredientium,et</span> <span class='ocrx_word' id='word_1_574' title='bbox 3058 5015 3226 5095; x_wconf 86' lang='lat' dir='ltr'>quod</span> <span class='ocrx_word' id='word_1_575' title='bbox 3261 5015 3399 5077; x_wconf 90' lang='lat' dir='ltr'>idea</span> <span class='ocrx_word' id='word_1_576' title='bbox 3430 5012 3717 5077; x_wconf 89' lang='lat' dir='ltr'>nominat</span> <span class='ocrx_word' id='word_1_577' title='bbox 3747 5014 3983 5097; x_wconf 86' lang='lat' dir='ltr'>ipsum</span> 
     </span>
     <span class='ocr_line' id='line_1_90' title="bbox 2465 5111 3983 5192; baseline 0.003 -19"><span class='ocrx_word' id='word_1_578' title='bbox 2465 5130 2591 5173; x_wconf 90' lang='lat' dir='ltr'>non</span> <span class='ocrx_word' id='word_1_579' title='bbox 2624 5112 2977 5173; x_wconf 90' lang='lat' dir='ltr'>secundum</span> <span class='ocrx_word' id='word_1_580' title='bbox 3011 5111 3073 5173; x_wconf 89' lang='lat' dir='ltr'>id</span> <span class='ocrx_word' id='word_1_581' title='bbox 3106 5112 3276 5192; x_wconf 89' lang='lat' dir='ltr'>quod</span> <span class='ocrx_word' id='word_1_582' title='bbox 3305 5120 3421 5185; x_wconf 81' lang='lat' dir='ltr'>est,</span> <span class='ocrx_word' id='word_1_583' title='bbox 3456 5113 3566 5175; x_wconf 90' lang='lat' dir='ltr'>sed</span> <span class='ocrx_word' id='word_1_584' title='bbox 3606 5113 3983 5179; x_wconf 88' lang='lat' dir='ltr'>secundum</span> 
     </span>
     <span class='ocr_line' id='line_1_91' title="bbox 2467 5208 3981 5293; baseline 0.005 -24"><span class='ocrx_word' id='word_1_585' title='bbox 2467 5216 2827 5289; x_wconf 86' lang='lat' dir='ltr'>respectum</span> <span class='ocrx_word' id='word_1_586' title='bbox 2872 5208 3073 5290; x_wconf 90' lang='lat' dir='ltr'>ipsius</span> <span class='ocrx_word' id='word_1_587' title='bbox 3117 5209 3194 5270; x_wconf 91' lang='lat' dir='ltr'>ad</span> <span class='ocrx_word' id='word_1_588' title='bbox 3246 5209 3307 5270; x_wconf 90' lang='lat' dir='ltr'>id</span> <span class='ocrx_word' id='word_1_589' title='bbox 3353 5210 3538 5290; x_wconf 88' lang='lat' dir='ltr'>cujus</span> <span class='ocrx_word' id='word_1_590' title='bbox 3581 5218 3677 5272; x_wconf 84' lang='lat' dir='ltr'>est</span> <span class='ocrx_word' id='word_1_591' title='bbox 3720 5212 3981 5293; x_wconf 87' lang='lat' dir='ltr'>princi-</span> 
     </span>
     <span class='ocr_line' id='line_1_92' title="bbox 2470 5306 3983 5391; baseline 0.005 -23"><span class='ocrx_word' id='word_1_592' title='bbox 2470 5308 2670 5389; x_wconf 90' lang='lat' dir='ltr'>pium.</span> <span class='ocrx_word' id='word_1_593' title='bbox 2692 5307 3025 5387; x_wconf 88' lang='lat' dir='ltr'>Quumque</span> <span class='ocrx_word' id='word_1_594' title='bbox 3058 5315 3384 5389; x_wconf 89' lang='lat' dir='ltr'>respectus</span> <span class='ocrx_word' id='word_1_595' title='bbox 3417 5306 3523 5370; x_wconf 90' lang='lat' dir='ltr'>ille</span> <span class='ocrx_word' id='word_1_596' title='bbox 3554 5308 3983 5391; x_wconf 80' lang='lat' dir='ltr'>plurificetur</span> 
     </span>
    </p>
   </div>
  </div>
 </body>
</html>
