4359 6250
141 4426 254 4482 Sap.
267 4440 357 4477 vm,
374 4431 413 4470 i.

934 497 1022 542 AN
1061 497 1317 544 camus
1360 498 1452 543 SIT
1492 497 1706 543 vans
1748 497 2006 555 CREATA,
2039 499 2152 542 vm.
2196 497 2450 544 lpsmtm
2494 498 2761 544 SPIRITUS
2804 496 3068 544 SANCTUS

3469 471 3540 536 ss

533 665 864 739 Praeterea‚
898 665 964 727 in
994 668 1271 730 secunda
1309 668 1624 740 secundae,
1657 668 1948 750 quaestio-
1977 666 2027 730 Α
2059 674 2297 730 tantam
2342 667 2531 731 habet
2573 666 3049 731 inclinationem
3092 667 3169 729 ad
3216 665 3545 748 proprium

456 780 534 822 ne
577 762 885 825 vicesima
933 764 1162 826 tertia:
1196 765 1508 846 Magister,
1552 764 1780 847 inquit,
1825 765 1949 846 pri-

456 877 560 923 mo
602 861 1074 924 Sententiarum
1119 864 1298 944 ponit
1338 864 1507 944 quod
1550 864 1775 926 caritas
1819 882 1946 926 non

455 959 538 1020 sit
563 959 809 1041 aliquid
841 968 1124 1022 creatum
1157 961 1221 1022 in
1259 963 1493 1034 anima,
1526 964 1635 1024 sed
1678 963 1947 1043 ipsemet

456 1059 730 1140 Spiritus
773 1060 1040 1121 Sanctus
1084 1068 1361 1123 mentem
1407 1061 1786 1124 inhabitans.
1819 1061 1946 1124 Nec

453 1164 549 1218 est
605 1176 721 1219 sua
779 1157 1047 1220 intentio
1097 1159 1266 1240 quod
1322 1167 1528 1222 motus
1588 1160 1946 1222 dilectionis

455 1273 582 1336 quo
611 1255 940 1336 diligimus
970 1257 1192 1330 Deum,
1226 1257 1310 1318 sit
1349 1257 1621 1338 Spiritus
1656 1258 1944 1330 Sanctus,

453 1355 562 1416 sed
595 1355 766 1435 quod
808 1363 1016 1416 motus
1055 1356 1174 1417 iste
1215 1356 1574 1418 dilectionis
1613 1364 1710 1418 est
1739 1376 1774 1418 a
1813 1357 1950 1438 Spi-

453 1452 580 1514 ritu
631 1454 860 1516 Sancto
902 1471 1031 1515 non
1077 1455 1393 1516 mediante
1438 1455 1652 1536 aliquo
1702 1454 1946 1527 habitu,

453 1552 619 1614 sicut
648 1571 687 1613 a
715 1551 956 1632 Spiritu
988 1553 1216 1616 Sancto
1247 1561 1390 1614 sunt
1417 1560 1596 1615 actus
1625 1553 1735 1614 alii
1766 1553 1953 1615 virtu-

451 1650 546 1713 osi
587 1650 1016 1712 mediantibus
1047 1652 1357 1714 virtutum
1396 1651 1738 1714 habitibus
1773 1652 1949 1726 Quod

450 1751 612 1812 dixit
669 1759 929 1832 propter
985 1751 1426 1813 excellentiam
1487 1752 1784 1813 caritatiS.
1839 1752 1948 1813 Ta-

2058 775 2271 828 actum
2326 775 2395 828 ut
2450 766 2700 842 caritaS,
2752 785 2870 828 nec
2919 766 3134 847 aliqua
3184 765 3388 827 forma
3440 771 3551 826 aut

2058 866 2261 928 virtus
2304 884 2415 927 seu
2457 865 2710 928 habitus
2750 873 2877 927 tam
2916 863 3377 926 delectabiliter
3407 880 3553 944 ope—

2060 970 2235 1024 ratur
2286 971 2353 1025 ut
2403 965 2557 1046 ipsa.
2611 964 2771 1026 Hinc
2820 964 3093 1026 maxime
3142 971 3236 1023 est
3294 980 3553 1024 necesse

2061 1063 2231 1143 quod
2270 1063 2347 1123 ad
2389 1071 2603 1124 actum
2644 1063 2922 1124 caritatis
2968 1061 3447 1143 producendum
3490 1060 3555 1122 in

2061 1160 2267 1234 nobiS,
2303 1161 2385 1222 sit
2432 1161 2648 1242 aliqua
2695 1160 2901 1222 forma
2949 1159 3291 1221 habitualis
3340 1177 3556 1240 super-

2057 1258 2271 1320 addita
2310 1259 2580 1321 naturali
2625 1258 2942 1340 potentiae,
2984 1258 3184 1340 ipsam
3223 1258 3301 1319 ad
3340 1265 3553 1319 actum

2059 1357 2338 1419 caritatis
2369 1357 2704 1431 inclinans,
2729 1376 2997 1439 eamque
3030 1363 3321 1438 prompte
3352 1375 3425 1418 ac
3456 1357 3557 1418 de-

2061 1454 2439 1519 lectabiliter
2478 1457 2726 1538 operari
2763 1456 3074 1519 efficiens
3108 1493 3189 1501 —
3217 1457 3360 1518 Haec
3397 1456 3555 1518 Tho-

2062 1572 2196 1616 mas
2254 1555 2317 1616 in
2372 1556 2648 1616 secunda
2705 1556 3016 1617 secundae.
3072 1555 3188 1627 Qui
3234 1554 3426 1616 etiam
3488 1555 3552 1617 in

2060 1653 2310 1735 Scripto
2348 1653 2541 1726 tertii,
2580 1653 2986 1715 distinctione
3026 1652 3331 1715 vicesima
3364 1653 3553 1734 septi-

2060 1769 2184 1823 ma,
2234 1752 2401 1813 istud
2444 1751 2605 1813 bene
2649 1752 2942 1814 declarat.
3075 1741 3092 1756 ”

451 1868 599 1910 men
640 1849 695 1910 si
726 1849 872 1930 quis
911 1857 1081 1911 recte
1122 1849 1500 1924 consideret,
1535 1851 1652 1913 hoc
1695 1850 1759 1910 in
1792 1849 1947 1911 cari-
1983 1856 2028 1917 Β
2140 1849 2320 1911 Circa
2360 1850 2493 1912 haec
2533 1850 2749 1912 Petrus
2790 1849 3013 1912 scribit
3047 1867 3061 1912 ε
3096 1851 3163 1911 In
3204 1849 3417 1912 anima
3460 1869 3552 1912 ra—

451 1948 594 2009 tatis
654 1947 1108 2009 detrimentum
1169 1949 1368 2028 magis
1429 1949 1755 2010 redundat.
1808 1949 1942 2010 Non

446 2047 622 2108 enim
655 2053 865 2108 motus
895 2045 1175 2108 caritatis
1206 2045 1294 2107 ita
1323 2047 1609 2128 procedit
1637 2065 1674 2107 a
1703 2047 1944 2128 Spiritu

447 2145 680 2208 Sancto
723 2153 1002 2207 mentem
1043 2145 1386 2207 humanam
1428 2153 1742 2220 movente,
1775 2147 1944 2227 quod

449 2264 630 2306 mens
681 2244 961 2306 humana
1007 2251 1255 2305 tantum
1305 2243 1386 2305 sit
1438 2252 1626 2316 mota,
1661 2253 1724 2306 et
1767 2244 1945 2306 nullo

449 2344 638 2406 modo
668 2343 752 2404 sit
780 2343 1170 2424 principium
1203 2342 1571 2422 hujusmodi
1599 2351 1800 2416 actuS,
1833 2343 1947 2406 sic-

447 2451 518 2503 ut
555 2443 712 2503 dum
755 2459 986 2523 corpus
1028 2441 1286 2522 aliquod
1331 2449 1622 2503 movetur
1660 2442 1740 2503 ab
1779 2450 1947 2503 exte-

447 2541 599 2604 riori
659 2548 973 2603 movente.
1028 2540 1155 2602 Hoc
1206 2541 1444 2602 etenim
1503 2548 1670 2602 esset
1728 2548 1945 2602 contra

448 2640 758 2703 rationem
800 2639 1165 2712 voluntarii,
1201 2639 1386 2718 cujus
1425 2646 1674 2720 oportet
1713 2639 1944 2719 princi-

445 2740 628 2820 pium
659 2756 799 2800 esse
831 2738 896 2799 in
929 2737 1102 2818 ipso:
1123 2737 1342 2818 sicque
1373 2745 1746 2818 sequeretur
1775 2737 1943 2818 quod

445 2838 712 2918 diligere
764 2855 891 2898 non
939 2843 1106 2898 esset
1154 2835 1603 2898 voluntarium.
1639 2835 1766 2898 Nec
1816 2836 1941 2897 dici

446 2944 676 3017 potest,
711 2935 881 3016 quod
929 2935 1204 3015 Spiritus
1247 2933 1512 2996 Sanctus
1561 2933 1652 2995 sic
1696 2941 1944 2996 moveat

2058 1947 2279 2010 tionali
2330 1949 2450 2009 tria
2500 1949 3001 2022 considerantur,
3054 1949 3351 2010 videlicet
3397 1967 3411 2011 :
3458 1969 3551 2011 es-

2055 2047 2260 2108 sentia
2306 2046 2468 2126 ejuS,
2507 2066 2649 2128 quae
2697 2046 3033 2128 perficitur
3078 2066 3191 2128 per
3237 2048 3546 2128 gratiam3

2055 2144 2205 2206 item
2239 2145 2535 2226 potentiae
2567 2146 2921 2226 cognitivae,
2954 2165 3094 2226 quae
3126 2145 3549 2227 perficiuntur

2055 2261 2167 2324 per
2216 2243 2470 2305 habitus
2521 2244 2907 2324 cognitivos3
2951 2245 3247 2326 potentiae
3295 2262 3548 2326 quoque

2057 2341 2309 2403 motivae
2341 2351 2545 2415 motae,
2581 2350 2650 2404 ut
2689 2342 3209 2424 concupiscibilis
3243 2351 3305 2404 et
3338 2343 3549 2405 irasci-

2054 2439 2226 2513 bilis,
2261 2460 2402 2521 quae
2449 2441 2873 2521 perficiuntur
2917 2460 3030 2523 per
3073 2441 3327 2503 habitus
3368 2442 3549 2503 moti—

2054 2556 2184 2599 vos,
2221 2539 2487 2620 Insuper
2517 2539 2953 2601 consideratur
2987 2539 3051 2600 in
3087 2540 3299 2601 anima
3333 2548 3549 2621 poten-

2053 2637 2141 2697 tia
2191 2637 2635 2698 universaliter
2684 2637 2921 2699 motiva
2974 2655 3099 2698 non
3151 2646 3339 2711 mota,
3394 2647 3548 2718 puta

2053 2735 2367 2808 voluntaS,
2401 2756 2541 2817 quae
2591 2736 2925 2818 perficitur
2973 2737 3249 2798 caritate.
3285 2737 3371 2798 De
3421 2755 3547 2817 qua

2052 2852 2131 2895 an
2184 2833 2265 2895 sit
2314 2833 2611 2907 increata,
2656 2833 2914 2896 fuerunt
2963 2834 3315 2915 opiniones.
3362 2835 3547 2915 Magi-

2051 2939 2181 2992 ster
2224 2949 2499 3012 namque
2542 2932 2679 2993 vult
2720 2931 2951 3001 dicere,
2988 2933 3155 3014 quod
3199 2933 3364 2994 sicut
3413 2933 3547 3014 Spi-

443 3035 840 3097 voluntatem
897 3033 978 3095 ad
1024 3039 1237 3095 actum
1289 3032 1542 3094 amandi
1596 3041 1664 3094 ut
1715 3032 1945 3094 instru-
1975 3038 2017 3100 C
2052 3029 2212 3090 ritus
2280 3029 2545 3091 Sanctus
2616 3030 2969 3092 secundum
3031 3039 3329 3092 aeternam
3401 3050 3546 3112 pro-

445 3140 760 3207 mentum,
793 3132 962 3214 quod
1009 3132 1128 3193 etsi
1171 3132 1255 3193 sit
1298 3131 1688 3213 principium
1739 3140 1938 3202 actuS,

443 3251 573 3295 non
603 3240 818 3293 tamen
858 3238 954 3292 est
994 3232 1057 3292 in
1099 3231 1237 3312 ipso
1277 3248 1461 3310 agere
1500 3236 1767 3292 autnon
1804 3250 1944 3310 age-

444 3350 512 3393 re
547 3350 560 3391 :
595 3330 750 3412 quia
789 3330 883 3391 sic
922 3347 1176 3410 quoque
1209 3328 1367 3391 ratio
1397 3327 1737 3389 voluntarii
1771 3328 1943 3390 tolle-

441 3438 621 3491 retur
649 3436 714 3489 et
741 3426 1186 3489 excluderetur
1222 3426 1380 3488 ratio
1421 3425 1650 3487 meriti.
1686 3425 1943 3507 Oportet

442 3545 594 3608 ergo
623 3526 796 3608 quod
825 3524 1117 3588 voluntas
1149 3524 1240 3586 sic
1273 3532 1603 3587 moveatur
1631 3544 1668 3587 a
1699 3524 1940 3605 Spiritu

445 3625 698 3696 Sancto,
730 3623 903 3706 quod
950 3631 1014 3684 et
1065 3622 1203 3704 ipsa
1249 3623 1332 3684 sit
1379 3621 1673 3684 efficiens
1722 3622 1942 3703 hujus-

444 3723 619 3786 modi
667 3730 901 3785 actum.
936 3721 1124 3784 Porro
1166 3720 1382 3783 nullus
1427 3728 1606 3782 actus
1658 3720 1939 3802 perfecte

443 3821 822 3903 producitur
858 3839 896 3881 a
935 3837 1341 3900 quacumque
1383 3818 1590 3881 activa
1633 3819 1936 3900 potentia,

443 3919 570 3980 nisi
613 3918 699 3979 sit
737 3916 798 3979 ei
847 3916 1276 3978 connaturalis
1330 3934 1443 3996 per
1489 3914 1770 3996 aliquam
1821 3914 1942 3978 for-

443 4036 616 4079 mam
667 4036 810 4097 quae
857 4016 940 4076 sit
987 4014 1380 4096 principium
1429 4014 1716 4076 actioniS.
1767 4015 1940 4076 Unde

441 4117 632 4188 DeuS‚
666 4115 779 4196 qui
825 4114 1041 4177 omnia
1085 4119 1296 4173 movet
1335 4112 1414 4173 ad
1456 4111 1702 4175 debitos
1751 4112 1937 4186 sineS‚

2053 3128 2405 3190 cessionem
2457 3136 2553 3190 est
2598 3146 2777 3191 amor
2824 3130 3020 3192 Patris
3069 3130 3145 3191 ad
3198 3129 3450 3203 Filium,
3483 3140 3547 3191 et

2052 3234 2329 3299 econtra,
2363 3244 2488 3288 non
2537 3234 2749 3288 tamen
2798 3235 2865 3288 ut
2906 3226 3111 3289 forma
3154 3228 3406 3310 utrique
3455 3228 3547 3289 in-

2053 3324 2299 3387 haerens
2320 3342 2337 3403 ;
2371 3325 2457 3385 ita
2486 3327 2839 3387 secundum
2882 3326 3351 3406 processionem
3392 3334 3547 3388 tem-

2053 3422 2335 3504 poralem
2366 3423 2449 3484 sit
2487 3441 2665 3485 amor
2696 3424 3027 3505 utriusque
3058 3424 3135 3485 ad
3171 3424 3543 3487 rationalem

2053 3529 2428 3595 creaturam,
2462 3530 2525 3582 et
2556 3539 2920 3597 econvers0,
2954 3532 3017 3585 et
3049 3531 3298 3585 moveat
3328 3524 3546 3587 volun-

2051 3627 2244 3680 tatem
2290 3620 2829 3700 quemadmodum
2872 3620 3133 3701 angelus
3184 3638 3413 3703 corpus
3455 3643 3550 3685 as-

2051 3725 2405 3799 sumptum,
2449 3736 2573 3780 non
2626 3727 2696 3780 ut
2743 3718 2949 3781 forma
2996 3719 3305 3782 voluntati
3359 3720 3549 3783 inhae-

2052 3834 2215 3877 rens.
2265 3816 2455 3878 Porro
2506 3817 2730 3879 modus
2779 3833 2907 3898 quo
2956 3817 3228 3898 Spiritus
3280 3818 3546 3880 Sanctus

2054 3923 2265 3976 movet
2324 3915 2735 3988 voluntatem,
2789 3933 2915 3977 non
2974 3924 3071 3977 est
3127 3922 3371 3977 tantum
3432 3935 3548 3998 per

2054 4012 2314 4075 modum
2359 4032 2563 4075 causae
2604 4012 2972 4087 efficienti3‚
3006 4014 3156 4094 quia
3198 4014 3290 4075 sic
3330 4017 3548 4077 omnia

2054 4121 2313 4175 movet:
2348 4113 2458 4173 sed
2508 4121 2602 4173 est
2643 4112 2835 4174 etiam
2881 4131 2994 4194 per
3038 4112 3296 4175 modum
3340 4134 3545 4178 causae

442 4212 716 4295 singulis
777 4211 968 4274 rebus
1027 4210 1258 4272 indidit
1313 4209 1550 4272 formas
1613 4229 1727 4291 per
1782 4229 1938 4291 quas
1972 4216 2018 4276 D
2051 4211 2455 4292 exemplaris,
2491 4211 2792 4292 quoniam
2832 4228 3011 4274 amor
3040 4219 3171 4291 est3
3203 4220 3267 4273 et
3304 4213 3541 4287 finaliS,

443 4312 836 4374 inclinantur
873 4310 952 4371 ad
993 4309 1159 4371 fines
1199 4307 1322 4370 sibi
1363 4308 1670 4369 divinitus
1703 4309 1940 4389 praesti—

443 4418 614 4471 tutos
648 4426 664 4469 ε
699 4408 918 4488 sicque
946 4425 1062 4488 per
1091 4406 1210 4467 hoc
1238 4405 1520 4486 disponit
1549 4412 1776 4467 cuncta
1806 4425 1942 4467 sua-

441 4508 630 4579 viter,
667 4514 736 4567 ut
775 4506 840 4566 in
880 4504 1044 4566 libro
1083 4503 1420 4585 Sapientiae
1458 4502 1746 4565 habetur.
1784 4502 1938 4566 Con-

439 4612 567 4667 stat
621 4611 836 4665 autem
895 4602 1066 4684 quod
1123 4610 1301 4663 actus
1356 4600 1633 4663 caritatis
1690 4603 1938 4664 excedit

437 4701 798 4766 naturalem
838 4701 1188 4783 potentiam
1219 4699 1580 4762 voluntatis.
1615 4700 1746 4763 Nisi
1788 4719 1938 4782 ergo

435 4802 657 4883 aliqua
687 4800 892 4863 forma
923 4798 1454 4880 superadderetur
1483 4799 1792 4861 voluntati
1823 4818 1939 4882 per

437 4917 636 4981 quam
685 4898 763 4959 ad
811 4905 1026 4959 actum
1080 4895 1438 4958 dilectionis
1499 4897 1932 4971 inclinaretur,

435 5006 620 5060 actus
671 4996 791 5057 iste
843 4994 1278 5075 imperfectior
1323 5003 1490 5056 esset
1540 4994 1935 5057 naturalibus

435 5094 715 5166 actibuS,
776 5092 1026 5155 actibus
1087 5110 1341 5173 quoque
1401 5092 1670 5154 aliarum
1735 5094 1934 5155 virtu-

437 5202 606 5266 tum,
646 5210 766 5253 nec
815 5189 1021 5253 facilis
1070 5188 1591 5272 delectabilisque
1640 5191 1937 5254 consiste-

439 5298 558 5354 ret.
586 5289 762 5363 Quod
792 5288 1026 5351 falsum
1054 5296 1170 5362 est,
1193 5288 1496 5369 quoniam
1527 5287 1703 5350 nulla
1733 5290 1932 5352 virtus

2050 4309 2352 4390 quoniam
2399 4327 2723 4370 summum
2767 4308 3007 4371 bonum
3048 4318 3189 4371 est:
3224 4310 3373 4372 hinc
3418 4328 3545 4375 mo-

2048 4416 2155 4469 vet
2183 4414 2253 4467 ut
2281 4406 2453 4468 finis.
2490 4406 2632 4468 Haec
2662 4424 2813 4469 vero
2850 4408 3275 4488 apprehensio
3305 4410 3542 4471 summi

2049 4505 2201 4567 boni
2260 4505 2326 4566 in
2386 4503 2627 4566 ratione
2683 4504 2835 4567 boni
2897 4524 3009 4587 per
3058 4506 3277 4582 fidem,
3329 4517 3426 4570 est
3482 4509 3541 4571 ei

2045 4602 2372 4683 (videlicet
2419 4602 2759 4683 voluntati)
2803 4622 2919 4684 pro
2968 4603 3173 4666 forma
3222 4615 3537 4681 movente,

2046 4720 2190 4782 quae
2247 4709 2457 4762 tamen
2518 4717 2643 4762 non
2692 4700 3060 4777 voluntatiS‚
3112 4704 3221 4765 sed
3280 4706 3539 4767 rationis

2045 4806 2140 4861 est
2191 4798 2396 4861 forma
2439 4816 2452 4859 :
2497 4797 2663 4860 sicut
2709 4800 3135 4863 desideratum
3190 4804 3541 4883 apprehen-

2046 4916 2190 4958 sum
2246 4905 2459 4959 movet
2505 4897 2893 4959 desiderium
2952 4900 3267 4962 mediante
3318 4920 3539 4982 appre-

2043 4995 2371 5069 hensione,
2390 5004 2577 5076 prout
2608 5004 2956 5076 posuerunt
2986 4997 3343 5079 philosophi
3372 5001 3537 5080 quod

2047 5092 2464 5173 intelligentia
2510 5101 2721 5154 movet
2770 5092 3002 5155 coelum
3051 5094 3365 5158 mediante
3408 5099 3539 5159 ani-

2047 5210 2149 5253 ma
2209 5190 2377 5264 coeli,
2440 5210 2581 5272 quae
2638 5190 3121 5271 apprehendens
3186 5192 3538 5276 intelligen-

2044 5290 2221 5363 tiam,
2255 5290 2569 5352 desiderat
2600 5289 2658 5350 ei
2698 5287 3035 5353 assimilari
3073 5290 3137 5353 in
3176 5294 3535 5357 actualitate
