4359 6250
834 489 953 552 214
1472 507 1531 552 ιΝ
1574 507 1793 551 manum
1840 507 1857 550 1
1900 503 2380 550 saN'raN'riAam.
2426 522 2506 531 —
2547 504 2698 548 msr.
2745 503 2931 565 xxV13
2976 486 3217 558 otmar(
3249 503 3293 548 11

840 675 1227 757 personis,et
1255 677 1433 756 quasi
1466 675 1854 738 adventicias
1886 673 2171 754 personis
2200 672 2333 752 jam
2363 671 2411 733 Α
2444 690 2590 734 non.
2641 707 2720 716 —
2779 673 3063 753 Insuper,
3121 673 3174 733 si
3233 670 3585 733 similitudo
3639 669 3942 732 alborum

842 774 1203 834 constitutis
1263 775 1328 835 in
1387 793 1543 836 esse.
1607 774 1906 854 Hancque
1965 771 2330 854 opinionem
2444 770 2663 832 differt
2718 771 2798 832 ab
2857 770 3172 842 albedine,
3231 770 3462 851 poterit
3520 787 3635 850 per
3690 767 3948 829 intelle.-

844 872 1286 953 multipliciter
1340 873 1566 934 nititur
1624 872 1941 944 roborare,
1994 870 2222 931 fulcire
2274 877 2336 929 et
2445 877 2617 930 ctum
2677 870 3030 932 similitudo
3076 869 3157 930 ab
3205 868 3350 930 albo
3398 877 3589 949 atque
3645 866 3954 929 albedine

843 971 1142 1045 colorare,
1176 979 1365 1052 atque
1403 972 1480 1032 ad
1524 990 1664 1032 eam
1706 970 1903 1052 magis
1934 970 2188 1031 videtur
2225 986 2339 1049 per
2444 969 2748 1042 abstrahi,
2780 978 2845 1031 et
2886 970 3207 1031 destructo
3251 986 3379 1030 uno
3420 968 3713 1030 alborum
3763 966 3962 1027 intel-

571 3154 591 3175 ·
600 3152 720 3195 alias
734 3152 826 3191 tan·

556 3222 649 3260 tum

843 1087 1173 1130 assensum
1222 1069 1557 1143 divertere,
1600 1087 1727 1131 non
1778 1076 1987 1130 tamen
2037 1085 2185 1128 cum
2234 1065 2340 1126 ab-

844 1167 1048 1228 soluta
1095 1167 1464 1240 assertione,
1517 1168 1625 1228 sed
1677 1167 2017 1248 opinative.
2070 1165 2228 1226 Nam
2277 1173 2339 1224 et

844 1265 1094 1345 obJecta
1134 1285 1275 1346 quae
1316 1275 1533 1328 contra
1574 1284 1981 1327 communem
2022 1264 2197 1325 illam
2237 1263 2340 1324 do-

846 1371 1092 1426 ctorum
1152 1365 1531 1446 positionem
1595 1363 1865 1437 induxit,
1924 1363 2134 1434 solvit,
2189 1361 2338 1422 insi-

848 1481 1050 1523 nuans
1110 1470 1444 1544 utramque
1494 1463 1862 1543 opinionem
1925 1460 2341 1543 probabiliter

847 1579 1031 1641 posse
1075 1561 1349 1622 defendi.
1387 1561 1763 1642 Opinionem
1808 1578 2061 1641 quoque
2103 1560 2342 1639 Praepo-

846 1658 1016 1719 sitivi
1061 1659 1397 1739 redarguit.
1434 1694 1511 1704 -—
1542 1658 1699 1732 Quid
1739 1667 1951 1720 autem
1992 1658 2068 1718 de
2110 1657 2209 1718 his
2240 1677 2341 1717 ve-

848 1756 980 1818 rius
1047 1765 1235 1838 atque
1299 1756 1555 1818 fidelius
1618 1757 1905 1817 videatur
1965 1756 2334 1828 tenendum,

2449 1068 2556 1148 ligi
2594 1089 2608 1132 :
2643 1070 2862 1149 sicque
2906 1076 3073 1129 esset
3115 1066 3470 1129 similitudo
3519 1066 3687 1128 inter
3725 1065 3963 1127 album

2448 1175 2511 1227 et
2541 1184 2665 1228 non
2697 1166 2934 1227 album.
2969 1201 3048 1210 —
3079 1165 3223 1227 Haec
3255 1164 3653 1228 Guillelmus.
3692 1165 3780 1225 Ex
3809 1164 3968 1245 qui-

2451 1266 2568 1327 bus
2610 1273 2876 1327 conatur
2919 1263 3208 1351 probare,
3245 1263 3414 1345 quod
3455 1263 3677 1324 relatio
3715 1263 3802 1324 nil
3849 1263 3968 1324 ad-

2450 1365 2555 1425 dat
2599 1363 2768 1425 reale
2814 1362 3073 1444 proprio
3117 1361 3552 1423 fundamento.

2531 1462 2816 1542 insuper,
2861 1460 3031 1541 quod
3074 1458 3266 1520 etiam
3316 1459 3380 1520 in
3427 1458 3662 1521 divinis
3712 1459 3796 1520 ita
3841 1459 3958 1532 sit,

2451 1561 2542 1621 sic
2583 1559 2808 1620 nititur
2848 1558 3228 1640 persuadere
3263 1575 3277 1618 :
3311 1557 3578 1619 Necesse
3617 1567 3714 1618 est
3745 1559 3960 1619 Deum

2450 1659 2692 1719 Patrem
2734 1676 2809 1719 eo
2850 1656 2988 1738 ipso
3027 1675 3164 1717 esse
3206 1663 3450 1737 patrem
3491 1673 3618 1736 quo
3656 1663 3716 1717 et
3747 1655 3955 1717 ist-um

2450 1756 2907 1837 (demonstrato
2934 1754 3196 1834 aliquo),
3218 1761 3327 1815 aut
3358 1772 3504 1816 non.
3532 1753 3594 1814 Si
3626 1754 3739 1822 sic,
3773 1754 3958 1815 idem

850 1855 1039 1935 paulo
1097 1865 1239 1936 post
1287 1855 1698 1936 exprimetur.
1751 1855 1929 1915 Prius
1978 1862 2190 1915 tamen
2248 1873 2341 1914 re·
2377 1858 2423 1919 B
2451 1861 2616 1915 esset
2657 1872 2794 1914 esse
2834 1859 3078 1935 patrem
3118 1859 3182 1914 et
3219 1871 3357 1914 esse
3403 1853 3614 1913 istum.
3660 1853 3776 1914 Sed
3821 1853 3958 1914 hoc

851 1953 1101 2015 citanda
1146 1962 1241 2014 est
1290 1954 1393 2014 hic
1444 1953 1662 2034 opinio
1720 1953 2053 2032 cujusdam
2112 1953 2338 2014 famosi

850 2051 1145 2122 doctoriS,
1171 2052 1279 2132 qui
1313 2059 1523 2112 tamen
1555 2051 1620 2112 in
1652 2051 1768 2112 hac
1800 2051 2061 2112 materia
2090 2050 2343 2112 videtur

850 2166 977 2210 non
1022 2149 1267 2211 modice
1308 2149 1581 2211 deviare.

930 2248 1146 2328 Itaque
1196 2247 1493 2310 dominus
1544 2247 1922 2310 Guillelmus
1973 2246 2342 2308 Parisiensis

851 2345 1211 2428 episcopm,
1246 2346 1311 2406 in
1344 2353 1611 2407 tractatu
1650 2364 1764 2408 suo
1795 2346 1872 2406 de
1904 2346 2208 2406 Trinitate
2242 2345 2344 2406 de-

852 2444 1053 2506 fendit
1082 2453 1271 2526 atque
1304 2463 1418 2527 pro
1443 2444 1689 2507 viribus
1721 2444 2344 2527 persuadet,divinas

851 2562 1151 2625 personas
1215 2562 1343 2606 non
1405 2543 1706 2605 constitui
1769 2561 1975 2624 neque
2036 2543 2341 2622 distingui

850 2661 964 2724 per
1023 2642 1360 2704 relationes
1423 2641 1919 2723 proprietatesve
1979 2641 2270 2702 relativas
2326 2659 2338 2702 :

850 2741 979 2802 imo
1027 2739 1397 2802 relationem
1456 2739 1611 2800 dicit
1659 2738 1750 2800 nil
1810 2739 1975 2800 reale
2024 2745 2131 2798 aut
2183 2737 2346 2819 posi-

850 2838 1055 2899 tivum
1097 2838 1441 2901 consistere
1491 2856 1699 2918 neque
1744 2838 1809 2898 in
1852 2837 1980 2899 Deo
2030 2855 2237 2917 neque
2278 2836 2343 2897 in

853 2936 1180 3008 creaturiS,
1214 2936 1323 2996 sed
1358 2935 1774 2996 intentionem
1809 2943 2051 2996 tantum
2087 2954 2200 2996 seu
2232 2954 2342 2995 ens

854 3034 1135 3097 rationis,
1192 3035 1267 3095 Et
1317 3033 1480 3095 inter
1530 3042 1737 3094 cetera
1795 3033 2018 3094 scribit
2066 3033 2157 3094 sic
2211 3053 2224 3095 :

854 3134 1207 3196 similitudo
1247 3136 1470 3195 causa*
1509 3140 1605 3193 est
1644 3134 1911 3194 duarum
1951 3132 2342 3206 albedinum‚

854 3234 1212 3296 necessario
1258 3240 1423 3294 esset
1464 3233 1751 3313 ejusdem
1796 3231 2084 3293 essentiae
2128 3250 2350 3292 secun-

856 3334 1009 3394 dum
1059 3332 1357 3413 speciem.
1402 3367 1482 3376 —
1517 3330 1831 3411 Amplius,
1887 3329 2160 3411 qualiter
2207 3338 2348 3411 aget

853 3430 1070 3492 album
1132 3431 1195 3491 in
1255 3429 1474 3491 album
1532 3448 1647 3510 per
1693 3428 2055 3489 albedinem
2116 3428 2342 3508 ipsam,

853 3549 1053 3611 quum
1095 3529 1315 3591 album
1358 3546 1755 3609 nequaquam
1803 3526 2105 3608 passibile
2144 3527 2228 3588 sit
2267 3526 2345 3587 ab

850 3628 996 3690 albo
1055 3646 1169 3710 per
1225 3626 1585 3689 albedinem
1646 3626 1895 3706 ipsam?
1954 3633 2017 3685 et
2073 3624 2346 3706 qualiter

849 3736 991 3807 aget
1029 3726 1255 3787 albedo
1296 3725 1359 3786 in
1403 3724 1732 3807 proprium
1770 3723 2156 3803 subjectum,
2192 3741 2345 3804 quo-

852 3826 1024 3888 niam
1063 3825 1143 3887 ab
1182 3824 1475 3885 albedine
1515 3822 1865 3884 similitudo
1906 3822 2191 3902 procedit
2220 3841 2346 3902 qua

850 3924 1069 3987 album
1110 3923 1346 3985 dicitur
1392 3922 1601 3983 simile
1650 3921 1835 3983 albo?
1874 3928 1983 3981 aut
2026 3921 2344 4002 quomodo

851 4023 986 4085 haec
1025 4021 1249 4083 albedo
1289 4020 1515 4081 effluet.
1548 4019 1624 4080 de
1666 4039 1732 4080 se
1768 4027 1895 4080 tam
1937 4018 2342 4080 differentem

849 4120 1213 4192 essentiam,
1258 4128 1410 4200 puta
1451 4118 1962 4190 similitudinem,
2007 4136 2147 4198 quae
2191 4118 2344 4178 rela-

2280 3033 2341 3094 Si
2383 3039 2426 3102 C
2455 3036 2726 3099 affixum
2783 3052 2796 3096 :

2454 1961 2548 2014 est
2590 1950 3007 2033 impossibile,
3043 1969 3243 2030 quum
3287 1968 3424 2011 esse
3468 1950 3686 2024 istum,
3717 1951 3798 2011 sit
3839 1951 3962 2012 ab-

2455 2050 2756 2123 solutum,
2789 2055 2848 2109 et
2890 2067 3027 2109 esse
3069 2056 3336 2128 patrem,
3371 2048 3452 2109 sit
3491 2049 3848 2111 relativum.
3889 2051 3964 2112 Si

2455 2167 2604 2211 vero
2642 2157 2737 2209 est
2777 2147 2948 2208 aliud
2989 2166 3126 2208 esse
3168 2147 3360 2208 istum
3400 2155 3462 2208 et
3501 2166 3639 2209 esse
3679 2158 3966 2230 patrem,

2456 2247 2724 2310 intentio
2768 2265 2879 2307 seu
2924 2246 3084 2308 ratio
3128 2245 3325 2328 patris
3368 2246 3608 2327 aliquid
3652 2247 3826 2308 addit
3876 2251 3968 2310 ad

2457 2347 2874 2408 intentionem
2926 2364 3039 2406 seu
3089 2344 3398 2406 rationem
3448 2345 3588 2425 ejus
3637 2347 3802 2426 quod
3857 2357 3972 2409 est.

2458 2446 2592 2506 iste.
2641 2444 2984 2506 Paternitas
3035 2461 3184 2523 ergo
3231 2452 3328 2504 est
3375 2443 3614 2524 aliquid
3663 2445 3966 2508 additum

2457 2544 2559 2605 isti
2603 2551 2831 2624 praeter
2873 2542 3290 2604 intentionem
3330 2561 3443 2603 seu
3483 2542 3789 2604 rationem
3819 2563 3967 2625 qua

2455 2650 2551 2704 est
2599 2641 2716 2702 iste
2767 2658 2780 2702 τ
2833 2649 2896 2701 et
2945 2642 3030 2702 ita
3082 2641 3145 2702 in
3195 2641 3324 2703 Deo
3373 2641 3548 2703 Patre
3598 2659 3724 2703 non
3773 2641 3958 2704 idem

2454 2741 2596 2814 erit,
2649 2759 2786 2800 esse
2837 2738 3052 2812 istum,
3103 2747 3166 2800 et
3213 2723 3358 2801 esse·
3400 2747 3682 2821 patrem;
3727 2740 3962 2821 sicque.

2454 2858 2592 2900 esse
2637 2847 2903 2920 patrem,
2937 2838 3059 2898 erit
3095 2837 3270 2898 velut
3310 2838 3698 2900 accidentale
3739 2847 3800 2900 et
3839 2840 3964 2901 ad—

2456 2937 2804 2999 venticium
2869 2937 3201 3017 supposito
3263 2936 3479 3016 patris,
3541 2936 3641 2998 vel
3698 2957 3735 2999 a
3791 2936 3966 2999 foris

2852 3035 3020 3115 quod
3069 3035 3194 3095 dici
3255 3051 3381 3096 non
3443 3042 3668 3115 potest.
3721 3035 3968 3116 Sicque

2458 3136 2678 3198 relatio
2719 3153 2844 3197 non
2885 3134 3004 3195 erit
3048 3134 3170 3196 nisi
3211 3134 3501 3207 intentio,
3534 3143 3599 3196 et
3635 3153 3759 3197 non
3797 3137 3970 3216 quid

2460 3234 2624 3295 reale
2679 3234 2742 3295 in
2789 3233 2936 3295 Deo.
2990 3267 3069 3276 —
3117 3233 3336 3294 Merito
3387 3233 3581 3313 igitur
3629 3234 3971 3315 quaeritur,

2458 3333 2664 3415 qualis
2714 3332 2796 3393 sit
2841 3331 3209 3393 differentia
3259 3331 3424 3393 inter
3467 3332 3711 3393 Patrem
3759 3340 3822 3393 et
3870 3334 3980 3395 Fi-

2458 3432 2638 3503 lium,
2675 3448 2947 3512 quorum
2980 3439 3076 3491 est
3108 3430 3173 3491 in
3204 3430 3482 3491 essentia
3517 3431 3746 3493 unitas.
3780 3431 3976 3504 Quod

2457 3531 2508 3591 si
2561 3529 2705 3611 quis
2756 3528 3008 3601 dixerit,
3053 3529 3218 3609 quod
3269 3527 3579 3590 differunt
3629 3529 3970 3597 relatione,

2459 3638 2627 3691 recte
2669 3628 3028 3709 respondet..
3066 3628 3185 3689 Sed
3218 3626 3350 3689 sola
3380 3627 3602 3690 relatio
3643 3628 3972 3709 impedire

2457 3745 2582 3789 non
2633 3733 2840 3807 potest
2889 3733 3177 3787 mutuam
3227 3726 3303 3786 de
3354 3744 3422 3787 se
3469 3726 3746 3787 invicem
3795 3746 3969 3807 prm—

2455 3826 2836 3888 dic-ationem
2883 3842 2896 3884 :
2943 3843 3090 3885 nam
3142 3833 3204 3885 et
3251 3824 3420 3905 apud
3469 3842 3584 3886 nos
3633 3824 3800 3885 idem
3852 3836 3960 3887 est

2455 3932 2633 4006 pater
2662 3931 2724 3984 et
2759 3922 2934 3983 filius
2975 3930 3266 4004 respectu
3308 3921 3724 3984 diversorum.
3758 3924 3964 3985 Idcir-

2453 4042 2528 4086 co
2559 4041 2816 4084 necesse
2855 4029 2952 4082 est
2981 4022 3170 4083 aliam
3211 4040 3349 4083 esse
3389 4020 3818 4083 differentiam
3854 4023 3962 4084 in—

2453 4132 2548 4184 ter
2589 4122 2834 4183 Patrem
2883 4129 2946 4182 et
2989 4120 3237 4181 Filium.
3282 4120 3439 4182 Nam
3489 4128 3554 4181 et
3595 4120 3964 4201 intelligere

851 4219 939 4281 tio
969 4227 1030 4280 et
1061 4238 1173 4280 ens
1202 4217 1368 4280 reale
1399 4220 1697 4278 vocatur?
1729 4201 2100 4278 correlativa
2128 4224 2342 4278 autem
2375 4222 2422 4283 D
2455 4238 2792 4302 possumus
2833 4220 3076 4281 Patrem
3118 4236 3244 4281 non
3283 4219 3601 4299 genuisse,
3635 4228 3695 4280 et
3735 4227 3960 4283 tamen

850 4316 1074 4378 albedo
1122 4316 1198 4377 ad
1249 4316 1368 4376 hoc
1414 4314 1693 4394 adjuvat,
1738 4322 1807 4375 ut
1853 4313 2079 4376 albedo
2128 4324 2344 4376 causet

851 4434 965 4496 per
993 4434 1061 4475 se
1091 4412 1578 4475 similitudinem
1621 4412 1889 4473 duarum
1928 4412 2342 4474 albedinum?

850 4548 931 4557 -
958 4514 1137 4585 Item,
1165 4512 1330 4573 unde
1360 4517 1502 4590 aget
1534 4509 1893 4589 subjectum
1924 4509 2139 4571 album
2173 4512 2342 4592 quod

850 4619 946 4672 est
985 4610 1050 4671 in
1089 4610 1352 4682 oriente,
1397 4609 1462 4670 in
1513 4607 1873 4687 subjectum
1924 4608 2220 4670 similiter
2257 4611 2344 4671 al-

852 4710 1006 4771 bum
1039 4709 1207 4789 quod
1236 4716 1332 4769 est
1364 4707 1428 4768 in
1460 4707 1810 4779 occidente,
1845 4708 1945 4768 vel
1978 4706 2339 4787 subjectum

850 4810 1019 4891 quod
1071 4815 1167 4869 est
1224 4806 1343 4869 sub
1393 4815 1579 4879 terra,
1636 4806 1700 4867 in
1759 4806 2121 4886 subjectum
2171 4809 2339 4888 quod

849 4915 945 4969 est
993 4925 1186 4988 super
1242 4908 1521 4967 terram?
1569 4904 1973 4967 Manifestum
2025 4913 2119 4966 est
2165 4924 2339 4986 erg0,

850 5006 999 5067 huic
1040 5004 1187 5067 albo
1230 5003 1392 5065 nihil
1442 5004 1703 5066 omnino
1745 5022 1860 5084 per
1900 5011 2190 5065 naturam
2239 5006 2343 5067 ad-

848 5105 1066 5166 venire
1097 5122 1175 5165 ex
1205 5120 1280 5164 eo
1311 5102 1479 5184 quod
1518 5102 1690 5163 aliud
1730 5109 1827 5163 est
1863 5101 2104 5176 album,
2139 5123 2340 5184 quum

849 5205 983 5267 haec
1023 5203 1250 5265 albedo
1292 5222 1471 5285 aeque
1518 5203 1733 5285 quieta
1782 5203 1857 5264 sit
1899 5202 1979 5264 ab
2020 5204 2195 5265 omni
2245 5222 2342 5265 ac-

847 5302 1018 5364 tione
1059 5309 1121 5362 et
1163 5310 1360 5373 motu,
1404 5302 1537 5363 sive
1578 5300 1751 5363 aliud
1795 5300 2013 5362 album
2057 5301 2161 5375 sit,
2205 5301 2338 5363 sive

2451 4319 2661 4381 adhuc
2693 4337 2852 4391 esse,
2885 4324 2948 4379 et
2979 4336 3116 4379 esse
3156 4317 3345 4377 hunc.
3371 4352 3452 4361 —-
3479 4316 3793 4398 AmpliuS‚
3830 4316 3964 4380 iste

2455 4418 2565 4499 qui
2613 4417 2853 4497 genuit,
2905 4415 2972 4476 in
3022 4422 3331 4495 quantum
3383 4415 3522 4487 iste,
3572 4422 3684 4477 aut
3729 4414 3968 4477 differt

2453 4516 2533 4578 ab
2581 4533 2657 4577 eo
2707 4515 2815 4595 qui
2866 4514 3118 4595 genitus
3167 4520 3282 4585 est,
3338 4513 3402 4573 in
3453 4522 3762 4593 quantum
3809 4512 3956 4585 ille,

2453 4621 2561 4676 aut
2604 4631 2730 4675 non
2768 4630 2781 4674 τ
2816 4612 2867 4673 si
2912 4631 3061 4684 non,
3095 4628 3244 4691 ergo
3291 4618 3555 4691 uterque
3599 4619 3694 4673 est
3735 4611 3956 4680 ide-m:

2453 4713 2504 4774 si
2535 4729 2686 4773 vero
2717 4710 2955 4783 differt,
2988 4727 3138 4789 ergo
3179 4717 3406 4791 praeter
3441 4707 3808 4770 relationem
3851 4720 3960 4772 est

2453 4808 2818 4872 differentia
2863 4808 3028 4869 inter
3069 4825 3196 4869 eos
3233 4806 3376 4869 Haec
3420 4806 3816 4869 GuillelmuS.

2531 5006 2764 5067 Verum
2808 5005 2927 5067 ista
2956 5004 3174 5085 opinio
3201 5004 3454 5065 videtur
3493 5004 3692 5084 magis
3719 5022 3756 5065 a
3785 5006 3964 5067 veri-—

2452 5112 2576 5168 tate
2607 5104 2923 5175 recedere,
2957 5122 3148 5184 quam
3191 5109 3487 5183 praetacta
3515 5120 3550 5162 a
3581 5102 3764 5163 Scoto
3801 5121 3958 5164 nar-

2451 5212 2583 5266 rata
2620 5202 2856 5284 opinio.
2895 5202 3167 5282 Utraque
3207 5200 3466 5282 quidem
3509 5200 3848 5262 concordat
3881 5201 3958 5264 in

2451 5302 2592 5375 hoc,
2638 5300 2806 5381 quod
2851 5298 3081 5361 divinae.
3131 5297 3612 5379 supergloriosae
3655 5314 3956 5377 persona*
