4359 6250
587 3612 748 3656 Joann.
766 3625 837 3665 xv,

576 3678 641 3719 16.

617 4796 746 4841 Rom.
782 4811 837 4849 ix,

574 4860 642 4909 22,
663 4863 730 4903 23.

883 462 1005 528 548

1321 777 1794 852 QUAESTIO
1865 776 1943 838 II

1007 1042 1269 1105 Ecundo
1316 1043 1642 1127 quaeritur,
1693 1043 1823 1107 An
1869 1041 2156 1106 electio
2204 1051 2383 1103 con·

1023 1143 1299 1209 veniat
1332 1143 1542 1232 Deo,
1599 1142 1683 1206 et
1745 1141 2025 1206 utrum
2094 1136 2382 1202 electio

883 1242 1665 1323 praedestinationem
1712 1238 2147 1304 secundum
2191 1234 2382 1298 rati-

884 1353 1115 1405 onem
1157 1338 1570 1420 praecedat.

962 1437 1224 1499 Videtur
1272 1435 1440 1518 quod
1501 1452 1627 1497 non
1678 1432 2012 1495 conveniat
2059 1430 2206 1491 Dec.
2258 1427 2385 1490 Pri-

884 1552 1009 1609 mo,
1054 1535 1266 1596 nullus
1305 1534 1558 1615 sapiens
1599 1532 1775 1613 eligit
1818 1549 2017 1592 unum
2065 1547 2195 1610 prae
2232 1526 2379 1600 alie,

881 1633 1006 1696 nisi
1043 1641 1302 1714 propter
1331 1631 1744 1694 eminentiam
1785 1627 2086 1692 bonitatis
2120 1635 2231 1688 aut
2260 1626 2380 1687 uti-

882 1733 1076 1794 litatis
1115 1731 1218 1795 vel
1255 1729 1766 1792 delectabilitatis
1809 1727 1999 1789 unius
2045 1745 2174 1808 prae
2214 1724 2377 1803 alio;

1561 476 1624 522 IN
1663 476 1884 522 LIBRUM
1927 476 1947 520 1
1989 470 2470 520 SENTENTIARUM.
2515 489 2595 499 ·-
2635 472 2788 518 Dls'r.
2834 471 2975 534 xL15
3019 471 3241 527 QUAEST.
3288 471 3332 516 11

2409 644 2459 706 A
2490 661 2712 706 omnes
2770 661 2839 704 se
2888 641 3078 704 habet
3126 640 3473 724 aequaliter.
3526 639 3831 703 Voluntas
3880 635 3995 700 Dei

2364 751 2373 760 ‘
2490 759 2885 823 consequens
2944 741 3101 802 dicit
3158 747 3518 821 respectum
3578 737 3997 820 praescientiae

2489 839 2599 902 Dei
2632 840 2709 900 ad
2742 839 2957 901 futura
2998 838 3225 901 merita
3260 845 3451 919 atque
3484 836 3793 900 demerita
3825 856 3842 899 :
3878 835 3997 896 sic-

2489 957 2613 1019 que
2643 944 2739 999 est
2767 937 3194 1010 dissimilium,
3208 944 3271 998 et
3302 937 3435 999 haec
3466 935 3759 999 voluntas
3788 953 3995 997 unum

2488 1036 2669 1098 alteri
2716 1043 3152 1118 praeacceptat.

2570 1135 2810 1197 Electio
2861 1152 3114 1217 quoque
3164 1133 3783 1216 praedestinationem
3816 1151 3994 1214 ‚prae-

2491 1234 2676 1296 cedit.
2720 1234 2855 1297 Non
2901 1234 3077 1295 enim
3128 1234 3190 1295 in
3242 1252 3510 1314 regnum
3560 1231 3817 1313 eligitur
3864 1231 3994 1292 nisi

2491 1339 2815 1413 separatus
2854 1352 2890 1394 a
2932 1351 3137 1394 massa
3177 1331 3551 1414 perditionis
3586 1348 3601 1392 z
3634 1349 3776 1412 quae
3815 1348 3996 1411 sepa-

2490 1431 2652 1492 ratio
2691 1429 2768 1491 fit
2804 1449 2918 1512 per
2948 1430 3365 1508 electionem3
3401 1430 3621 1510 sicque
3661 1435 3993 1510 separatus

2490 1529 2817 1590 ordinatur
2854 1530 2931 1591 ad
2962 1528 3250 1611 gloriam.
3286 1527 3553 1590 Dilectio
3588 1535 3801 1588 autem
3842 1526 3995 1588 sim-

2491 1627 2743 1708 pliciter
2791 1628 2977 1702 dicta,
3033 1627 3333 1709 praecedit
3382 1635 3717 1708 utramque
3770 1643 3785 1686 :
3838 1624 3993 1707 quia

2489 1726 2747 1789 dilectio
2790 1727 3055 1788 inclinat
3092 1727 3171 1788 ad
3216 1727 3639 1807 separandum
3677 1731 3869 1805 atque
3909 1723 3991 1785 ad

881 1830 990 1891 sed
1026 1830 1188 1891 nihil
1223 1830 1450 1893 horum
1483 1827 1780 1890 convenit
1810 1832 2112 1887 creaturae
2143 1824 2267 1885 nisi
2299 1842 2375 1885 ex
2413 1826 2460 1888 B
2490 1825 2891 1906 dirigendum
2951 1825 3018 1886 in
3069 1823 3269 1887 finem
3328 1824 3669 1886 salubrem.
3722 1824 3985 1896 RursuS,

881 1929 1010 1990 Deo
1050 1948 1064 1991 ε
1114 1945 1262 2008 ergo
1313 1925 1734 2008 non0invenit
1783 1943 1899 1985 nec
1951 1921 2375 2003 conspicit'in

879 2027 1186 2089 creaturis
1218 2044 1331 2086 cur
1371 2044 1564 2086 unam
1604 2043 1732 2105 prae
1765 2023 1888 2084 alia
1917 2022 2124 2101 eligat.
2159 2057 2241 2064 —
2272 2021 2375 2083 Se-

879 2123 1109 2196 cundo,
1144 2122 1198 2183 si
1239 2121 1430 2202 elegit
1475 2139 1666 2182 unam
1712 2117 2205 2180 intellectualem
2248 2136 2378 2179 cre-

875 2229 1144 2293 aturam,
1198 2220 1316 2282 hoc
1376 2218 1649 2281 maxime
1707 2225 1874 2279 esset
1921 2224 2178 2298 propter
2234 2215 2375 2295 ejus

879 2319 1105 2380 merita
1150 2327 1338 2399 atque
1388 2317 1696 2379 demerita
1746 2333 1760 2377 :
1811 2316 1978 2397 quod
2029 2315 2197 2376 sicut
2240 2313 2373 2394 jam

877 2418 1102 2499 patuit,
1153 2417 1280 2479 dici
1341 2434 1467 2478 non
1520 2415 1708 2488 valet,
1761 2414 2112 2495 praesertim
2171 2431 2370 2494 quum

872 2515 1102 2578 electio
1141 2515 1224 2577 sit
1254 2522 1509 2587 aeterna,
1544 2513 1729 2593 cujus
1769 2511 1858 2574 nil
1894 2512 2239 2593 temporale
2278 2519 2374 2572 est

874 2632 1064 2677 causa
1118 2623 1228 2676 aut
1285 2613 1462 2675 ratio.
1515 2648 1596 2657 —
1643 2611 1874 2682 Terti0,
1926 2611 2090 2672 Deus
2147 2610 2369 2672 eodem

875 2712 1063 2775 modo
1108 2731 1175 2774 se
1224 2711 1415 2773 habet
1461 2712 1539 2772 ad
1589 2729 1832 2781 omneS,
1877 2715 1945 2769 ut
1986 2708 2227 2769 dictum
2276 2714 2371 2770 est

873 2829 1040 2892 saepe
1075 2828 1088 2871 :
1123 2828 1272 2890 crgo
1311 2827 1439 2872 non
1479 2808 1658 2888 eligit
1702 2826 1900 2869 unum
1946 2825 2074 2888 prae
2113 2806 2256 2867 alio.
2292 2841 2373 2850 -—

872 2909 1124 2981 Quarto,
1176 2909 1600 2969 Damascenus
1649 2904 1928 2966 secundo
1977 2902 2139 2966 libro
2188 2910 2372 2965 testa-

2488 1923 2743 1988 dilectio
2786 1932 2878 1986 est
2923 1923 3075 1987 boni
3126 1922 3525 2005 simpliciter,
3560 1922 3789 1985 electio
3833 1920 3987 1984 boni

2486 2021 2788 2097 finaliter,
2844 2023 3315 2104 praedestinatio
3372 2021 3522 2085 boni
3583 2020 3867 2083 finaliter
3923 2026 3988 2081 et

2485 2120 2707 2182 directi
2761 2121 2826 2182 in
2876 2120 3075 2184 sinem
3126 2121 3445 2203 sapienter
3486 2141 3501 2183 :
3544 2119 3764 2201 sicque
3814 2117 3988 2198 obje-

2486 2225 2661 2280 ctum
2695 2219 2883 2281 unius
2912 2219 3087 2281 addit
3115 2238 3309 2301 super
3336 2218 3661 2299 objectum
3697 2216 3981 2290 alteriuS,

2484 2326 2546 2379 et
2590 2316 2845 2379 dilectio
2886 2318 3059 2399 prior
3099 2325 3163 2379 et
3201 2317 3555 2400 simplicior
3588 2323 3685 2379 est
3728 2315 3985 2378 electio-

2484 2435 2585 2489 ne,
2637 2416 2866 2479 electio
2913 2434 3165 2498 quoque
3218 2415 3789 2498 praedestinatione.
3838 2414 3984 2476 Haec

2482 2514 2799 2577 AlbertuS.

2559 2614 2733 2675 Idem
2772 2613 3121 2688 UdalricuS‚
3154 2614 3289 2677 haec
3332 2614 3468 2695 ipsa
3500 2631 3827 2696 exponens
3864 2612 3985 2675 dif-

2483 2712 2687 2774 fusius
2739 2713 2801 2773 in
2850 2713 3111 2774 Summa
3158 2732 3292 2786 sua,
3345 2713 3507 2775 libro
3556 2713 3857 2774 secundo.
3906 2711 3983 2773 Et

2481 2810 2675 2882 addit,
2710 2811 2875 2893 quod
2910 2810 3271 2884 consilium,
3305 2811 3554 2884 electio,
3586 2817 3649 2871 et
3679 2810 3981 2873 consimi-

2482 2908 2565 2969 lia
2595 2909 2883 2990 quaedam
2914 2928 3055 2990 quae
3084 2908 3327 2990 aliquid
3359 2906 3864 2990 imperfect-ionis
3895 2908 3987 2969 in·

873 3015 978 3068 tur
1011 3027 1024 3070 :
1060 3007 1302 3070 Electio
1333 3023 1457 3068 non
1499 3012 1594 3067 est
1633 3003 1697 3065 in
1733 3005 1878 3064 Deo.
1916 3001 1990 3062 Et
2017 3002 2199 3082 juxta
2235 3001 2373 3063 Phi·
2406 3009 2449 3072 C
2482 3007 2761 3078 cludunt,
2780 3015 3149 3088 competunt
3180 3007 3308 3070 Deo
3336 3007 3683 3068 secundum
3714 3005 3778 3067 id
3811 3006 3983 3088 quod

874 3105 1210 3187 losophum
1279 3104 1344 3167 in
1413 3103 1676 3176 EthiciS,
1741 3101 1969 3163 electio
2029 3108 2126 3163 est
2188 3099 2371 3182 quasi

871 3203 1198 3267 conclusio
1257 3202 1528 3265 consilii.
1594 3200 1942 3263 Consilium
2002 3206 2217 3261 autem
2276 3206 2370 3260 est

870 3301 1217 3382 ignorantis
1259 3308 1520 3374 naturai,
1553 3318 1752 3381 quum
1797 3298 1879 3359 sit
1919 3296 2249 3379 inquisitio
2291 3298 2369 3359 de

868 3400 1148 3481 agendiS.

947 3499 1017 3559 In
1077 3496 1440 3579 oppositum
1501 3502 1596 3557 est
1645 3494 1990 3576 Scriptura.
2044 3492 2145 3555 Ait
2193 3494 2366 3555 enim

869 3597 1154 3659 Salvator
1195 3616 1208 3659 :
1251 3596 1386 3659 Non
1436 3612 1548 3656 vos
1599 3612 1700 3655 me
1749 3592 2050 3673 elegistiS,
2092 3592 2201 3652 sed
2250 3610 2367 3671 ego

867 3696 1030 3778 elegi
1069 3713 1199 3758 νοε.

948 3892 1042 3955 Ad
1070 3892 1191 3953 hoc
1221 3889 1560 3972 respondet
1589 3886 1885 3950 Albertus
1906 3904 1919 3948 :
1941 3886 2180 3949 Electio
2210 3886 2366 3949 mul·

867 3992 948 4053 tis
999 3989 1204 4051 modis
1262 3986 1593 4068 accipitur.
1647 3986 1878 4059 Primo,
1928 3992 1998 4046 ut
2043 3992 2139 4047 est
2185 3992 2362 4047 actus

865 4089 1128 4152 rationis
1172 4106 1444 4169 sequens
1484 4085 1846 4159 consilium,
1879 4084 2362 4165 inquisitionem

2482 3104 2889 3188 perfectionis
2943 3105 3009 3167 in
3065 3105 3220 3187 ipsis
3272 3113 3390 3180 est,
3442 3105 3617 3168 omni
3679 3104 3980 3187 imperfe-

2480 3204 2688 3267 ctione
2739 3204 3021 3282 seclusa3
3070 3212 3132 3265 et
3182 3205 3358 3278 item,
3402 3205 3570 3287 quod
3617 3204 3785 3266 sicut
3828 3204 3983 3266 dile-

2479 3302 2754 3365 ctionem
2814 3302 3104 3383 sequitur
3160 3303 3409 3377 electio,
3463 3302 3549 3365 ita
3594 3302 3977 3365 electionem

2478 3399 2945 3482 praedestinatio
2965 3420 2978 3463 :
3001 3420 3136 3482 quae
3167 3401 3587 3482 praecedentia
3619 3419 3739 3464 non
3770 3410 3869 3463 est.
3892 3401 3985 3463 ni·

2476 3498 2527 3561 si
2573 3499 2925 3561 secundum
2967 3498 3276 3560 rationem
3316 3505 3380 3561 et
3416 3499 3707 3562 ordinem
3745 3499 3979 3562 intelli-

2473 3597 2681 3678 gendi.
2702 3597 2805 3659 Sic
2835 3596 3451 3678 praedestinationem
3483 3597 3771 3679 sequitur
3800 3618 3981 3661 voca·
4036 3630 4253 3681 amm„

2476 3697 2584 3770 tio,
2603 3695 3000 3758 vocationem
3027 3694 3423 3775 justificatio,
3440 3694 3973 3776 justificationem
4004 3696 4074 3736 ³⁰·

2475 3793 2907 3875 magnificatio
2958 3810 2972 3853 :
3028 3812 3167 3875 quae
3220 3793 3341 3854 tria
3397 3802 3547 3855 sunt
3596 3796 3977 3877 temporalia

2472 3900 2535 3954 et
2576 3892 2905 3954 duratione
2950 3891 3314 3973 posteriora.
3349 3891 3492 3955 Haec
3526 3892 3873 3956 Udalricus.

2551 3991 2821 4053 Thomas
2854 4008 3108 4072 quoque
3138 3990 3237 4051 his
3268 4008 3621 4053 consonans
3655 4010 3668 4054 :
3704 3991 3972 4067 Electio,

2474 4089 2703 4171 inquit,
2756 4089 3057 4170 importat
3114 4089 3612 4169 segregationem
3670 4108 3977 4171 quorum-

864 4195 929 4250 et
972 4186 1490 4249 deliberationem
1542 4184 1619 4246 de
1661 4183 1921 4263 agendis
1968 4191 2077 4244 aut
2126 4184 2364 4245 evitan-
2393 4195 2442 4257 D
2473 4190 2639 4262 dam,
2700 4188 2977 4271 aliquam
3041 4187 3529 4269 permixtionem
3589 4190 3973 4253 convenien-

866 4286 1012 4347 dis:
1047 4291 1110 4345 et
1153 4284 1240 4345 ita
1288 4300 1415 4344 non
1465 4281 1763 4344 convenit
1810 4282 1958 4353 Dec,
2004 4281 2115 4343 sed
2161 4281 2365 4343 homi-

867 4381 1080 4445 nibus,
1115 4380 1426 4453 Secund0,
1462 4386 1533 4439 ut
1563 4386 1658 4440 est
1688 4378 1986 4441 discretio
2021 4378 2122 4440 vel
2163 4397 2367 4459 segre-

867 4480 1037 4561 gatio
1073 4479 1456 4561 aliquorum,
1492 4497 1616 4559 qua
1659 4476 1952 4559 pluribus
1997 4478 2361 4559 propositiS,

872 4598 1070 4641 unum
1108 4576 1461 4659 praefertur,
1496 4583 1880 4657 praeoptatur
1909 4583 1972 4637 et
1999 4584 2367 4657 acceptatur

869 4698 1000 4761 prae
1038 4676 1216 4739 alio:
1250 4682 1313 4737 et
1356 4674 1448 4736 sic
1497 4672 1794 4735 convenit
1846 4674 1992 4745 Deo,
2041 4674 2151 4754 qui
2202 4673 2366 4735 inter

868 4797 1016 4840 vasa
1047 4774 1494 4838 misericordiae
1525 4780 1588 4834 et.
1616 4791 1762 4833 vasa
1793 4772 1900 4833 irae
1931 4772 2254 4835 discernit.
2286 4808 2365 4818 —-

867 4876 1112 4958 Duplex
1162 4891 1414 4956 quoque
1459 4872 1524 4933 in
1569 4871 1697 4932 Deo
1747 4870 2004 4951 ponitur
2047 4871 2361 4944 voluntem,

868 4974 1164 5037 videlicet
1193 4970 1572 5034 antecedens
1603 4977 1666 5030 et
1697 4986 2112 5050 consequens
2141 4969 2369 5031 Volun-

865 5080 960 5135 tas
1000 5073 1111 5134 Dei
1149 5070 1528 5133 antecedens
1567 5086 1694 5130 non
1733 5066 1924 5129 habet
1954 5075 2364 5131 connotatum

863 5172 930 5233 in
963 5169 1148 5234 nobis
1181 5168 1304 5231 nisi
1337 5168 1534 5229 solam
1567 5166 1938 5228 rationalem
1971 5173 2284 5241 naturam,
2304 5175 2367 5228 et

865 5271 982 5335 hac
1014 5269 1337 5331 voluntate
1376 5264 1676 5328 omnibus
1709 5263 1846 5328 vult
1879 5264 2147 5328 salutem
2189 5274 2252 5328 et
2285 5266 2363 5328 ad

2472 4288 2755 4368 tiamque
2793 4286 3185 4349 habentium.
3219 4286 3379 4347 Hinc
3412 4285 3552 4366 ejus
3587 4288 3757 4369 quod
3798 4288 3865 4350 in
3904 4308 3973 4352 se

2472 4385 2964 4447 determinatum
3023 4393 3119 4447 est
3165 4392 3228 4445 et
3277 4385 3646 4457 discretum,
3698 4404 3828 4449 non
3874 4396 3974 4451 est

2472 4484 2717 4546 electio.
2760 4485 3019 4565 Propter
3069 4483 3236 4564 quod
3284 4483 3518 4545 dicitur
3566 4484 3751 4547 tertio
3801 4485 3974 4549 Ethi-

2474 4601 2693 4645 corum
2739 4603 2752 4646 :
2797 4582 3037 4645 Electio
3080 4599 3207 4644 non
3251 4589 3348 4643 est
3385 4582 3594 4644 ultimi
3640 4582 3816 4657 finis,
3860 4585 3969 4667 qui

2472 4689 2569 4743 est
2600 4680 2945 4762 unicuique
2976 4679 3347 4743 naturaliter
3375 4681 3971 4759 determinatuS,sed

2476 4778 2831 4839 mediorum
2864 4778 2943 4839 ad
2976 4777 3199 4852 finem,
3232 4778 3308 4839 ad
3342 4796 3531 4859 quem
3572 4797 3687 4860 per
3718 4779 3973 4843 diversa

2476 4875 2685 4937 media
2717 4875 3141 4937 diversimode
3176 4884 3377 4957 potest
3412 4875 3638 4949 veniri,
3672 4879 3971 4957 quamvis

2474 4974 2762 5056 quaedam
2795 4973 2923 5035 sint
2949 4973 3214 5055 aptiora,
3240 4994 3380 5055 qum
3408 4974 3750 5054 eliguntur.
3780 4976 3971 5039 Porro

2474 5072 2823 5153 segregatio
2863 5071 2983 5133 ista
3021 5080 3228 5153 potest
3257 5080 3503 5135 tantum
3542 5092 3679 5135 esse
3720 5074 3787 5135 in
3823 5092 3969 5137 con-

2476 5170 2767 5252 ceptione
2806 5189 2918 5231 seu
2960 5170 3467 5252 apprehensione
3506 5171 3782 5252 alicujus
3824 5191 3971 5255 ope-

2479 5267 2698 5343 rantiS‚
2730 5274 2794 5329 et
2836 5267 3027 5329 etiam
3074 5274 3280 5349 potest
3322 5286 3459 5329 esse
3503 5268 3568 5329 in
3611 5270 3827 5350 operis
3866 5290 3969 5333 ex·
