4359 6250
654 3011 737 3052 m.
756 3008 799 3049 4.

889 450 1011 514 242

1519 468 1583 513 IN
1624 467 1845 513 LIBRUM
1888 467 1907 510 1
1950 466 2433 511 SENTENTIARL'M.
2481 483 2561 492 -·
2603 465 2754 510 DIST.
2802 465 3012 526 xxvn;
3056 466 3279 520 QUAEST.
3329 466 3372 509 11

892 658 1059 700 mam
1108 637 1465 700 communis
1510 636 1895 718 spirationiS,
1929 635 2231 716 quoniam
2281 652 2384 714 ge·
2415 633 2466 694 A
2496 633 2636 695 Alio
2685 633 2892 706 mod0,
2927 633 3278 694 secundum
3328 632 3496 715 quod
3547 639 3641 693 est
3690 632 4004 694 constitu-

891 738 1133 800 neratio
1164 755 1290 799 non
1330 745 1424 797 θεῖ
1464 736 1627 798 Patri
1662 733 1946 814 Filioque
1983 732 2385 809 communis3

892 854 1099 916 neque
1151 853 1265 916 per
1313 833 1583 896 formam
1644 831 2183 903 innascibilitatis,
2236 830 2387 910 quia

890 933 1353 995 innascibilitas
1411 932 1722 1012 originem
1784 930 1993 1013 privat
2043 928 2384 1010 passivam,

889 1050 1006 1093 nec
1050 1031 1229 1112 ponit
1276 1030 1567 1092 activam.
1604 1029 1861 1109 Oportet
1908 1045 2058 1109 ergo
2102 1035 2170 1088 ut
2215 1045 2388 1107 egre-

890 1129 1099 1191 diatur
1145 1149 1261 1211 per
1311 1128 1581 1190 formam
1633 1126 2047 1208 paternitatis.
2081 1161 2163 1170 —
2200 1126 2389 1187 Porro

890 1228 1147 1290 homine
1196 1234 1374 1308 patre
1418 1224 1787 1287 naturaliter
1832 1225 2004 1306 prior
2046 1231 2143 1286 θεῖ
2185 1224 2389 1285 forma

888 1346 1015 1409 qua
1043 1326 1109 1387 in
1141 1345 1207 1388 se
1240 1324 1549 1398 subsistit,
1584 1343 1775 1406 quam
1810 1322 2014 1384 forma
2049 1341 2163 1403 per
2195 1340 2387 1403 quam

887 1431 1101 1485 actum
1130 1422 1553 1503 generationis
1587 1421 1901 1502 producit,
1922 1421 2039 1483 hoc
2070 1427 2164 1481 est
2195 1438 2385 1502 quam

887 1523 1171 1604 potentia
1214 1521 1593 1601 generandi3
1627 1527 1689 1581 et
1735 1520 2017 1601 potentia
2063 1519 2171 1580 illa
2212 1525 2391 1579 natu-

886 1619 1103 1682 raliter
1141 1620 1314 1701 prior
1352 1627 1449 1681 est
1485 1628 1628 1681 actu
1672 1637 1865 1700 quem
1908 1618 2143 1690 educit,
2178 1625 2386 1679 actus-

886 1736 1010 1799 que
1077 1716 1185 1778 ille
1249 1717 1423 1797 prior
1488 1723 1584 1778 est
1646 1715 2017 1778 naturaliter
2080 1715 2384 1777 relatione

2496 732 2625 793 tiva
2673 749 2957 812 personae
3002 749 3015 792 :
3057 731 3278 812 sicque
3327 737 3574 811 oportet
3621 730 3788 812 quod
3841 750 4007 811 prae-

2497 830 2886 910 intelligatur
2934 829 3157 892 relatio
3215 830 3386 891 actui
3445 828 3774 898 notionali‚
3827 829 4000 891 sicut

2496 945 2764 1009 persona
2793 946 2984 1008 agens
3017 927 3527 1009 praeintelligitur
3560 927 3814 990 actioni.
3850 927 4002 989 Haec

2495 1025 2763 1087 Thomas
2807 1025 2871 1086 in
2918 1025 3197 1087 Summa.

2572 1124 2651 1185 At
2697 1142 2848 1186 vero
2903 1123 3253 1187 Richardus
3301 1141 3316 1185 ε
3365 1123 3455 1186 Ad
3517 1124 3680 1185 hanc
3727 1123 4004 1205 (inquit)

2494 1223 2907 1303 quaestionem
2939 1222 3136 1304 aliqui
3169 1222 3412 1294 dicunt,
3438 1222 3606 1304 quod
3640 1223 4000 1303 proprietas

2495 1337 2621 1381 non
2670 1327 2766 1381 est
2815 1320 2974 1382 ratio
3033 1326 3211 1381 actus
3271 1319 3622 1401 personalis
3675 1319 3740 1381 in
3787 1321 3994 1382 Patre.

2493 1417 2630 1479 Non
2695 1418 2868 1479 enim
2927 1425 3185 1498 generat
3249 1419 3552 1500 quoniam
3620 1419 3818 1490 Pater,
3879 1419 3996 1480 sed

2494 1534 2856 1579 econverso.
2893 1516 3163 1579 Generat
3201 1525 3414 1578 autem
3459 1517 3523 1578 in
3555 1526 3863 1598 quantum
3895 1525 3998 1579 est

2495 1614 2782 1693 quaedam
2850 1613 3207 1695 hypostasis
3272 1614 3587 1695 complete
3651 1615 4002 1676 constituta

2497 1730 2612 1792 per
2667 1731 2848 1773 suam
2909 1712 3248 1774 essentiam
3307 1721 3370 1774 et
3430 1732 3545 1794 per
3602 1713 3998 1794 primitatem

885 1833 1076 1895 quam
1118 1823 1351 1876 causat.
1390 1815 1508 1876 Sed
1543 1815 1607 1875 in
1649 1815 1776 1875 Deo
1816 1814 1993 1875 Patre
2028 1819 2230 1875 totum
2264 1812 2382 1874 hoc
2419 1813 2467 1876 B
2497 1829 2638 1890 quae
2687 1811 3062 1872 secundario
3121 1811 3472 1873 includitur
3519 1812 3584 1872 in
3631 1811 4001 1892 significato

883 1913 1216 1974 verissime
1256 1921 1352 1974 est
1389 1911 1668 1994 simplici
1712 1912 1918 1983 mod0,
1953 1911 2256 1993 quoniam
2295 1919 2383 1972 to-

886 2019 1019 2072 tum
1070 2012 1136 2073 in
1185 2030 1260 2074 eo
1308 2011 1474 2073 idem
1517 2018 1613 2072 est
1656 2029 1745 2081 re,
1786 2009 2084 2071 videlicet
2126 2027 2139 2070 :
2186 2017 2386 2089 pater-

884 2109 1050 2171 nitas
1080 2129 1206 2190 qua
1234 2108 1547 2182 subsistit,
1574 2109 1855 2189 potentia
1886 2127 2011 2188 qua
2038 2107 2188 2188 agit,
2207 2115 2385 2169 actus

886 2207 1045 2288 ipse,
1079 2213 1141 2268 et
1182 2206 1405 2268 relatio
1444 2223 1841 2286 consequens
1880 2213 2113 2266 actum.
2150 2204 2384 2266 Secun-

884 2306 1036 2367 dum
1078 2312 1291 2367 tamen
1333 2305 1753 2377 intellectum,
1788 2303 1966 2384 prius
2007 2303 2386 2383 intelligitur

884 2403 1229 2485 paternitas
1260 2411 1331 2464 ut
1360 2401 1565 2464 forma
1592 2403 1790 2464 Patris
1822 2401 2250 2473 constitutiva,
2267 2419 2386 2482 qua

882 2501 1300 2583 personaliter
1331 2501 1397 2562 in
1439 2520 1506 2563 se
1548 2500 1858 2572 subsistit,
1893 2500 2121 2561 deinde
2164 2506 2232 2560 ut
2275 2517 2384 2580 po-

881 2599 1079 2660 tentia
1121 2599 1485 2680 generativa
1533 2617 1657 2680 qua
1704 2599 1853 2678 agit,
1887 2596 2117 2660 deinde
2165 2603 2236 2658 ut
2285 2614 2383 2657 ac-

882 2705 983 2758 tus
1014 2696 1463 2776 generationis,
1498 2705 1560 2758 et
1591 2695 1818 2757 ultimo
1860 2703 1926 2756 ut
1964 2695 2202 2757 relatio.
2239 2695 2382 2756 Haec

882 2793 1119 2856 Petrus,

964 2893 1232 2974 Insuper
1280 2893 1345 2953 in
1395 2892 1601 2973 prima
1652 2899 1828 2972 parte
1877 2893 2175 2965 Summae,
2215 2911 2382 2972 quae-

2499 1908 3036 1978 i11nascibilitatiS‚
3087 1918 3148 1970 ct
3199 1910 3513 1990 complete
3565 1910 3863 1971 distincta
3911 1910 3999 1971 ab

2495 2006 2670 2067 omni
2720 2005 3043 2088 hypostasi
3095 2007 3354 2068 alterius
3404 2008 3715 2079 essentiae,
3766 2008 4000 2070 distin-

2494 2103 2754 2183 guibilis
2816 2123 3070 2186 quoquc
3121 2123 3234 2185 per
3282 2105 3732 2186 proprietatem
3783 2105 4001 2167 relati-

2493 2220 2639 2263 vam
2672 2200 2751 2263 ab
2783 2203 2959 2264 omni
2990 2203 3311 2284 hypostasi
3353 2202 3643 2283 ejusdem
3672 2205 3996 2278 essentiae,

2493 2299 2734 2362 habens
2777 2301 3208 2362 omnimodam
3255 2301 3644 2382 primitatem
3696 2311 3996 2383 respectu

2491 2399 2700 2460 omnis
2759 2399 3199 2474 emanationiS,
3253 2419 3366 2480 per
3415 2419 3606 2481 quam
3655 2407 3750 2462 est
3801 2401 3868 2462 in
3917 2420 3998 2463 ea

2492 2496 2750 2559 fontalis
2810 2498 3142 2578 plenitudo
3197 2499 3276 2560 ad
3333 2516 3592 2561 omnem
3648 2500 4000 2562 emanatio-

2491 2613 2658 2656 nem.
2694 2631 2772 2640 —
2800 2596 2956 2657 Aliis
3007 2603 3218 2658 autem
3263 2615 3389 2660 non
3439 2597 3646 2678 placet
3689 2598 3810 2660 ista
3859 2599 4001 2680 opi-

2491 2693 2620 2768 ni0,
2654 2702 2913 2776 propter
2955 2695 3229 2758 rationes
3275 2696 3670 2776 praehabitas.
3705 2697 3865 2758 Nam
3905 2698 4003 2760 di·

2493 2800 2647 2853 cunt
2698 2811 2999 2874 personas
3045 2813 3160 2874 per
3202 2794 3618 2875 proprietates
3665 2794 3996 2859 absolutas

2491 2890 2791 2951 constitui
2837 2899 2898 2952 et
2941 2891 3248 2971 distingui
3294 2908 3308 2952 ε
3350 2898 3569 2953 contra
3616 2893 3784 2974 quod
3835 2895 3997 2956 satis

882 2991 1087 3052 stione
1118 2991 1620 3071 quadragesima,
1647 2989 1869 3051 scribit
1898 2990 2165 3051 Thomas
2203 3007 2216 3050 :
2251 2989 2380 3051 Ori·
2415 2985 2457 3047 C
2492 2995 3004 3068 argumentatum
3054 2996 3148 3050 est
3195 3007 3405 3070 supra.
3439 3025 3522 3034 —
3550 2990 3705 3052 Hinc
3748 2991 3859 3053 alii
3907 3000 3998 3054 te-

882 3107 962 3171 go
992 3089 1057 3150 in
1088 3089 1323 3151 divinis
1353 3087 1752 3169 significatur
1780 3087 2141 3169 dupliciter,
2163 3095 2378 3168 utpote

882 3188 1089 3249 active
1146 3195 1211 3248 et
1269 3187 1537 3268 passive.
1592 3186 1811 3249 Active
1870 3186 2151 3267 quidem,
2213 3187 2379 3248 sicut

881 3285 1204 3367 generatio
1252 3285 1623 3346 attribuitur
1669 3285 1870 3362 Patri;
1914 3284 2174 3365 spiratio
2224 3304 2377 3366 quo-

881 3403 1027 3465 que,
1062 3403 1203 3465 quae
1235 3390 1329 3445 est
1368 3391 1548 3445 actus
1589 3383 1949 3455 notionaliS,
1982 3384 2144 3445 Patri
2176 3402 2250 3445 ac
2283 3384 2376 3445 Fi-

883 3483 986 3545 lio.
1050 3483 1302 3545 Passive
1359 3490 1595 3553 autem,
1658 3481 1822 3543 sicut
1880 3482 2202 3561 generatio
2265 3501 2375 3543 seu

881 3580 1177 3643 nativitas
1225 3579 1596 3642 attribuitur
1646 3579 1823 3652 Filio,
1872 3580 2194 3660 processio
2242 3580 2377 3660 Spi-

883 3679 1032 3740 ritui
1064 3679 1310 3741 Sanct0.
1347 3677 1634 3757 Origines
1666 3677 1877 3758 itaque
1912 3676 2159 3757 passive
2192 3676 2380 3757 signi-

882 3777 1110 3849 ficatae,
1164 3776 1532 3858 praecedunt
1580 3775 1932 3836 secundum
1982 3774 2377 3836 intellectum

884 3874 1261 3955 simpliciter
1293 3874 1709 3956 proprietates
1740 3874 2217 3953 procedentium
2250 3893 2382 3954 per-

884 3992 1203 4047 sonarum,
1264 3973 1456 4034 etiam
1516 3972 1877 4052 personales
1932 3988 1944 4032 ε
1998 3972 2149 4052 quia
2205 3972 2381 4053 origo

824 4099 837 4107 -
885 4071 1134 4153 passive
1178 4069 1557 4151 significata,
1597 4068 1999 4151 significatur
2043 4077 2110 4131 ut
2156 4070 2258 4131 via
2302 4071 2378 4131 ad

2491 3094 2664 3161 nent,
2700 3087 2870 3170 quod
2922 3089 3274 3171 proprietas
3324 3089 3587 3152 relativa
3630 3093 3996 3155 constituti-

2491 3205 2588 3259 va,
2621 3194 2717 3247 est
2747 3186 2906 3249 ratio
2943 3196 3120 3248 actus
3161 3187 3534 3268 personaliS‚
3569 3198 3827 3270 propter
3857 3210 3997 3254 mo-

2488 3284 2618 3345 tiva
2648 3285 2724 3345 ad
2756 3285 2875 3347 hoc
2915 3285 3191 3348 inducta.
3227 3287 3295 3348 In
3329 3295 3690 3349 commento
3727 3307 3994 3371 quoque

2489 3382 2638 3444 libri
2680 3383 2757 3445 de
2801 3383 3085 3445 Maximis
3135 3384 3466 3465 theologiae
3508 3385 3795 3460 habetur,
3830 3390 3992 3469 quia
4021 3408 4280 3514 &usae

2489 3500 2687 3561 quum
2733 3481 2988 3554 dicitur,
3020 3482 3199 3544 Pater
3241 3490 3336 3543 est
3377 3483 3766 3565 principium
3813 3486 3986 3561 Filii,

2488 3579 2666 3640 Pater
2711 3579 3010 3659 praedicat
3052 3580 3515 3661 paternitatem.
3562 3583 3788 3644 Dicunt
3833 3602 3992 3665 ergo

2491 3679 2658 3759 quod
2692 3679 2769 3739 de
2802 3678 3126 3740 intellectu
3157 3680 3354 3742 Patris
3387 3689 3552 3755 sunt,
3571 3681 3992 3747 subsistentia

2493 3796 2605 3858 per
2653 3797 2741 3850 se,
2783 3779 3104 3857 generatio
3149 3798 3402 3860 quoque
3452 3782 3658 3843 activa
3699 3790 3762 3844 et
3811 3784 3994 3845 habi·

2490 3876 2644 3937 tudo
2686 3877 2763 3937 ad
2807 3876 3059 3948 Filium,
3094 3897 3235 3959 quae
3275 3878 3340 3939 in
3381 3881 3759 3960 paternitate
3796 3882 3995 3945 disfe-

2491 3981 2637 4034 runt
2663 3974 2868 4036 solum
2900 3976 3250 4037 secundum
3277 3976 3608 4040 rationem.
3630 3979 3996 4060 Proprietas

2491 4073 2662 4134 enim
2694 4072 3090 4153 paternitatis
3122 4080 3216 4135 est
3254 4092 3354 4135 res
3395 4075 3768 4150 subsistens,
3799 4086 3864 4139 et
3891 4087 3999 4141 est

884 4186 1219 4249 personam
1274 4168 1658 4249 proprietate
1716 4167 2143 4229 constitutam.
2200 4168 2382 4230 Simi-
2411 4172 2460 4232 D
2489 4170 2812 4251 generatio
2871 4169 3008 4251 ipsa
3065 4172 3274 4233 activa
3320 4182 3380 4234 et
3429 4173 3757 4244 habitudo,
3809 4184 3872 4237 et
3923 4178 3998 4239 in

886 4265 1029 4327 liter
1075 4274 1139 4328 et
1182 4266 1360 4345 origo
1410 4266 1615 4327 active
1664 4266 2009 4345 designata,
2059 4268 2234 4347 prior
2287 4274 2381 4329 θεῖ

886 4364 1237 4425 secundum
1286 4363 1682 4424 intellectum
1732 4383 1925 4444 quam
1982 4363 2204 4427 relatio
2255 4384 2381 4428 non

885 4461 1235 4543 personalis
1280 4479 1564 4542 personae
1609 4460 2030 4541 originantis:
2076 4462 2241 4523 sicut
2283 4482 2382 4524 ac-

882 4567 985 4621 tus
1024 4558 1363 4620 notionalis
1404 4557 1768 4639 spirationis
1810 4559 2159 4621 secundum
2203 4559 2384 4621 intel-

885 4657 1120 4719 lectum
1182 4656 1482 4737 praecedit
1541 4657 1994 4737 proprietatem
2052 4658 2380 4719 relativam

886 4756 1368 4828 innominatam,
1417 4772 1823 4816 communem
1874 4755 2035 4816 Patri
2086 4764 2149 4817 et
2199 4756 2376 4818 Filio.

883 4854 1233 4917 Personalis
1264 4870 1417 4914 vero
1458 4852 1810 4933 proprietas
1851 4853 2236 4915 considerari
2277 4872 2383 4936 po-

884 4960 1006 5015 test
1052 4950 1411 5037 dupliciter.
1463 4950 1694 5023 Primo,
1742 4958 1809 5011 ut
1859 4950 2078 5013 relatio
2122 4969 2136 5012 :
2178 4959 2242 5013 et
2289 4952 2382 5013 sic

885 5069 1104 5113 rursus
1135 5050 1488 5113 secundum
1522 5049 1916 5111 intellectum
1949 5050 2386 5131 praesupponit

885 5157 1097 5209 actum
1150 5148 1559 5219 notionalem,
1604 5147 1755 5229 quia
1803 5146 2024 5207 relatio
2076 5147 2139 5207 in
2190 5167 2385 5228 quan-

888 5254 1024 5307 tum
1086 5245 1476 5331 hujusmodi,
1538 5244 1840 5306 fundatur
1898 5264 2090 5326 super
2145 5255 2380 5308 actum.

2492 4276 2801 4349 quantum
2831 4275 2926 4329 est
2955 4286 3055 4330 res
3086 4270 3459 4344 subsistens,
3493 4280 3586 4333 est
3618 4272 3755 4353 ipse
3784 4274 3993 4337 Pater.

2493 4366 2568 4427 Et
2607 4366 2909 4447 quoniam
2949 4385 3249 4447 generare
3291 4371 3726 4452 praesupponit
3765 4392 4004 4436 secun-

2491 4463 2644 4525 dum
2677 4465 2984 4526 rationem
3020 4464 3437 4546 intelligendi,
3472 4486 3605 4529 rem
3638 4468 4004 4533 subsisten-

2491 4570 2618 4623 tem
2679 4562 2864 4642 cujus
2924 4562 3006 4624 sit
3063 4570 3264 4638 actuS,
3317 4564 3458 4627 ideo
3511 4568 3858 4647 paternitas
3921 4570 4000 4633 in

2491 4666 2801 4741 quantum
2851 4668 2946 4721 est
2996 4660 3371 4735 subsistens,
3414 4664 3713 4743 praecedit
3759 4685 4004 4730 secun-

2491 4759 2644 4819 dum
2695 4757 3005 4819 rationem
3058 4758 3475 4840 intelligendi,
3531 4762 3740 4843 ipsum
3793 4783 4000 4845 gene-

2493 4874 2678 4931 rare3
2731 4856 2840 4917 sed
2901 4856 2964 4916 in
3025 4866 3335 4938 quantum
3393 4867 3488 4920 est
3541 4860 3848 4925 habitudo
3907 4867 4002 4928 ad

2495 4954 2743 5025 Filium,
2792 4955 3079 5034 sequitur
3125 4956 3478 5018 secundum
3529 4959 3840 5023 rationem
3891 4962 4003 5026 in-

2491 5051 2841 5131 telligendi,
2891 5051 3101 5132 ipsum
3151 5072 3470 5133 generare.
3517 5092 3596 5101 —-
3638 5057 3886 5122 Idcirco
3941 5064 4006 5125 si

2492 5149 2636 5229 quis
2669 5149 2830 5211 bene
2865 5150 3179 5231 inspiciat,
3213 5152 3340 5213 dici
3377 5161 3603 5235 potest,
3631 5157 3800 5237 quod
3845 5159 4008 5224 ideo

2494 5254 2589 5308 θεῖ
2619 5248 2797 5309 Pater
2828 5249 3127 5329 quoniam
3161 5260 3439 5329 generat,
3471 5253 3846 5335 accipiendo
3881 5277 4008 5340 pa-
