4359 6250
850 453 971 516 ²86
1488 471 1553 517 IN
1594 471 1815 516 LIBRUM
1858 471 1877 514 1
1921 468 2404 515 SENTENHARUH.
2450 485 2530 496 --
2571 468 2723 514 ΒῙΒΤ.
2769 469 2959 530 xxlx;
3003 469 3227 524 QUAEST.
3273 469 3318 515 11

850 640 1101 703 nullum
1152 640 1542 723 principium
1590 640 1654 702 in
1702 639 1891 701 rebus
1940 638 2167 700 creatis
2217 637 2346 719 ple·
2374 637 2422 700 Α
2456 637 2596 712 οῐίε,
2634 639 2804 719 quod
2853 638 3245 720 principium
3296 639 3361 701 in
3408 638 3644 700 divinis
3693 657 3958 720 semper

850 739 1027 800 narie
1068 745 1477 819 repraesentat
1516 739 1823 800 rationem
1857 756 1982 818 qua
2020 737 2148 798 Deo
2183 735 2343 798 Patri

851 837 1149 899 convenit
1210 855 1348 898 esse
1411 836 1803 918 principium
1864 835 2005 896 Filii
2070 835 2192 907 sui,
2253 833 2346 894 sic

850 934 1026 996 nulla
1067 953 1256 996 causa
1286 935 1351 995 in
1392 933 1697 996 creaturis
1738 933 1858 995 hoc
1893 938 2344 1014 repraesentat3

848 1041 911 1094 et
942 1033 1109 1094 sicut
1150 1052 1275 1094 una
1314 1051 1503 1095 causa
1544 1030 1743 1112 magis
1784 1037 2195 1112 repraesentat
2227 1030 2347 1092 hoc

848 1149 1040 1212 quam
1080 1129 1225 1200 alia,
1260 1131 1348 1191 ita
1376 1137 1439 1191 et
1479 1150 1680 1208 upum
1721 1128 2133 1210 principium.
2168 1127 2348 1191 Ratio

846 1235 1062 1290 autem
1104 1247 1309 1291 causae
1350 1228 1680 1309 potissime
1723 1227 2017 1289 convenit
2062 1224 2220 1304 fini3
2252 1244 2347 1286 ra-

847 1326 938 1389 tio
968 1326 1295 1408 principii,
1330 1345 1534 1389 causae
1564 1325 1875 1388 efficienti
1910 1325 1973 1386 in
2006 1323 2345 1403 creaturis;

850 1425 1010 1487 ratio
1058 1424 1380 1498 elementi,
1419 1443 1623 1486 causae
1668 1422 2017 1500 materiali3
2052 1422 2211 1484 ratio
2256 1440 2350 1484 es-

850 1522 1089 1598 sentim,
1138 1541 1342 1585 causae
1390 1521 1661 1584 formali.
1713 1520 1943 1602 Sicque
1991 1520 2345 1582 secundum

851 1637 1219 1701 processum
1250 1618 1693 1681 declarationis
1725 1618 1979 1680 Thomae
2006 1617 2139 1698 jam
2170 1601 2350 1679 habi-

850 1725 1009 1792 tum,
1044 1735 1171 1780 non
1214 1717 1357 1798 plus
1398 1723 1785 1797 competeret
1824 1716 1953 1778 Deo
1988 1714 2148 1778 ratio
2177 1714 2348 1796 prin—

852 1816 1005 1897 cipii
1047 1833 1241 1896 quam
1284 1815 1444 1876 ratio
1487 1833 1711 1876 causae.

930 1914 1163 1976 Verum
1213 1913 1621 1995 reprehensio
1674 1913 1793 1974 ista
1832 1911 2061 1992 AEgidii
2112 1918 2208 1972 est
2257 1911 2348 1973 in-

852 2022 1022 2095 epta,
1073 2013 1240 2074 sicut
1298 2030 1375 2074 ex
1430 2011 1642 2073 verbis
1694 2011 1947 2073 Thomae
2006 2008 2195 2072 facile
2251 2017 2348 2072 est

854 2111 1141 2194 probare.
1194 2111 1374 2173 Ratio
1431 2129 1707 2192 namque
1757 2109 2059 2191 principii
2109 2115 2348 2190 quanto

855 2210 1255 2274 communior
1284 2217 1347 2272 et
1378 2209 1776 2282 illimitatior,
1803 2215 1974 2270 tanto
2005 2225 2354 2288 congruen-

854 2310 979 2373 tior
1020 2316 1116 2372 est
1156 2309 1222 2370 in
1263 2308 1519 2370 diviniS.
1555 2307 1760 2380 Quum
1800 2323 1951 2387 ergo
1995 2305 2061 2367 in
2107 2306 2349 2366 ratione

853 2415 916 2470 et
964 2406 1390 2488 descriptione
1450 2405 1751 2487 principii
1800 2405 1891 2466 nil
1952 2404 2352 2466 contineatur

854 2506 1023 2588 quod
1055 2506 1311 2587 deroget
1340 2503 1737 2586 simplicitati
1777 2503 2009 2565 divinae
2048 2509 2157 2564 aut
2187 2520 2353 2564 ema-

855 2603 1095 2666 nationi
1154 2602 1628 2665 distinctionive
1687 2619 2125 2683 personarum,
2186 2599 2352 2661 sicut

858 2701 922 2762 in
969 2700 1394 2782 descriptione
1434 2718 1660 2771 causae,
1695 2717 1821 2780 qua
1861 2698 2117 2771 dicitur,
2152 2697 2354 2760 Causa

856 2808 954 2862 est
998 2799 1077 2861 ad
1127 2799 1313 2879 cujus
1362 2817 1501 2860 esse
1551 2796 1839 2878 sequitur
1884 2795 2093 2875 aliud3
2141 2795 2350 2877 palam

856 2903 953 2958 est
982 2897 1152 2978 quod
1181 2897 1341 2958 ratio
1383 2894 1685 2977 principii
1718 2894 1917 2976 magis
1958 2913 2151 2975 quam
2194 2893 2353 2954 ratio

2382 1817 2429 1880 B

2454 737 2690 799 dicitur
2718 738 2980 800 relative
3015 755 3028 799 :
3063 739 3174 800 sed
3203 739 3356 800 dum
3389 756 3657 820 persona
3687 745 3958 800 vocatur

2454 835 2846 918 principium
2879 836 3138 898 alterius
3169 837 3401 898 divinae
3432 854 3738 918 personae,
3771 843 3956 896 nota-

2453 941 2558 995 tur
2588 935 2807 996 relatio
2838 933 3138 1017 notioque
3169 933 3386 1013 realis3
3419 934 3570 996 dum
3603 951 3753 995 vero
3781 933 3957 994 Deus

2455 1032 2726 1094 Trinitas
2775 1051 2890 1095 seu
2939 1051 3358 1114 quaecumque
3408 1031 3626 1094 divina
3679 1049 3958 1113 persona

2455 1130 2812 1211 appellatur
2861 1129 3253 1212 principium
3302 1137 3626 1203 creaturae,
3671 1129 3960 1191 insinua-

2457 1235 2561 1289 tur
2591 1228 2810 1290 relatio
2852 1227 3112 1290 rationis
3143 1228 3209 1290 in
3250 1229 3400 1302 Deo,
3433 1237 3622 1310 atque
3663 1227 3850 1288 realis
3885 1225 3956 1287 in

2457 1327 2781 1388 creaturis,

2903 1641 3378 1716 QUAESTIO
3449 1642 3514 1705 II

2580 1913 2841 1975 Ecundo
2899 1913 3225 1995 quaeritur,
3277 1915 3409 1981 An
3464 1915 3958 1995 principium

2605 2012 2922 2079 dicatur
2963 2013 3301 2079 univoce
3346 2014 3444 2080 de
3486 2015 3648 2080 Deo
3693 2028 3962 2094 respe-

2457 2113 2595 2176 ctu
2621 2113 2861 2177 unius
2899 2125 3251 2192 personae
3287 2113 3387 2179 ad
3421 2111 3689 2192 aliam,
3719 2114 3808 2178 et
3836 2128 3962 2179 re-

2459 2212 2733 2290 spectu
2763 2211 2862 2276 ad
2891 2213 3366 2290 creaturam3
3387 2225 3489 2277 an
3518 2213 3762 2278 etiam
3791 2212 3965 2277 uni-

2458 2322 2652 2374 voce
2704 2310 3150 2389 accipiatur
3201 2311 3712 2390 principium,
3761 2310 3961 2376 dum

2459 2407 2696 2473 Pater
2737 2406 3036 2472 dicitur
3078 2407 3566 2488 principium
3609 2408 3826 2490 Fun,
3873 2411 3962 2474 et

2461 2519 2704 2585 quum
2752 2506 2923 2585 ipse
2967 2506 3208 2571 Pater
3250 2520 3341 2572 ac
3388 2505 3646 2572 Filius
3692 2505 3963 2572 ferun-

2459 2604 2595 2667 tur
2637 2604 3123 2684 principium
3167 2604 3528 2684 spu-itus
3569 2605 3867 2672 Sancti.

2541 2699 2804 2762 Videtur
2859 2701 3029 2782 quod
3087 2719 3233 2764 non.
3296 2702 3527 2776 Prim0,
3584 2703 3736 2785 quia
3793 2703 3962 2765 nihil

2462 2797 2731 2861 univoce
2789 2800 3087 2861 convenit
3144 2801 3272 2863 Deo
3319 2808 3383 2863 et
3440 2801 3784 2878 creaturis;
3833 2803 3964 2864 alia

2462 2895 2655 2957 etiam
2695 2897 2958 2970 ratione,
2993 2898 3250 2960 notione
3286 2907 3350 2961 et
3387 2899 3694 2962 relatione
3722 2899 3965 2962 dicitur

860 3013 1065 3058 causae
1114 3002 1419 3075 congruat
1469 2994 1533 3054 in
1584 2992 1841 3054 divinis.
1896 2991 2025 3053 Hoc
2076 2991 2354 3053 breviter
2390 2996 2432 3059 C
2465 2993 2642 3056 Pater
2701 2994 3092 3076 principium
3157 2995 3322 3070 Filii,
3381 3005 3444 3058 et
3500 2997 3627 3059 alia
3684 2997 3964 3079 Spiritus

858 3093 1141 3175 tetigisse
1172 3092 1476 3165 sufficiat,
1501 3090 1653 3173 quia
1679 3090 1961 3173 AEgidius
1990 3090 2186 3153 nimis
2218 3108 2356 3172 pro-

861 3192 987 3254 lixe
1030 3192 1150 3254 ista
1194 3190 1619 3273 prosequitur.

940 3389 1203 3471 Objecta
1260 3406 1375 3470 pro
1424 3387 1649 3469 majori
1700 3394 1875 3469 parte
1930 3386 2135 3450 soluta
2184 3393 2350 3448 sunt.

859 3489 1094 3551 Tamen
1124 3488 1203 3549 ad
1234 3487 1515 3568 primum
1545 3486 1910 3558 dicendum,
1938 3485 2109 3567 quod
2141 3504 2360 3566 quam-

858 3587 957 3649 vis
988 3586 1055 3647 in
1086 3585 1391 3647 creaturis
1429 3584 1509 3645 ad
1543 3602 1681 3646 esse
1723 3583 2025 3665 principii
2068 3582 2358 3665 sequitur

860 3683 1015 3746 ordo
1058 3682 1287 3764 prioris
1331 3689 1393 3742 et
1438 3680 1827 3762 posterioriS,
1860 3680 2013 3761 quia
2056 3680 2121 3741 in
2165 3679 2356 3741 rebus

863 3781 1091 3845 creatis
1137 3779 1410 3843 effectus
1454 3786 1551 3841 est
1594 3778 2028 3860 imperfectior
2068 3796 2258 3839 causa
2296 3784 2360 3837 et

864 3879 1227 3961 dependens
1277 3876 1493 3958 aliquo
1544 3877 1729 3939 modo
1779 3875 1858 3937 ab
1909 3875 2053 3953 illa3
2096 3893 2223 3937 non
2270 3883 2360 3936 ta-

2464 3091 2697 3154 Sancti.
2722 3128 2803 3138 —
2831 3092 3143 3168 Secunde,
3178 3100 3486 3159 aeternum
3517 3102 3580 3159 et
3611 3094 3964 3178 temporale

2464 3207 2591 3252 non
2637 3191 3058 3254 univocantur
3102 3194 3169 3254 in
3211 3194 3444 3275 aliquo.
3481 3195 3602 3257 Sed
3645 3196 3824 3258 Pater
3863 3203 3968 3256 est

2466 3288 2858 3371 principium
2909 3291 3050 3352 Filii
3099 3292 3180 3354 ab
3229 3300 3485 3367 aeterno,
3524 3301 3964 3356 creaturarum

2464 3395 2679 3449 autem
2721 3408 2799 3451 ex
2842 3397 3147 3471 tempore.

2546 3486 2614 3546 In
2644 3486 3010 3568 oppositum
3041 3488 3344 3569 est‚quod
3375 3507 3501 3550 una
3529 3496 3592 3551 et
3620 3489 3844 3551 eadem
3875 3508 3969 3551 ra·

2467 3584 2637 3646 tione
2678 3586 2856 3647 Pater
2892 3585 3129 3647 dicitur
3158 3584 3548 3668 principium
3588 3587 3754 3662 Filii,
3788 3588 3965 3669 prin-

2467 3679 2711 3763 cipium
2742 3682 3015 3762 Spiritus
3047 3683 3282 3756 Sancti,
3314 3690 3378 3745 et
3409 3684 3802 3766 principium
3835 3704 3971 3747 cre·

2465 3786 2810 3841 aturarum.
2846 3780 3088 3842 Dicitur
3132 3781 3305 3843 enim
3351 3781 3745 3863 principium
3797 3783 3964 3855 Filii,

2468 3878 2634 3939 sicut
2677 3878 2810 3959 jam
2855 3878 3080 3960 patuit,
3113 3879 3416 3960 quoniam
3461 3880 3657 3942 Filius
3700 3882 3782 3943 ab
3827 3880 3970 3962 ipso

866 3996 1014 4040 men
1073 3977 1160 4037 ita
1210 3982 1307 4038 est
1365 3976 1431 4036 in
1491 3975 1749 4048 diviniS‚
1804 3973 1915 4035 ubi
1974 3974 2358 4055 productum
2471 3976 2775 4057 procedit.
2839 3975 3073 4038 Eadem
3141 3985 3355 4039 autem
3419 3978 3661 4041 ratione
3729 3979 3970 4042 dicitur

865 4076 1127 4139 omnino
1176 4074 1419 4155 aequale
1477 4080 1571 4135 est
1627 4071 2002 4154 producenti
2063 4072 2127 4133 in
2183 4071 2360 4133 omni
2470 4074 2862 4156 principium
2912 4075 3186 4157 Spiritus
3237 4076 3448 4138 Sancti
3492 4084 3554 4139 et
3597 4076 3790 4139 etiam
3835 4096 3970 4139 cre-

865 4173 1274 4256 perfectione.
1310 4172 1517 4245 Quum
1561 4179 1774 4232 autem
1814 4169 2077 4233 nomina
2118 4177 2361 4231 creatu·
2391 4180 2441 4243 D
2469 4180 2683 4235 aturae.
2739 4173 2884 4235 Ideo
2931 4172 3089 4233 dicit
3135 4174 3194 4235 S.
3248 4174 3540 4247 BasiliuS,
3587 4175 3758 4255 quod
3809 4174 3970 4237 Filio

865 4291 1079 4335 rarum
1128 4269 1573 4333 transferimus
1621 4268 1699 4330 ad
1748 4268 1986 4341 divina,
2018 4266 2360 4347 abjicimus
2474 4289 2812 4334 commune
2833 4279 2930 4333 est
2958 4290 3106 4333 cum
3139 4272 3466 4346 creaturis,
3499 4273 3790 4354 accipere
3827 4292 3970 4336 esse

864 4369 1176 4453 quidquid
1240 4365 1743 4449 imperfectionis
1808 4365 2184 4446 adjunctum
2243 4372 2356 4427 est.
2473 4388 2510 4431 a
2553 4370 2748 4432 Patre.

864 4506 945 4515 —
990 4469 1150 4531 Hinc
1200 4484 1455 4548 quoque
1503 4465 1568 4527 in
1613 4463 1850 4527 divinis
1902 4481 2171 4544 persona
2221 4482 2364 4546 pro—

865 4569 1103 4630 ducens
1162 4583 1290 4628 non
1344 4572 1440 4627 est
1498 4562 1847 4637 formalior,
1900 4563 2209 4625 actualior
2255 4570 2366 4624 aut

867 4665 1280 4749 principalior
1320 4663 1631 4746 producta
1664 4679 1677 4723 :
1712 4660 1863 4743 quia
1909 4661 1974 4723 in
2018 4662 2145 4724 Deo
2192 4661 2366 4723 nulla

869 4764 1321 4849 potentialitaS,
1357 4762 1533 4823 nulla
1562 4760 2007 4842 dependentia,
2042 4759 2220 4822 nulla
2251 4760 2367 4821 im-

873 4864 1181 4948 perfectio
1219 4870 1315 4925 est
1352 4860 1674 4941 adjuncta,
1708 4877 1827 4920 nec
1866 4876 1996 4920 non
2032 4876 2172 4919 esse
2213 4878 2370 4941 prae-

875 4964 1045 5027 cedit
1090 4979 1266 5041 esse3
1317 4960 1427 5023 sed
1487 4958 1699 5040 potius
1747 4966 1844 5019 est
1895 4956 1985 5018 ibi
2036 4974 2370 5038 processus

876 5071 1055 5125 actus
1097 5061 1177 5123 ab
1217 5066 1384 5133 actu,
1418 5067 1480 5120 et
1524 5057 1668 5139 puri
1706 5063 1885 5117 actus
1924 5074 1962 5116 a
2002 5072 2162 5137 puro
2201 5062 2368 5131 actu,

584 5187 849 5242 dist.tt,q.⁵‚
882 5169 1070 5244 prout
1128 5159 1248 5221 ista
1306 5154 1600 5238 superius
1659 5155 1792 5217 suis
1855 5152 2011 5216 locis
2070 5152 2373 5215 diffusius

584 5255 669 5295 etc.

882 5265 1032 5322 sunt
1077 5274 1392 5339 expressa.
1434 5289 1516 5299 -
1561 5254 1733 5316 Patet
1778 5252 1973 5333 igitur
2018 5270 2097 5313 ex
2148 5252 2374 5332 praedi-

2555 4566 2647 4628 Ad
2678 4567 2799 4629 hoc
2828 4567 3168 4648 respondet
3196 4564 3492 4629 Albertus
3526 4584 3540 4629 :
3573 4568 3968 4650 Principium

2474 4664 2816 4745 dupliciter
2844 4664 3051 4745 accipi
3091 4672 3316 4745 potest.
3353 4664 3582 4739 Prim0,
3615 4685 3652 4727 a
3687 4685 3975 4729 commu-

2476 4763 2541 4824 ni
2574 4764 2815 4825 ratione
2844 4762 3202 4844 accipiendi
3231 4762 3313 4825 ab
3347 4762 3472 4827 alio
3507 4781 3520 4825 :
3554 4772 3615 4827 et
3645 4764 3766 4827 hoc
3795 4782 3974 4828 com-

2481 4880 2695 4936 mune,
2729 4880 2843 4923 seu
2885 4862 3044 4924 ratio
3088 4862 3210 4923 ista
3252 4863 3634 4937 communis,
3673 4866 3975 4927 convenit

2481 4959 2799 5041 principio
2829 4967 3064 5023 aeterno
3092 4967 3157 5021 et
3193 4960 3523 5041 temporali
3557 4980 3671 5042 per
3699 4961 3879 5043 prius
3913 4970 3979 5024 et

2483 5056 2820 5139 posterius,
2853 5064 2922 5117 ut
2972 5056 3182 5118 innuit
3223 5055 3512 5119 Basilius.
3547 5058 3674 5121 Hoc
3717 5077 3976 5141 quoque

2485 5172 2823 5218 commune
2867 5155 3211 5217 univocum
3253 5164 3352 5217 est
3387 5157 3465 5218 ad
3505 5158 3982 5236 generationem

2487 5260 2550 5314 et
2597 5252 3030 5335 spirationem,
3075 5251 3140 5313 id
3189 5260 3308 5327 est,
3357 5253 3624 5317 univoce
3673 5256 3984 5340 competit
