4359 6250
880 469 955 532 tt
1529 489 1592 534 m
1637 489 1857 534 [mmm
1901 489 1920 532 1
1963 487 2445 534 samnnrmnum.
2494 504 2575 513 —
2614 486 2765 532 msr.
2812 489 2980 550 xv113
3024 490 3247 544 QuAEsr.
3296 491 3315 534 1

875 664 938 718 et
966 657 1152 720 dictis
1184 658 1449 732 Alberti,
1480 659 1937 721 Bonaventurae
1967 657 2367 738 aliorumque
2398 655 2449 719 A
2481 655 2605 718 nisi
2656 674 2770 738 per
2819 656 3073 720 habitus
3122 657 3233 740 qui
3282 663 3431 718 sunt
3478 656 3642 719 fides
3688 663 3752 718 et
3798 675 3966 738 speS,

873 771 1184 818 consonae.
1229 756 1356 818 Nec
1389 775 1614 819 verum
1655 765 1750 818 est
1791 757 1960 837 quod
2004 754 2367 817 intellectus

873 863 1120 916 creatus
1173 856 1344 917 videt
1402 857 1684 918 divinam
1735 856 2075 917 essentiam
2125 854 2367 934 absque

873 952 1096 1014 habitu
1139 954 1478 1028 mediante,
1515 954 1666 1034 quia
1718 972 1831 1034 per
1869 953 2087 1014 lumen
2125 951 2363 1032 glot-im,

874 1052 1044 1131 quod
1085 1060 1178 1114 est
1220 1053 1373 1133 quid
1413 1052 1618 1114 fixum
1661 1071 1734 1113 ac
1772 1050 2094 1113 habituale
2130 1069 2205 1112 ac
2234 1067 2369 1130 gra-

872 1149 961 1210 tia
1012 1159 1471 1224 consummata,
1526 1151 1810 1213 elevatur
1867 1157 2056 1231 atque
2115 1155 2369 1230 aptatur

873 1248 949 1308 ad
983 1248 1216 1310 divinae
1249 1257 1662 1330 conspectum
1698 1247 1988 1310 essentiae
2024 1265 2036 1308 :
2073 1246 2367 1328 quamvis

875 1345 1038 1408 visio
1085 1346 1192 1408 illa
1233 1363 1360 1409 non
1402 1347 1484 1408 sit
1522 1366 1636 1428 per
1680 1345 1960 1427 speciem
2004 1343 2371 1424 intelligibi-

877 1442 1002 1504 lem
1047 1444 1460 1508 inhaerentem
1505 1452 1798 1506 creatam.
1835 1445 2010 1517 Quod
2051 1444 2193 1504 ideo
2232 1461 2372 1505 eve-

874 1542 990 1616 nit,
1025 1543 1330 1624 quoniam
1362 1543 1538 1605 nulla
1567 1542 1772 1605 forma
1803 1542 2128 1623 speciesve
2160 1548 2371 1603 creata

872 1647 1062 1705 tantae
1111 1649 1317 1723 potest
1371 1661 1510 1704 esse
1563 1641 1994 1724 perfectionis,
2047 1648 2117 1701 ut
2165 1640 2367 1702 Deum

872 1740 1078 1802 valeat
1123 1741 1290 1802 clare
1337 1741 1400 1802 in
1446 1759 1512 1802 se
1553 1741 1692 1822 ipso
1732 1739 2096 1801 immediate
2145 1757 2369 1820 reprae-

873 1848 1120 1900 sentare
1169 1857 1182 1900 :

875 1936 1120 1999 cumbit
1172 1956 1245 1999 ac
1294 1937 1514 1999 deficit
1574 1936 1845 1998 infinite.
1901 1935 2136 2017 Estque
2192 1936 2369 2016 peni-

875 2042 975 2097 tus
1017 2036 1498 2116 supernaturale
1537 2036 1706 2116 quod
1739 2036 1902 2096 Deus
1945 2035 2038 2096 sic
2078 2035 2368 2095 videatur

873 2132 1115 2214 absque
1157 2133 1545 2214 intelligibili
1589 2132 1800 2214 specie
1837 2131 2203 2206 inhaerente,
2240 2149 2365 2193 non

875 2237 1088 2292 tamen
1135 2239 1232 2291 est
1283 2230 1705 2312 omnipotenti
1761 2230 1884 2292 Deo
1944 2229 2361 2310 impossibile.

876 2329 1110 2390 Tamen
1149 2329 1203 2390 si
1241 2328 1367 2390 alio
1412 2329 1599 2390 modo
1646 2334 1858 2409 posset
1907 2327 2367 2390 rationabiliter

876 2428 1049 2508 poni,
1085 2426 1380 2489 videlicet
1412 2428 1582 2508 quod
1625 2445 1738 2508 per
1777 2427 2056 2508 speciem
2089 2434 2364 2488 creatam

875 2525 1290 2588 inhaerentem
1337 2533 1549 2606 posset
1591 2524 1808 2586 divina
1855 2525 2132 2587 essentia
2173 2525 2361 2597 clare,

877 2623 1241 2686 immediate
1280 2642 1352 2685 ac
1397 2623 1693 2685 beatifice
1739 2624 2046 2704 conspici,
2093 2641 2220 2684 non
2262 2641 2371 2704 po-

877 2740 1172 2784 neremus
1231 2741 1370 2784 eam
1430 2721 1670 2802 absque
1731 2721 2098 2802 hujusmodi
2153 2722 2366 2802 specie

873 2840 912 2882 a
951 2821 1156 2882 Beatis
1196 2821 1418 2882 videri.
1456 2820 1575 2881 Sed
1617 2820 1768 2901 quia
1809 2821 1871 2881 in
1913 2821 2239 2902 proposito
2278 2839 2368 2882 ra-

877 2918 1267 2981 tionabiliter
1315 2919 1465 3000 poni
1512 2925 1720 3000 potest
1765 2925 2045 2980 mentem
2091 2925 2364 2981 creatam

2480 763 2739 836 propter
2790 755 3339 836 imperfectionem
3388 755 3638 816 actibus
3687 755 3815 817 illis
3863 774 3971 817 an-

2481 873 2727 916 nexam.
2762 855 2954 916 Actus
2986 872 3136 916 vero
3167 855 3276 936 qui
3319 855 3473 935 ipsis
3516 854 3864 915 succedunt
3904 855 3968 914 in

2481 952 2705 1032 patria,
2748 952 2994 1014 scilicet
3033 953 3196 1015 visio
3234 960 3297 1013 et
3335 952 3556 1026 tenti0‚
3600 953 3737 1014 sine
3780 952 3973 1013 medi-

2480 1050 2737 1112 antibus
2783 1049 3107 1112 habitibus
3150 1051 3498 1112 eliciuntur
3544 1051 3609 1112 in
3655 1050 3859 1112 Beatis
3906 1050 3971 1110 in

2482 1149 2701 1229 patria.
2738 1149 2944 1222 Quum
2974 1166 3123 1230 ergo
3153 1156 3331 1212 actus
3363 1149 3641 1211 caritatis
3673 1149 3737 1210 in
3770 1149 3973 1230 patria

2482 1254 2753 1319 maneat,
2797 1266 2914 1308 nec
2966 1247 3365 1328 imperfectio
3413 1248 3490 1309 de
3539 1248 3679 1328 ejus
3731 1248 3971 1309 ratione

2480 1345 2804 1420 consistat,
2838 1347 3069 1426 poterit
3107 1346 3301 1407 etiam
3343 1346 3408 1407 in
3453 1346 3750 1428 praesenti
3792 1352 3970 1408 actus

2479 1442 2619 1523 ejus
2662 1443 2808 1505 elici
2853 1443 3094 1525 absque
3138 1444 3517 1506 intermedio
3556 1443 3777 1506 habitu
3818 1444 3973 1506 cari-

2479 1541 2643 1603 tatis.
2678 1541 2823 1604 Haec
2862 1542 3164 1622 AEgidiuS.

2568 1639 2873 1712 Quocirca
2931 1640 3297 1714 dicendum,
3358 1641 3529 1723 quod
3587 1641 3968 1722 praeallegati

2480 1738 2767 1800 doctores
2808 1739 3175 1820 opinionem
3210 1739 3487 1820 Magistri
3530 1740 3595 1801 in
3634 1739 3751 1801 hac
3792 1747 3969 1820 parte

1241 1840 1368 1901 imo
1417 1858 1454 1901 a
1501 1839 1612 1901 tali
1665 1838 2219 1920 repraesentatione
2268 1855 2367 1900 oc·
2403 1839 2450 1903 B
2481 1835 2832 1898 efficacit-er
2870 1837 3229 1918 reprobant.
3264 1873 3345 1882 —
3374 1837 3611 1900 Deinde
3656 1838 3720 1899 in
3764 1839 3969 1900 Beatis

2480 1944 2628 2010 sunt
2658 1935 2823 1998 dona
2853 1936 3126 2017 Spiritus
3160 1935 3370 1998 Sancti
3402 1937 3713 2017 sapientia
3750 1944 3815 1998 et
3852 1937 3971 1998 sci-

2479 2032 2670 2106 entia,
2724 2033 2811 2095 ita
2867 2033 3034 2114 quod
3096 2031 3392 2095 beatifica
3441 2033 3603 2095 visio
3660 2033 3852 2096 etiam
3902 2034 3967 2095 in

2480 2131 2683 2212 patria
2732 2130 2934 2193 fertur
2980 2139 3159 2193 actus
3208 2131 3534 2212 sapientiae
3583 2131 3755 2194 illius
3800 2150 3971 2195 com-

2480 2229 2847 2309 pletissimae
2906 2249 3047 2311 quae
3104 2237 3199 2291 est
3250 2229 3361 2302 ibi,
3413 2237 3477 2291 et
3523 2249 3598 2291 ea
3650 2231 3968 2293 mediante

2477 2326 2621 2388 elici
2655 2326 3045 2408 perhibetur.
3080 2363 3161 2372 —
3191 2327 3523 2409 Deinceps,
3558 2347 3758 2409 quum
3788 2337 3969 2391 actus

2478 2425 2756 2487 caritatis
2806 2425 3144 2500 viatorum,
3198 2427 3549 2507 praesertim
3610 2426 3970 2509 incipienti-

2478 2542 2611 2597 um,
2673 2524 2801 2586 imo
2860 2531 2923 2585 et
2981 2523 3480 2605 proficientium,
3543 2525 3969 2605 imperfectio-

2480 2641 2627 2683 nem
2677 2622 2905 2684 habeat
2954 2622 3078 2684 sibi
3126 2641 3459 2696 annexam,
3504 2623 3558 2684 si
3604 2624 3746 2686 ideo
3785 2632 3968 2687 actus

2478 2718 2631 2781 fidei
2672 2728 2735 2781 et
2774 2721 2910 2801 spei
2949 2738 3077 2782 non
3116 2720 3461 2782 eliciuntur
3500 2722 3566 2783 in
3603 2723 3818 2784 anima
3854 2741 3969 2786 seu

2478 2817 2557 2879 ab
2597 2836 2671 2878 ea
2710 2818 2832 2879 nisi
2873 2837 2987 2900 per
3026 2817 3302 2892 habituS,
3337 2819 3639 2900 quoniam
3676 2821 3970 2902 imperfe-

2480 2917 2756 2978 ctionem
2798 2917 3032 2978 habent
3064 2935 3375 2978 annexam
3413 2935 3426 2978 :
3461 2936 3611 2998 ergo
3642 2938 3759 2980 nec
3788 2929 3968 2982 actus

877 3017 1078 3078 Deum
1124 3035 1238 3097 per
1277 3017 1602 3078 caritatem
1645 3015 1921 3077 infusam
1961 3016 2247 3096 diligere,
2282 3017 2368 3078 ita
2404 3016 2447 3080 G
2478 3016 2836 3078 dilectionis
2876 3015 3213 3088 viatorum,
3248 3016 3472 3078 saltem
3518 3016 3967 3098 incipientium

876 3116 1224 3177 tenendum
1267 3124 1384 3189 est,
1430 3134 1546 3176 nec
1595 3115 1673 3177 ad
1721 3115 2365 3196 supernaturaliorem

877 3215 1139 3275 modum
1197 3212 1336 3275 sine
1392 3213 1769 3275 necessitate
1837 3220 1933 3275 est
2001 3213 2369 3293 confugien-

877 3313 1051 3373 dum.
1095 3312 1233 3375 Non
1277 3319 1487 3373 tamen
1533 3328 1837 3392 negamus
1881 3310 2039 3392 quin
2081 3330 2195 3392 per
2236 3330 2370 3373 om-

878 3411 1298 3491 nipotentiam
1341 3410 1452 3472 Dei
1503 3417 1716 3490 posset
1763 3409 2025 3471 omnino
2069 3428 2370 3491 superna-

877 3508 1168 3569 turaliter
1207 3507 1392 3569 aliter
1434 3507 1598 3579 fieri,
1635 3514 1854 3588 utpote
1895 3524 1970 3569 eo
2011 3508 2201 3569 modo
2242 3525 2368 3589 quo

878 3606 1264 3687 imaginatur
1303 3606 1612 3686 Magister.
1654 3606 1872 3686 ltaque
1915 3604 2189 3667 rationes
2231 3624 2369 3667 san—

879 3706 964 3766 cti
1000 3704 1282 3767 Doctoris
1321 3703 1672 3766 secundum
1713 3703 1917 3783 legem
1959 3720 2366 3765 communem

877 3803 1358 3884 naturalemque
1411 3802 1669 3864 modum
1719 3809 1781 3863 et
1833 3802 2094 3863 modum
2143 3819 2369 3864 conve-

879 3902 1259 3966 nientiorem
1311 3902 1428 3963 rite
1479 3901 1868 3963 concludunt
1912 3920 1924 3963 :
1969 3920 2110 3981 quae
2155 3908 2366 3962 tamen

876 4002 976 4082 (ut
1008 4008 1243 4063 tactum
1282 4001 1409 4080 est)
1433 3998 1910 4080 omnipotentiae
1948 3998 2058 4059 Dei
2100 4016 2226 4061 non
2266 3999 2370 4061 de—

881 4106 1121 4179 rogant,
1185 4099 1342 4180 quin
1411 4097 1656 4159 scilicet
1714 4097 1850 4177 ipse
1917 4096 2101 4158 aliter
2159 4098 2368 4161 facere

881 4206 1111 4279 posset.

960 4297 1226 4376 Insuper
1273 4293 1556 4374 AEgidius
1609 4299 1802 4367 tenet,
1855 4294 2024 4374 quod
2074 4294 2369 4374 quamvis

880 4400 1166 4476 oporteat
1211 4393 1275 4454 in
1314 4390 1528 4453 anima
1567 4408 1802 4472 ponere
1843 4391 2134 4453 habitum
2176 4393 2370 4454 medi-

880 4512 992 4555 um
1041 4489 1587 4574 supernaturalem
1637 4490 1714 4551 ad
1769 4490 1888 4552 hoc
1936 4490 2106 4570 quod
2153 4498 2368 4553 actum

882 4591 1160 4653 caritatis
1217 4589 1451 4662 eliciat,
1505 4604 1630 4650 non
1690 4595 1904 4650 tamen
1963 4606 2221 4651 necesse
2272 4599 2368 4652 est

881 4708 1118 4773 ponere
1167 4687 1455 4751 habitum
1514 4686 1810 4749 caritatis.
1863 4686 2020 4749 Nam
2077 4687 2367 4750 habitum

881 4790 1066 4853 illum
1109 4804 1300 4870 quem
1343 4784 1627 4848 affirmat
1668 4792 1958 4868 oportere
2004 4786 2176 4867 poni,
2216 4786 2370 4849 dicit

879 4906 1018 4951 esse
1051 4886 1320 4968 gratiam
1349 4891 1600 4965 gratum
1633 4883 1994 4958 facientem,
2028 4885 2369 4947 essentiam

879 4987 1109 5051 animae
1153 4984 1594 5067 perficientem
1632 5001 1705 5043 ac
1746 4981 2216 5046 informantem.
2258 4985 2373 5046 Ita·

883 5105 1007 5168 que
1039 5086 1127 5147 ait
1161 5104 1174 5147 :
1207 5082 1440 5145 Positio
1480 5082 1600 5143 ista
1639 5081 1914 5162 Magistri
1955 5081 2210 5144 subtilis
2252 5091 2369 5158 est,

883 5192 946 5246 et
976 5202 1090 5266 per
1119 5182 1430 5244 rationem
1461 5180 1808 5261 improbari
1840 5198 1967 5242 non
2001 5181 2187 5243 valet.
2216 5181 2373 5243 Nam

883 5289 1063 5344 actus
1092 5280 1246 5343 fidei
1283 5286 1347 5341 et
1385 5278 1521 5360 spei
1560 5277 1628 5339 in
1657 5278 1842 5341 nobis
1871 5278 2018 5341 elici
2047 5287 2376 5361 nequeunt

2476 3123 2539 3177 et
2571 3113 3046 3196 proficientium
3078 3115 3361 3177 nondum
3393 3115 3841 3197 perfectorum,
3859 3118 3971 3180 eli-

2478 3214 2681 3275 cietur
2730 3232 2767 3275 a
2810 3212 3156 3287 voluntate,
3202 3214 3327 3275 nisi
3375 3232 3489 3295 per
3538 3215 3828 3278 habitum
3872 3236 3971 3279 ca-

2479 3312 2700 3373 ritatis.
2736 3347 2817 3356 —
2855 3310 3169 3392 Amplius,
3212 3311 3378 3373 sicut
3414 3311 3710 3375 Albertus
3752 3322 3817 3377 et
3860 3316 3970 3378 Bo-

2479 3418 2830 3472 naventura
2878 3416 3166 3490 tangunt,
3208 3410 3419 3472 dicere
3468 3412 3639 3493 quod
3680 3421 3968 3495 oporteat

2481 3508 2546 3569 in
2575 3508 2789 3570 anima
2819 3524 3053 3589 ponere
3090 3508 3379 3570 habitum
3418 3512 3967 3591 supernaturalem

2481 3606 2765 3669 infusum
2823 3607 2900 3668 ad
2957 3606 3344 3668 eliciendum
3402 3609 3681 3670 caritatis
3728 3618 3965 3686 actum,

2480 3724 2599 3767 nec
2656 3713 2868 3767 tamen
2928 3706 3275 3767 concedere
3334 3708 3503 3787 quod
3556 3707 3810 3771 habitus
3860 3710 3967 3772 ille

2480 3805 2562 3865 sit
2592 3804 2840 3877 caritaS,
2875 3803 3176 3866 frivolum
3206 3823 3345 3867 esse
3384 3813 3696 3868 censetur.
3730 3808 3966 3872 Verum

2478 3921 2559 3963 an
2588 3902 2789 3983 gratia
2816 3909 3063 3983 gratum
3096 3900 3335 3964 faciens
3366 3910 3429 3963 et
3459 3904 3684 3967 caritas
3716 3905 3969 3969 realiter

2477 4000 2557 4062 ab
2590 4000 2867 4061 invicem
2896 4000 3387 4081 distinguantur,
3421 4003 3545 4064 alia
3572 4005 3840 4084 quaestio
3872 4014 3969 4069 est

2478 4107 2542 4161 et
2584 4099 2913 4180 problema
2960 4098 3251 4174 difficile,
3304 4100 3545 4163 habens
3601 4102 3967 4168 defensores

2400 4208 2449 4269 D
2480 4215 2741 4278 magnos
2789 4205 2852 4259 et
2900 4196 3088 4259 fortia
3135 4208 3510 4279 argumenta
3546 4218 3660 4281 pro
3702 4210 3968 4285 utraque

2480 4302 2676 4377 parte.
2711 4332 2792 4340 —
2820 4296 2994 4369 Quod
3027 4314 3177 4358 vero
3215 4305 3501 4379 oporteat
3540 4315 3775 4380 ponere
3815 4302 3971 4364 cari-

2479 4401 2673 4455 tatem
2713 4393 3103 4455 habitualem
3143 4394 3209 4455 in
3250 4395 3483 4470 anima,
3527 4396 3676 4459 hinc
3714 4416 3969 4480 quoque

2480 4492 2855 4565 ostenditur,
2917 4492 3085 4572 quod
3143 4492 3371 4554 caritas
3428 4492 3566 4575 ipsa
3622 4503 3716 4556 est
3775 4497 3971 4560 vestis

2482 4590 2787 4672 nuptialis
2829 4590 2965 4653 sine
3004 4609 3131 4671 qua
3166 4608 3356 4652 nemo
3396 4591 3695 4667 salvatur,
3731 4602 3800 4656 ut
3832 4614 3971 4657 san-

2482 4689 2567 4750 eti
2596 4689 2806 4750 Patres
2847 4688 3245 4750 concorditer
3279 4696 3725 4769 protestantur.
3762 4692 3970 4756 Infan-

2482 4795 2573 4849 tes
2616 4794 2829 4849 autem
2868 4794 3014 4848 ante
3052 4786 3333 4849 adultam
3371 4795 3621 4851 aetatem
3660 4791 3973 4872 emigran-

2480 4892 2595 4959 teS,
2630 4884 2953 4947 salvantur
2988 4902 3001 4946 :
3034 4901 3184 4966 ergo
3226 4884 3291 4947 in
3330 4886 3589 4949 caritate
3628 4888 3964 4953 decedunt.

2481 4984 2617 5045 Non
2647 4992 2861 5046 autem
2893 4982 3128 5045 habent
3158 5002 3274 5045 nec
3306 5003 3587 5065 unquam
3620 4987 3971 5052 habuerunt

2483 5089 2697 5143 actum
2740 5082 3099 5144 dilectionis
3138 5089 3283 5143 ante
3320 5083 3824 5164 emigrationem,
3862 5090 3973 5151 sed

2485 5179 2875 5243 habitualem
2924 5180 3251 5243 caritatem
3300 5182 3629 5244 dumtaxat
3676 5185 3973 5250 deferunt

2485 5297 2724 5341 secum.
