4359 6250
1342 460 1519 509 unna
1561 460 1583 507 1
1626 460 2108 511 sumammnun.
2154 480 2236 491 -—-
2275 463 2429 511 msr.
2475 464 2616 511 x1.v1
3409 445 3530 511 623

846 698 932 762 Κ.
981 705 1097 763 Em
1136 704 1517 775 praedictis
1562 706 1952 777 concludit,
2005 704 2390 766 ostendens
2435 718 2588 767 esse
2637 708 2903 768 bonum
2945 707 3114 777 sieri

1554 823 1791 897 mala,
1840 822 2097 885 multis
2141 824 2402 883 modis.

559 1014 631 1079 Si
671 1014 822 1096 quis
869 1015 1070 1095 igitur
1115 1015 1464 1097 diligenter
1510 1016 1802 1079 attendat
1848 1034 1997 1097 quae
2046 1017 2290 1098 scripta
2337 1018 2514 1097 sunt,
2556 1017 2746 1080 facile
2797 1018 2896 1081 est
2941 1018 3002 1081 ei
3048 1018 3403 1101 percipere,
3445 1038 3530 1083 ex

423 1131 621 1194 malis
658 1132 831 1194 bona
878 1132 1245 1213 provenire,
1287 1134 1351 1195 et
1388 1148 1471 1195 ex
1510 1150 1585 1195 ea
1622 1134 1872 1196 ratione
1911 1133 2160 1196 dictum
2211 1152 2352 1199 esse
2390 1134 2568 1215 quod
2613 1134 2862 1197 bonum
2900 1135 3000 1196 est
3037 1134 3209 1197 mala
3245 1135 3385 1199 fieri
3424 1136 3529 1200 vel

423 1264 593 1326 esse,
637 1265 771 1311 non
818 1248 976 1329 quia
1022 1247 1268 1310 malum
1319 1249 1407 1311 sit
1442 1248 1715 1330 bonum,
1748 1249 1854 1313 vel
1892 1250 2049 1330 quia
2093 1249 2343 1313 bonum
2390 1252 2479 1314 sit
2525 1250 2776 1313 malum
2821 1251 2983 1314 fieri.
3019 1252 3168 1314 Non
3206 1254 3305 1316 est
3349 1254 3526 1316 enim

422 1362 701 1443 bonum,
748 1364 999 1427 malum
1044 1364 1187 1427 fieri
1238 1364 1319 1427 ab
1368 1364 1614 1446 alique,
1664 1368 1821 1447 quia
1866 1385 1997 1430 non
2046 1370 2143 1430 est
2190 1366 2440 1430 bonum
2489 1371 2564 1430 ut
2611 1368 2852 1449 aliquis
2900 1358 3413 1433 faciat’malum.
3457 1370 3528 1433 Si

423 1480 603 1544 enim
656 1481 782 1543 hoc
832 1481 1005 1544 esset
1052 1481 1326 1560 bonum,
1378 1481 1669 1561 profecto
1721 1482 1923 1564 huJus
1972 1483 2153 1546 Deus
2213 1484 2442 1545 auctor
2489 1486 2684 1563 esset,
2728 1484 2844 1564 qui
2890 1486 2990 1547 est
3034 1486 3262 1549 auctor
3312 1486 3528 1549 omnis

422 1594 605 1659 boni.
649 1596 841 1670 Quod
888 1598 947 1660 si
993 1596 1196 1677 huJus
1237 1597 1419 1660 Deus
1465 1600 1691 1661 auctor
1728 1600 1849 1680 est,
1883 1617 1960 1663 eo
2000 1616 2154 1681 ergo
2203 1601 2466 1663 auctore
2514 1600 2714 1663 homo
2761 1600 2898 1681 agit
2943 1600 3120 1664 mala
3162 1622 3178 1665 ε
3221 1604 3286 1666 et
3323 1603 3415 1665 ita
3449 1619 3525 1665 eo

423 1713 691 1776 auctore
729 1714 927 1776 homo
965 1714 1040 1776 fit
1075 1714 1380 1777 deterior.
1415 1715 1500 1777 Et
1534 1716 1591 1777 si
1630 1732 1707 1779 eo
1739 1718 2001 1779 auctore
2038 1716 2240 1778 homo
2278 1716 2353 1779 fit
2388 1716 2693 1797 deterior,
2728 1718 2884 1780 tunc
2921 1735 2997 1781 eo
3029 1718 3288 1783 volente
3317 1720 3524 1785 ‚homo

423 1828 500 1889 fit
535 1828 839 1892 deterior.
876 1830 1056 1893 Idem
1097 1831 1198 1893 est
1234 1830 1411 1893 enim
1451 1831 1664 1894 dicere
1701 1830 1952 1911 aliquid
1988 1832 2129 1895 fieri
2168 1832 2308 1895 Deo
2347 1835 2635 1912 auctore,
2663 1833 2841 1913 quod
2876 1834 3015 1897 Deo
3055 1834 3344 1918 volente3
3383 1837 3524 1899 Deo

424 1947 649 2008 autem
704 1948 968 2010 auctore
1016 1946 1217 2009 homo
1272 1964 1406 2009 non
1458 1946 1533 2009 fit
1581 1948 1863 2011 deterior
1912 1969 1927 2011 ε
1978 1966 2131 2030 ergo
2181 1966 2315 2011 non
2365 1948 2505 2013 Deo
2553 1950 2835 2031 volente,
2878 1952 2953 2015 ut
2996 1951 3408 2033 Augustinus
3455 1953 3524 2016 in

424 2060 593 2125 libro
646 2062 997 2125 LXXXIII
1046 2063 1504 2137 Quaestionum
1554 2066 1774 2145 aperte
1824 2066 2105 2130 adstruit
2153 2085 2194 2131 a
2241 2067 2505 2147 minori,
2539 2067 2763 2131 dicens
2809 2069 2902 2132 ita
2938 2069 3184 2134 :Nullo
3232 2071 3524 2151 sapiente
3599 2092 3817 2148 Aug.1ib.

426 2178 699 2243 homine
748 2181 1012 2243 auctore
1057 2180 1131 2243 fit
1180 2181 1380 2244 homo
1428 2181 1731 2245 deterior.
1778 2182 1985 2247 Tanta
2030 2184 2208 2248 enim
2259 2187 2360 2248 est
2409 2184 2537 2247 ista
2583 2185 2796 2265 culpa,
2839 2204 2986 2266 quae
3038 2187 3106 2249 in
3160 2186 3524 2267 sapientem
3552 2153 3815 2273 ὃξζὲἑιέ

424 2294 767 2358 hominem
804 2296 1031 2359 cadere
1067 2297 1371 2377 nequeat.
1396 2298 1516 2360 Est
1544 2299 1764 2361 autem
1788 2299 1970 2363 Deus
2008 2301 2188 2363 omni
2226 2300 2494 2363 homine
2524 2300 2817 2381 sapiente
2853 2301 3286 2384 praestantior.
3311 2302 3523 2365 Multo

426 2411 649 2474 minus
688 2429 841 2493 ergo
879 2413 1019 2475 Deo
1059 2415 1323 2476 auctore
1360 2413 1433 2477 fit
1470 2414 1670 2477 homo
1709 2415 1991 2479 deterior
2024 2436 2038 2477 ε
2074 2416 2285 2480 multo
2329 2417 2508 2479 enim
2547 2418 2645 2480 est
2681 2418 3097 2498 praestantior
3129 2418 3254 2481 Dei
3289 2418 3526 2482 volun-

424 2530 527 2589 tas
564 2544 766 2609 quam
812 2528 1105 2591 hominis
1150 2529 1487 2609 sapientis.
1530 2530 1653 2594 Illo
1692 2530 1911 2594 autem
1958 2534 2222 2595 auctore
2267 2550 2475 2612 quum
2513 2532 2775 2613 dicitur,
2810 2532 2922 2596 illo
2961 2533 3220 2598 volente
3257 2534 3520 2599 dicitur.

425 2646 599 2725 Ergo
653 2648 754 2709 est
802 2646 1039 2708 vitium
1090 2645 1471 2727 voluntatis,
1513 2664 1643 2728 quo
1696 2650 1796 2711 est
1845 2648 2045 2711 homo
2090 2649 2374 2711 deterior
2419 2670 2433 2709 :
2482 2649 2661 2729 quod
2709 2650 2946 2714 vitium
2993 2652 3052 2714 si
3097 2650 3290 2732 longe
3341 2650 3527 2715 abest

426 2780 467 2823 a
503 2762 627 2825 Dei
667 2762 1025 2841 voluntate,
1059 2762 1135 2823 ut
1170 2762 1336 2825 ratio
1373 2762 1585 2843 docet,
1626 2781 1665 2826 a
1701 2782 1833 2845 quo
1877 2765 1965 2828 sit
2006 2766 2431 2845 quaerendum
2473 2766 2592 2829 est.
2627 2800 2717 2810 —
2753 2767 2919 2831 Ecce
2957 2770 3176 2849 aperte
3219 2768 3326 2831 hic
3362 2767 3524 2830 dicit

426 2860 863 2958 Augustinus,
921 2879 1062 2941 Deo
1119 2879 1384 2942 auctore
1446 2880 1550 2944 vel
1608 2881 1867 2944 volente
1927 2882 2266 2945 hominem
2327 2899 2460 2945 non
2518 2882 2660 2945 fieri
2713 2883 3127 2963 deteriorem,
3188 2884 3305 2949 sed
3360 2885 3522 2947 vitio

426 2995 787 3059 voluntatis
833 3012 993 3059 suae.
1035 2995 1185 3058 Non
1233 2997 1333 3058 est
1370 3014 1523 3077 ergo
1569 2997 1709 3061 Deo
1758 2999 2045 3077 auctore,
2085 2999 2266 3079 quod
2308 2998 2560 3061 malum
2604 2999 2679 3062 fit
2725 2999 2807 3062 ab
2852 3000 3098 3081 aliqUO,
3135 3001 3201 3063 et
3245 3000 3338 3063 ita
3381 3002 3522 3065 Deo

426 3111 687 3176 volente
735 3112 908 3176 mala
953 3129 1087 3175 non
1135 3112 1321 3175 fiunt.

874 3342 949 3403 L.
1009 3345 1205 3411 Quod
1252 3348 1330 3408 in
1378 3348 1521 3407 Deo
1570 3360 1718 3418 non
1765 3346 1874 3407 est
1916 3360 2143 3410 causa
2191 3347 2275 3409 ut
2319 3348 2418 3410 sit
2462 3350 2674 3409 homo
2723 3347 3076 3411 deterior.

558 3545 813 3611 Deinde
864 3547 1038 3610 idem
1078 3546 1492 3629 Augustinus
1539 3565 1838 3628 quaerens
1886 3565 2033 3628 quae
2072 3549 2160 3611 sit
2210 3566 2406 3611 causa
2452 3551 2526 3612 ut
2562 3549 2763 3611 homo
2806 3550 2894 3612 sit
2928 3551 3233 3632 deterior,
3277 3550 3343 3614 in
3381 3549 3521 3617 Deo

427 3681 559 3726 non
598 3681 741 3728 esse
779 3665 1034 3744 asserit,
1076 3665 1145 3727 in
1182 3665 1415 3728 eodem
1452 3665 1617 3728 libro
1657 3667 1752 3728 sic
1796 3665 2021 3728 dicens
2060 3685 2075 3726 :
2120 3665 2209 3727 Ut
2249 3666 2448 3728 homo
2487 3666 2574 3728 sit
2611 3666 2914 3746 deterior,
2955 3670 3066 3730 aut
3107 3667 3175 3730 iu
3211 3668 3355 3748 ipso
3396 3670 3517 3749 est,
3568 3685 3676 3730 ibid.
3690 3700 3735 3742 q.
3754 3689 3796 3732 ι.

426 3782 543 3843 aut
578 3782 649 3842 in
691 3781 845 3862 alio,
886 3783 997 3844 aut
1046 3782 1115 3844 in
1153 3781 1386 3844 nihilo.
1429 3782 1499 3846 Si
1548 3783 1615 3844 in
1652 3781 1885 3861 nihilo,
1926 3781 2108 3845 nulla
2145 3799 2342 3845 causa
2379 3783 2498 3844 est.
2542 3782 2611 3845 Si
2652 3783 2718 3844 in
2757 3782 2911 3862 alio,
2953 3785 3066 3846 aut
3103 3784 3172 3846 in
3209 3784 3373 3865 De0,
3409 3787 3523 3849 aut

425 3897 496 3959 in
542 3897 674 3959 alio
726 3897 1021 3978 quolibet
1066 3898 1357 3977 homine,
1398 3901 1513 3961 aut
1560 3899 1630 3961 in
1669 3915 1744 3962 eo
1784 3899 1898 3978 qui
1945 3915 2157 3980 neque
2203 3899 2384 3961 Deus
2433 3916 2646 3978 neque
2697 3899 2896 3962 homo
2943 3899 3050 3962 sit.
3098 3900 3220 3965 Sed
3274 3918 3408 3964 non
3455 3903 3523 3964 in

425 4013 568 4076 Deo
603 4034 618 4075 ε
647 4013 971 4077 bonorum
1009 4015 1187 4078 enim
1226 4015 1405 4078 Deus
1434 4017 1691 4077 tantum
1722 4032 1919 4077 causa
1948 4017 2067 4078 est.
2096 4016 2268 4095 Ergo
2307 4017 2422 4078 aut
2451 4015 2517 4078 in
2547 4016 2815 4079 homine
2845 4016 2965 4094 est,
2994 4017 3109 4079 aut
3137 4016 3203 4078 in
3243 4033 3318 4081 eo
3348 4018 3527 4098 quod

424 4147 641 4211 neque
691 4129 872 4192 Deus
908 4147 1121 4211 neque
1158 4130 1383 4212 hom0,
1424 4132 1538 4194 aut
1575 4131 1643 4193 in
1687 4130 1921 4193 nihilo.
1956 4165 2043 4176 -—
2078 4131 2163 4192 Et
2201 4149 2282 4194 ex
2319 4131 2424 4194 his
2472 4132 2691 4212 aperte
2740 4131 3128 4211 ostenditur,
3167 4133 3347 4213 quod
3392 4149 3527 4196 non

427 4248 527 4309 est
554 4246 804 4309 bonum
835 4249 907 4309 ut
938 4247 1026 4310 sit
1062 4247 1263 4311 homo
1301 4231 1606 4327 deterior,
1640 4247 1795 4327 quia
1827 4263 1961 4309 non
1992 4247 2090 4310 est
2121 4248 2302 4311 Deus
2332 4248 2475 4328 eJus
2511 4249 2604 4312 rei
2637 4265 2854 4326 causa,
2888 4249 3002 4328 qui
3041 4248 3295 4311 tantum
3331 4267 3528 4313 causa

424 4362 751 4426 bonorum
799 4365 918 4426 est.
956 4365 1040 4426 Et
1085 4364 1143 4428 si
1180 4382 1313 4427 non
1350 4366 1450 4428 est
1493 4363 1741 4427 bonum
1789 4368 1865 4427 ut
1910 4366 2108 4429 homo
2156 4365 2271 4427 fiat
2313 4365 2616 4444 deterior,
2656 4382 2788 4429 non
2825 4365 2926 4428 est
2976 4382 3129 4445 ergo
3166 4364 3413 4429 bonum
3454 4368 3528 4430 ut

424 4478 511 4542 ab
555 4497 633 4542 eo
681 4481 795 4543 fiat
844 4480 1092 4543 malum
1136 4501 1151 4541 ε
1194 4499 1327 4544 non
1374 4498 1526 4564 ergo
1576 4481 1719 4544 vult
1763 4481 1942 4544 Deus
1990 4482 2064 4543 ut
2109 4479 2192 4543 ab
2239 4499 2314 4545 eo
2363 4480 2477 4544 fiat
2523 4482 2796 4545 malum.

867 4713 955 4777 M.
1008 4719 1249 4781 Aliter
1286 4720 1588 4792 probat,
1640 4722 1831 4793 quod
1876 4720 2019 4780 Deo
2068 4719 2374 4780 auctore
2421 4733 2571 4782 non
2612 4718 2798 4788 siunt
2842 4723 3080 4782 mala.

559 4922 727 4986 Item
768 4921 958 4986 aliter
998 4923 1197 4986 etiam
1240 4924 1628 5001 ostenditur,
1662 4925 1841 5005 quod
1881 4926 2020 4988 Deo
2060 4927 2346 5004 auctore,
2380 4925 2447 4986 id
2491 4925 2590 4987 est
2631 4923 2914 5005 volente,
2947 4942 3078 4988 non
3119 4925 3287 4989 fiunt
3324 4926 3519 5007 mala,

425 5039 582 5119 quia
628 5040 769 5121 ipse
806 5057 938 5102 non
981 5040 1082 5103 est
1117 5057 1315 5103 causa
1358 5041 1667 5104 tendendi
1706 5041 1788 5104 ad
1827 5059 1957 5104 non
2004 5059 2167 5106 esse.
2203 5041 2492 5104 Tendere
2530 5040 2705 5105 enim
2757 5041 2841 5103 ad
2887 5057 3020 5104 non
3065 5059 3230 5123 esse,
3272 5045 3523 5110 malum

426 5158 527 5220 est
556 5176 569 5216 :
604 5157 745 5238 ipse
776 5158 996 5219 autem
1033 5157 1261 5220 auctor
1298 5157 1454 5219 mali
1492 5175 1625 5220 non
1664 5158 1784 5222 est.
1814 5158 2049 5222 Tendit
2078 5176 2232 5221 vero
2271 5159 2352 5220 ad
2383 5175 2516 5222 non
2556 5175 2697 5221 esse
2727 5158 2842 5238 qui
2881 5159 3186 5239 operatur
3219 5161 3469 5225 malum
3503 5183 3518 5227 τ

426 5290 561 5336 non
593 5289 747 5354 ergo
790 5273 929 5337 Deo
968 5273 1232 5337 auctore
1270 5275 1368 5337 est
1404 5274 1582 5354 quod
1620 5274 1859 5356 aliquis
1899 5276 2204 5357 operatur
2239 5275 2511 5338 malum.
2544 5275 2693 5338 Non
2732 5275 2832 5337 est
2868 5291 3021 5356 ergo
3059 5274 3306 5340 bonum
3343 5279 3524 5360 quod
