4359 6250
856 478 936 540 38
1489 499 1554 544 m
1597 497 1820 544 Lunum
1864 498 1885 543 1
1929 495 2411 543 snm-aurianum.
2458 514 2538 525 —
2579 495 2733 542 msr.
2780 496 2949 558 xvn3
2992 497 3217 552 ousss‘r.
3259 497 3323 543 v1

935 667 1226 749 Amplius
1268 669 1551 751 AEgidius
1586 687 1599 730 :
1631 669 1854 743 Variae,
1897 669 2005 742 ait,
2049 676 2198 729 sunt
2246 667 2351 728 hic
2381 667 2432 728 A
2460 667 2628 748 quod
2671 667 2925 747 nigrum
2966 667 3307 749 participat
3338 667 3546 728 lucem
3584 665 3648 728 in
3686 665 3955 728 minimo

854 765 1208 846 opiniones
1269 767 1427 829 Nam
1484 768 1683 849 aliqui
1741 766 1962 829 dicunt
2022 766 2348 827 caritatem

855 881 971 944 per
1008 864 1394 927 additionem
1435 866 1674 946 augeri,
1710 867 1796 927 ita
1825 866 1996 947 quod
2026 884 2102 926 ex
2145 865 2352 946 prima

854 962 1113 1024 caritate
1157 971 1220 1025 et
1261 965 1540 1026 secunda
1589 963 1667 1024 fit
1707 982 1834 1025 una
1883 963 2106 1042 maj0r,
2148 982 2349 1044 quum

856 1068 1066 1121 tamen
1123 1061 1551 1124 accidentium
1609 1081 1735 1125 non
1793 1061 1877 1124 sit
1933 1062 2173 1124 mixtio.
2226 1061 2350 1122 Alii

855 1177 1006 1221 vero
1056 1159 1354 1222 dixerunt
1403 1161 1727 1223 caritatem
1776 1159 2199 1222 essentialiter
2245 1179 2351 1222 au-

854 1257 1010 1337 geri,
1053 1266 1116 1319 et
1161 1258 1282 1320 tale
1331 1268 1744 1340 augmentum
1794 1258 1937 1320 fieri
1985 1277 2098 1340 per
2144 1276 2351 1320 acces-

855 1372 1000 1415 sum
1058 1355 1135 1416 ad
1195 1355 1560 1418 terminum.
1619 1355 1739 1417 Sed
1797 1356 1850 1416 si
1908 1356 2132 1417 volunt
2188 1355 2350 1436 posi-

857 1453 1094 1514 tionem
1157 1473 1338 1515 suam
1399 1461 1634 1527 tenere,
1697 1462 1945 1535 oportet
2002 1455 2171 1534 quod
2232 1453 2347 1514 iste

855 1567 1146 1611 accessus
1195 1549 1279 1611 sit
1328 1558 1620 1632 respectu
1679 1550 1935 1612 termini
1995 1551 2348 1611 secundum

853 1646 1084 1725 gradus
1120 1649 1430 1722 essentiae,
1457 1649 1542 1710 ita
1572 1649 1739 1730 quod
1772 1650 1998 1710 caritas
2032 1655 2218 1723 aucta
2246 1648 2350 1709 ha-

855 1742 1000 1804 beat
1041 1744 1257 1824 plures
1297 1747 1527 1826 gradus
1568 1747 1634 1807 in
1673 1747 1951 1808 essentia
1988 1765 2122 1818 sua,
2155 1743 2347 1827 quam

2458 766 2679 846 gradu,
2731 765 2949 827 album
3006 766 3071 828 in
3133 766 3433 839 maximo,
3488 765 3680 827 medii
3738 772 3953 826 autem

2461 864 2702 926 colores
2736 864 2946 926 medio
2979 866 3183 927 modo.
3203 865 3368 927 Talis
3397 873 3611 926 autem
3642 864 3953 945 graduum

2460 963 2614 1025 ordo
2656 980 2782 1025 non
2825 971 2921 1023 est
2960 963 3027 1024 in
3068 963 3349 1036 caritate,
3383 963 3687 1045 quoniam
3726 962 3955 1024 caritas

2461 1059 2741 1142 perfecta
2780 1067 2843 1122 et
2881 1060 3257 1142 imperfecta
3299 1079 3427 1122 non
3468 1060 3778 1122 differunt
3820 1079 3957 1142 spe-

2460 1159 2575 1221 cie.
2611 1159 2789 1220 Alius
2822 1176 2973 1239 ergo
3002 1159 3156 1221 ordo
3183 1159 3495 1240 graduum
3532 1159 3595 1220 in
3629 1158 3833 1221 forma
3860 1167 3957 1220 est

2460 1256 2812 1319 secundum
2852 1275 3008 1318 esse.
3046 1256 3123 1318 Et
3155 1257 3297 1318 talis
3336 1258 3492 1320 ordo
3526 1276 3664 1319 esse
3695 1274 3824 1319 non
3855 1276 3956 1318 va-

2461 1355 2546 1417 let
2589 1355 2653 1415 in
2703 1353 2906 1417 forma
2964 1355 3365 1417 substantiali
3417 1355 3481 1417 in
3538 1356 3759 1417 eadem
3818 1374 3956 1436 spe-

2460 1453 2579 1526 cie,
2612 1453 2915 1534 quoniam
2958 1452 3162 1514 forma
3200 1453 3634 1516 substantialis
3674 1454 3779 1515 dat
3816 1472 3954 1515 esse

2459 1551 2838 1633 specificum
2880 1552 3230 1626 individuo,
3264 1555 3327 1614 et
3365 1553 3473 1614 tali
3512 1570 3651 1614 esse
3690 1553 3950 1624 variat0,

2460 1658 2780 1732 oporteret
2820 1650 3090 1712 formam
3125 1670 3199 1713 ac
3236 1651 3515 1732 speciem
3547 1651 3797 1712 variari.
3833 1651 3951 1713 Sed

2463 1751 2529 1810 in
2580 1749 2783 1811 forma
2840 1749 3237 1823 accidentali,
3290 1768 3431 1831 quae
3488 1767 3614 1812 non
3662 1749 3768 1811 dat
3816 1768 3955 1811 esse

854 1849 998 1902 ante
1045 1853 1458 1923 augmentum
1504 1844 1782 1921 ‚habebat
1825 1862 1838 1905 :
1879 1845 2035 1906 alias
2075 1862 2202 1907 non
2245 1863 2351 1905 au·
2389 1847 2434 1908 B
2464 1847 2863 1929 specificum‚
2898 1855 3105 1928 potest
3132 1865 3270 1909 esse
3300 1847 3670 1928 hujusmodi
3700 1848 3852 1911 ordo
3879 1866 3955 1909 ac

854 1951 1108 2023 geretur
1150 1943 1214 2004 in
1255 1945 1548 2017 essentia.
1584 1944 1706 2007 Sed
1747 1945 1867 2007 hoc
1897 1963 2034 2006 esse
2077 1963 2203 2006 non
2243 1963 2351 2025 po—

856 2047 978 2100 test
1017 2041 1140 2103 nisi
1184 2040 1434 2103 duobus
1477 2043 1701 2116 modiS,
1736 2050 1955 2124 utpote
1995 2042 2351 2104 virtualiter

854 2138 956 2199 vel
1006 2157 1120 2220 per
1162 2139 1550 2203 additionem
1595 2141 1854 2203 alterius
1905 2141 2142 2204 formae.
2189 2141 2350 2203 Dici-

855 2255 998 2298 mus
1047 2255 1321 2319 namque
1379 2239 1755 2301 sensitivum
1805 2258 1942 2301 esse
1991 2241 2055 2301 in
2107 2239 2349 2302 intelle-

855 2335 1023 2397 ctivo
1054 2335 1428 2410 virtualiter,
1464 2339 1766 2419 quoniam
1796 2338 2107 2420 quidquid
2143 2346 2350 2420 potest

853 2433 1476 2516 sensitivum,potest
1500 2444 1563 2497 et
1592 2437 2055 2499 intellectivum
2085 2445 2148 2499 et
2180 2437 2344 2519 plus,

850 2532 1085 2593 Verum
1146 2533 1210 2594 in
1271 2533 1370 2594 his
1418 2534 1795 2596 adveniente
1849 2536 2129 2598 secundo
2181 2535 2349 2598 cedit

853 2632 1166 2713 primum3
1205 2652 1320 2695 nec
1352 2634 1705 2696 secundum
1735 2642 1831 2696 est
1861 2635 1928 2696 in
1958 2635 2180 2695 eadem
2213 2653 2351 2716 spe—

852 2730 948 2792 cie
987 2749 1134 2792 cum
1176 2732 1404 2813 primo,
1439 2741 1508 2794 ut
1551 2740 1722 2814 patet
1767 2733 1830 2794 in
1874 2732 2124 2813 trigono
2161 2740 2225 2794 et
2264 2741 2350 2795 te-

852 2836 1131 2909 tragono.
1176 2829 1407 2911 Sicque
1457 2831 1663 2912 prima
1712 2831 1938 2892 caritas
1983 2831 2235 2893 cederet
2285 2831 2347 2893 in

852 2927 1130 2989 caritatis
1178 2937 1541 3008 augmentO,
1585 2929 1754 3010 quod
1805 2936 2017 2990 tamen
2067 2929 2172 2991 isti
2222 2948 2350 2991 non

2463 1946 2794 2007 diversitas
2842 1947 3152 2026 graduum
3203 1946 3557 2008 secundum
3598 1964 3759 2020 esse,
3800 1964 3954 2028 quo-

2463 2044 2634 2105 niam
2683 2044 2827 2106 talis
2877 2043 3081 2106 forma
3128 2052 3335 2126 potest
3384 2044 3583 2125 magis
3630 2053 3695 2107 et
3742 2045 3955 2106 minus

2465 2143 2708 2221 inesse3
2742 2161 3069 2224 quumque
3108 2143 3248 2222 ejus
3288 2161 3426 2204 esse
3464 2143 3547 2204 sit
3586 2143 3814 2216 inesse,
3848 2161 3955 2224 po—

2464 2247 2585 2302 test
2618 2239 2972 2301 secundum
3001 2241 3282 2302 diversos
3313 2240 3543 2321 gradus
3580 2241 3785 2303 inesse
3817 2240 3955 2302 abs-

2461 2357 2585 2420 que
2620 2338 2817 2418 gradu
2852 2346 2915 2400 et
2951 2338 3171 2400 ordine
3208 2338 3273 2400 in
3306 2358 3421 2400 sua
3452 2341 3743 2400 essentia.
3778 2339 3954 2412 Quod

2460 2444 2671 2498 autem
2703 2444 2833 2498 tam
2863 2435 3288 2498 diversimode
3323 2437 3609 2510 inhaeret,
3645 2438 3953 2517 contingit

2460 2555 2537 2596 ex
2568 2535 2818 2596 diversa
2848 2535 3263 2616 dispositione
3292 2533 3590 2616 subjecti,
3625 2535 3793 2616 quod
3828 2555 3956 2597 ma-

2460 2633 2556 2714 gis
2586 2641 2695 2694 aut
2730 2633 2941 2694 minus
2986 2633 3321 2715 participat
3361 2633 3631 2695 formam
3671 2634 3957 2696 acciden—

2460 2731 2673 2804 talem,
2716 2731 3068 2793 secundum
3118 2731 3287 2813 quod
3338 2731 3537 2812 magis
3585 2740 3695 2793 aut
3743 2731 3956 2794 minus

2461 2830 2653 2892 suerit
2681 2830 2758 2891 ad
2790 2830 2909 2892 hoc
2940 2830 3340 2911 dispositum.
3377 2829 3799 2892 Consormiter
3828 2851 3957 2893 una

2458 2929 2671 2990 anima
2704 2937 2800 2990 est
2830 2928 3029 3009 magis
3063 2929 3370 3011 disposita
3400 2929 3478 2990 ad
3510 2929 3788 2991 caritatis
3828 2949 3959 2991 sus·

855 3033 1136 3107 ponun't3
1179 3033 1243 3088 et
1282 3027 1450 3108 quod
1501 3027 1728 3089 caritas
1774 3036 1961 3089 aucta
2009 3045 2134 3090 non
2184 3036 2348 3089 esset
2386 3032 2430 3094 C
2460 3028 2817 3108 ceptionem
2860 3046 3052 3109 quam
3093 3026 3218 3088 alia
3252 3045 3265 3089 :
3302 3026 3429 3090 imo
3471 3028 3791 3089 interdum
3828 3047 3957 3089 una

853 3124 1145 3204 ejusdem
1175 3126 1412 3206 speciei
1445 3145 1592 3187 cum
1627 3128 1833 3208 prima
1864 3125 2144 3199 caritate,
2178 3127 2349 3208 quod

854 3230 1106 3303 negant.
1145 3223 1306 3305 Ergo
1349 3224 1470 3286 ista
1509 3225 1748 3287 additio
1788 3227 2097 3307 graduum
2150 3226 2215 3287 in
2259 3246 2352 3287 es-

856 3322 1060 3383 sentia
1107 3322 1230 3384 erit
1276 3340 1391 3403 per
1439 3323 1827 3385 additionem
1886 3323 2146 3386 alterius
2199 3325 2352 3385 cari-

855 3420 1041 3482 tatis:
1067 3420 1287 3502 sicque
1319 3421 1612 3483 incidunt
1643 3422 1708 3483 in
1745 3422 2126 3503 positionem
2158 3442 2350 3505 quam

858 3518 1220 3600 reprobant,
1265 3526 1326 3580 et
1367 3537 1560 3601 quam
1610 3538 1677 3581 se
1720 3537 1847 3582 non
1898 3538 2082 3602 posse
2127 3522 2355 3583 intelli-

857 3635 1004 3698 gere
1047 3618 1287 3680 dicunt.
1323 3618 1467 3681 Haec
1507 3618 1810 3699 AEgidiuS.

940 3716 1244 3788 Quocirca
1273 3717 1628 3792 sciendum,
1663 3718 1830 3799 quod
1864 3726 2081 3780 contra
2112 3718 2170 3780 S.
2197 3718 2355 3781 Tho-

862 3833 1030 3876 mam
1065 3814 1347 3895 loquitur
1376 3823 1507 3877 tam
1542 3824 1746 3889 acute,
1772 3816 1882 3878 sed
1915 3815 2357 3878 irrationabili-

859 3921 955 3974 ter
977 3913 1175 3975 valde.
1193 3914 1491 3987 Quamvis
1521 3914 1692 3975 enim
1715 3914 1814 3994 (ut
1840 3914 2072 3995 patuit)
2087 3914 2356 3976 Thomas

859 4009 1028 4072 dicat
1075 4011 1403 4073 caritatem
1460 4012 1676 4092 augeri
1731 4012 2176 4085 essentialiter,
2231 4030 2357 4075 non

861 4116 1075 4170 tamen
1106 4109 1458 4171 secundum
1493 4108 1886 4171 intellectum
1918 4128 2045 4190 quo
2074 4110 2357 4191 AEgidius

2460 3134 2523 3187 et
2548 3127 2768 3188 eadem
2793 3126 3165 3202 anima,uno
3191 3134 3475 3207 tempore
3502 3127 3703 3207 magis
3732 3127 3809 3189 ad
3834 3127 3957 3189 hoc.

2461 3233 2662 3285 exstat
2700 3225 3006 3306 disposita
3045 3244 3238 3307 quam
3278 3225 3420 3287 alio.
3457 3226 3689 3307 Sicque
3728 3225 3956 3287 caritas

2464 3323 2818 3385 intenditur
2846 3332 2910 3385 et
2939 3332 3207 3405 augetur
3236 3326 3588 3386 secundum
3622 3325 3851 3406 gradus
3888 3324 3956 3386 in

2462 3440 2623 3495 esse,
2675 3440 2804 3484 non
2856 3422 3209 3483 secundum
3265 3422 3496 3503 gradus
3545 3422 3610 3484 in
3660 3422 3954 3484 essentia.

2462 3556 2543 3565 —
2573 3518 2715 3582 Haec
2745 3520 3047 3601 AEgidiuS.
3082 3520 3199 3593 Qui
3238 3520 3429 3582 etiam
3468 3521 3695 3583 nititur
3728 3521 3963 3602 impro-

2466 3618 2617 3680 bare
2666 3618 2835 3699 quod
2886 3618 3158 3680 Thomas
3216 3618 3325 3693 ait,
3376 3618 3501 3679 tale
3548 3628 3963 3699 augment-um

2466 3717 2745 3780 caritatis
2791 3716 2989 3797 magis
3040 3716 3297 3798 proprie
3340 3734 3524 3798 posse
3563 3718 3777 3779 vocari
3818 3718 3970 3779 alte-

2467 3816 2780 3879 rationem
2841 3834 3032 3897 quam
3097 3815 3699 3896 augmentationem,
3766 3836 3967 3897 quum

2468 3923 2678 3977 motus
2737 3914 2821 3975 sit
2880 3913 2943 3975 in
3004 3913 3225 3975 eodem
3283 3932 3513 3994 genere
3570 3932 3715 3975 cum
3778 3915 3970 3977 rebus

2466 4016 2543 4076 ad
2604 4032 2761 4096 quas
2819 4020 2915 4073 est
2976 4021 3204 4075 motus,
3253 4012 3372 4074 Sed
3429 4012 3693 4076 omnino
3750 4013 3972 4076 deficit

2470 4131 2803 4195 processus
2847 4111 3095 4192 AEgidii.

861 4208 1124 4287 exponit
1154 4207 1335 4278 illud,
1370 4208 1480 4268 sed
1511 4207 1814 4288 quoniam
1855 4209 2080 4269 caritas
2111 4227 2261 4270 vere
2293 4208 2359 4270 in
2390 4215 2440 4275 D
2565 4210 2852 4291 Denique
2910 4208 3078 4270 circa
3138 4208 3271 4271 haec
3330 4207 3552 4270 scribit
3610 4210 3966 4284 DuranduS,

863 4324 930 4367 se
981 4306 1118 4386 ipsa
1168 4304 1518 4366 intenditur
1565 4324 1676 4366 seu
1727 4306 1793 4367 in
1842 4326 1956 4368 sua
2010 4315 2255 4375 natura,
2297 4316 2361 4369 et

865 4404 985 4466 hoc
1017 4422 1131 4484 per
1175 4402 1433 4465 modum
1465 4421 1835 4484 expressum
1869 4405 1933 4466 in
1966 4405 2178 4468 verbis
2219 4425 2361 4467 san-

865 4502 950 4563 cti
994 4501 1298 4563 DoctoriS.

945 4600 1184 4663 Deinde
1243 4598 1461 4661 subdit
1515 4599 1798 4680 AEgidius
1855 4621 1868 4665 ε
1923 4602 2183 4685 Propter
2241 4605 2360 4667 hoc

866 4698 1049 4760 aliter
1095 4706 1190 4760 est
1238 4696 1606 4771 dicendum,
1650 4698 1945 4761 videlicet
1993 4703 2164 4783 quod
2208 4704 2361 4765 ordo

863 4797 1176 4877 graduum
1229 4796 1294 4858 in
1347 4795 1570 4869 forma,
1615 4796 1824 4877 primo
1865 4806 1958 4859 est
2008 4802 2361 4863 secundum

864 4895 1226 4957 essentiam.
1263 4894 1339 4957 Et
1367 4895 1521 4957 ordo
1559 4893 1702 4956 talis
1743 4912 1997 4976 semper
2034 4897 2186 4960 facit
2226 4919 2362 4981 spe-

865 4995 985 5057 ciei
1016 4994 1450 5057 diversitatem
1485 5012 1498 5055 :
1531 4994 1696 5054 sicut
1729 4992 2019 5056 videmus
2051 4998 2219 5076 quod
2253 4998 2359 5059 lux

864 5112 1066 5175 quum
1124 5094 1208 5155 sit
1255 5092 1608 5153 substantia
1665 5091 2148 5175 hypostasisque
2200 5096 2361 5158 colo—

865 5192 974 5263 riS,
1017 5192 1160 5253 ideo
1202 5190 1554 5252 secundum
1599 5189 1880 5253 diversos
1922 5192 2152 5272 gradus
2198 5192 2359 5257 lucis

867 5290 1340 5352 constituuntur
1369 5288 1612 5369 species
1644 5287 1910 5351 diversae
1941 5290 2248 5365 colorum,
2272 5293 2357 5355 ita

2468 4318 2530 4371 et
2573 4307 3033 4390 praeinductam
3071 4306 3299 4387 AEgidii
3343 4307 3709 4388 opinionem
3759 4326 3973 4389 repro-

2470 4408 2648 4483 banS,
2690 4408 2777 4470 ait
2823 4426 2837 4469 :
2882 4406 3280 4488 Ubicumque
3329 4416 3426 4469 est
3472 4407 3621 4469 dare
3667 4426 3970 4488 augmen-

2470 4516 2607 4568 tum
2655 4506 3011 4568 secundum
3055 4506 3256 4585 magis
3296 4512 3359 4566 et
3398 4505 3611 4567 minus
3640 4506 3837 4586 (quod
3880 4514 3972 4568 ta-

2473 4624 2617 4667 men
2648 4612 3063 4685 augmentum
3103 4603 3303 4684 magis
3334 4611 3429 4665 est
3458 4603 3746 4666 alteratio
3775 4622 3967 4685 quam

2469 4702 2931 4784 augmentum),
2975 4701 3064 4764 ibi
3109 4710 3206 4763 est
3249 4701 3527 4782 reperire
3568 4703 3799 4783 gradus
3842 4722 3975 4765 ma-

2467 4802 2625 4884 joris
2675 4809 2738 4862 et
2788 4800 3055 4862 minoris
3108 4800 3537 4882 perfectionis.
3582 4801 3745 4863 lllud
3793 4821 3972 4864 narn-

2470 4920 2595 4983 que
2636 4898 2821 4979 cujus
2872 4906 3098 4960 natura
3145 4898 3435 4961 consistit
3478 4898 3543 4961 in
3593 4899 3973 4963 indivisibili

2470 4998 2869 5079 simpliciter,
2915 5013 3041 5058 non
3089 4996 3325 5057 dicitur
3367 4997 3720 5059 secundum
3771 5000 3974 5079 magis

2466 5106 2531 5160 et
2574 5096 2787 5159 minus
2823 5114 2836 5158 :
2878 5094 3183 5176 quoniam
3232 5094 3430 5175 magis
3468 5102 3534 5157 et
3574 5095 3786 5158 minus
3829 5114 3975 5177 pro-

2470 5196 2606 5278 prie
2638 5202 2989 5275 sumptum,
3024 5201 3121 5255 est
3154 5192 3505 5255 secundum
3537 5194 3826 5255 eamdem
3861 5213 3975 5256 na-

2470 5302 2676 5354 turam
2716 5290 3109 5373 specificam,
3144 5290 3497 5351 secundum
3530 5291 3699 5371 quod
3729 5290 3972 5354 dicitur
