4359 6250
815 475 933 541 1136

1450 494 1511 539 IN
1551 493 1774 539 LIBRUM
1817 493 1836 537 1
1879 490 2361 537 SENTENTIARUM.
2406 506 2488 516 -·
2527 488 2680 534 DIST.
2724 488 2919 548 xxm3
2962 486 3185 543 QUAEST.
3231 486 3277 533 11

815 672 882 725 ut
916 664 1164 726 dicatur
1193 663 1567 736 substantia,
1602 663 1754 744 quia
1783 680 1907 725 non
1939 667 2034 723 est
2063 660 2131 721 in
2163 659 2308 721 sub-
2334 657 2386 718 A
2419 677 2757 724 commune
2799 656 3207 739 proportione
3237 674 3348 717 seu
3390 652 3759 716 habitudine
3798 652 3927 713 tri-

810 761 1002 842 jecto,
1039 761 1103 822 id
1142 769 1257 835 est,
1291 762 1444 843 quia
1474 780 1588 842 per
1616 779 1683 821 se
1718 759 2000 837 exsistit3
2031 765 2095 819 et
2133 756 2309 819 affir-

611 894 618 902 ·
709 920 716 927 .
817 860 1116 931 matione,
1169 868 1238 921 ut
1296 860 1543 921 dicat-ur
1592 857 1946 921 substant-ia
2003 856 2307 938 quoniam

814 958 1042 1021 ceteris
1091 958 1309 1021 subest
1353 976 1366 1019 ε
1412 958 1504 1019 sic
1555 958 1618 1018 in
1667 956 1904 1017 divinis
1954 954 2308 1017 substantia

814 1057 1063 1120 duobus
1111 1056 1346 1118 dicitur
1397 1056 1624 1129 modis,
1676 1055 1974 1117 videlicet
2022 1054 2309 1115 substan-

815 1156 1050 1217 tialiter
1082 1174 1196 1237 pro
1227 1155 1522 1227 essentia,
1556 1161 1618 1216 et
1650 1153 2064 1235 personaliter
2095 1170 2211 1234 pro
2241 1170 2307 1212 re

821 1255 1190 1336 proprietati
1241 1254 1648 1325 subsistente,
1689 1254 1905 1334 sicque
1955 1250 2309 1313 substantia

818 1353 988 1414 idem
1021 1360 1116 1414 est
1147 1353 1314 1434 quod
1358 1351 1714 1434 hypostasis
1751 1369 1763 1413 :
1799 1358 2010 1412 tamen
2051 1356 2311 1430 propter

819 1452 1148 1515 haereticos
1190 1452 1377 1513 modo
1409 1468 1531 1512 non
1568 1449 1809 1512 utimur
1839 1448 1955 1509 hac
1988 1446 2311 1527 significa-

819 1549 988 1611 tione
1049 1548 1418 1611 substantiae
1473 1548 1534 1609 in
1589 1546 1847 1619 divinis,
1903 1563 1982 1606 ne
2040 1544 2311 1607 dicendo

821 1654 944 1708 tres
978 1645 1385 1721 substantiaS,
1420 1647 1604 1707 detur
1643 1644 2046 1725 simplicibus
2077 1642 2310 1704 erroris

815 1742 1082 1806 occasio.
1105 1742 1529 1806 conformiter
1559 1742 1718 1804 ratio
1748 1740 2174 1805 subsistentiae
2205 1740 2313 1800 du-

2417 778 2525 820 um
2569 757 2647 819 ad
2692 775 2913 818 unum.
2947 756 3093 817 Haec
3135 752 3507 816 Alexander.

2496 858 2583 918 De
2626 856 2742 918 hac
2788 855 2939 916 item
2988 851 3252 914 materia
3294 850 3520 913 scribit
3558 849 3933 913 Antisiodo-

2416 955 2620 1016 rensis
2666 954 2731 1015 in
2777 954 3039 1015 Summa
3086 970 3219 1024 sua,
3264 950 3473 1031 primo
3516 948 3681 1011 libro
3723 966 3738 1010 :
3778 948 3931 1010 Hoc

2416 1068 2671 1121 nornen,
2709 1067 2997 1131 persona,
3031 1049 3263 1131 partim
3293 1047 3530 1109 dicitur
3559 1047 3925 1109 secundum

2416 1148 2780 1221 essentiam,
2843 1156 2907 1210 et
2965 1148 3195 1229 partim
3256 1146 3609 1208 secundum
3666 1145 3933 1207 relatio-

2419 1266 2565 1308 nem
2624 1266 2636 1308 :
2695 1247 2845 1327 quia
2906 1247 2970 1308 in
3031 1244 3407 1337 definitione
3465 1262 3748 1325 personae.
3805 1262 3931 1305 ex-

2419 1363 2635 1427 presse
2666 1344 3067 1425 signisicatur
3095 1345 3389 1419 essentia,
3424 1364 3623 1426 quum
3654 1342 3927 1416 dicitur,

2422 1443 2747 1505 rationalis
2810 1452 3102 1522 naturae;
3165 1444 3531 1524 designatur
3590 1442 3779 1504 etiam
3848 1442 3931 1502 in

2422 1542 2797 1604 definitione
2831 1541 2939 1603 illa
2970 1542 3189 1604 relatio
3220 1543 3355 1604 sive
3380 1540 3931 1621 discreti0,quum

2422 1640 2677 1714 dicitur,
2714 1640 3043 1703 individua
3084 1640 3455 1703 substantia.
3490 1639 3569 1700 Et
3603 1644 3929 1720 quantum

2423 1740 2499 1801 ad
2558 1739 2679 1801 hoc
2737 1740 2907 1820 quod
2960 1739 3197 1801 dicitur
3245 1738 3600 1801 secundum
3651 1736 3932 1799 essenti-

818 1842 1074 1922 pliciter
1121 1841 1372 1902 dicitur.
1417 1840 1650 1913 Primo,
1692 1840 1845 1921 quia
1893 1857 2019 1901 non
2068 1837 2308 1919 indiget
2348 1839 2394 1900 B
2424 1856 2548 1911 am,
2581 1838 2901 1919 excipitur
2930 1857 2967 1900 a
2997 1838 3323 1900 communi
3361 1836 3580 1917 regula
3608 1835 3715 1897 illa
3741 1835 3929 1917 quod

815 1940 1253 2002 accidentibus
1299 1948 1368 2001 ut
1411 1939 1494 2001 sit
1531 1957 1544 2000 :
1582 1947 1645 1999 et
1687 1939 1772 1999 ita
1811 1936 2311 1999 substantialiter

816 2038 1072 2111 dicitur,
1105 2038 1272 2099 sicut
1311 2038 1584 2106 οὐσίωσις.
1622 2036 1914 2099 Secundo
1951 2035 2187 2096 dicitur
2229 2034 2309 2096 ab

815 2144 962 2198 actu
1011 2136 1402 2198 subsistendi
1447 2154 1460 2197 ε
1505 2144 1568 2197 et
1610 2136 1702 2197 sic
1747 2134 2166 2216 personaliter
2208 2151 2311 2194 su-

819 2234 1034 2308 mitur,
1087 2242 1309 2314 estque
1359 2233 1526 2295 idem
1575 2232 1746 2314 quod
1795 2231 2199 2314 hypostasis3
2248 2237 2311 2291 et

817 2334 1118 2395 dicuntur
1148 2332 1213 2393 in
1243 2331 1480 2393 divinis
1511 2340 1638 2393 tres
1670 2329 2120 2402 subsistentiae‚
2145 2329 2312 2389 sicut

815 2440 943 2495 tres
986 2431 1373 2514 hypostases,
1423 2431 1565 2492 Haec
1609 2429 1979 2491 Alexander.

894 2530 1200 2603 Quocirca
1261 2530 1495 2591 mirum
1547 2528 1818 2600 videtur,
1869 2526 2038 2607 quod
2099 2532 2310 2586 tantus

815 2631 1034 2692 doctor
1072 2628 1162 2689 ait
1199 2645 1533 2709 personam
1577 2627 1643 2688 in
1685 2625 1921 2687 divinis
1960 2623 2311 2686 essentiali-

814 2736 912 2789 ter
941 2745 1051 2789 seu
1085 2726 1437 2788 secundum
1473 2724 1892 2787 substantiam
1925 2723 2075 2796 dici,
2109 2740 2310 2803 quum

817 2834 1028 2889 tamen
1079 2832 1343 2887 testetur
1389 2822 1866 2885 subsistentiam
1925 2830 2115 2903 atque
2165 2820 2311 2881 sub-

817 2924 1112 2986 stantiam
1157 2922 1572 3003 personaliter
1614 2920 1740 2982 dici
1785 2919 2046 2993 ibidem,
2087 2938 2312 2981 secun-

2424 1936 2683 1999 nomina
2748 1936 3111 1998 essentialia
3175 1936 3477 1997 dicuntur
3536 1935 3613 1997 de
3678 1933 3933 1996 divinis

2424 2034 2713 2117 personis
2757 2034 2947 2096 simul
2999 2034 3271 2116 sumptis
3319 2032 3742 2114 singulariter,
3784 2049 3931 2095 non

2426 2132 2773 2214 pluraliter.
2831 2131 2906 2194 Et
2965 2133 3267 2213 quoniam
3328 2131 3538 2213 primo
3595 2130 3936 2211 significat

2422 2230 2921 2303 distinctionem,
2944 2231 3181 2293 idcirco
3212 2230 3545 2311 pluraliter
3572 2228 3809 2290 dicitur
3838 2229 3931 2291 de

2424 2330 2600 2390 Patre
2657 2336 2720 2390 et
2768 2329 2925 2391 Filio
2980 2348 3055 2390 ac
3114 2328 3355 2410 Spiritu
3416 2328 3663 2401 Sancto,
3715 2326 3933 2407 magis

2424 2447 2613 2508 quam
2675 2428 2935 2490 nomina
2994 2446 3165 2490 mere
3213 2427 3593 2489 essentialia.
3646 2427 3931 2488 Persona

2427 2525 2621 2605 igitur
2650 2526 2885 2588 dicitur
2916 2526 3267 2588 secundum
3300 2525 3693 2598 relationem,
3725 2532 3789 2587 et
3823 2525 3931 2586 in-

2425 2624 2623 2686 cludit
2656 2625 2719 2685 in
2754 2644 2819 2687 se
2853 2624 2915 2686 id
2946 2625 3022 2686 ad
3053 2625 3223 2706 quod
3254 2624 3489 2686 dicitur
3524 2643 3639 2686 sua
3668 2623 3926 2696 relati0,

2422 2724 2573 2804 quia
2622 2724 2676 2785 is
2721 2731 2817 2785 est
2864 2742 3088 2785 sensus
3130 2740 3143 2785 τ
3192 2740 3481 2804 persona,
3535 2722 3597 2783 id
3644 2729 3759 2796 est,
3816 2742 3930 2785 res

2424 2822 2748 2884 rationalis
2798 2830 3037 2884 naturae
3084 2821 3385 2883 distincta
3426 2820 3507 2883 ab
3549 2821 3688 2883 alia.
3734 2820 3929 2883 Gom-

2424 2920 2703 2982 munitas
2734 2927 2947 2982 autem
2980 2936 3265 3001 personae
3295 2920 3371 2981 ad
3402 2920 3647 2981 Patrem
3679 2926 3742 2981 et
3770 2919 3933 2981 Fili-

817 3024 968 3085 dum
1001 3022 1171 3103 quod
1203 3021 1503 3082 dicuntur
1528 3038 1564 3081 a
1594 3018 1940 3081 substando
1971 3038 2081 3080 seu
2115 3018 2315 3080 subsi·
2339 3019 2393 3089 ,C
2424 3038 2532 3080 um
2563 3038 2636 3081 ac
2667 3018 2976 3100 Spiritum
3009 3019 3331 3093 Sanctum,
3364 3027 3463 3081 est
3493 3019 3933 3081 communitas

816 3121 1040 3185 stendo
1071 3118 1466 3202 proprietati,
1500 3126 1688 3200 atque
1725 3127 1792 3180 ut
1822 3126 2068 3180 tantum
2102 3118 2315 3180 valent

817 3220 984 3281 sicut
1019 3217 1396 3301 hypostasiS,
1430 3235 1622 3298 quam
1666 3216 1858 3278 etiam
1899 3216 2314 3298 personaliter

819 3317 1206 3398 relativeque
1255 3315 1378 3377 dici
1425 3314 1658 3376 fatetur
1702 3333 1716 3375 ε
1760 3334 1901 3395 quae
1945 3333 2011 3376 re
2061 3323 2122 3376 et
2168 3315 2313 3376 rati-

816 3434 938 3479 one
973 3434 1123 3476 cum
1158 3431 1426 3496 persona
1465 3413 1768 3474 coincidit
1804 3413 1868 3474 in
1903 3413 2140 3475 divinis
2172 3413 2314 3493 jux-

817 3523 880 3577 ta
924 3514 1181 3576 modum
1227 3511 1670 3594 praehabitum,
1711 3511 2029 3592 siquidem
2071 3512 2313 3593 propri-

817 3620 950 3676 etas
988 3631 1101 3675 seu
1142 3611 1363 3674 relatio
1397 3617 1494 3672 est
1528 3611 1606 3672 de
1641 3609 1883 3672 ratione
1921 3628 2206 3691 personae
2248 3610 2313 3672 in

818 3711 1076 3784 divinis,
1111 3717 1182 3771 ut
1224 3707 1446 3790 patuit.

897 3808 1192 3890 Amplius
1239 3807 1432 3869 etiarn
1481 3806 1835 3868 Alexander
1881 3806 2130 3887 quaerit,
2170 3825 2313 3887 quae

818 3909 900 3972 sit
944 3906 1368 3970 communitas
1411 3922 1696 3986 personae
1740 3904 1807 3965 in
1849 3904 2106 3966 divinis.
2140 3905 2314 3967 Nihil

817 4007 992 4069 enim
1050 4005 1302 4067 videtur
1359 4021 1699 4067 commune
1760 4001 1964 4064 tribus
2023 4003 2314 4085 personis

818 4106 944 4168 nisi
993 4102 1266 4166 essentia
1313 4102 1529 4164 divina
1577 4102 1928 4163 secundum
1978 4120 2150 4182 rem3
2204 4103 2312 4163 sed

820 4203 1253 4284 significatum
1300 4219 1414 4281 per
1459 4217 1692 4262 nomen
1743 4217 2026 4281 personae
2068 4208 2164 4263 est
2208 4201 2315 4261 tri·
2344 4207 2392 4268 D
2424 4203 2685 4266 nomina
2733 4203 3182 4276 intentionum,
3225 4219 3351 4264 non
3402 4221 3615 4264 rerum
3660 4221 3673 4263 ε

822 4303 941 4365 bus
974 4319 1312 4364 commune
1349 4316 1362 4359 :
1397 4317 1545 4378 ergo
1585 4297 1906 4378 significat
1938 4299 2106 4360 idem
2141 4299 2313 4380 quod

819 4399 1112 4464 essentia.
1150 4398 1399 4471 Contra,
1436 4416 1561 4458 una
1604 4414 1871 4459 numero
1906 4397 2180 4459 essentia
2218 4405 2314 4459 est

821 4501 888 4561 in
926 4498 1153 4572 tribus,
1188 4515 1314 4559 non
1361 4515 1485 4557 una
1530 4512 1814 4576 persona.
1851 4494 2009 4557 Hinc
2052 4495 2312 4576 quidam

822 4598 1118 4659 dixerunt
1165 4594 1400 4676 duplex
1459 4611 1598 4654 esse
1648 4610 1986 4655 commune
2039 4593 2106 4654 in
2154 4593 2314 4655 divi-

821 4696 922 4758 nis
965 4714 978 4758 :
1024 4713 1225 4756 unum
1267 4692 1620 4755 secundum
1668 4709 1824 4765 rem,
1867 4692 2036 4772 quod
2081 4700 2177 4754 est
2219 4711 2315 4754 es-

821 4793 1061 4872 sentia3
1101 4790 1275 4854 aliud
1306 4789 1660 4851 secundum
1692 4789 2108 4862 intellectum,
2144 4791 2312 4871 quod

820 4899 916 4955 est
973 4907 1259 4972 persona.
1313 4889 1463 4951 Tres
1521 4887 1692 4949 enim
1755 4904 2038 4967 personae
2091 4905 2317 4948 conve·

821 4991 1007 5051 niunt
1067 4989 1129 5050 in
1190 4989 1311 5050 hoc
1370 4987 1538 5068 quod
1598 4993 1694 5048 est
1743 5003 1882 5046 esse
1940 4985 2314 5047 distinctum

821 5085 1140 5169 personali
1200 5086 1540 5147 relativave
1590 5084 1993 5166 proprietate.
2047 5084 2171 5145 Alii
2222 5084 2314 5146 di-

821 5193 996 5260 cunt,
1042 5183 1213 5266 quod
1261 5200 1529 5264 persona
1575 5191 1670 5244 est
1717 5201 2057 5246 commune
2109 5181 2314 5244 tribus

823 5285 985 5346 sicut
1045 5280 1341 5355 essentia,
1402 5281 1510 5342 sed
1567 5280 1692 5343 alio
1753 5282 1959 5356 modu,
2015 5281 2315 5345 videlicet

2422 3119 2772 3180 secundum
2814 3117 3143 3182 rationem.
3179 3118 3321 3180 Haec
3355 3117 3927 3192 Antisiodorensis,

2421 3217 2533 3298 qui
2576 3218 2653 3278 de
2698 3217 2797 3278 his
2842 3216 3124 3299 loquitur
3166 3215 3440 3298 copiose.

2503 3415 2683 3479 Circa
2719 3415 2853 3478 haec
2884 3415 3112 3496 quaerit
3141 3415 3497 3486 Durandus,
3528 3434 3609 3476 an
3646 3434 3929 3496 persona

2420 3515 2501 3576 sit
2563 3531 2796 3576 nomen
2855 3513 2945 3575 rei
2996 3513 3096 3575 vel
3158 3513 3550 3575 intentionis
3601 3514 3695 3575 Ad
3741 3516 3925 3595 quod

2422 3612 2761 3694 respondet
2806 3632 2820 3675 ε
2869 3612 2954 3673 De
3003 3611 3123 3674 hoc
3172 3619 3321 3673 sunt
3369 3611 3508 3674 duae
3555 3611 3923 3693 opiniones.

2420 3712 2574 3784 Una,
2624 3711 2794 3793 quod
2854 3710 3175 3791 significat
3232 3711 3649 3772 intentionem
3700 3729 3713 3772 :
3764 3713 3931 3792 quia

2420 3809 2589 3891 quod
2622 3809 2779 3870 dicit
2808 3808 3213 3870 individuum
3256 3808 3321 3870 in
3352 3809 3527 3870 omni
3566 3827 3823 3888 genere,
3858 3819 3930 3872 et

2422 3907 2826 3989 suppositum
2868 3907 2935 3968 in
2975 3925 3205 3987 genere
3247 3906 3638 3980 substantiae,
3669 3906 3791 3969 hoc
3823 3909 3927 3971 di·

2423 4007 2509 4068 cit
2550 4024 2821 4089 persona
2862 4007 2927 4066 in
2971 4024 3201 4086 genere
3244 4005 3696 4068 intellectualis
3738 4013 3929 4070 natu-

2423 4125 2525 4168 rae.
2576 4105 2695 4166 Sed
2746 4103 3150 4166 individuum
3198 4111 3261 4165 et
3310 4105 3713 4185 suppositum
3765 4115 3931 4168 sunt

3722 4203 3932 4282 igitur

2422 4311 2486 4365 et
2535 4319 2823 4383 persona.
2876 4301 3147 4363 Vocatur
3195 4308 3407 4362 autern
3467 4301 3573 4362 hic
3621 4301 3923 4373 intentio,

2424 4418 2551 4462 non
2611 4398 2769 4460 ratio
2827 4417 3018 4479 quam
3078 4395 3309 4459 format
3356 4398 3527 4458 circa
3586 4416 3717 4459 rem
3776 4396 3929 4478 ipse

2424 4496 2806 4568 intellectus,
2842 4502 2912 4556 ut
2954 4503 3103 4557 sunt
3146 4513 3347 4575 genus
3385 4502 3449 4556 et
3490 4494 3771 4576 species3
3806 4497 3931 4559 sed

2425 4597 2595 4676 large
2625 4594 2940 4676 accipitur
2971 4593 3077 4655 hic
3110 4610 3224 4675 pro
3256 4593 3619 4655 conditione
3652 4593 3745 4654 rei
3773 4611 3933 4674 quae

2422 4713 2501 4755 ex
2548 4692 2841 4774 opposito
2894 4691 3345 4772 correspondet
3394 4690 3729 4752 intentioni
3778 4691 3933 4754 uni-

2423 4791 2801 4853 versalitatis
2843 4789 3100 4872 proprie
3145 4797 3436 4870 sumptae,
3471 4797 3543 4850 ut
3584 4788 3931 4869 singulari-

2424 4897 2538 4959 taS,
2592 4886 3031 4962 individuatiO,
3084 4886 3527 4969 suppositatiO,
3578 4906 3721 4968 quae
3772 4905 3935 4950 con-

2426 4987 2682 5048 trahunt
2734 4985 3036 5066 speciem,
3082 4984 3623 5065 quemadmodum
3672 4985 3931 5065 species

2425 5085 2635 5166 ipsum
2684 5103 2903 5165 genuS.
2949 5083 3088 5146 Alia
3134 5083 3354 5164 opinio
3397 5090 3514 5153 est,
3558 5082 3725 5164 quod
3776 5101 3933 5163 per-

2424 5203 2577 5247 sona
2618 5203 2745 5247 non
2790 5182 3111 5264 significat
3155 5181 3598 5254 intentionem,
3630 5181 3737 5242 sed
3779 5199 3931 5244 rem

2426 5282 2763 5344 intentioni
2824 5281 3177 5361 subjectam
3231 5299 3245 5344 ε
3297 5280 3448 5362 quia
3492 5279 3612 5342 hoc
3658 5295 3929 5355 nomen,
