4359 6250
959 493 1160 540 U'mtm
1202 493 1468 540 srmrrus
1515 491 1780 538 SANCTUS
1824 493 2026 538 POSSlT
2068 491 2191 539 mc!
2233 493 2498 541 srnuws
2542 497 2792 554 NosTER,
2836 497 2961 543 mc.
3422 480 3501 544 83

403 677 602 739 quum
635 660 802 722 Deus
833 669 928 722 est
957 661 1268 744 sapientia
1297 671 1510 725 nostra
1539 660 1896 736 causaliter,
1930 660 1977 722 A
2011 669 2282 736 aeternae,
2329 664 2440 727 sed
2489 664 2831 746 paternitas
2874 667 3117 728 ratione
3165 667 3501 730 creationis

403 775 514 837 per
547 758 812 820 modum
843 777 972 840 quo
1009 759 1246 822 dicitur
1274 779 1420 842 spes
1451 769 1664 823 nostra
1700 778 1714 821 :
1747 760 1898 842 quia

400 872 512 935 per
547 854 694 934 ejus
734 856 1114 937 sapientiam
1153 857 1439 920 eflicitur
1475 858 1542 920 in
1584 858 1767 921 nobis
1807 876 1899 920 sa-

397 951 644 1034 pientia
707 956 1068 1036 exemplata
1121 975 1158 1017 a
1214 957 1528 1038 sapientia
1585 975 1719 1030 sua,
1783 976 1897 1038 pcr

397 1067 590 1129 quam
650 1071 874 1114 sumus
931 1052 1284 1116 formaliter
1331 1055 1670 1136 sapientes
1723 1054 1896 1126 Quae-

396 1146 540 1209 dam
571 1155 790 1211 autem
830 1167 958 1212 non
1000 1151 1345 1233 important
1385 1152 1694 1215 rationem
1727 1151 1898 1233 prin-

397 1244 574 1326 cipii,
609 1246 735 1308 nisi
787 1247 1052 1310 forsitan
1099 1249 1519 1330 exemplaris;
1551 1257 1614 1312 et
1662 1250 1896 1312 talibus

399 1360 524 1405 non
557 1345 892 1408 consuevit
923 1345 1068 1408 fieri
1100 1346 1268 1408 dicta
1308 1347 1569 1419 additio,
1603 1348 1896 1429 quamvis

400 1441 725 1504 interdum
756 1443 877 1506 hoc
907 1443 1022 1506 fiat
1053 1452 1312 1527 propter
1342 1446 1652 1508 rationem
1692 1465 1899 1508 exem-

400 1539 598 1621 plaris
649 1541 974 1623 principii.
1011 1543 1186 1605 Unde
1229 1544 1510 1625 capitulo
1553 1552 1777 1625 quarto
1820 1544 1898 1606 de

400 1637 656 1700 Coelesti
700 1639 1058 1702 hierarchia
1087 1641 1146 1703 S.
1182 1641 1522 1724 Dionysius
1555 1659 1568 1702 :
1603 1642 1902 1723 Superes-

399 1736 690 1798 sentialis
725 1738 994 1819 (inquit)
1023 1739 1234 1802 Deitas
1273 1748 1369 1802 est
1407 1741 1696 1803 omnium
1735 1759 1894 1802 esse.

2010 761 2110 821 vel
2156 762 2587 834 recreationiS,
2637 771 2704 824 ut
2747 763 2989 826 dictum
3032 772 3146 826 est.

2078 859 2426 922 Concordat
2456 862 2696 934 PetruS,
2715 863 2824 943 qui
2858 871 3069 925 tamen
3100 865 3312 937 sentit,
3332 865 3501 945 quod

2007 976 2125 1018 nec
2159 957 2355 1018 Filius
2387 977 2503 1020 nec
2534 959 2807 1040 Spiritus
2838 961 3105 1025 Sanctus
3134 963 3369 1024 dicitur
3396 981 3505 1024 no-

2007 1062 2156 1127 ster,
2190 1056 2492 1136 quoniam
2539 1056 2775 1119 habent
2814 1059 3123 1121 rationem
3162 1060 3504 1141 principia-

2009 1152 2078 1227 ti,
2110 1171 2239 1215 non
2270 1153 2593 1236 principii.
2630 1156 2804 1228 Quod
2834 1157 3087 1218 videtur
3114 1159 3503 1221 contrarium

2008 1250 2222 1312 verbis
2272 1252 2547 1327 Thomae,
2589 1253 2860 1316 dicentis
2908 1256 3077 1336 quod
3129 1255 3193 1316 in
3244 1257 3503 1318 nomine

2008 1347 2284 1428 Spiritus
2329 1349 2539 1411 Sancti
2583 1351 2961 1432 intelligitur
3000 1352 3219 1415 relatio
3262 1372 3373 1416 seu
3414 1374 3506 1416 ra—

2011 1448 2098 1510 tio
2159 1448 2487 1530 principii,
2542 1451 2607 1512 in
2654 1459 2965 1532 quantum
3025 1453 3323 1534 importat
3371 1453 3504 1514 vim

2011 1548 2353 1627 quamdam
2404 1549 2725 1611 motivam.
2768 1551 2883 1612 Pro
2931 1569 3203 1632 quorum
3253 1568 3508 1614 concor-

2011 1644 2115 1706 dia
2173 1645 2426 1706 videtur
2482 1647 2847 1719 dicendum,
2894 1649 3063 1729 quod
3124 1649 3188 1710 in
3248 1649 3506 1711 nomine

2013 1743 2287 1823 Spiritus
2318 1744 2552 1818 Sancti,
2576 1765 2651 1807 ex
2685 1753 2860 1826 parte
2890 1747 3029 1826 ejus
3060 1746 3229 1828 quod
3259 1754 3353 1808 est
3384 1747 3509 1828 spi-

397 1835 696 1898 Attamen
731 1835 886 1899 tales
929 1836 1280 1901 locutiones
1320 1839 1710 1920 exponendae
1750 1845 1898 1900 sunt
1936 1841 1983 1904 B
2015 1841 2196 1914 rituS,
2230 1849 2484 1904 notatur
2523 1843 2621 1906 vis
2668 1843 2777 1905 illa
2824 1845 3082 1919 motiva,
3116 1844 3226 1906 sed
3270 1862 3397 1907 non
3440 1845 3507 1906 in

401 1934 600 2013 magis
631 1953 829 2014 quam
869 1936 1299 1999 extendendas.
1336 1937 1412 1997 Et
1451 1937 1753 2018 quoniam
1789 1953 1900 1998 no-

397 2050 548 2094 men
580 2033 871 2114 spiritus,
907 2035 1207 2116 importat
1246 2037 1556 2098 rationem
1597 2036 1898 2118 principii

397 2130 466 2192 in
523 2140 838 2212 quantum
897 2151 934 2194 a
991 2133 1222 2215 spiritu
1281 2135 1484 2197 oritur
1542 2134 1898 2216 inspiratiO,

399 2229 679 2310 Spiritus
711 2230 977 2293 Sanctus
1007 2232 1243 2295 dicitur
1271 2233 1534 2314 spiritus
1566 2241 1796 2296 noster.
1822 2269 1905 2278 —

401 2327 731 2403 Praeterea,
765 2329 1060 2409 quamvis
1111 2329 1230 2392 hoc
1280 2349 1536 2403 nomen,
1580 2331 1767 2404 DeuS,
1803 2332 1905 2394 de-

403 2425 616 2506 signet
665 2426 952 2490 divinam
1005 2436 1296 2490 naturam
1349 2437 1658 2511 quantum
1713 2431 1790 2491 ad
1843 2429 1906 2492 id

407 2525 513 2585 cui
545 2541 782 2587 nomen
825 2527 1198 2608 imponitur,
1235 2535 1445 2589 tamen
1487 2536 1798 2608 quantum
1829 2528 1906 2589 ad

410 2622 477 2684 id
505 2643 544 2686 a
573 2641 704 2704 quo
733 2641 966 2686 nomen
999 2625 1368 2707 imponitur,
1403 2625 1724 2706 significat
1761 2643 1911 2707 ope-

411 2721 728 2784 rationem
759 2740 902 2802 quae
939 2731 1036 2785 est
1065 2723 1365 2786 omnihus
1404 2724 1738 2804 providere
1773 2740 1787 2784 :
1823 2723 1911 2784 id·
1941 2720 1947 2729 ’

410 2837 490 2881 eo
516 2819 758 2882 dicitur
785 2820 952 2882 Deus
983 2828 1214 2883 noster.
1235 2821 1668 2884 Diversimode
1700 2829 1911 2884 tamen

412 2925 680 2980 vocatur
717 2917 884 2980 Deus
927 2919 1216 2981 omnium
1258 2926 1322 2982 et
1362 2919 1528 2982 Deus
1568 2919 1906 3000 justorum.

2013 1947 2322 2018 quantum
2350 1939 2624 2021 Spiritus
2656 1941 2921 2003 Sanctus
2950 1950 3047 2004 est
3077 1959 3345 2024 persona
3372 1959 3510 2023 pro-

2012 2036 2204 2098 ducta
2236 2054 2249 2098 :
2285 2045 2347 2099 et
2390 2038 2483 2100 sic
2528 2038 2718 2101 habet
2762 2040 3073 2102 rationem
3114 2038 3503 2121 principiati,

2015 2152 2132 2196 nec
2176 2135 2411 2197 dicitur
2454 2136 2727 2218 Spiritus
2771 2136 3038 2199 Sanctus
3080 2145 3312 2200 noster.

2096 2234 2329 2294 Verum
2372 2251 2409 2294 a
2460 2233 2868 2314 praeinductis
2916 2234 3275 2316 aliqualiter
3316 2235 3512 2297 disso-

2016 2339 2123 2394 nat
2151 2331 2321 2412 quod
2353 2330 2457 2392 hic
2489 2331 2713 2392 scribit
2740 2332 3088 2394 Richardus
3114 2334 3240 2395 :De
3271 2333 3512 2414 Spiritu

2018 2431 2269 2502 SanctO,
2305 2429 2625 2510 inquienS,
2660 2429 2784 2490 dici
2828 2447 2955 2492 non
2994 2438 3201 2511 potest
3230 2432 3399 2512 quod
3429 2431 3515 2492 sit

2019 2527 2293 2608 Spiritus
2325 2527 2591 2588 Sanctus
2632 2535 2865 2601 noster,
2899 2536 3106 2609 potest
3140 2537 3351 2591 tamen
3383 2528 3509 2591 dici

2019 2625 2190 2706 quod
2236 2625 2319 2686 sit
2375 2625 2638 2706 spiritus
2695 2632 2929 2700 noster,
2988 2632 3050 2688 et
3108 2626 3347 2689 donum
3406 2643 3512 2688 no-

2021 2732 2225 2785 strum
2282 2730 2345 2785 et
2392 2723 2610 2785 datum
2669 2731 2994 2804 nostrum3
3043 2733 3233 2806 atque
3290 2743 3511 2788 secun-

2020 2823 2174 2884 dum
2224 2821 2553 2901 quosdam,
2596 2822 2722 2884 dici
2770 2829 2976 2903 potest
3019 2823 3187 2904 quod
3237 2822 3511 2904 Spiritus

2022 2920 2289 2983 Sanctus
2318 2926 2415 2980 est
2444 2925 2675 2980 noster.
2710 2919 2918 2982 Potest
2956 2921 3128 2982 enim
3163 2921 3289 2983 dici
3330 2921 3513 3002 spiri-

410 3015 666 3078 Dicitur
693 3035 968 3098 namque
999 3017 1164 3079 Deus
1203 3018 1492 3080 omnium
1535 3025 1792 3100 propter
1821 3036 1913 3080 re·
1947 3017 1991 3080 C
2023 3026 2123 3081 tus
2155 3025 2389 3088 noster,
2422 3016 2575 3097 quia
2605 3017 2670 3078 in
2700 3019 2957 3081 nomine
2988 3019 3251 3100 spiritus
3282 3020 3514 3100 impor-

411 3113 720 3179 lationem
751 3113 1078 3197 principii,
1104 3115 1172 3177 in
1201 3123 1512 3198 quantum
1544 3124 1787 3179 creator
1815 3124 1912 3179 est

411 3213 899 3292 universorum3
923 3214 1285 3296 specialiter
1313 3233 1464 3279 vero
1492 3215 1723 3277 dicitur
1753 3215 1912 3277 Deus

407 3312 736 3393 justorum
783 3312 1138 3375 secundum
1188 3313 1497 3376 rationem
1544 3312 1720 3388 finis,
1763 3313 1915 3394 quia

411 3411 739 3491 attingunt
768 3429 918 3472 eum
959 3429 1072 3492 per
1103 3411 1393 3473 notitiam
1425 3419 1488 3473 et
1515 3428 1819 3485 amorem,
1851 3419 1915 3473 et

411 3508 657 3571 hahent
697 3527 846 3571 cum
890 3509 1070 3590 quasi
1114 3509 1528 3571 hereditatem
1571 3517 1633 3571 et
1675 3527 1916 3591 posses-

413 3607 688 3671 sionem.
741 3606 968 3687 Injusti
1020 3625 1171 3670 vero
1215 3626 1344 3670 non
1391 3608 1709 3689 attingunt
1767 3626 1914 3670 eum

415 3726 632 3788 neque
676 3706 1036 3787 junguntur
1082 3706 1140 3768 ei
1202 3726 1315 3788 per
1361 3708 1630 3788 gratiam
1678 3715 1740 3769 et
1788 3707 1918 3787 glo—

413 3806 582 3867 riam
616 3821 631 3866 :
667 3804 906 3867 idcirco
935 3822 1062 3867 non
1090 3805 1448 3887 appellatur
1477 3807 1642 3869 Deus
1672 3824 1912 3869 eorum.

415 3903 564 3966 Haec
610 3902 880 3965 Thomas
923 3902 990 3963 in
1034 3903 1302 3985 Scripto.

499 4001 662 4064 Hinc
693 4001 760 4063 in
792 4000 1000 4083 prima
1029 4010 1206 4083 parte
1237 4003 1534 4077 Summae,
1568 4002 1916 4085 quaestione

413 4099 746 4162 tricesima
795 4106 973 4162 sexta
1007 4116 1020 4160 :
1055 4099 1126 4161 In
1172 4100 1432 4163 nomine
1469 4100 1735 4182 (inquit)
1774 4100 1916 4161 Filii

2022 3119 2191 3176 tatur
2220 3114 2440 3178 relatio
2481 3134 2606 3179 non
2646 3124 2891 3179 tantum
2929 3118 3008 3179 ad
3049 3117 3441 3200 principium
3478 3137 3515 3180 a

2022 3229 2150 3293 quo
2188 3213 2485 3294 spiratur,
2522 3214 2633 3277 sed
2673 3216 2826 3277 item
2866 3216 2945 3278 ad
2984 3235 3133 3279 eum
3174 3218 3277 3279 cui
3320 3216 3515 3299 inspi-

2023 3317 2217 3383 ratur,
2252 3330 2365 3373 seu
2414 3312 2518 3374 cui
2563 3311 2699 3393 ipse
2740 3314 2982 3396 aliquid
3028 3314 3180 3377 boni
3224 3314 3509 3396 inspirat.

2022 3408 2231 3471 Potest
2258 3408 2450 3471 etiam
2482 3410 2607 3472 dici
2649 3411 2887 3473 donum
2924 3420 3233 3486 nostrum,
3268 3413 3419 3494 quia
3450 3412 3515 3475 in

2025 3506 2285 3569 nomine
2313 3507 2463 3569 doni
2502 3525 2631 3570 non
2668 3509 2877 3571 solum
2916 3510 3282 3591 designatur
3311 3528 3517 3591 respe-

2025 3612 2165 3666 ctus
2204 3606 2283 3666 ad
2316 3604 2706 3687 principium
2738 3625 2775 3668 a
2804 3625 2932 3688 quo
2970 3609 3277 3690 procedit,
3311 3609 3421 3671 sed
3456 3615 3519 3669 et

1977 3762 1986 3771 ,
2025 3702 2288 3784 quidam
2334 3711 2659 3785 respectus
2701 3706 3053 3767 secundum
3090 3706 3401 3768 rationem
3439 3706 3518 3769 ad

2027 3810 2404 3875 creaturam,
2438 3808 2503 3863 et
2541 3803 2894 3865 secundum
2934 3804 3223 3865 habitum
3262 3812 3325 3867 et
3358 3804 3519 3885 apti—

2027 3900 2335 3962 tudinem.
2371 3899 2530 3961 Hinc
2568 3900 2734 3961 sicut
2770 3900 3004 3962 dicitur
3042 3900 3280 3964 donum
3321 3901 3519 3964 Patris

2026 4017 2098 4061 ac
2153 3998 2319 4072 Filii,
2366 3998 2518 4080 quia
2568 3997 2649 4059 ab
2700 3998 2791 4060 eis
2850 3999 2937 4061 ita
2989 4000 3275 4080 procedit
3322 4008 3392 4062 ut
3440 4018 3518 4063 ex

2028 4097 2215 4160 modo
2254 4115 2370 4160 suo
2413 4098 2795 4180 procedendi
2840 4099 3175 4161 conveniat
3213 4099 3271 4162 ei
3313 4100 3520 4181 prima

417 4198 808 4279 intelligitur
835 4197 969 4261 sola
998 4197 1220 4261 relatio
1247 4198 1389 4279 ejus
1419 4198 1530 4280 qui
1561 4205 1657 4260 est
1685 4217 1722 4260 a
1752 4198 1918 4279 prin·
1946 4201 1997 4261 D
2025 4195 2187 4257 ratio
2234 4195 2421 4273 doni3
2472 4194 2565 4257 sic
2622 4195 2857 4258 dicitur
2903 4197 3144 4260 donum
3200 4204 3513 4273 nostrum,

417 4298 597 4379 cipio
624 4298 705 4359 ad
733 4316 925 4359 suum
954 4297 1383 4380 principium;
1415 4297 1526 4359 sed
1564 4297 1630 4359 in
1659 4296 1917 4360 nomine

416 4396 624 4459 Patris
670 4393 1052 4475 intelligitur
1098 4395 1317 4458 relatio
1364 4394 1700 4476 principii;
1747 4394 1918 4457 simi-

417 4494 570 4557 liter
600 4493 668 4556 in
711 4492 969 4556 nomine
1009 4492 1284 4575 Spiritus
1318 4492 1552 4566 Sancti,
1587 4500 1774 4575 prout
1805 4492 1918 4555 im-

421 4600 636 4676 portat
677 4591 812 4653 vim
853 4591 1194 4672 quamdam
1239 4590 1562 4653 motivam.
1596 4590 1766 4653 Nulli
1813 4609 1919 4652 au-

421 4698 556 4752 tem
605 4696 912 4752 creaturae
969 4688 1275 4770 competit
1331 4707 1470 4751 esse
1529 4688 1918 4769 principium

423 4794 723 4869 respectu
787 4786 1062 4866 alicujus
1129 4786 1363 4849 divinae
1433 4803 1737 4867 personae,
1809 4785 1919 4848 sed

423 4884 803 4948 econtrario
856 4884 1003 4945 Ideo
1059 4884 1240 4946 Pater
1295 4891 1503 4965 potest
1558 4883 1686 4945 dici
1743 4884 1922 4945 Pater

425 4990 662 5055 noster,
681 4988 746 5044 et
776 4982 1052 5062 Spiritus
1083 4980 1349 5043 Sanctus
1380 4980 1644 5062 spiritus
1675 4987 1918 5060 noster3

425 5098 554 5143 non
583 5088 800 5143 tamen
833 5078 1030 5141 Filius
1057 5085 1265 5159 potest
1303 5078 1428 5140 dici
1461 5078 1656 5141 Filius
1685 5085 1916 5141 noster.

425 5177 570 5241 Haec
620 5177 736 5240 ibi.
783 5212 862 5221 —
907 5176 1142 5238 Tamen
1189 5194 1389 5256 quum
1440 5176 1695 5251 dicitur,
1746 5176 1923 5239 Pater

427 5285 664 5352 noster,
699 5292 830 5339 non
877 5275 1211 5337 denotatur
1259 5274 1482 5336 relatio
1529 5274 1923 5356 paternitatis

2025 4293 2178 4374 quia
2225 4292 2540 4355 donabilis
2587 4292 2792 4356 nobis.
2841 4294 2963 4357 Sed
3011 4295 3213 4376 magis
3260 4296 3517 4378 proprie

2025 4390 2261 4453 dicitur
2300 4391 2518 4454 datum
2562 4399 2849 4454 nostrum
2891 4410 2906 4453 τ
2949 4394 3253 4474 quoniam
3299 4394 3518 4457 datum

2028 4496 2327 4552 connotat
2357 4489 2422 4551 in
2453 4496 2741 4551 creatura
2780 4490 2884 4551 cui
2914 4491 3119 4566 datur,
3154 4492 3391 4555 realem
3422 4511 3515 4556 re-

2028 4588 2331 4651 lationem
2388 4587 2452 4649 in
2511 4596 2693 4668 actu;
2744 4595 2807 4651 et
2866 4588 2932 4651 in
2990 4590 3232 4673 Spiritu
3290 4591 3519 4655 Sancto

2027 4705 2231 4769 quum
2272 4687 2477 4760 datur,
2525 4694 2700 4749 notat
2746 4687 3117 4751 relationem
3166 4691 3520 4753 secundum

2030 4784 2361 4857 rationem,
2395 4804 2536 4865 quae
2575 4791 2671 4846 est
2713 4785 2933 4848 relatio
2976 4788 3328 4850 secundum
3368 4788 3514 4852 dici.

2029 4882 2317 4963 Denique
2348 4882 2507 4945 ratio
2547 4901 2663 4944 cur
2692 4882 2965 4964 Spiritus
2996 4885 3260 4948 Sanctus
3290 4892 3385 4949 est
3414 4903 3524 4948 no-

2029 4987 2178 5053 ster,
2224 4986 2319 5042 est
2357 4980 2660 5061 quoniam
2705 4980 2824 5042 hoc
2868 4998 3239 5062 pronomen,
3284 4991 3516 5058 noster,

2032 5077 2474 5139 habitudinem
2512 5078 2706 5139 talem
2746 5078 3032 5159 designat
3072 5080 3344 5161 Spiritus
3375 5082 3523 5144 San-

2033 5174 2118 5236 cti
2157 5176 2236 5237 ad
2278 5193 2413 5250 nOS,
2446 5176 2701 5257 qualem
2740 5175 2931 5237 habet
2971 5176 3262 5240 habitum
3294 5179 3388 5259 (id
3426 5188 3523 5241 est

2033 5294 2133 5337 res
2183 5274 2425 5355 habita)
2476 5276 2553 5337 ad
2610 5275 2969 5338 habentem.
3023 5276 3255 5341 Omnes
3307 5288 3519 5343 autem
