4359 6250
726 501 929 547 [mum
970 501 1124 548 DEUS
1166 499 1413 546 HABEAT
1454 498 1807 546 Pssnmc'rnu
1851 497 2173 544 scit-:NTIAM
2217 497 2342 543 NON
2383 497 2576 544 somn
2619 498 2714 544 sm
2758 499 2970 553 IPSIUS,
3013 499 3139 545 mc.

3361 479 3478 544 381

382 671 497 733 Dei
538 670 747 753 quoad
793 669 1005 752 ipsum
1048 668 1430 734 aeternaliter
1468 674 1565 730 est
1603 667 1667 728 in
1711 673 1877 728 actu.
1914 665 1965 729 A
1994 673 2336 740 creaturaS,
2369 665 2620 728 etiamsi
2661 667 2836 729 nulla
2875 667 2957 730 sit
2995 675 3282 731 creatura
3315 686 3329 730 :
3363 669 3482 730 sic-

382 770 539 832 Dico
582 779 797 832 autem
842 769 1195 832 secundum
1240 785 1355 830 nos
1400 767 1465 829 in
1504 774 1651 828 actu
1695 766 1879 839 scire,

383 868 643 950 quando
688 867 1049 930 intellectus
1095 866 1395 946 intelligit
1438 884 1537 927 res
1581 864 1885 926 exsisten-

382 974 477 1028 tes
530 966 599 1028 in
648 974 793 1028 actu
845 966 981 1028 sive
1032 966 1099 1026 in
1148 972 1374 1026 natura
1422 963 1700 1045 propria,
1752 979 1879 1024 non

382 1065 593 1128 solum
646 1065 710 1126 in
762 1081 990 1142 causa3
1032 1064 1096 1125 in
1146 1062 1368 1124 habitu
1413 1079 1585 1135 vero,
1628 1061 1881 1143 quando

384 1163 685 1244 intelligit
717 1163 782 1224 in
815 1163 951 1224 solo
988 1161 1333 1243 exemplari
1366 1168 1429 1222 et
1461 1161 1527 1222 in
1566 1167 1698 1221 arte
1736 1177 1879 1220 cau-

380 1261 517 1324 sali.
569 1261 939 1324 Similitudo
984 1277 1134 1340 ergo
1180 1258 1417 1322 dicitur
1464 1257 1875 1340 speculativa,

382 1367 451 1421 ut
490 1360 863 1422 ostendatur
902 1359 1071 1440 quod
1111 1358 1319 1440 prima
1362 1356 1631 1419 intentio
1676 1356 1879 1418 scien-

382 1459 485 1520 tiae
524 1476 653 1520 non
694 1467 790 1520 est
830 1465 900 1518 ut
949 1455 1217 1518 intentio
1266 1474 1380 1518 seu
1419 1454 1580 1517 ratio
1618 1454 1770 1516 artis
1813 1453 1879 1514 in

380 1563 695 1637 quantum
740 1554 1109 1636 hujusmodi
1148 1554 1249 1616 vel
1292 1553 1695 1634 exemplariS,
1731 1551 1881 1634 quia

378 1662 475 1716 est
506 1653 823 1716 bonorum
861 1661 1051 1735 atque
1088 1652 1419 1715 malorum.
1456 1651 1699 1714 Dicitur
1728 1668 1879 1733 quo-

380 1771 505 1833 quc
536 1771 652 1814 seu
693 1752 969 1814 refertur
996 1751 1073 1813 ad
1107 1769 1207 1813 res
1238 1751 1449 1823 scitaS,
1484 1767 1611 1812 non
1652 1767 1877 1811 secun-

1994 783 2119 846 que
2168 771 2547 826 connotatur
2602 773 2928 846 respectus
2979 766 3044 827 in
3094 766 3336 829 habitu.
3391 768 3486 828 ld-

1994 863 2165 924 circo
2205 863 2424 924 eadem
2471 864 2710 925 ratione
2752 862 2871 924 scit
2909 883 2975 926 se
3015 871 3078 926 et
3118 872 3435 927 creaturas
3469 883 3484 929 ε

1995 970 2204 1023 tamen
2237 980 2435 1042 quum
2469 961 2723 1036 dicitur,
2759 963 2924 1024 Deus
2965 961 3084 1024 scit
3114 983 3202 1036 se,
3237 970 3493 1025 notatur

1993 1069 2320 1140 respectus
2373 1059 2438 1121 in
2487 1059 2746 1138 habitu;
2798 1079 2998 1142 quum
3050 1061 3306 1136 dicitur,
3361 1060 3490 1123 Scit

1993 1165 2370 1232 creaturam,
2407 1165 2660 1220 notatur
2703 1166 3030 1240 respectus
3077 1159 3142 1220 in
3184 1167 3350 1221 actu.
3491 1231 3498 1237 ‚

2073 1257 2340 1337 Insuper
2368 1255 2696 1338 quaeritur,
2733 1274 2848 1318 cur
2876 1263 2938 1318 et
2969 1257 3243 1338 qualiter
3285 1257 3489 1320 scien-

1992 1354 2078 1415 tia
2115 1353 2227 1417 Dei
2277 1363 2406 1416 tam
2458 1355 2709 1417 diversa
2757 1355 3019 1418 sortitur
3061 1357 3370 1419 vocabula
3421 1366 3490 1419 ut

1990 1451 2261 1514 habetur
2311 1453 2374 1514 in
2425 1454 2631 1515 littera
2679 1472 2692 1516 ε
2739 1461 2802 1515 et
2853 1471 2967 1514 cur
3016 1452 3182 1516 inter
3230 1455 3489 1517 nomina

1991 1549 2098 1612 illa
2142 1569 2270 1613 non
2317 1551 2574 1632 ponitur
2619 1551 3000 1633 reprobatio,
3043 1552 3208 1614 sicut
3247 1555 3486 1634 praede-

1990 1647 2282 1727 stinati03
2317 1667 2434 1710 nec
2465 1649 2771 1711 memoria
2801 1650 3288 1732 praeteritorum,
3322 1651 3488 1713 sicut

1991 1747 2391 1827 praescientia
2437 1745 2820 1810 futurorum.
2853 1783 2935 1794 —-
2979 1747 3055 1809 Et
3105 1751 3487 1831 responden-

378 1851 535 1912 dum
587 1849 1101 1932 dependentium,
1152 1849 1263 1912 sed
1313 1868 1429 1931 per
1476 1867 1753 1922 causam,
1805 1855 1878 1909 ut
1914 1845 1961 1909 B
1991 1844 2143 1906 dum
2185 1845 2538 1907 secundum
2577 1846 2906 1927 quosdam,
2941 1847 3110 1928 quod
3140 1847 3358 1910 divina
3397 1849 3489 1910 in·

376 1948 809 2028 distinguatur
836 1947 918 2009 ab
948 1948 1227 2009 humana
1256 1945 1541 2020 scientia,
1567 1965 1708 2028 quae
1740 1965 1880 2008 cau·

374 2054 554 2108 satur
582 2066 621 2107 a
652 2045 861 2107 rebuS.
890 2045 1133 2108 Dicitur
1165 2044 1315 2107 item
1350 2045 1416 2106 in
1447 2044 1691 2118 habitu,
1727 2044 1877 2126 quia

376 2152 445 2204 ut
482 2144 573 2205 ait
604 2144 805 2224 Hugo,
838 2144 1055 2206 omnia
1092 2143 1173 2205 ab
1212 2150 1447 2206 aeterno
1488 2142 1553 2204 in
1586 2142 1875 2205 Creatore

375 2241 661 2304 increata
714 2242 977 2304 fuerunt
1035 2261 1178 2324 quae
1237 2240 1669 2323 temporaliter
1728 2247 1877 2302 sunt

373 2347 610 2412 creata,
645 2347 709 2401 et
739 2339 871 2401 illic
902 2338 1269 2401 sciebantur
1309 2337 1419 2400 ubi
1454 2338 1872 2410 habebantur,

371 2455 581 2520 eoque
634 2438 821 2501 modo
869 2437 1237 2500 sciebantur
1279 2453 1407 2518 quo
1453 2436 1872 2510 habebantur,

374 2545 439 2598 et
468 2555 601 2598 non
635 2535 931 2617 cognovit
958 2535 1198 2617 aliquid
1230 2542 1407 2598 extra
1444 2554 1512 2597 se
1543 2536 1729 2608 DeuS,
1764 2534 1875 2616 qui

369 2635 591 2697 omnia
642 2633 863 2696 habuit
913 2634 978 2696 in
1029 2653 1115 2695 se.
1160 2633 1252 2695 Ad
1301 2652 1368 2694 se
1411 2651 1561 2695 vero
1610 2633 1875 2694 scientia

373 2733 483 2794 illa
537 2733 605 2795 in
652 2740 795 2795 actu
842 2732 1098 2806 dicitur,
1131 2732 1431 2814 quoniam
1478 2749 1731 2811 semper
1773 2749 1873 2793 ac-

371 2838 441 2892 tu
492 2838 593 2893 est
639 2831 761 2892 sibi
812 2849 1108 2912 praesenS.
1157 2828 1388 2911 Sicque
1448 2829 1713 2892 scientia
1763 2828 1873 2891 Dei

370 2936 687 3011 quantum
736 2937 831 2992 est
878 2930 957 2991 de
1004 2948 1095 3003 se,
1138 2945 1265 2990 non
1314 2927 1469 2990 dicit
1512 2935 1874 3010 respectum

1990 1943 2341 2024 telligentia
2387 1951 2595 2026 potest
2643 1945 3028 2007 considerari
3077 1947 3422 2028 dupliciter
3468 1965 3483 2010 z

1989 2041 2219 2122 primo,
2264 2049 2452 2124 prout
2499 2043 2888 2105 abstrahitur
2937 2052 3265 2127 respectus
3315 2064 3352 2107 a
3393 2065 3488 2108 re-

1988 2139 2107 2202 bus
2136 2160 2280 2222 quae
2311 2149 2459 2203 sunt
2489 2141 2608 2204 sub
2640 2149 2958 2225 tempore;
2981 2144 3282 2217 secundo,
3299 2152 3489 2226 prout

1987 2237 2249 2320 respicit
2291 2258 2391 2301 res
2421 2259 2563 2321 quae
2604 2247 2752 2302 sunt
2783 2240 2903 2302 sub
2933 2237 3241 2322 tempore.
3276 2242 3486 2304 Primo

1988 2337 2176 2398 modo
2204 2345 2466 2399 vocatur
2496 2337 2806 2418 sapientia
2836 2346 2898 2399 et
2928 2337 3226 2420 scientia3
3259 2359 3484 2402 secun-

1984 2434 2066 2496 do
2119 2435 2310 2497 modo
2353 2435 2596 2496 dicitur
2649 2435 3067 2516 praescientia,
3123 2438 3476 2519 dispositio,

1985 2534 2458 2615 praedestinatio
2512 2542 2575 2595 et
2634 2534 3049 2616 providentia.
3106 2536 3480 2600 Differentia

1984 2639 2199 2694 autem
2243 2641 2338 2694 est
2377 2633 2542 2694 inter
2584 2632 2962 2714 sapientiam
3003 2642 3066 2696 et
3097 2635 3474 2698 scientiam:

1984 2731 2288 2812 quoniam
2321 2730 2633 2812 sapientia
2661 2739 2757 2792 est
2788 2731 3066 2812 cognitio
3096 2751 3300 2796 causae
3332 2733 3480 2816 ipsi-

1985 2847 2097 2907 us;
2138 2829 2404 2891 scientia
2434 2846 2586 2891 vero
2625 2837 2720 2892 est
2765 2831 3190 2912 apprehensio
3228 2831 3320 2894 rei
3365 2851 3479 2914 per

1985 2945 2260 2990 causam.
2307 2928 2417 2990 Est
2458 2928 2694 2991 etenim
2747 2930 3144 2993 considerare
3195 2949 3476 3005 causam,

371 3029 449 3090 ad
508 3035 850 3101 creaturaS,
897 3027 1021 3090 nisi
1077 3025 1141 3088 in
1191 3026 1457 3106 habitu3
1511 3026 1621 3088 sed
1672 3044 1873 3108 quum
1907 3027 1949 3090 C
1984 3034 2047 3087 et
2076 3032 2172 3088 est
2203 3026 2602 3089 considerare
2632 3026 2939 3090 effectum
2972 3027 3038 3090 in
3069 3031 3478 3105 causa.Item,

370 3127 637 3201 dicitur,
680 3128 844 3189 Deus
898 3126 1019 3188 scit
1065 3134 1407 3200 creaturas,
1460 3126 1616 3187 dicit
1666 3144 1874 3207 respe-

368 3234 547 3287 ctum
582 3225 651 3286 in
680 3232 843 3287 actu.
880 3260 961 3269 —
986 3224 1177 3287 Porro
1206 3244 1407 3306 quum
1453 3223 1707 3299 dicitur,
1742 3224 1871 3286 Sci-

368 3324 545 3385 entia
603 3330 703 3385 est
758 3321 1201 3385 exsistentium
1264 3340 1279 3385 :
1341 3322 1711 3384 exsistentia
1773 3322 1871 3383 in-

368 3421 750 3501 telliguntur
778 3422 878 3483 vel
930 3420 998 3483 in
1047 3440 1163 3483 sua
1210 3427 1435 3483 natura
1484 3420 1581 3482 vel
1634 3420 1699 3482 in
1760 3438 1874 3483 sua

371 3538 599 3599 causa3
642 3520 709 3581 in
752 3538 942 3583 causa
984 3537 1239 3602 quoque
1282 3518 1645 3601 dupliciter,
1689 3526 1871 3601 utpo-

370 3628 431 3681 te
482 3620 551 3682 in
602 3620 887 3703 potentia
937 3639 1141 3683 causae
1183 3619 1285 3681 vel
1338 3618 1405 3679 in
1457 3618 1871 3699 dispositione

370 3718 594 3800 ipsius.

452 3818 763 3880 Praeterea
792 3817 989 3898 quaeri
1020 3822 1249 3898 potest,
1273 3836 1355 3879 an
1390 3816 1553 3878 scire
1585 3824 1873 3878 sumatur

372 3917 668 3988 univoce,
716 3933 915 3996 quum
965 3913 1222 3988 dicitur,
1270 3916 1435 3977 Deus
1485 3915 1603 3977 scit
1652 3934 1741 3989 se,
1784 3922 1867 3989 et,

370 4015 539 4076 Deus
588 4014 711 4076 scit
760 4020 1096 4076 creaturas.
1146 4012 1409 4076 Videtur
1457 4013 1627 4095 quod
1678 4031 1805 4075 non
1852 4032 1866 4077 :

368 4113 521 4196 quia
564 4131 767 4195 quum
812 4111 1067 4185 dicitur,
1100 4111 1267 4173 Deus
1308 4111 1429 4173 scit
1466 4130 1555 4185 se,
1591 4130 1717 4175 non
1761 4130 1871 4175 no-

1985 3126 2336 3187 secundum
2386 3127 2556 3208 quod
2599 3125 2817 3189 divina
2865 3126 3282 3209 intelligentia
3332 3147 3482 3192 con·

1984 3224 2219 3285 siderat
2258 3243 2356 3285 res
2397 3224 2517 3285 sub
2557 3225 2918 3289 conditione
2961 3227 3291 3310 temporiS,
3327 3228 3482 3291 assi·

1983 3329 2213 3401 gnatur
2256 3321 2621 3384 differentia
2665 3341 2679 3387 :
2723 3324 2876 3405 quia
2917 3334 3026 3387 aut
3064 3325 3324 3408 respicit
3367 3328 3478 3390 bo·

1984 3438 2140 3481 num
2201 3426 2262 3479 et
2324 3419 2560 3481 malum
2622 3423 3067 3497 communiter,
3119 3432 3183 3486 et
3231 3425 3323 3487 sic
3379 3435 3478 3489 est

1985 3516 2419 3599 praescientia3
2469 3526 2578 3579 aut
2625 3519 2866 3582 bonum
2925 3530 3192 3597 tantum,
3245 3531 3308 3585 et
3356 3524 3476 3587 hoc
3581 3566 3585 3573 -

1984 3616 2429 3698 multipliciter
2463 3635 2476 3679 :
2511 3618 2661 3699 quia
2697 3628 2808 3680 aut
2845 3619 3103 3701 respicit
3143 3622 3308 3684 bona
3345 3632 3474 3685 tam

1984 3722 2226 3777 naturae
2275 3734 2467 3796 quam
2515 3716 2750 3797 gratiae,
2793 3726 2902 3779 aut
2949 3717 3186 3781 bonum
3235 3721 3472 3801 gratiae.

1984 3812 2230 3875 Bonum
2281 3830 2430 3875 vero
2490 3821 2730 3877 naturae
2777 3822 2871 3877 est
2922 3815 3179 3897 duplex,
3232 3817 3478 3880 scilicet

1985 3912 2050 3973 in
2084 3911 2227 3974 fieri
2259 3920 2322 3974 et
2354 3912 2419 3975 in
2452 3911 2618 3974 facto
2647 3931 2784 3974 esse
2820 3931 2834 3977 :
2869 3914 2922 3975 si
2965 3914 3028 3975 in
3061 3915 3227 3989 fieri,
3261 3916 3354 3977 sic
3383 3924 3480 3979 est

1983 4012 2355 4094 dispositi03
2397 4012 2451 4074 si
2504 4012 2568 4073 in
2617 4009 2784 4073 facto
2832 4030 2992 4087 esse,
3045 4012 3136 4075 sic
3186 4022 3478 4096 respectu

1985 4110 2125 4189 ejus
2157 4118 2252 4171 est
2285 4108 2700 4191 providentia.
2717 4108 3187 4173 Praedestinatio
3216 4112 3476 4174 demum

370 4218 539 4273 tatur
590 4217 917 4291 respectus
966 4208 1043 4271 ad
1094 4216 1451 4287 creaturas3
1497 4210 1605 4291 qui
1661 4217 1871 4273 tamen
1902 4214 1953 4275 D
1984 4208 2246 4290 respicit
2275 4208 2512 4270 bonum
2544 4207 2776 4288 gratim.
2797 4207 2976 4287 Hugo
3004 4216 3215 4271 autem
3249 4210 3312 4271 in
3345 4211 3478 4273 suis

370 4316 630 4371 notatur
658 4325 859 4389 quum
889 4307 1145 4381 dicitur,
1180 4308 1345 4370 Deus
1378 4307 1496 4369 scit
1529 4316 1867 4371 creaturas.

370 4407 497 4469 Nec
550 4413 755 4488 potest
804 4405 957 4480 dici,
1000 4406 1171 4488 quod
1230 4406 1394 4467 scire
1445 4414 1733 4467 sumatur
1783 4406 1872 4469 ibi

370 4505 719 4588 aequivoce,
762 4504 917 4585 quia
964 4522 1092 4567 non
1142 4504 1266 4566 alia
1316 4512 1379 4566 et
1427 4504 1572 4577 alia,
1617 4506 1727 4567 sed
1776 4524 1875 4568 ea-

372 4605 521 4667 dem
566 4603 807 4665 ratione
850 4603 1016 4665 Deus
1061 4603 1182 4665 scit
1225 4621 1291 4665 se
1331 4610 1394 4664 et
1434 4611 1643 4664 creata
1686 4622 1698 4666 :
1744 4604 1873 4666 imo

288 4718 299 4729 ·
332 4750 345 4760 .
374 4710 445 4765 ut
484 4703 546 4765 S.
584 4701 921 4784 Dionysius
960 4702 1369 4773 contestatur,
1405 4720 1471 4764 se
1504 4702 1716 4783 ipsum
1756 4704 1873 4765 sci-

332 4814 342 4822 ·
372 4802 561 4873 endo,
595 4798 715 4861 scit
746 4807 807 4861 et
838 4799 980 4861 alia.
1004 4834 1085 4845 —-
1114 4800 1668 4881 Respondendum‚
1702 4801 1873 4882 quod

369 4917 577 4981 quum
626 4896 883 4971 dicitur,
927 4898 1093 4959 Deus
1144 4896 1263 4959 scit
1305 4916 1395 4972 se,
1440 4915 1568 4960 non
1620 4904 1873 4961 notatur

370 5002 701 5079 respectus
748 4996 813 5057 in
857 5003 1025 5069 actu,
1060 4996 1169 5057 sed
1213 4995 1431 5057 divina
1473 4996 1746 5058 essentia
1790 4996 1873 5057 si-

366 5094 719 5177 gnificatur
748 5101 817 5155 ut
848 5093 1218 5155 similitudO.
1255 5092 1481 5155 Divina
1510 5112 1661 5156 vero
1692 5100 1872 5156 natu-

368 5214 439 5257 ra
488 5194 569 5255 de
618 5211 734 5254 sua
782 5200 1090 5273 potestate
1140 5191 1331 5253 habet
1381 5191 1870 5254 similitudinem

370 5310 613 5367 rerum,
649 5309 776 5354 non
807 5310 949 5374 quae
979 5290 1061 5353 sit-
1095 5309 1132 5353 a
1162 5291 1374 5365 rebuS,
1410 5291 1518 5353 sed
1563 5290 1763 5372 magis
1792 5292 1869 5353 ad

1936 4322 1941 4327 ’
1984 4307 2326 4368 Sententiis
2372 4306 2460 4367 ita
2498 4305 2830 4385 distinguit
2865 4321 2879 4366 :
2913 4305 3130 4368 divina
3167 4309 3476 4390 sapientia

1982 4403 2338 4486 appellatur
2385 4403 2651 4465 scientia
2697 4410 2760 4465 et
2803 4403 3203 4485 praescientia
3249 4415 3314 4469 et
3355 4408 3478 4471 dis·

1983 4502 2216 4584 positio
2245 4508 2308 4563 et
2339 4500 2807 4582 praedestinatio
2838 4509 2902 4564 et
2932 4504 3350 4584 providentia.
3376 4508 3479 4570 Sa·

1984 4601 2224 4682 pientia
2259 4608 2356 4662 est
2387 4600 2664 4681 cognitio
2701 4600 2837 4675 Dei,
2871 4602 3136 4665 scientia
3173 4606 3477 4668 exsisten-

1982 4700 2166 4773 tium,
2234 4698 2632 4781 praescientia
2694 4700 3078 4775 futurorum,
3142 4703 3475 4784 dispositio

1983 4798 2444 4871 faciendorum,
2489 4798 2960 4879 praedestinatio
3003 4800 3472 4876 salvandorum,

1982 4896 2382 4979 providentia
2425 4896 2879 4976 subjectorum.
2913 4933 2995 4942 —
3023 4898 3116 4960 Ad
3161 4898 3286 4960 alia
3335 4920 3476 4981 quae

1981 4994 2727 5077 quaeruntur,dicendum
2759 4996 2926 5076 quod
2958 4996 3318 5077 reprobatio
3347 5016 3474 5062 non

1979 5094 2152 5156 addit
2194 5094 2358 5154 ultra
2391 5093 2525 5155 haec
2561 5111 2575 5154 z
2608 5093 2758 5174 quia
2787 5094 2864 5155 de
2897 5094 3223 5157 intellectu
3265 5115 3476 5178 repro-

1981 5192 2255 5255 bationis
2301 5209 2428 5254 non
2477 5199 2623 5253 sunt
2667 5191 2791 5252 nisi
2830 5193 3226 5273 praescientia
3269 5195 3474 5278 culpae

1980 5298 2043 5353 et
2092 5289 2466 5373 praeparatio
2513 5306 2754 5371 poenae3
2803 5297 2865 5352 et
2912 5288 3000 5353 ita
3047 5292 3169 5355 sub
3217 5294 3470 5375 praesci-
