4359 6250
647 1857 823 1902 Macen.

594 1934 693 1973 xxv,
717 1925 781 1964 ¹5.

599 4521 731 4565 Dent.
753 4534 809 4573 vi,
823 4524 863 4564 5.

890 477 970 540 50

1501 493 1562 539 IN
1607 495 1824 539 LIBRUM
1867 491 1888 538 I
1931 489 2415 538 SENTENTIARUM.
2459 507 2539 518 --
2580 489 2732 536 DIST.
2780 491 2949 552 xvn3
2994 491 3217 547 QUAEST.
3264 491 3375 536 VIII

886 667 1194 736 turaliter‚
1229 672 1378 726 tunc
1409 671 1531 726 stat
1561 665 1815 746 quando
1845 681 1972 726 non
2013 669 2221 745 potest
2251 681 2379 724 am·
2410 662 2461 723 A
2492 668 2695 742 potest
2726 662 2942 742 augeri
2974 661 3316 743 dupliciter
3351 679 3364 722 :
3402 661 3609 742 primo
3647 661 3983 732 intensive,

888 765 1096 847 plius;
1148 765 1201 825 si
1247 782 1285 825 a
1335 762 1680 844 proposit0‚
1736 770 1888 824 tunc
1947 769 2070 823 stat
2126 760 2380 843 quando

887 880 1015 925 non
1064 863 1347 944 disponit
1393 861 1692 942 ampliuS.
1729 861 1803 922 Et
1852 860 1972 923 hoc
2025 861 2213 921 modo
2260 865 2382 919 stat

887 961 1166 1023 caritatis
1225 966 1660 1041 augmentum,
1724 960 1978 1040 quando
2035 957 2379 1018 deventum

885 1066 982 1120 est
1029 1059 1107 1120 ad
1169 1076 1532 1120 mensuram
1582 1076 1709 1138 qua
1759 1075 2016 1118 mensus
2062 1063 2159 1117 est
2215 1055 2382 1117 Deus

887 1156 1132 1219 homini
1174 1156 1526 1218 secundum
1568 1155 2049 1236 dispositionem
2081 1161 2144 1215 et
2173 1153 2382 1215 distri-

889 1254 1220 1317 butionem
1279 1254 1606 1335 sapientiae
1665 1274 1813 1316 suae.
1877 1254 2023 1315 ldeo
2085 1252 2381 1334 quamvis

888 1352 1090 1414 virtus
1123 1352 1338 1414 divina
1368 1352 1694 1413 caritatem
1726 1370 1955 1432 augens
1987 1351 2069 1412 sit
2103 1350 2377 1422 infinita,

885 1459 1164 1514 attamen
1231 1457 1530 1532 operatur
1595 1451 1947 1512 secundum
2014 1448 2380 1530 dispositio-

2490 767 2553 820 et
2583 760 2675 821 sic
2706 759 2893 822 habet
2925 767 3157 821 statum
3194 767 3257 821 et
3292 760 3675 836 terminum;
3706 761 3988 822 secundo

2492 857 2839 930 extensive,
2884 865 2953 919 ut
2997 858 3081 918 sit
3124 857 3189 919 in
3242 857 3557 939 pluribuS‚
3606 866 3669 919 et
3717 857 3807 918 sic
3857 876 3988 919 non

2493 955 2684 1018 habet
2731 963 2963 1018 statum
3014 975 3089 1018 ex
3142 965 3318 1037 parte
3367 957 3487 1028 sui,
3522 958 3633 1018 sed
3682 975 3759 1018 ex
3810 963 3989 1038 parte

2494 1054 2983 1116 combustibilis.
3032 1055 3269 1117 Caritas
3320 1054 3733 1117 conformiter
3782 1061 3987 1136 potest

2492 1153 2707 1232 augeri
2755 1153 3090 1226 intensive,
3128 1160 3195 1215 ut
3238 1154 3440 1234 magis
3490 1153 3731 1235 diligat,
3766 1152 3988 1234 sicque

2492 1257 2725 1312 statum
2776 1251 3072 1330 sortitur;
3120 1260 3182 1314 et
3223 1252 3415 1314 etiam
3458 1251 3808 1325 extensive,
3852 1252 3990 1333 plu-

2494 1368 2593 1410 res
2655 1351 2946 1422 amando,
3009 1357 3072 1410 et
3136 1351 3219 1412 ita
3281 1368 3409 1413 non
3472 1349 3660 1411 habet
3729 1358 3983 1412 statum.

2492 1447 2791 1520 Quamvis
2823 1449 3082 1509 demum
3114 1447 3438 1529 objectum
3470 1449 3748 1510 caritatis
3782 1449 3863 1510 sit
3895 1448 3987 1509 in-

888 1565 1035 1608 nem
1075 1548 1404 1629 sapientiae
1447 1567 1578 1610 suae
1618 1547 1949 1609 limitantis
1991 1547 2197 1608 varios
2234 1563 2381 1607 suos
2496 1543 2777 1618 finitum,
2812 1565 2887 1606 cx
2920 1546 3039 1609 hoc
3080 1554 3292 1608 tamen
3332 1565 3457 1609 non
3499 1547 3789 1627 sequitur
3816 1546 3988 1627 quod

886 1645 1156 1708 effectus
1212 1648 1564 1708 secundum
1619 1647 1789 1728 quod
1846 1646 2052 1728 placet
2105 1643 2248 1706 sibi.
2302 1679 2383 1688 —
2496 1643 2722 1705 caritas
2755 1653 2963 1705 creata
2990 1663 3128 1706 esse
3160 1645 3366 1706 valeat
3396 1644 3831 1726 infinitaquia
3862 1662 3989 1706 non

888 1744 1022 1806 Stat
1049 1763 1302 1826 quoque
1335 1745 1613 1807 caritatis
1649 1751 2064 1826 augmentum
2095 1762 2172 1804 ex
2206 1750 2380 1824 parte
2496 1749 2702 1821 potest
2739 1741 2991 1821 objecto
3029 1760 3144 1805 suo
3184 1743 3701 1805 commensurari.
3738 1779 3817 1788 —
3848 1743 3989 1804 Haec

888 1844 1318 1925 suscipientiS,
1337 1845 1488 1924 quia
1519 1851 1590 1905 ut
1617 1843 1852 1905 dicitur
1876 1862 1912 1904 a
1941 1842 2252 1916 Matthaeo,
2277 1842 2381 1903 dat
2420 1842 2467 1904 B
2498 1841 2953 1903 Bonaventura.

889 1941 1236 2022 unicuique
1284 1943 1636 2004 secundum
1688 1942 2010 2023 propriam
2053 1941 2376 2004 virtutem.

887 2040 964 2101 Et
994 2040 1362 2121 hujusmodi
1399 2050 1600 2102 status
1641 2040 1910 2121 intelligi
1947 2047 2153 2122 potest
2183 2041 2386 2122 tripli-

886 2139 1063 2200 citer.
1107 2139 1336 2212 Primo‚
1380 2140 1731 2201 secundum
1782 2146 2018 2212 actum,
2063 2146 2133 2199 ut
2179 2157 2382 2220 quum

883 2237 1162 2319 amplius
1202 2255 1330 2300 non
1372 2238 1656 2319 procedit
1691 2255 1704 2298 :
1741 2245 1804 2298 et
1834 2237 1926 2299 sic
1957 2246 2080 2299 stat
2121 2238 2187 2299 in
2228 2237 2383 2299 viris

884 2335 1184 2417 perfectis
1213 2336 1326 2418 qui
1358 2355 1485 2398 non
1513 2344 1855 2416 assurgunt
1883 2336 1961 2398 ad
1996 2335 2253 2416 maj0ra.
2286 2336 2385 2397 Se·

884 2435 1116 2508 cund0‚
1161 2453 1356 2515 penes
1399 2419 1824 2516 aptitudinem
1861 2451 1874 2495 :
1910 2442 1972 2496 et
2017 2434 2103 2495 ita
2151 2442 2274 2495 stat
2318 2434 2383 2495 in

882 2532 1110 2606 Beatis,
1144 2534 1255 2614 qui
1286 2533 1564 2614 amplius
1593 2551 1720 2595 non
1761 2539 2028 2614 possunt
2065 2551 2130 2593 se
2171 2532 2383 2612 dispo-

884 2649 1034 2692 nere
1075 2630 1153 2692 ad
1207 2631 1463 2712 majora.
1513 2630 1742 2702 Tertio,
1789 2630 2141 2691 secundum
2188 2629 2385 2711 possi-

883 2727 1196 2790 bilitatem
1228 2728 1638 2809 suscipientis
1664 2746 1679 2789 ε
1702 2735 1764 2790 et
1796 2728 1888 2790 sic
1925 2735 2160 2790 statum
2192 2727 2384 2789 habet

883 2829 950 2890 in
990 2827 1260 2893 Christo,
1295 2835 1358 2889 et
1400 2827 1588 2889 credo
1631 2827 1800 2908 quod
1845 2827 2038 2888 etiam
2084 2827 2149 2888 in
2198 2825 2385 2888 bene-

881 2925 1236 2987 dictissima
1274 2925 1552 3005 Virgine.
1589 2925 1733 2986 Scio
1775 2925 1948 2986 enim
1989 2925 2067 2987 de
2109 2924 2380 2996 Christo,

2578 1940 2807 2001 Verum
2841 1941 2905 2002 in
2940 1941 3059 2003 ista
3088 1942 3353 2003 materia
3390 1942 3573 2003 aliter
3612 1942 3805 2003 sentit
3834 1941 3992 2003 Tho-

2495 2056 2653 2111 maS‚
2687 2038 2793 2100 hic
2840 2039 3103 2120 loquens
3141 2057 3154 2100 :
3197 2040 3284 2102 De
3325 2049 3668 2121 augmento
3710 2040 3990 2102 caritatis

2496 2136 2839 2218 dupliciter
2882 2156 3221 2219 possumus
3268 2138 3437 2221 loqui
3478 2156 3491 2200 :
3528 2139 3757 2220 primo,
3793 2158 3992 2220 quan-

2496 2242 2631 2295 tum
2664 2236 2742 2297 ad
2775 2235 2839 2297 id
2871 2236 3040 2316 quod
3070 2245 3201 2316 est3
3234 2237 3535 2310 secundo,
3569 2243 3881 2318 quantum
3911 2236 3988 2298 ad

2500 2333 2562 2394 id
2608 2335 2775 2414 quod
2826 2342 3033 2414 potest
3075 2353 3232 2396 esse.
3267 2335 3812 2408 Quemadmodum
3860 2335 3989 2396 dici

2496 2432 2675 2505 solet,
2708 2433 2879 2514 quod
2912 2451 3037 2494 non
3078 2442 3175 2495 est
3206 2433 3352 2495 dare
3392 2453 3715 2495 summum
3752 2434 3990 2495 malum

2494 2546 2623 2610 quo
2662 2547 2787 2591 non
2830 2530 3031 2610 possit
3068 2530 3311 2612 aliquid
3349 2549 3487 2592 esse
3529 2531 3746 2612 pejus;
3776 2539 3991 2593 tamen

2495 2634 2590 2688 est
2618 2628 2861 2709 aliquid
2893 2647 3217 2689 summum
3263 2629 3499 2690 malum
3543 2647 3672 2710 quo
3702 2629 3861 2692 nihil
3894 2637 3994 2690 est

2496 2726 2679 2808 pejus
2734 2743 2747 2786 z
2802 2725 3097 2788 similiter
3142 2726 3306 2798 dico,
3359 2728 3528 2808 quod
3577 2734 3991 2809 augmentum

2494 2825 2773 2886 caritatis
2818 2825 3106 2905 pervenit
3152 2843 3263 2886 seu
3304 2825 3683 2906 jamdudum
3735 2826 3992 2888 devenit

2492 2923 2571 2983 ad
2614 2921 2892 3003 aliquem
2934 2923 3283 2984 terminum
3322 2923 3488 2984 ultra
3527 2942 3719 3005 quem
3761 2924 3991 2984 caritas

882 3024 1051 3105 quod
1111 3029 1360 3085 tantum
1417 3022 1609 3085 habet
1666 3023 1742 3084 de
1798 3022 2017 3104 gloria,
2072 3031 2381 3104 quantum
2418 3018 2461 3081 C
2496 3037 2623 3082 non
2672 3029 2939 3100 augetur
2987 3019 3053 3082 in
3101 3038 3545 3102 quocumque;
3598 3040 3726 3084 non
3776 3031 3991 3084 tamen

883 3129 1090 3205 potest
1140 3123 1423 3203 recipere
1473 3130 1760 3184 creatura
1811 3123 2029 3199 unita3
2079 3130 2143 3184 et
2194 3121 2381 3184 credo

883 3220 961 3283 de
1007 3220 1263 3302 Virgine
1321 3220 1713 3294 dulcissima,
1765 3221 1936 3302 quod
1998 3227 2244 3281 tantum
2304 3220 2381 3280 de

883 3319 1085 3400 gloria
1132 3318 1380 3392 habeat,
1435 3326 1744 3401 quantum
1800 3319 2126 3399 suscipere
2175 3325 2385 3399 potest

887 3426 1174 3480 creatura
1204 3435 1331 3480 non
1364 3417 1560 3490 unita,
1595 3417 1658 3478 id
1690 3426 1786 3478 est
1827 3418 1954 3478 Deo
1985 3416 2383 3499 hypostatice

890 3534 1016 3579 non
1065 3514 1423 3595 conjuncta.
1473 3549 1554 3558 —
1597 3514 1730 3577 Stat
1773 3515 1926 3575 item
1969 3522 2385 3595 augmentum

889 3614 1168 3676 caritatis
1211 3632 1288 3675 ex
1326 3620 1503 3695 parte
1541 3611 2054 3692 augmentabiliS‚
2089 3612 2389 3673 videlicet

890 3712 1090 3795 ipsius
1142 3712 1395 3774 habitus
1444 3712 1746 3786 caritatiS,
1800 3730 1999 3793 quum
2054 3711 2132 3772 ad
2186 3711 2387 3791 perse-

888 3818 1054 3873 ctam
1087 3810 1376 3893 pervenit
1406 3811 1845 3891 quantitatem.
1880 3809 2203 3882 Quantitas
2236 3828 2387 3871 vero

889 3907 1144 3969 virtutis
1181 3908 1484 3991 perfecta,
1518 3916 1614 3970 est
1653 3908 1890 3989 duplex
1925 3926 1936 3967 :
1973 3908 2201 3990 prima,
2236 3907 2388 3969 sim-

891 4006 1142 4087 pliciter
1171 4007 1374 4084 dicta3
1407 4007 1706 4078 secunda,
1743 4007 1806 4068 in
1838 4024 2087 4087 genere.
2126 4005 2387 4086 Simpli-

891 4104 1048 4165 citer
1085 4113 1298 4165 autem
1339 4103 1620 4185 perfecta
1660 4111 1756 4165 est
1794 4103 1995 4165 virtus
2031 4104 2095 4164 in
2135 4122 2389 4165 summo

2495 3117 2750 3180 devenit
2778 3117 2856 3179 ad
2890 3118 3235 3181 terminum
3270 3119 3435 3182 ultra
3464 3140 3655 3202 quem
3694 3139 3821 3184 non
3852 3139 3995 3203 pos-

2496 3216 2580 3277 sit
2622 3216 2859 3295 augeri.
2898 3216 3092 3297 Cujus
3142 3218 3301 3281 ratio
3350 3226 3445 3279 est
3494 3238 3571 3280 ex
3623 3229 3798 3300 parte
3845 3220 3991 3301 ejus

2496 3315 2666 3396 quod
2701 3322 2989 3376 movetur
3017 3316 3369 3379 secundum
3399 3326 3811 3397 augmentum
3844 3319 3989 3391 hoc,

2496 3419 2685 3493 atque
2730 3432 2805 3473 ex
2849 3423 3025 3494 parte
3064 3414 3204 3494 ejus
3247 3415 3324 3476 ad
3371 3416 3537 3496 quod
3582 3425 3890 3480 movetur.
3924 3417 3993 3479 ld

2496 3519 2709 3573 autem
2740 3512 2817 3573 ad
2848 3512 3016 3592 quod
3050 3520 3339 3575 movetur
3366 3513 3522 3595 quid
3556 3516 3619 3576 in
3651 3523 3998 3597 augmento

2500 3610 2801 3683 caritatis,
2836 3619 2931 3671 est
2960 3611 3314 3673 similitudo
3342 3613 3622 3675 caritatis
3656 3614 3949 3678 increatae
3982 3633 3997 3677 z

2496 3710 2576 3770 ad
2620 3727 2833 3790 quam,
2866 3729 3067 3790 quum
3110 3709 3367 3772 infinita
3407 3711 3509 3784 sit,
3544 3720 3751 3794 potest.
3794 3712 3861 3776 in
3910 3714 4003 3776 in-

2500 3806 2763 3869 finitum
2814 3808 3013 3889 magis
3062 3828 3135 3869 ac
3190 3810 3385 3891 magis
3434 3810 3674 3884 accedi,
3725 3820 3789 3873 et
3838 3832 4003 3873 nun-

2501 3924 2693 3986 quam
2762 3906 3004 3988 aliquid
3066 3906 3505 3989 adaequabitur
3568 3910 3626 3971 ei
3690 3909 3999 3991 perfecte.

2501 4004 2690 4067 Porro
2749 4023 2825 4065 ex
2876 4011 3052 4085 parte
3110 4004 3249 4085 ejus
3308 4006 3479 4087 quod
3536 4016 3847 4081 movetur,
3900 4017 4005 4071 est

2502 4102 2670 4184 quod
2704 4103 2841 4183 ipsa
2870 4103 3081 4164 anima
3112 4112 3351 4184 quanto
3382 4104 3525 4185 plus
3554 4105 3631 4167 de
3662 4106 3877 4168 divina
3908 4126 4009 4168 re-

890 4208 952 4263 et
983 4202 1483 4283 simplicissimo,
1521 4210 1589 4263 ut
1623 4202 1685 4263 in
1718 4202 1886 4271 Deo;
1922 4201 1985 4261 in
2021 4220 2253 4281 genere
2284 4222 2389 4262 au·
2423 4204 2470 4265 D
2502 4200 2659 4281 cipit
2691 4200 2970 4263 bonitate
3001 4210 3065 4263 ct
3106 4201 3346 4263 lumine
3386 4204 3601 4283 gratiae
3632 4204 3795 4285 ejuS,
3819 4212 4004 4269 tanto

895 4306 1043 4373 tem,
1080 4301 1144 4361 in
1176 4300 1475 4362 omnibus
1507 4300 1615 4382 qui
1659 4300 2026 4380 pertingunt
2064 4300 2144 4361 ad
2175 4307 2387 4361 actum

893 4397 1283 4480 completum
1342 4398 1419 4460 ad
1468 4417 1659 4480 quem
1723 4406 1870 4459 sunt
1928 4398 2225 4472 ordinati,
2280 4399 2389 4479 qui

892 4505 989 4558 est
1036 4497 1298 4578 diligere
1350 4498 1550 4557 Deum
1601 4516 1678 4557 ex
1723 4503 1852 4559 toto
1896 4496 2104 4569 corde,
2139 4515 2217 4558 ex
2262 4505 2390 4560 tota

892 4596 1105 4658 anima
1143 4603 1206 4657 et
1242 4614 1318 4656 ex
1361 4602 1491 4657 tota
1531 4595 1788 4657 virtute.
1831 4594 1905 4655 Et
1951 4596 2068 4657 hoc
2109 4596 2389 4658 secundo

895 4695 1082 4757 modo
1119 4702 1212 4755 est
1255 4701 1454 4755 status
1496 4693 1559 4755 in
1605 4692 1863 4755 caritate
1905 4693 2112 4755 omnis
2157 4694 2388 4755 mentis

893 4799 1137 4854 creatae.

970 4890 1035 4952 Si
1081 4896 1296 4951 autem
1345 4887 1707 4969 objiciatur,
1757 4889 1927 4969 quod
1979 4888 2142 4970 ignis
2195 4897 2387 4951 malc-

891 4989 1064 5051 rialis
1118 4995 1214 5049 est
1264 4986 1756 5069 augmentabilis
1814 4985 1878 5048 in
1935 4987 2287 5061 infinitum,
2334 4989 2385 5050 si

888 5087 1054 5148 adsit
1106 5086 1391 5160 materia,
1446 5094 1514 5146 ut
1563 5084 1649 5147 ait
1699 5084 2116 5166 Philosophus
2172 5103 2185 5147 ε
2238 5105 2388 5167 ergo

891 5185 1092 5247 multo
1125 5185 1268 5265 plns
1312 5183 1476 5264 ignis
1517 5181 1866 5264 spiritualis
1910 5182 2238 5255 inanima,
2273 5184 2390 5245 sci-

892 5282 1038 5344 licet
1087 5283 1333 5343 caritaS.
1388 5280 1944 5363 Respondendum,
1997 5281 2166 5362 quod
2218 5282 2389 5344 calor

2502 4300 2793 4381 capacior
2823 4299 2901 4361 fit
2930 4301 3007 4361 ad
3050 4301 3486 4382 recipiendum
3523 4320 3537 4364 :
3575 4302 3716 4365 ideo
3754 4312 4003 4385 quanto

2502 4398 2645 4479 plus
2696 4397 2944 4478 recipit,
3002 4406 3171 4461 tanto
3229 4399 3372 4479 plus
3423 4408 3629 4481 potest
3681 4402 3996 4483 recipere.

2500 4496 2797 4559 Potentiae
2841 4495 3013 4557 enim
3060 4497 3376 4559 naturales
3421 4506 3569 4560 sunt
3612 4500 4003 4563 determina-

2502 4602 2577 4656 tae
2620 4602 2683 4655 et
2728 4594 2926 4657 finita}
2969 4596 3320 4658 secundum
3370 4596 3751 4677 exigentiam
3804 4609 4010 4662 mate-

2502 4692 2609 4753 riae
2673 4710 2685 4752 :
2744 4692 2981 4756 idcirco
3042 4711 3167 4755 non
3227 4702 3471 4774 queunt
3528 4696 3809 4778 recipere
3867 4699 4009 4763 nisi

2500 4790 2853 4852 secundum
2921 4792 3334 4871 capacitatem
3398 4800 3460 4854 et
3522 4796 4011 4876 proportionem

2502 4889 2798 4951 materia).
2835 4889 3133 4952 Potentiae
3180 4909 3326 4953 vero
3372 4891 3819 4956 immateriales
3866 4914 4013 4961 non

2500 5007 2577 5048 ex
2628 4987 2890 5048 materia
2942 4987 3316 5057 limitantur,
3362 4990 3471 5051 sed
3523 4992 3722 5072 magis
3772 5012 4015 5055 secun-

2499 5086 2653 5147 dum
2703 5086 3119 5165 quantitatem
3170 5085 3470 5149 bonitatis
3513 5089 3745 5153 divinae
3788 5092 3850 5153 in
3900 5093 4013 5157 eis

2501 5192 2789 5265 recepta».
2826 5184 2971 5245 Ideo
3014 5192 3251 5265 quanto
3297 5185 3440 5265 plus
3481 5187 3735 5249 additur
3775 5188 3865 5251 eis
3916 5192 4009 5254 de

2500 5282 2782 5345 bonitate
2822 5282 3061 5356 divina,
3096 5290 3271 5345 tanto
3308 5284 3453 5365 plus
3491 5295 3737 5366 queunt
3773 5288 3850 5350 de
3882 5288 4009 5355 illa
