4359 6250
854 469 974 532 248

1468 489 1531 534 IN
1574 489 1793 534 LIBRUM
1840 490 1858 534 1
1900 489 2383 534 SENTENTIARUM.
2431 507 2511 516 —
2551 489 2704 534 DIST.
2751 488 2962 550 xxvl13
3005 488 3229 543 QUAEST.
3275 487 3344 532 111

857 659 1121 721 diversae
1152 660 1502 740 opiniones
1529 659 1793 732 Quidam
1825 660 1996 721 enim
2029 658 2348 732 dixerunt,
2380 655 2432 718 A
2462 658 2626 720 sicut
2657 659 2922 721 scientia
2950 659 3029 721 ad
3058 657 3302 720 scibile.
3337 654 3713 737 Hujusmodi
3743 662 3964 716 autem

858 756 1027 837 quod
1057 757 1267 820 dicere
1300 758 1366 819 in
1397 759 1525 819 Deo
1561 758 1807 819 dicatur
1836 757 2196 838 tripliciter,
2233 757 2352 818 sci-

858 854 1031 928 licet,
1065 875 1223 936 pure
1256 856 1697 928 essentialiter,
1733 875 1806 917 ac
1840 854 2267 928 notionaliter,
2291 862 2353 916 et

858 953 1048 1014 etiam
1100 955 1521 1016 essentialiter
1570 973 1718 1015 cum
1768 953 2214 1016 connotatione
2263 952 2354 1014 ef-

860 1049 1063 1114 fectus
1106 1051 1170 1113 in
1216 1061 1535 1132 creatura3
1569 1061 1629 1114 et
1672 1053 1839 1134 quod
1888 1053 2056 1114 actui
2100 1052 2354 1113 dicendi

858 1168 985 1212 non
1019 1152 1468 1232 correspondet
1500 1151 1767 1214 verbum
1812 1150 1935 1212 nisi
1966 1152 2121 1213 dum
2152 1149 2354 1211 notio-

860 1248 1087 1310 naliter
1136 1249 1431 1322 sumitur,
1476 1250 1626 1331 quia
1666 1249 1955 1322 verbum,
2000 1249 2354 1310 secundum

860 1364 989 1420 θος,
1024 1365 1149 1408 non
1182 1347 1417 1409 dicitur
1447 1349 1571 1410 nisi
1605 1349 2039 1430 personaliter.
2075 1347 2197 1409 Sed
2228 1365 2354 1408 non

861 1445 1113 1506 videt-ur
1151 1446 1321 1526 quod
1363 1446 1561 1526 possit
1604 1465 1741 1508 esse
1786 1449 2003 1506 dicere
2043 1445 2181 1507 sine
2222 1464 2356 1507 ver-

862 1544 961 1606 bo.
1008 1579 1085 1588 —
1124 1543 1247 1605 Alii
1296 1545 1539 1618 dicunt,
1594 1546 1762 1625 quod
1812 1544 2044 1618 dicere,
2092 1562 2220 1607 non
2273 1545 2356 1606 sit

862 1641 986 1703 nisi
1020 1642 1414 1704 intellectum
1448 1662 1635 1704 suum
1676 1643 2081 1705 manifestare
2108 1661 2120 1704 :
2145 1650 2208 1704 et
2239 1643 2358 1705 sic-

806 1809 823 1820 ,
866 1748 935 1801 ut
965 1740 1154 1803 homo
1184 1748 1391 1822 potest
1432 1741 1826 1804 intellectum
1868 1761 2056 1802 suum
2089 1739 2355 1802 manife-

2463 757 2799 819 relationes
2833 757 2898 819 in
2929 757 3166 820 divinis
3207 762 3534 838 ponuntur
3563 752 3911 836 dupliciter
3948 771 3964 814 z

2463 855 2765 937 quoniam
2815 856 3044 937 aliquae
3093 863 3241 916 sunt
3290 854 3512 928 realeS,
3561 873 3702 934 quae
3752 851 3968 933 requi-

2464 961 2613 1015 runt
2673 954 2907 1015 realem
2965 954 3044 1015 ah
3103 953 3382 1015 invicem
3439 950 3968 1025 distinctionem3

2466 1052 2753 1132 quaedam
2787 1058 2936 1113 sunt
2967 1051 3250 1124 rationiS,
3287 1051 3452 1113 sicut
3482 1049 3704 1111 relatio
3737 1049 3972 1129 impor-

2469 1157 2593 1211 tata
2636 1150 2755 1212 hoc
2800 1150 3081 1224 nomine,
3115 1149 3418 1231 operatio,
3453 1148 3622 1230 quod
3667 1147 3822 1209 dicit
3867 1165 3968 1208 re-

2468 1255 2758 1330 spectum
2791 1248 3173 1329 implicitum
3205 1248 3281 1309 ad
3315 1253 3697 1328 operantem.
3719 1246 3783 1308 Si
3813 1263 3972 1326 ergo

2469 1347 2688 1408 relatio
2738 1346 3075 1428 importata
3132 1346 3391 1408 nomine
3440 1345 3641 1418 verbi,
3696 1345 3779 1406 sit
3829 1353 3970 1406 tan·

2465 1453 2600 1506 tum
2645 1445 2868 1507 relatio
2907 1445 3192 1518 rationiS,
3227 1444 3318 1506 nil
3360 1443 3654 1525 prohibet
3690 1443 3970 1506 verbum

2469 1543 2890 1606 essentialiter
2926 1542 3152 1625 accipi.
3191 1543 3266 1604 Et
3301 1542 3421 1604 hoc
3461 1542 3714 1604 videtur
3753 1543 3833 1603 ad
3875 1562 3972 1604 ra-

2467 1643 2706 1704 tionem
2737 1642 3040 1704 sufficere
3070 1641 3249 1704 verbi
3291 1648 3480 1722 prout
3507 1660 3544 1702 a
3573 1640 3760 1703 nohis
3803 1649 3972 1703 tran-

2469 1740 2745 1802 sumitur
2787 1741 2862 1802 ad
2914 1740 3178 1801 divina:
3213 1739 3364 1821 quia
3406 1739 3472 1800 in
3516 1738 3724 1811 nobiS,
3758 1747 3831 1799 ut
3875 1739 3972 1800 di-

862 1847 1027 1902 stare
1055 1839 1238 1901 alteri
1268 1839 1464 1902 verbo
1494 1839 1719 1914 vocali,
1754 1847 1818 1900 et
1848 1839 1972 1901 sibi
2005 1838 2127 1920 ipsi
2159 1838 2356 1900 verbo
2393 1843 2439 1904 B
2470 1847 2644 1902 ctum
2677 1845 2792 1912 est,
2825 1839 2915 1899 nil
2946 1838 3120 1900 aliud
3159 1847 3258 1900 est
3285 1837 3550 1901 verbum
3591 1837 3801 1899 cordis
3841 1838 3972 1900 nisi

866 1939 1185 2011 interiori3
1221 1939 1312 1999 sic
1352 1939 1575 1999 dicunt
1612 1938 1811 2000 Deum
1856 1946 2123 2020 utroque
2170 1938 2357 2000 modo

865 2055 1051 2098 suum
1111 2036 1518 2098 manifestare
1582 2037 2000 2110 intellectum,
2060 2036 2358 2098 videlicet

866 2135 1193 2197 condendo
1238 2142 1467 2209 creata,
1513 2155 1655 2216 quae
1698 2143 1848 2197 sunt
1891 2135 2071 2216 quasi
2117 2135 2360 2197 vocalia

866 2234 976 2296 Dei
1026 2233 1239 2308 verba,
1281 2241 1345 2294 et
1393 2234 1752 2314 generando
1800 2233 2054 2306 Filium,
2103 2233 2213 2316 qui
2263 2240 2358 2294 est

864 2332 1131 2394 verbum
1208 2332 1415 2394 cordis
1484 2332 1611 2404 sui,
1674 2351 1800 2413 quo
1868 2331 2230 2394 manifestat
2292 2352 2359 2392 se

866 2432 1033 2513 apud
1066 2450 1133 2493 se
1166 2431 1398 2514 ipsum.
1436 2431 1665 2512 Sicque
1697 2432 2048 2493 secundum
2080 2449 2207 2505 θος,
2230 2449 2364 2492 ver-

867 2529 1023 2592 bum
1080 2530 1323 2591 dictum
1384 2530 1461 2591 de
1510 2529 1639 2591 Deo
1698 2549 1951 2611 semper
1998 2538 2094 2592 est
2153 2548 2362 2611 perso-

866 2628 1025 2689 nale.
1062 2628 1181 2690 Sed
1220 2629 1340 2691 hoc
1384 2646 1512 2691 non
1557 2628 1830 2702 videtur,
1864 2628 2015 2710 quia
2059 2629 2112 2690 si
2154 2629 2362 2709 inqui-

867 2735 1041 2787 ratur
1084 2727 1238 2808 quid
1286 2727 1367 2788 sit
1412 2726 1681 2789 verbum
1730 2744 1857 2808 quo
1907 2727 2052 2808 quis
2102 2727 2362 2789 sibimet

869 2825 1169 2907 loquitur,
1223 2844 1349 2888 non
1404 2825 1728 2887 invenitur
1775 2843 1913 2886 esse
1966 2825 2092 2887 nisi
2142 2842 2363 2887 conce-

867 2925 1003 3006 ptio
1062 2924 1420 2986 intellectus
1464 2942 1478 2986 :
1522 2944 1663 3005 quae
1722 2925 2055 3005 conceptio
2107 2933 2204 2986 est
2259 2924 2361 2986 vel

2471 1938 2717 2019 species
2748 1937 3091 2008 intellecta,
3125 1937 3226 1999 vel
3265 1937 3431 1999 actio
3461 1936 3916 1998 intellectualis
3953 1955 3970 1996 τ

2471 2054 2742 2119 quorum
2783 2036 3029 2098 nullum
3076 2036 3140 2097 in
3184 2037 3311 2098 Deo
3349 2035 3603 2097 realiter
3629 2035 3974 2115 distingui-

2471 2143 2576 2196 tur
2621 2155 2658 2195 a
2705 2134 2922 2195 divina
2979 2133 3270 2195 essentia.
3324 2133 3516 2196 Porro
3561 2132 3614 2194 si
3665 2133 3977 2214 importet

2471 2233 2660 2294 talem
2695 2232 3063 2294 relationem
3097 2251 3238 2314 quae
3270 2232 3504 2294 realem
3543 2231 3815 2312 requirit
3845 2231 3978 2293 dis-

2472 2331 2868 2405 tinctionem,
2901 2338 3148 2412 oportet
3196 2331 3366 2411 quod
3413 2329 3834 2412 personaliter
3878 2330 3976 2391 di-

2473 2437 2651 2491 catur
2690 2429 2755 2490 in
2803 2430 2931 2491 Deo
2966 2447 2981 2490 ε
3016 2429 3318 2510 quoniam
3361 2446 3489 2491 non
3535 2436 3630 2490 est
3671 2427 3864 2490 realis
3909 2428 3978 2490 in

2472 2528 2706 2590 divinis
2749 2528 3076 2590 distinctio
3120 2528 3244 2590 nisi
3289 2545 3723 2610 personarum.
3758 2527 3839 2589 Et
3877 2537 3978 2590 est

2471 2627 2681 2689 simile
2730 2627 2806 2689 de
2855 2645 3090 2701 amore,
3124 2627 3233 2709 qui
3279 2627 3632 2688 secundum
3675 2627 3978 2689 eamdem

2472 2725 2947 2788 distinctionem
2987 2725 3410 2788 essentialiter
3438 2744 3511 2787 ac
3552 2724 3980 2806 personaliter

2471 2825 2704 2886 dicitur
2734 2826 2800 2887 in
2844 2825 3100 2899 diviniS‚
3134 2832 3204 2885 ut
3245 2824 3488 2886 dictum
3519 2831 3614 2887 est
3653 2831 3820 2886 ante.
3857 2825 3980 2886 Ve-

2473 2932 2828 2986 rumtamen
2863 2925 2928 2986 in
2962 2943 3080 2985 usu
3113 2924 3486 2986 Sanctorum
3517 2922 3981 2985 communiter-

869 3023 1008 3104 ipsa
1037 3023 1318 3104 operatio
1359 3042 1499 3103 quae
1538 3031 1633 3084 est
1673 3022 2049 3102 intelligere,
2083 3023 2184 3084 vel
2225 3022 2362 3104 ipsa
2398 3028 2441 3090 C
2471 3042 2596 3104 que
2628 3021 3335 3104 loquentium,verbum
3366 3022 3433 3084 in
3465 3022 3699 3092 divinis
3729 3023 3978 3085 realem

870 3121 1114 3202 species
1159 3140 1299 3202 quae
1340 3128 1433 3182 est
1473 3120 1827 3184 similitudo
1866 3121 1957 3183 rei
2000 3121 2355 3183 intellectae.

867 3220 997 3283 Nec
1027 3220 1164 3281 sine
1194 3220 1423 3281 horum
1464 3227 1731 3300 utroque
1763 3227 1968 3301 potest
1997 3220 2141 3301 quis
2183 3220 2363 3281 intel—

872 3319 1106 3399 ligere:
1132 3325 1475 3399 utrumque
1505 3336 1779 3399 namque
1811 3318 2077 3379 istorum
2109 3324 2202 3380 est
2235 3336 2362 3399 quo

870 3417 1016 3499 quis
1048 3416 1397 3479 formaliter
1428 3416 1742 3497 intelligit.
1780 3417 1925 3478 Ideo
1964 3416 2362 3498 impossibile

869 3524 967 3579 est
1005 3516 1173 3598 quod
1213 3516 1300 3578 ita
1338 3517 1646 3578 sumendo
1680 3516 1971 3590 verbum,
2002 3515 2236 3598 aliquis
2271 3516 2363 3577 in—

871 3615 1113 3697 telligat
1148 3613 1270 3677 nisi
1302 3615 1499 3677 verbo
1534 3614 1894 3677 intellectus
1930 3614 2028 3677 sui
2070 3615 2241 3696 quod
2281 3614 2362 3675 sit

869 3715 972 3778 vel
1020 3713 1187 3775 actio
1248 3713 1665 3793 intelligendi,
1718 3713 1818 3775 vel
1878 3714 2037 3776 ratio
2093 3712 2363 3775 actionis

873 3813 1067 3886 illius,
1100 3811 1339 3874 habens
1386 3831 1453 3874 se
1500 3812 1579 3873 ad
1626 3830 1767 3874 eam
1818 3819 1886 3872 ut
1937 3811 2220 3874 medium
2266 3830 2366 3874 co-

868 3910 1215 3992 gnoscendi
1250 3928 1263 3971 ε
1298 3930 1439 3991 quie
1489 3911 1646 3973 ratio
1694 3918 1789 3972 est
1834 3910 2079 3991 species
2129 3910 2220 3971 rei
2272 3910 2364 3972 in-

873 4009 1156 4070 tellectae.
1211 4008 1546 4090 Quumque
1605 4010 1769 4070 Deus
1827 4008 2004 4069 Pater
2054 4008 2365 4089 intelligat

874 4126 962 4179 se,
1013 4107 1066 4168 si
1122 4106 1187 4167 in
1237 4106 1471 4169 divinis
1521 4124 1647 4168 non
1698 4115 1866 4169 esset
1914 4106 2181 4169 verbum
2241 4108 2360 4170 nisi

2472 3123 2844 3185 relationem
2889 3123 3144 3185 realiter
3185 3121 3682 3203 distinguentem
3729 3123 3976 3205 impor-

2471 3229 2578 3283 tat.
2614 3222 2788 3284 Unde
2830 3222 3220 3302 Augustinus
3264 3220 3570 3296 affirmat,
3602 3222 3772 3303 quod
3817 3223 3974 3285 Ver·
4051 3246 4260 3291 ffiffiffi-

2472 3321 2628 3383 bum
2657 3328 2752 3382 est
2783 3320 2952 3382 idem
2993 3321 3163 3401 quod
3193 3320 3506 3401 sapientia
3537 3321 3767 3401 genita.
3803 3322 3975 3385 Hinc
4005 3310 4258 3363 ²⁸¹⁶·ffiw·

2472 3420 2738 3502 quaestio
2777 3420 2896 3481 ista
2935 3438 3160 3500 parum
3189 3419 3377 3493 valet,
3411 3419 3562 3500 quia
3600 3437 3727 3482 non
3761 3428 3860 3482 est
3893 3421 3978 3483 de

2473 3538 2562 3593 re,
2595 3518 2706 3581 sed
2737 3519 2814 3580 de
2855 3517 3132 3580 nominis
3163 3516 3654 3597 significatione,
3688 3537 3834 3598 quae
3865 3538 3978 3581 ex-

2474 3626 2594 3680 stat
2624 3618 2702 3680 ad
2745 3616 3072 3700 placitum.
3110 3616 3369 3698 Propter
3408 3616 3579 3698 quod
3619 3617 3683 3678 in
3725 3636 3799 3679 ea
3829 3618 3982 3699 plu—

2475 3717 2712 3778 rimum
2772 3716 2940 3777 valet
2999 3734 3172 3789 usuS,
3233 3715 3385 3795 quia
3443 3715 3817 3778 nominibus
3880 3726 3983 3779 est·

2475 3815 2786 3877 utendum
2849 3821 2918 3874 ut
2979 3813 3214 3895 plures,
3279 3813 3630 3874 secundum
3686 3813 3984 3878 Philoso-

2475 3914 2698 3996 phum,
2752 3912 2830 3973 de
2887 3911 3080 3974 rebus
3137 3918 3352 3972 autem
3398 3910 3819 3992 judicandum
3881 3922 3984 3976 est

2475 4012 2825 4073 secundum
2887 4010 3203 4090 sapientes
3256 4027 3269 4070 :
3323 4010 3474 4090 quia
3521 4008 3675 4071 dum
3726 4019 3988 4073 constat

2475 4112 2552 4174 de
2594 4111 2807 4184 rebuS,
2843 4110 3077 4173 frustra
3117 4108 3386 4171 habetur
3423 4109 3859 4172 controversia
3900 4112 3986 4173 de

874 4204 1224 4286 personale,
1258 4204 1426 4285 quod
1460 4212 1555 4265 est
1594 4204 1812 4277 Filius,
1847 4212 2164 4285 oporteret
2195 4207 2362 4287 quod
2397 4215 2448 4277 D
2477 4209 2710 4282 verbiS,
2744 4216 2814 4270 ut
2844 4209 2996 4270 dicit
3028 4208 3323 4288 Magister
3352 4207 3514 4269 libro
3544 4208 3750 4281 tertio,
3785 4228 3986 4289 quar·

870 4303 1051 4364 Pater
1095 4298 1476 4382 intelligeiet
1518 4302 1677 4363 Filio
1725 4303 1904 4385 quasi
1953 4303 2308 4365 formaliter
2346 4322 2359 4365 ε

872 4402 1041 4483 quod
1087 4400 1513 4483 improbatum
1557 4408 1654 4462 est
1697 4420 1906 4483 supra.

952 4498 1195 4561 Idcirco
1242 4498 1583 4560 dicendum
1634 4518 1781 4561 cum
1824 4500 1987 4574 aliis,
2022 4500 2192 4581 quod
2232 4520 2367 4562 ver-

872 4598 1029 4660 bum
1079 4617 1157 4659 ex
1206 4596 1438 4659 virtute
1488 4598 1766 4659 nominis
1816 4599 1936 4673 sui,
1982 4606 2188 4680 potest
2237 4607 2365 4661 tarn

871 4696 1293 4759 essentialiter
1321 4715 1511 4777 quam
1546 4696 1960 4777 personaliter
1988 4698 2366 4780 accipi.Non

870 4796 1045 4859 enim
1097 4794 1415 4876 significat
1461 4802 1707 4857 tantum
1760 4796 2154 4871 relationem,
2203 4797 2368 4859 sicut

872 4896 992 4958 hoc
1041 4912 1298 4968 nomen,
1344 4901 1557 4975 pater3
1598 4896 1707 4956 sed
1759 4894 2110 4976 imponitur
2157 4896 2235 4957 ad
2286 4896 2366 4957 si-

870 4992 1301 5075 gnificandam
1361 5011 1496 5055 rem
1545 4992 1824 5073 aliquam
1882 4993 2238 5056 absolutam
2287 4995 2366 5056 si-

875 5089 1008 5151 mul
1040 5108 1188 5151 cum
1220 5097 1535 5171 respectu,
1555 5089 1721 5151 sieut
1750 5092 1865 5153 hoc
1896 5109 2150 5165 nomen,
2172 5092 2371 5153 scien-

872 5187 959 5249 tia
994 5206 1007 5249 :
1043 5188 1131 5250 ita
1160 5188 1329 5270 quod
1361 5187 1630 5250 verbum
1664 5187 1962 5271 importat
1992 5190 2366 5253 relationem

870 5285 947 5346 ad
999 5286 1061 5347 id
1110 5306 1147 5347 a
1196 5304 1322 5368 quo
1371 5293 1487 5360 est,
1539 5286 1835 5349 videlicet
1884 5288 1962 5349 ad
2020 5288 2361 5365 dicentem,

2476 4308 2789 4370 tadecima
2817 4307 3275 4369 distinctione*.
3303 4306 3595 4368 Attamen
3626 4324 3700 4367 ea
3729 4326 3878 4387 quae
3913 4309 3986 4370 in
4037 4336 4056 4355 ·

2476 4405 2710 4467 divinis
2740 4405 3060 4479 dicuntur,
3085 4421 3213 4466 non
3243 4409 3392 4465 sunt
3422 4403 3818 4466 extendenda
3849 4406 3985 4467 nisi

2478 4503 2828 4565 secundum
2861 4504 3029 4583 quod
3060 4503 3152 4564 eis
3181 4501 3385 4563 utitur
3415 4520 3592 4564 sacra
3621 4500 3982 4585 Scriptura.

2478 4600 2765 4681 Denique
2808 4598 3075 4661 verbum
3121 4599 3539 4681 personaliter
3582 4599 3697 4662 soli
3743 4618 3988 4663 conve—

2478 4698 2574 4759 nit
2605 4698 2783 4773 Filio,
2818 4698 2928 4780 qui
2962 4698 3247 4780 procedit
3276 4699 3630 4761 secundum
3661 4699 3986 4763 rationem

2478 4796 2916 4858 similitudinis
2957 4815 3069 4877 per
3109 4796 3368 4858 modum
3407 4803 3649 4859 naturae
3687 4803 3751 4858 et
3789 4796 3990 4860 intel-

2478 4895 2716 4974 lectus3
2751 4912 2878 4956 non
2923 4894 3189 4975 Spiritui
3234 4895 3484 4967 Sancto,
3527 4894 3639 4975 qui
3686 4898 3992 4976 procedit

2478 5014 2591 5075 per
2632 4995 2886 5057 modum
2929 4994 3162 5056 amoris
3201 5002 3264 5055 et
3303 4994 3666 5056 voluntatis.
3707 5029 3789 5039 —
3829 4996 3990 5060 Haec

2476 5094 2745 5156 Thomas
2789 5093 2854 5154 in
2901 5091 3166 5175 Scripto.

2557 5192 2789 5253 Verum
2834 5190 2913 5253 ab
2959 5192 3075 5253 hac
3118 5190 3526 5272 responsione
3572 5190 3826 5253 videtur
3873 5194 3990 5257 Pe-

2481 5298 2613 5351 trus
2651 5288 2770 5351 hoc
2814 5288 2950 5351 loco
2992 5307 3334 5370 parumper
3371 5288 3685 5350 recedere.
3722 5288 3988 5355 Etenim

4007 3390 4047 3419 c.
4071 3379 4110 3418 Ξ.

4077 4334 4138 4388 tin
4155 4334 4249 4382 fine)
