4359 6250
950 511 1036 558 AN
1076 508 1232 556 DEUS
1273 505 1728 556 Pnovlnnmuu
1769 485 2015 555 ΗΑΒΡΞΑΤ
2057 505 2482 555 uvaRnsonmt
2522 509 2596 554 m
2638 508 3018 556 SINGULORUM

3413 487 3532 555 497

425 685 492 740 et
527 679 747 741 omnia
783 700 926 762 quae
967 689 1498 765 repraesentantur
1542 700 1656 764 per
1699 681 1923 764 ipsam.
1957 679 2008 742 A
2117 680 2380 743 Videtur
2423 681 2591 762 quod
2637 699 2781 744 non.
2816 681 3045 754 Prim0‚
3078 681 3229 762 quia
3269 682 3532 763 Aposto-

425 775 662 840 Omnes
699 787 914 842 autem
955 800 1054 843 res
1094 788 1405 864 quantum
1445 781 1523 842 ad
1561 799 1708 842 suas
1747 778 1928 861 quid-

425 875 678 950 ditates‚
710 885 775 939 et
805 879 1300 960 compositiones
1338 898 1411 941 ac
1451 877 1796 941 divisiones
1835 878 1928 940 eis

425 975 789 1056 possibiles,
832 985 1366 1060 repraeseutantur
1416 976 1772 1040 necessario
1815 995 1930 1058 per

423 1073 710 1136 divinam
759 1076 1123 1152 essentiam,
1177 1095 1304 1139 non
1353 1085 1567 1138 autem
1615 1083 1926 1158 quantum

421 1173 499 1233 ad
561 1175 1092 1256 compositionem
1151 1175 1660 1257 divisionemque
1717 1181 1932 1236 actua-

425 1270 570 1334 lem.
627 1272 794 1336 Deus
853 1293 1130 1356 namque
1178 1282 1274 1336 est
1321 1274 1682 1336 necessario
1740 1291 1930 1334 causa

423 1371 780 1432 secundum
820 1371 1191 1453 potentiam,
1227 1372 1314 1434 ita
1351 1372 1522 1454 quod
1564 1389 1690 1432 non
1729 1378 1825 1432 est
1865 1371 1928 1431 in

425 1475 738 1551 potestate
767 1471 908 1551 ejus
939 1471 1107 1552 quod
1145 1470 1372 1532 habeat
1401 1478 1510 1532 aut
1541 1487 1668 1532 non
1701 1469 1930 1531 habeat

425 1569 777 1651 potentiam
807 1569 1148 1648 causandi3
1185 1587 1311 1631 non
1343 1577 1554 1632 tamen
1587 1575 1683 1630 est
1713 1585 1929 1630 neces-

421 1667 592 1730 sario
631 1686 824 1730 causa
860 1669 1210 1730 secundum
1251 1676 1467 1730 actum
1502 1687 1516 1732 :
1553 1667 1683 1730 imo
1723 1673 1929 1748 potest

424 1785 686 1830 causare
715 1774 781 1829 et
808 1785 935 1830 non
965 1785 1244 1830 causare.
1281 1767 1442 1848 Ergo
1474 1765 1690 1828 divina
1719 1784 1927 1828 essen-

2038 778 2137 840 lus
2174 779 2265 841 ait
2298 798 2311 841 :
2344 779 2668 861 Numquid
2703 799 2853 842 cura
2886 787 2982 843 est
3011 780 3140 842 Deo
3169 780 3246 841 de
3280 779 3533 842 bobus?
3562 791 3754 836 teor-nx

2039 877 2203 958 Ergo
2251 877 2637 940 irrationalia
2694 897 2821 941 uon
2872 879 3106 941 cadunt
3154 878 3273 940 suh
3323 878 3531 960 provi-

2038 976 2254 1039 dentia
2303 977 2437 1052 Dei,
2489 977 2839 1058 praesertim
2889 985 3198 1059 quantum
3245 977 3322 1039 ad
3373 977 3534 1039 indi-

2039 1075 2233 1138 vidua
2274 1095 2389 1138 sua
2432 1095 2446 1138 :
2489 1085 2553 1138 et
2593 1077 2671 1139 ad
2722 1076 2842 1138 hoc
2891 1076 3150 1158 ponitur
3199 1077 3535 1139 manifesta

2037 1175 2378 1236 auctoritas
2420 1175 2785 1258 Hieronymi
2826 1175 2891 1237 in
2936 1175 3161 1237 littera.
3194 1211 3274 1220 —
3304 1177 3535 1239 Secun-
3648 1195 3657 1201 ·

2037 1273 2138 1342 do,
2172 1274 2325 1355 quia
2354 1274 2607 1336 videtur
2637 1275 2937 1354 derogare
2975 1275 3366 1338 excellentiae
3397 1275 3529 1348 Dei,

2036 1371 2364 1434 sollicitari
2412 1373 2489 1434 de
2534 1372 2769 1434 vilibus
2812 1380 2876 1435 et
2918 1372 3161 1435 infimis
3210 1374 3419 1436 rebuS.
3455 1409 3534 1418 —

2036 1470 2581 1551 Tertio,quoniam
2616 1472 2960 1552 provisoris
2991 1473 3317 1554 sapientire
3344 1479 3535 1554 atque

2038 1569 2339 1649 potentiae
2399 1570 2677 1651 derogat,
2738 1570 3107 1652 permittere
3172 1571 3337 1632 mala
3393 1589 3537 1652 quae

2037 1674 2253 1748 posset
2310 1687 2688 1749 praecavere,
2738 1678 2802 1731 et
2854 1687 2980 1732 non
3040 1668 3247 1733 facere
3308 1670 3535 1732 melius

2035 1783 2223 1826 suum
2257 1766 2334 1827 ad
2366 1766 2485 1829 hoc
2516 1767 2685 1848 quod
2718 1768 2882 1830 mala
2911 1768 3225 1846 vitentur3
3256 1786 3373 1830 nec
3404 1787 3540 1850 per-

423 1865 510 1926 tia
558 1865 920 1928 necessario
967 1866 1251 1928 continet
1297 1865 1655 1927 virtualiter
1703 1881 1924 1926 omnes
1961 1862 2008 1924 B
2039 1863 2289 1926 mittere
2333 1865 2521 1927 debet
2564 1873 2632 1927 ut
2676 1866 3031 1928 increscant
3070 1874 3133 1928 et
3176 1867 3287 1928 diu
3331 1867 3537 1948 impu-

423 1982 546 2036 res,
568 1970 634 2024 et
665 1971 1076 2045 repraesentat
1105 1982 1210 2026 eas
1243 1971 1312 2026 ut
1343 1962 1672 2038 creabileS,
1705 1981 1924 2044 quam-

421 2060 521 2123 vis
571 2079 702 2124 non
752 2069 824 2123 ut
871 2061 1192 2124 creandas,
1239 2061 1315 2123 Et
1365 2061 1668 2144 quoniam
1717 2060 1924 2122 omnis

423 2160 748 2242 quidditas
811 2160 1159 2242 cujuslibet
1216 2160 1308 2222 rei
1363 2159 1728 2223 exsistentis
1790 2159 1926 2220 sive

421 2257 770 2340 possibiliS,
804 2267 933 2321 tam
973 2259 1328 2320 secuudum
1367 2277 1434 2320 se
1475 2276 1667 2340 quam
1707 2275 1928 2319 secun-

423 2357 578 2419 dum
609 2357 826 2420 omnia
855 2377 997 2439 quae
1029 2365 1296 2439 possunt
1325 2355 1449 2418 sibi
1482 2357 1711 2429 inesse,
1737 2355 1927 2417 habet

424 2455 736 2518 rationem
768 2455 1102 2534 creabilis3
1135 2463 1324 2537 prout
1354 2473 1504 2518 vero
1536 2455 1806 2518 includit
1835 2473 1928 2516 es-

423 2572 494 2616 se
552 2561 666 2615 aut
720 2552 878 2628 fore,
941 2553 1133 2616 habet
1189 2555 1499 2617 rationem
1563 2553 1758 2615 creati
1819 2559 1928 2613 aut

425 2651 684 2716 creandi
719 2668 734 2713 z
769 2652 911 2715 ideo
953 2653 1164 2715 omnis
1207 2652 1528 2734 quidditas
1579 2671 1792 2714 rerum
1836 2669 1928 2712 se-

423 2751 710 2813 cundum
755 2769 823 2812 se
863 2759 926 2812 et
965 2751 1318 2813 secundum
1361 2769 1436 2813 ea
1477 2769 1618 2832 quae
1663 2755 1929 2831 possunt

423 2848 550 2911 sibi
601 2849 813 2912 inesse
860 2850 962 2912 vel
1012 2849 1376 2924 convenire,
1430 2848 1787 2911 necessario
1838 2865 1928 2908 re-

424 2955 847 3028 praesentatur
876 2948 940 3010 in
971 2947 1188 3011 divina
1217 2948 1523 3027 essentia3
1557 2965 1684 3010 non
1713 2953 1927 3008 autem

2036 1963 2170 2024 nita
2208 1972 2596 2039 remaneant,
2630 1964 2781 2047 quia
2809 1983 2886 2029 ex
2923 1965 3043 2027 hoc
3072 1965 3275 2028 oritur
3315 1965 3535 2026 multis

2036 2062 2343 2143 peccandi
2391 2063 2675 2126 audacia.
2718 2064 3053 2147 Quumque
3096 2064 3261 2126 Deus
3310 2064 3394 2126 sit
3442 2083 3536 2126 sa-

2037 2160 2293 2242 pientiae
2321 2168 2384 2223 et
2414 2162 2707 2243 potentiae
2739 2162 2868 2224 imo
2897 2170 2960 2223 et
2986 2161 3251 2242 justitiae
3282 2163 3536 2244 penitus

2037 2258 2331 2334 infinitae,
2384 2260 2636 2322 videtur
2693 2261 2861 2343 quod
2924 2261 3059 2342 ipse
3118 2261 3403 2343 regimen
3462 2280 3534 2323 ac

2033 2356 2562 2438 gubernationem
2608 2377 2733 2420 non
2776 2358 3003 2420 habeat
3043 2359 3348 2433 universi,
3384 2379 3539 2441 prae·

2035 2455 2257 2517 sertim
2299 2475 2498 2538 quum
2544 2455 2710 2519 mala
2749 2465 2820 2518 ut
2865 2457 2930 2518 in
2975 2457 3268 2539 pluribus
3310 2456 3488 2519 fiant.

2116 2555 2187 2615 In
2227 2555 2613 2617 contrarium
2660 2564 2806 2617 sunt
2844 2555 3253 2618 auctoritates
3294 2563 3358 2617 et
3396 2555 3537 2636 plu·
3621 2573 3633 2584 ·

2038 2652 2216 2717 rimae
2256 2652 2551 2716 rationes.
2588 2653 2908 2736 Scriptum
2938 2661 3035 2716 est
3064 2655 3236 2716 enim
3272 2654 3336 2715 in
3366 2653 3481 2717 Job
3518 2673 3532 2716 :

2037 2751 2235 2823 Quem
2285 2751 2457 2814 enim
2506 2751 2701 2813 alium
2756 2753 2967 2833 posuit
3015 2755 3535 2834 superterram?

2036 2856 2145 2910 aut
2193 2869 2383 2931 quem
2444 2849 2773 2912 constituit
2821 2869 3013 2932 super
3060 2851 3281 2914 orbem
3342 2869 3533 2934 quem

2037 2946 2385 3009 fabricatus
2442 2950 2591 3009 esti
2641 2947 2718 3009 Et
2777 2947 2843 3009 in
2901 2948 3065 3011 libro
3126 2949 3465 3031 Sapientiae
3516 2970 3531 3014 ε

423 3054 618 3128 prout
678 3046 950 3108 includit
996 3065 1134 3109 esse
1192 3053 1302 3108 aut
1358 3044 1517 3120 fore,
1569 3043 1929 3108 necessario
1961 3045 2004 3110 C
2035 3045 2384 3128 AEqualiter
2425 3045 2483 3108 ei
2526 3065 2679 3108 cura
2720 3055 2815 3108 est
2857 3047 2935 3109 de
2978 3047 3299 3110 omnibus,

423 3153 920 3227 repraesentatur
969 3146 1034 3208 iu
1084 3144 1302 3208 divina
1350 3144 1647 3219 essentia,
1699 3144 1808 3206 sed
1859 3142 1930 3205 li-

421 3244 594 3305 bere.
621 3244 1130 3326 Repraesentatur
1161 3245 1334 3307 enim
1367 3262 1466 3306 res
1494 3243 1630 3307 sore
1660 3250 1770 3306 aut
1801 3260 1926 3305 non

417 3341 560 3405 fore
607 3361 725 3425 per
772 3342 1054 3406 divinam
1112 3344 1476 3417 essentiam,
1527 3360 1654 3405 non
1717 3350 1786 3404 ut
1833 3348 1930 3404 est

419 3441 632 3504 solum
681 3441 958 3505 essentia
1003 3442 1360 3505 virtualiter
1408 3442 1740 3505 continens
1797 3459 1929 3504 om-

421 3558 574 3601 nem
619 3558 780 3615 rem,
815 3540 926 3603 sed
972 3547 1040 3603 ut
1081 3549 1178 3603 est
1220 3541 1438 3604 volens
1481 3560 1616 3603 rem
1663 3540 1928 3622 possibi-

422 3637 552 3700 lem
584 3637 722 3700 [ονε
751 3646 860 3699 aut
888 3637 1033 3699 fieri
1069 3657 1082 3703 ε
1118 3638 1269 3720 quia
1300 3637 1498 3700 libere
1530 3639 1667 3700 vult
1699 3639 1838 3711 hoc,
1865 3646 1928 3700 et

419 3743 740 3818 quantum
783 3745 879 3799 est
919 3738 998 3799 de
1049 3744 1272 3799 natura
1314 3736 1680 3810 voluntatiS‚
1719 3744 1927 3817 potest

415 3836 544 3898 hoc
591 3834 758 3897 velle
801 3843 866 3897 et
909 3853 1037 3899 non
1080 3835 1262 3897 velle.
1306 3836 1566 3919 Propter
1613 3835 1781 3917 quod
1827 3854 1924 3897 res

415 3934 517 3996 sic
557 3952 687 3996 non
730 3934 1088 3997 necessario
1125 3934 1325 3997 scitur
1361 3954 1398 3996 a
1438 3935 1566 3996 Deo
1600 3953 1614 3997 :
1650 3934 1779 3996 imo
1817 3951 1924 4015 po-

419 4040 547 4095 test
577 4032 669 4094 sic
703 4030 868 4094 scire
907 4032 1076 4113 quod
1116 4032 1342 4107 nescit,
1374 4040 1436 4094 et
1468 4031 1712 4093 nescire
1755 4030 1926 4113 quod

415 4130 564 4193 scit.
612 4130 690 4193 Et
739 4130 860 4192 hoe
909 4130 1394 4211 intelligendum
1443 4139 1539 4193 est
1584 4130 1920 4193 absolute:

2114 3245 2209 3307 Ad
2278 3245 2398 3307 hoc
2460 3245 2995 3309 Antisiodorensis
3064 3249 3404 3331 respondet
3467 3249 3534 3312 in

2035 3344 2298 3406 Summa
2335 3363 2469 3418 sua,
2504 3344 2670 3408 libro
2698 3346 2907 3426 primo
2936 3355 2955 3408 ¹:
2990 3346 3390 3409 Providentia
3423 3348 3535 3411 Dei

2034 3450 2131 3503 est
2178 3442 2507 3524 diligentia
2554 3463 2680 3525 qua
2728 3444 3000 3507 subditis
3050 3445 3183 3508 suis
3233 3452 3295 3507 et
3344 3446 3535 3509 rebus

2035 3540 2263 3603 creatis
2305 3542 2661 3604 necessaria
2706 3542 3043 3617 ministrat,
3083 3544 3218 3605 sive
3260 3544 3388 3606 sint
3428 3544 3536 3606 bo-

2034 3658 2136 3712 na,
2171 3638 2307 3701 sive
2346 3637 2512 3700 mala
2555 3639 2848 3721 poenalia,
2884 3659 2997 3721 per
3035 3660 3177 3722 quae
3216 3641 3381 3703 Deus
3420 3640 3534 3704 sla-

2033 3736 2225 3817 gellat
2263 3737 2554 3799 homines
2594 3737 2670 3798 ad
2711 3738 3177 3819 correptionem
3217 3747 3278 3800 et
3319 3756 3535 3801 emen-

2034 3835 2461 3898 dationem.—
2476 3836 2649 3898 Unde
2680 3836 3028 3898 secundum
3060 3838 3533 3913 Damascenum,

2034 3934 2435 3997 Providentia
2491 3941 2589 3997 est
2643 3934 2937 3999 voluntas
2995 3936 3107 3998 Dei
3171 3955 3285 4017 per
3341 3955 3533 4018 quam

2034 4051 2174 4114 quae
2224 4041 2373 4095 sunt
2421 4032 2637 4096 omnia
2687 4033 3173 4096 convenientem
3232 4035 3533 4098 ducatum

2033 4131 2411 4213 suscipiunt.
2465 4132 2704 4194 Asserit
2759 4150 3036 4214 quoque,
3098 4133 3266 4215 quod
3327 4135 3536 4215 provi-

415 4228 577 4311 quia
603 4248 682 4291 ex
713 4228 1488 4311 suppositione,videlicet
1519 4229 1724 4311 posito
1754 4230 1922 4311 quod
1953 4231 2002 4293 D
2033 4230 2249 4293 dentia
2288 4231 2398 4293 Dei
2434 4239 2529 4293 est
2558 4230 2792 4312 duplex
2828 4250 2841 4294 :
2878 4251 3002 4294 una
3042 4232 3393 4295 secundum
3434 4252 3533 4295 ac-

412 4327 666 4410 aliquid
724 4328 884 4389 sciat
941 4326 1098 4401 fore,
1152 4326 1550 4410 impossibile
1607 4336 1702 4389 est
1752 4328 1921 4409 quod

415 4426 664 4489 nesciat
715 4426 927 4509 ipsum
977 4425 1135 4500 fore,
1181 4446 1381 4508 quum
1431 4426 1513 4488 sit
1563 4426 1924 4489 immutabi-

417 4526 523 4600 lis,
555 4545 676 4589 nec
705 4525 1196 4589 contradictoria
1225 4524 1418 4587 simul
1449 4533 1634 4588 stent.
1669 4562 1748 4572 —
1777 4526 1921 4589 Haec

415 4625 778 4688 DuranduS.

865 4878 1338 4953 QUAESTIO
1408 4878 1486 4942 II

561 5117 768 5182 Einde
824 5118 1152 5201 quaeritur,
1203 5118 1332 5184 An
1388 5117 1600 5185 Deus
1657 5118 1920 5199 provi-

589 5218 946 5286 dentiam
1010 5216 1306 5285 habeat
1361 5219 1920 5284 universorum

413 5319 505 5385 et.
549 5316 1079 5395 singulorum.

669 5448 735 5501 T.
773 5448 855 5501 20.

2033 4329 2459 4411 ceptationem
2493 4348 2510 4408 3
2566 4328 2691 4391 alia
2752 4331 3105 4392 secundum
3168 4331 3531 4395 concessio-

2033 4446 2195 4489 nem.
2211 4428 2609 4491 Providentia
2638 4428 2983 4490 secundum
3014 4429 3527 4512 acceptationem,

2031 4533 2128 4587 est
2157 4525 2326 4588 circa
2356 4544 2431 4587 ea
2458 4544 2601 4607 quae
2634 4524 2771 4607 ipsa
2802 4526 3135 4590 traditione
3167 4537 3309 4591 sunt
3338 4528 3524 4605 bona,

2032 4632 2102 4686 ut
2131 4625 2333 4705 gratia
2360 4631 2421 4686 et
2450 4624 2683 4705 gloria:
2709 4624 3064 4706 spiritualia
3093 4626 3335 4710 quippe
3364 4627 3530 4691 bona

2032 4722 2138 4785 dat
2175 4724 2341 4785 Deus
2380 4743 2458 4786 ex
2498 4723 2705 4785 corde.
2738 4723 3137 4787 Providentia
3175 4726 3529 4789 secundum

2033 4820 2641 4896 concessionem,est
2670 4821 2961 4885 voluntas
2992 4823 3103 4884 Dei
3134 4840 3529 4906 consequens

2031 4939 2110 4983 ex
2139 4928 2355 4983 nostra
2384 4920 2573 5003 culpa
2604 4939 2619 4984 :
2654 4920 2821 4981 sicut
2852 4920 3098 5001 punire,
3133 4921 3303 5003 quod
3341 4922 3528 4984 uobis

2033 5019 2351 5101 infligitur
2393 5038 2471 5081 ex
2515 5026 2729 5081 nostro
2776 5026 3053 5099 peccato.
3097 5018 3269 5081 Hanc
3318 5021 3529 5101 provi-

2032 5120 2313 5181 dentiam
2348 5125 2530 5181 vocat
2565 5117 2988 5179 Damascenus
3025 5117 3525 5195 derelictionem,

2032 5236 2224 5300 quam
2274 5217 2340 5278 in
2389 5217 2544 5279 duas
2592 5215 2820 5277 dividit
2868 5214 3112 5296 species
3158 5231 3172 5278 ε
3225 5218 3527 5299 quoniam

2031 5316 2323 5399 quaedam
2361 5322 2457 5377 est
2486 5314 2813 5377 derelictio
2847 5314 3277 5397 dispensativa
3316 5318 3525 5381 erudi-

3214 5451 3277 5504 32

3588 2765 3669 2808 Job
3688 2779 3815 2808 xxxiv

3569 2831 3633 2870 ¹3.

3760 795 3825 844 ,9.
