4359 6250
571 785 744 840 Aug.de
755 784 844 826 Tri-

571 849 722 896 ιιίιιίε,
763 847 836 890 lib.

573 924 614 961 v,
637 923 675 952 c.
701 913 762 950 ¹5.

581 1240 687 1283 Ibid.
707 1253 747 1283 c.
771 1243 834 1284 16.

865 454 943 518 66
1773 471 1946 517 LIBER
1988 471 2008 516 1
2052 470 2533 516 εΕΝΤΕΝτῐΑΒιτΜ.
2580 488 2661 498 -
2702 471 2853 516 msr.
2901 471 3052 516 xvm

865 663 1020 708 narn
1059 647 1120 708 et
1162 645 1310 707 ante
1351 643 1476 707 fuit
1512 645 1760 707 donum
1799 663 1998 725 quam
2041 644 2412 706 donaretur.
2458 644 2644 706 Unde
2678 644 3087 724 Augustinus
3124 644 3192 705 in
3232 643 3462 724 quinto
3494 643 3661 706 libro
3700 644 3781 706 de
3817 644 3958 706 Tri-

866 763 1068 824 nitate
1111 783 1124 822 :
1169 762 1440 842 Semper
1485 761 1770 841 Spiritus
1818 762 2095 824 Sanctus
2149 761 2464 840 procedit,
2512 762 2575 822 et
2626 777 2759 822 non
2816 778 2898 822 ex
2952 762 3268 840 tempore,
3319 760 3434 822 sed
3479 759 3560 821 ab
3604 760 3960 822 aeternitate

867 879 1177 958 procedit.
1221 877 1349 941 Sed
1377 877 1532 956 quia
1570 878 1664 939 sic
1693 876 2082 957 procedebat
2110 878 2185 938 ut
2222 877 2394 938 esset
2421 875 2746 954 donabile,
2777 876 2915 954 jam
2960 876 3208 937 donum
3246 877 3383 938 erat
3413 878 3765 956 autequam
3797 877 3966 938 esset

866 995 971 1056 cui
1009 995 1379 1057 donaretur.
1425 994 1633 1056 Aliter
1676 994 1851 1056 enim
1903 992 2312 1072 intelligitur,
2355 1010 2561 1072 quum
2614 992 2853 1055 dicitur
2890 993 3175 1073 donum3
3216 992 3427 1072 aliter,
3468 1009 3673 1072 quum
3730 993 3967 1053 dicitur

864 1110 1202 1173 donatum.
1255 1112 1426 1174 Nam
1473 1111 1720 1172 donum
1768 1111 1984 1189 potest
2039 1126 2180 1171 esse
2237 1109 2436 1172 etiam
2491 1111 2841 1189 antequam
2896 1109 3126 1190 detur3
3167 1109 3485 1171 donatum
3544 1111 3791 1186 autem,
3840 1108 3963 1169 nisi

864 1226 1092 1288 datum
1133 1227 1351 1305 fuerit,
1387 1226 1568 1288 nullo
1607 1226 1803 1288 modo
1835 1224 1962 1287 dici
2005 1226 2243 1305 potest.
2287 1225 2694 1306 sempiterne
2733 1243 2885 1306 ergo
2924 1225 3209 1305 Spiritus
3246 1226 3523 1288 Sanctus
3561 1227 3657 1288 est
3690 1225 3959 1300 donum,

863 1343 1309 1423 temporaliter
1345 1343 1562 1405 autem
1597 1342 1936 1404 donatum.
1977 1341 2101 1403 His
2139 1341 2357 1404 verbis
2394 1343 2613 1422 aperte
2653 1341 3039 1421 ostenditur,
3064 1341 3241 1422 quod
3270 1342 3439 1404 sicut
3476 1340 3761 1423 Spiritus
3800 1342 3961 1402 San-

863 1458 1007 1520 ctus
1057 1458 1139 1520 ab
1183 1460 1424 1522 aeterno
1472 1458 1788 1539 procedit,
1842 1458 1932 1520 ita
1981 1457 2063 1520 ab
2113 1458 2357 1521 aeterno
2405 1457 2655 1520 donum
2708 1459 2807 1520 est
2849 1477 2861 1517 :
2905 1475 3037 1520 non
3088 1458 3245 1538 quia
3291 1458 3643 1519 donaretur
3685 1473 3724 1518 a
3774 1456 3961 1518 Patre

861 1574 1056 1666 Filio,
1106 1575 1208 1638 vel
1255 1593 1295 1638 a
1339 1574 1510 1637 Filio
1559 1574 1774 1654 Patri;
1819 1574 1934 1636 sed
1981 1575 2138 1654 quia
2186 1573 2268 1636 ab
2315 1575 2558 1638 aeterno
2606 1575 2927 1654 processit
2972 1574 3319 1638 donabilis

1858 1836 1934 1896 E.
1993 1835 2366 1902 Quaeritur
2402 1838 2525 1896 cui
2570 1838 2962 1898 donabilis.

994 2073 1122 2139 Sed
1159 2074 1475 2155 quaeritur
1513 2075 1617 2136 cui
1647 2074 1996 2154 donabiliS,
2037 2075 2261 2136 utrum
2297 2075 2479 2138 Patri
2520 2078 2584 2138 et
2620 2076 2815 2153 Filio,
2848 2091 2931 2136 an
2970 2075 3227 2136 tantum
3265 2073 3478 2152 nobis,
3521 2075 3635 2154 qui
3672 2074 3964 2136 nondum

863 2207 1144 2253 eramus„
1202 2191 1272 2253 Si
1319 2191 1541 2253 autern
1591 2207 1724 2252 non
1775 2191 1912 2253 erat
1956 2189 2282 2253 donabilis
2336 2191 2514 2253 Patri
2567 2192 2631 2254 et
2668 2191 2862 2270 Filio,
2904 2191 3020 2253 sed
3066 2191 3322 2252 tantum
3368 2189 3599 2270 nobis3
3649 2191 3715 2254 et
3763 2208 3844 2254 ex
3890 2207 3965 2252 eo

862 2306 1111 2368 donum
1171 2307 1330 2386 erat,
1384 2307 1540 2386 quia
1590 2307 1684 2368 sic
1734 2306 2061 2369 donabilis
2116 2306 2507 2388 procedebat
2562 2327 2575 2366 ε
2632 2307 2891 2370 videtur
2937 2308 3114 2387 quod
3172 2307 3381 2369 Filius
3436 2323 3695 2388 semper
3742 2307 3965 2369 eadem

861 2422 1114 2484 ratione
1142 2422 1389 2483 donum
1421 2421 1640 2499 fuerit,
1682 2422 1838 2502 quia
1875 2421 1956 2483 ab
1995 2423 2238 2484 aeterno
2278 2423 2597 2502 processit
2626 2441 2663 2484 a
2700 2422 2915 2500 Patre,
2957 2421 3283 2484 donabilis
3321 2421 3511 2484 nobis
3549 2423 3620 2484 in
3650 2423 3964 2503 tempore.

631 2574 742 2610 mx,
794 2590 806 2603 .
862 2537 1032 2601 Nam
1090 2538 1154 2599 et
1206 2538 1286 2600 de
1340 2537 1509 2600 Filio
1567 2537 1806 2619 legitur
1861 2538 2039 2618 quod
2083 2538 2277 2599 datus
2328 2539 2424 2600 est
2472 2538 2684 2600 nobis.
2743 2538 2844 2600 Ad
2888 2539 3065 2619 quod
3120 2539 3426 2618 dicimuS,
3482 2539 3637 2619 quia
3685 2539 3969 2619 Spiritus

627 5044 804 5087 Ibidem.

859 2655 1138 2717 Sanctus
1165 2654 1356 2717 uobis
1392 2654 1673 2734 tantum,
1715 2673 1848 2717 non
1883 2654 2064 2716 Patri
2097 2654 2199 2716 vel
2229 2655 2423 2734 Filio,
2464 2655 2789 2718 donabilis
2828 2656 3167 2736 processit,
3202 2656 3374 2718 sicut
3402 2657 3465 2718 et
3492 2656 3685 2719 nobis
3712 2657 3967 2718 tantum

859 2769 1050 2833 datus
1101 2771 1220 2833 est.
1265 2771 1349 2832 Et
1397 2771 1607 2833 Filius
1640 2789 1788 2834 vere
1835 2772 2028 2832 datus
2082 2770 2180 2832 est
2230 2770 2443 2848 nobiS,
2490 2773 2553 2833 et
2602 2771 2684 2833 ab
2736 2773 2976 2834 aeterno
3029 2772 3349 2852 processit
3396 2789 3433 2833 a
3468 2771 3685 2849 Patre,
3728 2789 3857 2834 non
3896 2773 3970 2835 ut

860 2885 1186 2949 donabilis
1233 2887 1514 2964 tanturn,
1557 2887 1671 2949 sed
1708 2889 1782 2948 ut
1817 2887 2077 2966 genitus
2116 2887 2231 2968 qui
2270 2889 2335 2949 et
2380 2886 2609 2948 donari
2650 2885 2891 2966 posset.
2934 2885 3264 2948 Processit
3305 2903 3457 2966 ergo
3496 2885 3571 2947 ut
3607 2886 3868 2965 genitus
3906 2887 3969 2948 et

861 3000 1208 3062 donabilis
1252 3002 1380 3064 Sed
1427 3001 1713 3081 Spiritus
1768 3003 2045 3065 Sanctus
2101 3020 2235 3064 non
2279 3002 2573 3083 procedit
2630 3002 2704 3064 ut
2748 3002 3032 3081 genitUS,
3076 3002 3190 3064 sed
3246 3002 3502 3063 tantum
3564 3001 3638 3063 ut
3689 3001 3957 3063 donum.

863 3117 1128 3181 Donum
1169 3118 1386 3179 autem
1427 3136 1685 3197 semper
1716 3117 1863 3196 fuit,
1893 3136 2022 3180 non
2053 3118 2268 3181 solum
2310 3118 2466 3198 quia
2493 3116 2842 3196 donabiliS,
2867 3117 2982 3180 sed
3012 3117 3168 3197 quia
3198 3116 3280 3179 ab
3309 3119 3587 3198 utroque
3624 3117 3967 3199 processit,
4004 3143 4013 3150 ·

763 3256 789 3287 0
824 3276 834 3287 .
865 3233 931 3293 et
967 3232 1123 3311 quia
1172 3232 1497 3295 donabilis
1549 3232 1696 3294 fuit.
1734 3234 1917 3294 Unde
1955 3232 2368 3313 Augustinus
2419 3233 2485 3294 in
2524 3232 2753 3312 quinto
2803 3232 2968 3294 libro
3021 3232 3101 3295 de
3138 3232 3453 3295 Trinitate
3503 3233 3595 3295 ait
3629 3253 3642 3291 ε
3678 3234 3773 3295 Eo
3826 3232 3971 3312 ipso

865 3349 1042 3427 quod
1087 3348 1360 3411 daturus
1398 3349 1536 3411 erat
1581 3366 1730 3411 eum
1780 3350 1983 3427 Demi,
2029 3349 2168 3427 jam
2217 3348 2465 3410 donum
2510 3350 2667 3426 erat,
2712 3349 2911 3411 etiam
2963 3350 3313 3428 antequam
3364 3350 3645 3411 daretur.
3690 3350 3773 3410 Et
3822 3348 3971 3410 ideo

863 3463 1189 3541 donabilis
1235 3466 1355 3543 est,
1397 3466 1512 3527 sed
1551 3464 1737 3527 aliter
1783 3466 2107 3527 donabilis
2155 3482 2355 3546 quarn
2408 3464 2618 3527 Filius
2662 3485 2675 3524 τ
2718 3482 2871 3526 nam
2919 3467 2983 3527 et
3020 3464 3207 3527 aliter
3253 3465 3445 3527 datus
3496 3466 3561 3528 et
3598 3466 3787 3529 aliter
3820 3482 3975 3545 pro-

863 3582 1059 3643 cessit
1095 3598 1294 3661 quam
1332 3581 1565 3643 Filius,
1613 3581 1767 3642 Filii
1811 3582 1987 3643 enim
2027 3582 2359 3661 processio
2399 3581 2700 3661 genitura
2738 3582 2837 3643 est
2876 3581 2977 3643 vel
3015 3581 3366 3662 nativitas;
3412 3581 3697 3661 Spiritus
3748 3581 3971 3644 Sancti

863 3714 1015 3760 vero
1063 3698 1392 3779 processio
1441 3698 1751 3761 nativitas
1799 3716 1930 3760 non
1977 3700 2076 3761 est
2117 3718 2131 3759 :
2186 3699 2461 3777 utraque
2502 3714 2652 3759 vero
2702 3696 3052 3759 ineffabilis
3100 3698 3219 3760 est.

861 3967 935 4030 F.
975 3971 1171 4036 Quod
1213 3971 1406 4031 sicut
1441 3972 1674 4031 Filius
1707 3974 2072 4032 nascendo
2107 3969 2389 4040 accepit
2424 3983 2573 4030 non
2611 3968 2902 4029 tantum
2938 3969 3020 4029 ut
3066 3970 3252 4030 esset
3288 3972 3544 4044 Filius,
3576 3974 3705 4032 sed
3742 3970 3977 4032 etiam

995 4087 1311 4148 essentia
1347 4107 1375 4162 ,·
1425 4088 1532 4148 ita
1595 4088 1666 4147 et
1726 4087 2052 4158 Spiritus
2109 4087 2423 4148 Sanctus
2475 4089 2934 4158 procedendo
2998 4087 3279 4159 accepit
3333 4102 3483 4149 non
3538 4087 3829 4149 tantum
3890 4088 3981 4148 ut

997 4204 1182 4266 esset
1229 4208 1527 4276 donum,
1579 4206 1706 4264 sed
1751 4203 1982 4263 etiam
2027 4204 2110 4264 ut
2154 4204 2341 4265 esset
2387 4203 2729 4265 essentia.

1000 4444 1085 4505 Et
1127 4442 1514 4521 notandum,
1557 4442 1734 4521 quod
1777 4440 1949 4503 sicut
1984 4440 2196 4502 Filius
2234 4440 2557 4502 nascendo
2596 4440 2845 4519 accepit
2886 4458 3019 4502 non
3056 4441 3312 4502 tantum
3350 4443 3426 4502 ut
3461 4440 3672 4503 Filius
3708 4442 3817 4521 sit,
3858 4442 3984 4505 sed

869 4558 1136 4622 omnino
1190 4558 1264 4619 ut
1315 4558 1424 4636 sit,
1467 4558 1532 4619 et
1583 4558 1658 4619 ut
1694 4557 1836 4636 ipsa
1883 4555 2251 4618 substantia
2300 4555 2422 4635 sit3
2464 4556 2555 4617 ita
2604 4556 2667 4618 et
2714 4555 2997 4635 Spiritus
3046 4556 3323 4618 Sanctus
3378 4574 3417 4617 a
3462 4556 3655 4619 Patre
3703 4560 3765 4619 et
3804 4557 3982 4620 Filio

869 4672 1276 4754 procedendo
1335 4673 1583 4753 accepit
1639 4688 1771 4734 non
1818 4672 2073 4733 tantum
2128 4672 2203 4732 ut
2250 4670 2535 4750 Spiritus
2588 4672 2864 4735 Sanctus
2911 4672 2997 4733 sit
3047 4671 3150 4733 vel
3191 4672 3464 4751 donum,
3512 4672 3627 4735 sed
3666 4674 3861 4736 etiam
3900 4676 3987 4735 ut

870 4788 1138 4851 omnino
1177 4788 1286 4867 sit,
1321 4789 1383 4850 et
1431 4790 1504 4850 ut
1541 4787 1908 4849 substantia
1949 4788 2034 4849 sit
2077 4806 2090 4847 :
2134 4786 2311 4866 quod
2349 4787 2577 4865 utique
2629 4804 2759 4848 non
2799 4787 3047 4868 accepit
3088 4806 3169 4849 ex
3209 4806 3284 4850 eo
3326 4788 3504 4868 quod
3552 4788 3765 4851 datur.
3802 4789 3989 4852 Nam

872 4922 1080 4986 quum
1117 4922 1250 4966 non
1286 4905 1476 4967 detur
1513 4904 1642 4966 nisi
1682 4922 1764 4966 ex
1801 4906 2117 4983 tempore,
2154 4904 2211 4965 si
2250 4904 2374 4964 hoc
2412 4903 2679 4965 haberet
2724 4920 2805 4965 ex
2844 4920 2919 4965 eo
2958 4904 3135 4983 quod
3173 4904 3387 4982 datur,
3428 4905 3786 4985 accepisset
3821 4922 3991 4984 ergo

873 5038 956 5084 ex
985 5022 1278 5099 tempore
1317 5022 1389 5082 ut
1428 5022 1619 5083 esset.
1656 5020 1841 5081 Unde
1881 5019 2292 5099 Augustinus
2332 5018 2398 5079 in
2438 5018 2667 5097 quinto
2714 5018 2877 5081 libro
2917 5018 2996 5080 de
3034 5019 3350 5083 Trinitate
3386 5040 3399 5079 :
3435 5020 3647 5083 Filius
3684 5038 3815 5082 non
3852 5020 3999 5085 hoe

871 5138 1126 5198 tantum
1190 5136 1382 5198 habet
1445 5136 1793 5215 nascendO,
1842 5137 1915 5195 ut
1958 5136 2042 5195 sit
2091 5134 2323 5213 Filius,
2368 5134 2483 5196 sed
2534 5134 2802 5195 omnino
2864 5136 2938 5195 ut
2993 5135 3099 5196 sit.
3144 5134 3475 5207 Quaeritur
3530 5154 3707 5216 erg0,
3754 5138 3999 5203 utrum

872 5252 1156 5331 Spiritus
1204 5253 1482 5313 Sanctus
1520 5270 1594 5313 eo
1635 5252 1812 5331 quod
1864 5251 2078 5329 datur,
2113 5250 2349 5312 habeat
2393 5268 2526 5313 non
2565 5252 2820 5312 tantum
2868 5252 2943 5312 ut
2978 5250 3225 5313 donum
3276 5252 3385 5327 sit,
3426 5252 3541 5313 sed
3591 5253 3857 5315 omnino
3910 5258 4002 5318 ut
