4359 6250
838 464 959 531 624
1758 483 1933 531 mmm
1974 485 1995 530 1
2039 482 2521 530 snm-ammaim.
2569 501 2649 512 —
2691 484 2842 529 ms'r.
2889 482 3030 528 itu-1

843 660 1085 741 aliquis
1129 661 1435 743 operatur
1472 660 1747 739 malum,
1782 660 1938 740 quia
1976 660 2233 721 tantum
2268 657 2423 722 boni
2462 659 2642 721 Deus
2679 660 2906 721 auctor
2943 660 3064 722 est.
3092 658 3236 723 Hoc
3274 660 3494 723 autem
3531 658 3946 739 Augustinus

597 802 706 855 Aug.
736 800 813 844 ub.
846 777 913 840 in
952 778 1183 841 eodem
1220 777 1387 841 libro
1427 778 1647 858 aperte
1681 776 1987 858 explicat,
2022 776 2115 839 ita
2147 776 2374 839 dicens
2407 796 2421 837 z
2457 774 2586 849 Qui
2625 775 2925 838 omnium
2965 793 3114 856 quae
3151 778 3304 839 sunt
3347 778 3575 838 auctor
3611 776 3735 855 est,
3765 776 3832 839 et
3867 774 3948 837 ad

549 862 818 983 ‹lif-{2¹2}
846 893 1035 976 cujus
1081 894 1442 957 bonitatem
1500 893 1567 955 id
1618 893 1898 975 pertinet
1952 893 2026 955 ut
2072 893 2161 956 sit
2210 909 2404 955 omne
2451 892 2630 972 quod
2685 895 2807 972 est,
2856 891 3014 955 boni
3070 892 3528 955 tantummodo
3578 909 3778 955 causa
3823 892 3944 954 est.

843 1010 1163 1083 Quocirca
1207 1010 1364 1072 mali
1410 1009 1640 1072 auctor
1682 1026 1814 1072 non
1862 1010 1961 1072 est
2002 1029 2016 1069 :
2060 1010 2125 1071 et
2166 1008 2316 1071 ideo
2367 1008 2507 1089 ipse
2549 1024 2890 1071 summum
2938 1007 3188 1071 bonum
3237 1009 3358 1089 est,
3399 1026 3438 1071 a
3475 1025 3609 1089 quo
3648 1007 3717 1069 in
3763 1006 3948 1069 nullo

840 1127 1115 1191 deficere
1160 1126 1410 1190 bonum
1459 1127 1580 1206 est,
1622 1127 1687 1189 et
1729 1126 1980 1189 malum
2028 1127 2127 1189 est
2174 1126 2470 1188 deficere.
2522 1125 2670 1188 Non
2719 1125 2819 1188 est
2869 1142 3022 1205 ergo
3073 1142 3272 1188 causa
3321 1125 3689 1205 deficiendi,
3729 1125 3799 1187 id
3849 1124 3952 1187 θεῖ

812 1244 1148 1308 'tendendi
1185 1244 1268 1307 ad
1303 1260 1436 1306 non
1475 1260 1640 1322 esse,
1674 1244 1815 1325 qui,
1845 1244 1923 1306 ut
1958 1243 2050 1305 ita
2085 1243 2327 1321 dicam,
2370 1241 2628 1305 essendi
2665 1258 2862 1305 causa
2899 1244 3040 1305 est:
3073 1243 3229 1324 quia
3267 1243 3567 1305 omnium
3604 1260 3752 1323 quae
3791 1243 3952 1305 suut

840 1362 1066 1424 auctor
1113 1362 1234 1441 est,
1276 1377 1423 1441 quae
1470 1360 1537 1422 in
1581 1360 1901 1440 quantum
1934 1361 2112 1438 sunt,
2153 1359 2327 1421 bona
2372 1358 2548 1421 sunt.
2585 1392 2667 1405 —
2705 1359 2872 1422 Ecce
2913 1360 3134 1439 aperte
3182 1358 3407 1439 habeS,
3446 1359 3625 1440 quod
3673 1358 3950 1422 deficere

838 1497 877 1542 a
918 1478 1079 1557 Deo,
1121 1477 1236 1558 qui
1286 1493 1622 1539 summum
1676 1478 1775 1539 est
1824 1476 2098 1556 bonum,
2140 1475 2392 1539 malum
2443 1475 2562 1538 θεῖ.
2605 1474 2778 1538 Mala
2831 1492 2984 1556 ergo
3037 1475 3272 1555 facere,
3315 1476 3560 1539 malum
3616 1476 3716 1538 est
3756 1493 3770 1537 :
3811 1492 3948 1537 non

842 1611 996 1676 ergo
1042 1594 1183 1659 Deo
1230 1596 1493 1657 auctore
1541 1592 1644 1656 vel
1693 1593 1951 1657 volente
1998 1592 2172 1655 mala
2219 1592 2406 1655 fiunt.

1182 1798 1264 1861 N.
1322 1801 1642 1873 objectio
1690 1803 2185 1875 quorumdam
2230 1800 2626 1873 sophistica
2675 1813 2822 1874 qua
2863 1802 3195 1873 probare
3239 1801 3609 1873 nituntur,

1777 1932 1874 1978 ex
1919 1919 2063 1979 Deo
2113 1930 2268 1978 esse
2315 1920 2505 1991 quod
2549 1920 2759 1979 mala
2806 1918 3011 1988 liant.

979 2086 1130 2149 Jam
1166 2085 1561 2150 sufficienter
1590 2086 1929 2149 ostensum
1966 2087 2087 2165 est,
2120 2085 2299 2167 quod
2335 2085 2477 2149 Deo
2511 2086 2774 2150 auctore
2811 2104 2944 2149 non
2981 2085 3150 2149 fiunt
3187 2085 3382 2149 mala.
3411 2083 3696 2159 Quidam
3725 2086 3946 2148 tamen

622 2220 767 2265 Ecca.
848 2204 1205 2285 sophistice
1248 2202 1641 2282 incedenteS,
1676 2203 1740 2265 et
1778 2203 1923 2265 ideo
1970 2203 2111 2265 Deo
2151 2201 2452 2281 odibiles,
2496 2202 2770 2283 probare
2817 2204 3157 2283 conantur,
3195 2221 3276 2266 ex
3313 2204 3454 2266 Deo
3500 2204 3764 2265 auctore
3803 2219 3948 2265 esse

558 2287 802 2337 '‘¹⁸⁹⁸'’23’
850 2319 1027 2401 quod
1082 2319 1256 2381 mala
1302 2318 1489 2397 fiunt,
1537 2318 1662 2381 hoc
1709 2317 1905 2381 modo
1952 2337 1965 2379 :
2016 2317 2209 2390 Quod
2267 2317 2440 2380 mala
2489 2318 2677 2398 fiunt,
2729 2336 2957 2382 verum
3011 2321 3147 2400 est;
3200 2335 3394 2382 omne
3441 2319 3662 2381 autem
3713 2336 3948 2381 verum

851 2436 1028 2516 quod
1071 2436 1193 2514 est,
1237 2452 1276 2498 a
1314 2435 1586 2499 veritate
1634 2435 1755 2515 θεῖ,
1798 2452 1945 2515 quae
1993 2436 2173 2497 Deus
2230 2435 2329 2497 est
2381 2454 2396 2496 :
2449 2452 2488 2496 a
2534 2434 2673 2497 Deo
2727 2452 2880 2515 ergo
2932 2437 3033 2498 θεῖ
3078 2435 3258 2516 quod
3301 2435 3474 2498 mala
3523 2435 3710 2498 fiunt.
3753 2434 3948 2509 Quod

848 2554 1067 2615 autem
1107 2569 1301 2615 omne
1342 2568 1573 2615 verum
1614 2568 1652 2614 a
1687 2552 1827 2615 Deo
1866 2551 1976 2631 sit,
2017 2551 2407 2614 confirmant
2442 2551 2828 2614 auctoritate
2866 2550 3246 2632 Augustini,
3279 2552 3348 2614 in
3386 2551 3552 2615 libro
3593 2551 3948 2614 LXXXIII

558 2695 818 2751 Αιιμμοει.
851 2667 1307 2742 Quaestionum
1359 2668 1450 2730 ita
1497 2667 1775 2730 dicentis
1818 2687 1832 2727 :
1876 2667 2087 2730 Omne
2137 2683 2371 2729 verum
2417 2684 2458 2729 a
2501 2667 2774 2730 veritate
2822 2685 3051 2730 verum
3105 2670 3239 2749 θεῖς
3291 2669 3390 2731 θεῖ
3437 2669 3656 2730 autem
3705 2668 3948 2731 veritas

556 2774 601 2816 ‘¹‘
626 2763 664 2801 ¹·
849 2784 1031 2847 Deus
1072 2802 1086 2843 :
1128 2784 1344 2846 Deum
1381 2800 1534 2865 ergo
1572 2782 1768 2846 habet
1804 2783 2138 2845 auctorem
2176 2798 2372 2844 omne
2406 2799 2658 2845 verum.
2683 2783 2803 2845 Est
2834 2784 3053 2845 autem
3087 2800 3318 2847 verum
3357 2783 3534 2864 quod
3571 2783 3745 2846 mala
3779 2784 3952 2847 fiunt

848 2900 952 2963 vel
1000 2901 1155 2963 sunt
1196 2920 1210 2961 :
1252 2900 1392 2963 Deo
1440 2917 1593 2981 ergo
1641 2900 1905 2962 auctore
1950 2900 2050 2961 θεῖ
2094 2898 2275 2979 quod
2317 2903 2472 2961 sunt
2519 2898 2622 2961 vel
2669 2900 2838 2962 fiunt
2884 2899 3078 2962 mala.

1299 3107 1377 3171 Ο.
1430 3110 1851 3183 Responsio,
1902 3100 2031 3170 ubi
2075 3108 2406 3171 concedit
2452 3121 2666 3171 omne
2715 3121 2974 3171 verum
3022 3123 3177 3171 esse
3225 3124 3271 3172 a
3322 3110 3494 3184 De0,

1996 3225 2069 3285 et
2110 3227 2483 3297 sophisma
2533 3225 2801 3298 aperit.

983 3395 1240 3470 Quibus
1296 3394 1485 3458 facile
1542 3395 1639 3458 θεῖ
1689 3393 1881 3456 nobis
1936 3393 2351 3474 respondere,
2403 3392 2518 3456 sed
2579 3392 2926 3472 indignum
2974 3392 3402 3473 responsione
3453 3391 3714 3456 videtur
3767 3393 3944 3474 quod

848 3514 1097 3578 dicunt.
1140 3514 1351 3577 Omne
1392 3529 1677 3594 namque
1724 3529 1954 3576 verum
1997 3529 2035 3574 a
2072 3512 2213 3575 Deo
2253 3512 2374 3588 est,
2415 3511 2488 3574 ut
2525 3511 2618 3573 ait
2655 3509 3067 3590 Augustinus
3109 3531 3124 3570 :
3163 3510 3268 3574 cui
3314 3512 3630 3573 consonat
3663 3510 3950 3574 Ambro-

557 3631 1013 3712 1c0r.xn,a.siuS,
1049 3631 1165 3712 qui
1204 3631 1487 3694 tractans
1527 3629 1693 3692 illud
1732 3627 2003 3692 verbum
2046 3627 2374 3709 Apostoli,
2414 3627 2627 3690 Nemo
2665 3627 2882 3708 potest
2917 3626 3154 3706 dicere,
3194 3626 3523 3690 Dominus
3557 3626 3775 3706 JeSUS,
3816 3627 3946 3691 nisi

602 3773 748 3818 Amin.
777 3774 823 3817 z„
849 3748 918 3810 in
956 3747 1206 3829 Spiritu
1246 3747 1507 3826 Sancto,
1548 3745 1709 3807 dicit
1753 3744 1933 3826 quod
1980 3760 2175 3807 omne
2212 3761 2444 3806 verum
2487 3760 2525 3805 a
2561 3759 2980 3824 quocumque
3025 3742 3288 3821 dicitur,
3329 3760 3367 3805 a
3409 3742 3658 3823 Spiritu
3705 3743 3946 3807 Sancto

559 3835 819 3888 ¹⁰⁰“¹¹¹'³'
850 3867 969 3930 est.
1012 3864 1234 3937 Quum
1285 3864 1509 3944 itaque
1557 3879 1787 3925 verum
1835 3861 1924 3924 sit
1970 3860 2147 3941 quod
2194 3860 2367 3922 mala
2413 3859 2602 3939 fiunt,
2644 3860 2768 3922 hoc
2815 3876 3045 3922 verum
3091 3858 3270 3939 quod
3315 3859 3556 3922 dicitur
3608 3859 3721 3923 illa
3766 3859 3950 3922 locu-

849 3983 1048 4062 tione,
1082 3980 1354 4060 scilicet,
1384 3979 1556 4041 mala
1594 3979 1782 4057 fiunt,
1816 3995 1853 4040 a
1884 3979 2023 4041 Deo
2054 3978 2196 4058 θεῖς
2236 3977 2352 4040 sed
2388 3995 2520 4040 non
2561 3976 2711 4040 inde
2749 3976 3068 4056 sequitur,
3095 3975 3270 4055 quod
3301 3993 3340 4038 a
3366 3975 3508 4038 Deo
3544 3976 3630 4039 sit
3663 3976 3738 4038 ut
3772 3976 3948 4039 mala

846 4099 1027 4161 fiant.
1079 4096 1150 4161 Si
1200 4096 1377 4158 enim
1424 4095 1549 4158 hoc
1599 4094 1945 4170 diceretur,
1996 4096 2226 4156 auctor
2277 4091 2601 4155 malorum
2651 4093 2834 4156 Deus
2881 4110 3023 4156 esse
3076 4091 3568 4172 intelligeretur.
3620 4091 3810 4166 Quod
3866 4110 3950 4155 ex

846 4214 1052 4278 simili
1104 4211 1451 4275 manifeste
1498 4210 1738 4275 falsum
1792 4210 2159 4274 ostenditur
2193 4229 2207 4271 ε
2249 4211 2432 4273 Deus
2475 4208 2779 4291 prohibet
2823 4207 3074 4271 furtum
3120 4207 3298 4288 fieri3
3339 4207 3454 4272 sed
3506 4207 3758 4272 furtum
3807 4209 3950 4272 fieri

848 4347 1079 4394 verum
1128 4331 1228 4394 est
1269 4349 1283 4389 :
1326 4345 1480 4410 ergo
1527 4328 1831 4410 prohibet
1878 4345 2130 4391 verum.
2172 4327 2321 4390 Non
2369 4326 2689 4406 sequitur.

1324 4525 1401 4586 P.
1452 4523 1761 4588 Partem
1805 4524 2229 4597 quaestionis
2277 4522 2645 4596 approbat
2689 4523 2999 4583 illorum
3043 4524 3171 4597 qui
3215 4522 3466 4587 dicunt

1819 4641 2049 4701 Deum
2094 4655 2243 4702 non
2289 4642 2474 4701 velle
2521 4641 2730 4702 mala
2774 4640 2965 4709 fieri.

979 4809 1139 4876 Haec
1186 4810 1388 4891 igitur
1436 4810 1501 4872 et
1548 4808 1677 4871 alia
1723 4806 2107 4887 hujusmodi
2160 4807 2381 4869 inania
2428 4805 2893 4887 relinquenteS,
2934 4807 3292 4888 praemissae
3341 4805 3729 4888 quaestionis
3773 4809 3948 4888 parti

845 4929 1091 4994 saniori
1151 4928 1469 5005 faventeS‚
1513 4943 1661 5006 quae
1718 4925 2105 4988 Sanctorum
2154 4923 2555 4987 testimoniis
2602 4922 2862 5003 plenius
2913 4922 3332 5005 approbatur,
3384 4923 3682 4986 dicamus
3729 4923 3950 4988 Deum

844 5064 977 5110 non
1008 5047 1175 5110 velle
1214 5044 1388 5108 mala
1428 5043 1594 5122 fieri,
1635 5060 1756 5107 nec
1798 5043 2017 5104 tamen
2055 5040 2224 5123 velle
2261 5057 2394 5103 non
2441 5039 2607 5119 fieri,
2647 5057 2859 5121 neque
2900 5040 3076 5104 nolle
3113 5040 3275 5104 fieri.
3318 5041 3528 5104 Omne
3571 5057 3724 5120 ergo
3769 5042 3952 5122 quod

845 5163 991 5227 vult
1024 5163 1190 5242 fieri,
1231 5162 1337 5243 fit3
1382 5161 1447 5224 et
1493 5176 1688 5223 omne
1736 5157 1914 5239 quod
1957 5156 2102 5219 vult
2148 5175 2278 5220 non
2329 5156 2494 5236 fieri,
2534 5173 2666 5220 non
2713 5156 2810 5221 fit.
2845 5155 3047 5220 Fiunt
3089 5157 3310 5220 autem
3359 5156 3568 5219 multa
3619 5173 3769 5238 quae
3815 5175 3951 5222 non

846 5279 989 5344 vult
1034 5279 1199 5358 fieri,
1241 5280 1315 5341 ut
1361 5277 1584 5341 omnia
1630 5275 1823 5339 mala.
