4359 6250
797 506 1020 566 QnAEsr.
1069 507 1112 558 11
1155 507 1170 558 ἶ
1215 511 1300 559 ΛΝ
1343 509 1859 562 excitur-:mouns
1901 515 2233 563 CREATURAE
2274 518 2437 565 ruem
2476 517 2792 568 PoTEnANT
2830 516 3127 570 xenones

3394 504 3516 571 595

413 679 604 741 tanda
639 687 737 742 est
775 680 1104 762 responsio
1142 679 1404 754 Alberti,
1439 682 1548 763 qui
1592 683 1700 756 ait,
1737 683 1904 765 quod
1938 683 1987 745 A
2019 684 2351 766 conjungit
2390 688 2538 762 De0,
2579 698 2641 751 et
2682 691 3049 753 universum
3098 692 3165 754 in
3203 701 3511 773 quantum

407 779 644 857 gradus
673 780 920 840 entium
961 797 1086 841 non
1125 779 1533 860 accipiuntur
1565 800 1756 862 penes
1797 783 1908 844 hu-

405 876 692 956 jusmodi
739 877 1170 940 diversitatem
1215 880 1572 959 specierum
1615 880 1904 960 ejusdem

407 972 703 1034 attributi
735 992 848 1036 seu
885 974 1318 1056 perfectioniS‚
1355 977 1504 1057 quia
1535 979 1626 1039 sic
1660 979 1908 1040 univer-

405 1090 556 1132 sum
615 1089 873 1154 semper
931 1073 1379 1154 imperfectum
1441 1083 1745 1150 maneret,
1796 1077 1906 1138 sed

407 1187 608 1250 penes
659 1169 972 1233 bonitates
1021 1172 1131 1233 Dei
1183 1173 1656 1256 participabiles
1703 1194 1718 1238 :
1765 1195 1906 1257 quae

409 1274 559 1328 sunt
607 1286 770 1342 esse,
813 1268 1050 1341 vivere,
1104 1270 1479 1352 intelligere,
1528 1272 1906 1355 incorrupti·

409 1365 541 1428 bile
579 1385 741 1440 esse,
775 1385 1030 1430 causam
1073 1388 1232 1442 esse,
1268 1371 1626 1452 praesidere,
1659 1379 1805 1444 etc.‚
1841 1373 1906 1434 in

409 1465 648 1547 quibus
693 1466 998 1548 impletur
1042 1468 1418 1530 universalis
1459 1471 1614 1532 ordo
1657 1471 1902 1545 mundi,

408 1562 714 1644 quoniam
773 1581 848 1624 ea
904 1583 1046 1645 quae
1105 1565 1570 1647 participabilia
1630 1575 1780 1628 sunt
1828 1569 1904 1630 de

405 1660 732 1723 attributis
777 1662 912 1733 Dei,
948 1661 1190 1724 faciunt
1230 1666 1479 1744 gradus,

853 1986 1330 2060 QUAESTIO
1388 1989 1466 2050 11

532 2252 796 2314 Ecundo
829 2251 1137 2334 quaeritur
1170 2253 1283 2317 De
1322 2254 1905 2322 excellenttori-

547 2351 700 2418 bus
729 2351 1146 2432 creaturis,
1179 2366 1281 2418 an
1319 2351 1498 2418 fleri
1539 2355 1907 2433 poterant

405 2448 820 2529 meliorem
872 2455 936 2509 et
979 2449 1210 2530 primo,
1242 2452 1373 2515 An
1415 2451 1718 2517 Christi
1759 2452 1904 2518 hu·

403 2549 756 2613 mamtas
797 2550 1115 2628 poterat
1150 2547 1329 2614 fleri
1367 2550 1672 2616 melior.

481 2645 752 2707 Videtur
779 2646 950 2726 quod
990 2645 1102 2707 sic.
1139 2646 1369 2721 Primo,
1403 2647 1556 2728 quia
1591 2649 1656 2710 in
1699 2668 1904 2711 resur-

402 2744 688 2807 rectione
744 2752 808 2806 et
853 2744 1224 2808 ascensione
1280 2745 1613 2826 gloriosior
1671 2755 1766 2809 est
1813 2747 1904 2810 ef-

404 2840 588 2904 fecta.
642 2878 725 2887 —
772 2842 1084 2912 Secundo,
1137 2844 1288 2924 quia
1343 2863 1542 2925 quum
1605 2845 1688 2906 sit
1745 2865 1906 2927 pura

406 2947 716 3014 creatura,
750 2941 940 3003 distat
984 2941 1052 3004 in
1100 2940 1430 3004 infinitum
1474 2943 1554 3005 ab
1596 2943 1906 3006 excellen-

407 3040 496 3101 tia
556 3038 868 3102 Creatoris
925 3059 939 3103 ε

410 3137 618 3221 ipsam
668 3139 876 3221 potuit
919 3139 1161 3222 aliquid
1210 3138 1355 3201 fieri
1413 3140 1640 3203 melius
1687 3160 1778 3203 ea.
1825 3177 1906 3187 —

235 3262 272 3289 w
357 3281 370 3293 .
411 3237 642 3311 Tertio,
667 3238 968 3318 quoniam
1001 3245 1160 3299 teste
1190 3237 1534 3320 Scriptura,
1571 3239 1758 3320 paulo
1791 3239 1905 3302 mi-

407 3356 532 3397 nus
577 3336 928 3399 minoratus
969 3344 1066 3398 est
1106 3336 1185 3399 ab
1226 3337 1488 3417 angelis.

486 3434 746 3497 Eisdem
805 3434 1158 3497 rationibus
1209 3435 1680 3517 comprobatur,
1733 3437 1901 3519 quod

403 3532 841 3596 beatissimam
890 3533 1216 3614 Virginem
1264 3535 1470 3616 potuit
1519 3534 1726 3597 facere
1777 3554 1904 3598 me-

406 3631 656 3693 liorem.

483 3828 578 3890 Ad
629 3827 762 3891 haec
809 3828 1077 3891 Thomas
1125 3848 1138 3892 :
1186 3830 1728 3902 Quemadmodum
1777 3831 1900 3912 (in-

403 3927 574 4010 quit)
613 3927 786 3990 omni
830 3928 997 3990 bono
1041 3936 1271 4003 creato,
1307 3946 1382 3991 eo
1423 3929 1593 4011 quod
1637 3928 1896 3993 finitum

402 4033 521 4101 est,
567 4034 774 4107 potest
814 4026 1058 4108 aliquid
1111 4027 1340 4088 melius
1382 4044 1552 4105 esse3
1597 4028 1690 4089 sie
1733 4028 1902 4091 bono

405 4124 708 4198 increat0,
751 4143 948 4207 quum
1001 4125 1085 4186 sit
1133 4124 1485 4195 infinitum,
1529 4126 1618 4187 nil
1672 4127 1900 4189 melius

2015 783 2346 845 ordinatur
2405 787 2467 847 in
2529 789 2748 850 Deum.
2800 825 2883 835 ——
2938 791 3387 854 Verumtamen
3445 793 3513 854 in

2017 883 2599 962 comparationibus
2641 886 2779 948 istis
2820 895 2915 949 est
2953 889 3107 950 ordo
3147 889 3507 970 dupliciter.

2016 980 2247 1054 Prim0,
2316 983 2616 1064 quoniam
2686 995 2923 1066 quanto
2990 987 3143 1068 quid
3211 988 3512 1051 nobiliori

2017 1081 2489 1160 comparatione
2521 1091 2583 1144 et
2614 1085 2850 1146 unione
2884 1086 2949 1146 in
2981 1086 3180 1148 Deum
3214 1086 3508 1160 refertur,

2017 1184 2191 1240 tanto
2231 1177 2512 1241 nobilius
2553 1189 2649 1243 est
2682 1201 2695 1245 :
2732 1182 2873 1245 ideo
2910 1183 3272 1246 humanitas
3306 1185 3512 1247 Verbo

2017 1276 2495 1357 suppositaliter
2554 1279 2753 1352 unita,
2806 1288 2901 1343 est
2946 1282 3355 1362 dignissima3
3406 1283 3512 1345 de-

2018 1373 2164 1434 inde
2228 1373 2873 1460 felicissima.Virgo,
2939 1379 3016 1442 de
3076 1379 3263 1460 cujus
3332 1388 3513 1443 utero

2015 1481 2275 1554 accepta
2315 1483 2412 1536 est
2455 1493 2599 1538 caro
2648 1477 2825 1538 unita
2864 1477 3070 1541 Verbo
3084 1496 3101 1556 ;
3143 1479 3364 1560 sicque
3405 1479 3511 1541 de-

2017 1569 2257 1652 incepS.
2294 1573 2605 1648 Secundo,
2651 1575 2954 1656 quoniam
2997 1577 3285 1657 quaedam
3340 1594 3508 1639 com·

2017 1669 2417 1749 parationum
2450 1667 2724 1734 istarum‘
2748 1681 2844 1735 est
2876 1681 3121 1736 tantum
3153 1676 3506 1737 secundum

2015 1774 2378 1847 respectum
2440 1788 2454 1832 ε
2518 1778 2586 1830 ut
2646 1771 3033 1853 comparatio
3093 1772 3374 1835 universi
3430 1774 3508 1835 ad

1939 1862 1987 1924 Β
2016 1863 2217 1926 Deum
2259 1865 2425 1927 sicut
2460 1868 2539 1929 ad
2579 1867 2801 1941 finem,
2835 1877 2899 1930 et
2942 1871 3331 1952 comparatio
3374 1891 3512 1934 san-

2016 1962 2315 2025 ctissimae
2364 1964 2639 2045 Virginis
2696 1968 2773 2028 ad
2824 1968 3025 2030 Deum
3086 1969 3251 2031 sieut
3297 1969 3376 2030 ad
3432 1969 3510 2030 si-

2017 2059 2196 2121 lium.
2248 2061 2490 2125 Idcirco
2539 2082 2617 2124 ex
2664 2064 2969 2145 dignitate
3018 2067 3510 2149 comparationis

2014 2174 2140 2219 non
2184 2166 2391 2240 potest
2430 2162 2598 2223 sumi
2634 2161 2953 2242 judicium
2984 2165 3063 2227 de
3100 2183 3167 2226 re
3195 2165 3507 2240 absolute,

2014 2263 2084 2316 ut
2113 2257 2364 2318 dicatur
2393 2259 2561 2340 quod
2600 2260 3059 2340 gloriosissima
3086 2263 3343 2344 Virgine
3384 2281 3509 2326 non

2015 2361 2221 2434 potest
2250 2355 2493 2437 aliquid
2536 2357 2765 2420 melius
2796 2377 2965 2438 esse3
3006 2361 3115 2422 sed
3156 2362 3508 2423 secundum

2015 2453 2193 2534 quid,
2229 2460 2294 2515 ut
2339 2454 2587 2516 dicatur
2628 2457 2796 2537 quod
2841 2458 3016 2519 nulla
3058 2464 3266 2539 potest
3310 2467 3511 2521 mater

2013 2551 2317 2613 exsistere
2370 2552 2670 2628 melioris,
2712 2573 2830 2616 nec
2880 2555 3251 2618 universum
3302 2565 3511 2638 potest

2014 2649 2090 2710 ad
2151 2649 2361 2729 majus
2420 2650 2659 2712 bonum
2720 2651 3065 2714 consistere
3123 2653 3503 2716 ordinatum.

2015 2746 2310 2819 Quaedam
2340 2766 2492 2810 vero
2532 2749 2940 2832 comparatio,
2976 2758 3046 2812 ut
3078 2770 3220 2832 quae
3258 2759 3355 2814 est
3394 2771 3509 2834 per

2015 2845 2475 2926 hypostaticam
2528 2847 2852 2920 unionem,
2899 2856 2995 2910 est
3042 2849 3235 2911 etiam
3284 2869 3507 2912 secun-

2014 2943 2168 3004 dum
2220 2961 2377 3006 esse.
2432 2944 2591 3006 Hinc
2633 2945 2951 3026 judicium
3002 2948 3081 3010 de
3128 2956 3353 3010 natura
3401 2949 3510 3011 illa

995 3057 1146 3121 ergo
1205 3041 1369 3102 inter
1427 3041 1782 3104 Creatorem
1842 3050 1903 3104 et
1940 3040 1983 3103 C
2017 3041 2215 3114 unita,
2266 3049 2363 3104 est
2418 3043 2797 3126 simpliciter
2856 3045 3207 3107 secundum
3266 3045 3511 3109 bonita-

2015 3147 2142 3201 tem
2176 3142 2680 3222 comparationiS,
2696 3151 2765 3205 ut
2788 3144 3033 3206 dicatur
3062 3146 3231 3225 quod
3263 3145 3511 3209 Christo

2014 3237 2275 3300 homine
2322 3239 2415 3301 nil
2464 3240 2694 3302 melius
2740 3260 2879 3303 esse
2928 3250 3152 3323 potest.
3186 3244 3507 3307 Judicium

2013 3344 2224 3398 autem
2270 3338 2439 3417 quod
2483 3345 2577 3400 est
2622 3347 2851 3420 praeter
2894 3340 3057 3402 hanc
3100 3328 3512 3422 comparatio-

2014 3443 2296 3508 nem,est
2327 3444 2573 3498 tantum
2606 3437 2958 3499 secundum
2992 3439 3180 3519 quid:
3206 3448 3277 3501 ut
3306 3460 3507 3521 quum

2012 3534 2270 3609 dicitur,
2313 3536 2483 3617 quod
2533 3536 2811 3598 humana
2856 3545 3080 3599 natura
3128 3538 3195 3599 in
3235 3538 3504 3613 Christe,

2011 3631 2076 3693 in
2109 3640 2419 3714 quantum
2458 3640 2555 3695 est
2584 3641 2813 3708 creata,
2848 3642 3055 3716 potest
3082 3654 3221 3697 esse
3260 3635 3505 3718 aliquid

2014 3730 2274 3810 melius3
2324 3738 2387 3793 et
2440 3732 2559 3793 hoc
2611 3732 2774 3805 ide0,
2827 3731 2978 3813 quia
3030 3741 3255 3795 natura
3305 3734 3509 3797 consi-

2011 3829 2226 3891 derata
2277 3838 2504 3910 praeter
2556 3848 2693 3891 esse
2747 3849 2958 3904 suum,
3002 3838 3099 3892 est
3146 3832 3502 3894 secundum

2013 3926 2274 3990 rationis
2322 3927 2754 4008 acceptionem
2807 3928 3226 3991 solummodo.
3269 3964 3351 3975 -—-
3392 3930 3507 3992 De-

2011 4026 2207 4105 nique
2265 4024 2589 4087 beatitudo
2647 4034 2858 4088 creata
2914 4027 3256 4107 quamdam
3315 4027 3504 4089 habet

2013 4123 2420 4196 infinitatem,
2481 4142 2593 4185 seu
2657 4123 2978 4185 infinitam
3036 4125 3505 4205 quodammodo

402 4240 544 4284 esse
593 4230 817 4303 potest.
863 4222 1116 4285 Bonitas
1165 4223 1359 4303 igitur
1407 4231 1711 4286 creaturae
1758 4242 1901 4287 con·
1931 4227 1979 4288 D
2010 4220 2405 4301 dignitatem,
2437 4238 2513 4282 eo
2550 4222 2719 4301 quod
2765 4221 3131 4283 immediate
3171 4222 3503 4303 conjungit

403 4319 718 4382 sideratur
775 4320 1138 4402 dupliciter.
1192 4322 1423 4395 Primo,
1483 4320 1773 4384 absolute
1834 4322 1896 4383 in

401 4436 492 4491 se,
526 4419 878 4480 secundum
918 4418 981 4480 id
1025 4420 1193 4501 quod
1236 4426 1332 4481 est
1375 4439 1388 4482 :
1433 4420 1654 4501 sicque
1703 4419 1901 4501 quali-

401 4514 512 4577 bet
558 4523 846 4578 creatura
903 4524 1110 4598 potest
1155 4516 1398 4600 aliquid
1458 4517 1688 4579 melius
1736 4536 1893 4580 esse.

402 4613 716 4687 Secundo,
769 4634 883 4697 per
930 4616 1469 4696 comparationem
1530 4623 1592 4676 et
1652 4614 1897 4681 relatio-

405 4731 552 4774 nem
600 4712 676 4773 ad
722 4712 956 4791 Deum3
1003 4712 1224 4795 sicque
1272 4713 1544 4795 dignitas
1596 4720 1898 4776 creaturae

404 4808 634 4891 recipit
681 4810 1022 4892 quamdam
1085 4810 1471 4873 infinitatem
1528 4829 1606 4873 ex
1661 4810 1899 4873 unione

407 4926 553 4969 cum
599 4906 768 4971 bono
809 4907 1068 4971 infinito
1103 4928 1116 4971 ε
1150 4908 1316 4970 sicut
1354 4909 1634 4971 humana
1678 4915 1898 4971 natura

408 5005 474 5067 in
521 5015 830 5088 quantum
892 5006 1070 5069 unita
1117 5015 1212 5069 est
1251 5008 1459 5069 Verbo
1505 5014 1740 5070 aeterno
1788 5008 1898 5089 hy-

405 5104 714 5184 postatica
753 5104 1010 5177 unione,
1043 5110 1106 5165 et
1143 5103 1567 5166 sacratissima
1605 5103 1794 5184 Virgo
1833 5104 1899 5167 in

405 5210 717 5283 quantum
775 5209 872 5264 est
930 5210 1130 5265 mater
1186 5221 1336 5264 vera
1385 5202 1520 5264 veri
1579 5202 1712 5275 Dei,
1763 5221 1899 5283 gra-

403 5299 494 5361 tia
544 5318 802 5383 quoque
857 5309 1108 5382 gratum
1168 5300 1408 5363 faciens
1465 5300 1530 5363 in
1587 5309 1898 5383 quantum

2010 4317 2364 4381 formaliter
2395 4317 2562 4380 bono
2594 4318 2929 4393 immenso,
2954 4328 3016 4381 et
3046 4328 3144 4381 est
3177 4318 3507 4383 immedia-

2009 4425 2072 4477 ta
2111 4435 2186 4479 ac
2233 4416 2533 4479 beatifica
2576 4416 2817 4480 infiniti
2862 4417 3012 4480 boni
3057 4418 3297 4481 fruitio.

2090 4516 2155 4577 Si
2199 4524 2501 4597 praeterea
2542 4514 2903 4596 objiciatur,
2945 4516 3098 4598 quia
3143 4525 3213 4578 ut
3260 4517 3348 4579 ait
3384 4519 3505 4580 An-

2009 4614 2271 4688 selmuS,
2313 4613 2831 4695 praeelectissima
2870 4614 3060 4695 Virgo
3102 4633 3177 4675 ea
3226 4615 3505 4697 resplen-

2009 4712 2148 4773 duit
2191 4712 2486 4793 puritate,
2530 4731 2655 4794 qua
2698 4710 2901 4792 maJ‘or
2942 4711 3061 4773 sub
3105 4712 3234 4775 Deo
3280 4713 3503 4793 nequit

2010 4809 2279 4890 intelligi
2316 4827 2330 4872 ε
2364 4826 2512 4889 ergo
2545 4809 2635 4870 nil
2674 4810 2897 4889 purius
2928 4828 3001 4871 ea
3039 4817 3246 4891 potest
3275 4810 3498 4885 creari,

2010 4908 2140 4970 imo
2190 4926 2307 4969 nec
2356 4905 2745 4988 apprehendi
2796 4914 2903 4968 aut
2952 4907 3232 4987 cogitari.
3282 4907 3504 4971 Dicen-

2008 5009 2187 5080 dum,
2229 5006 2396 5087 quod
2446 5004 2687 5085 puritas
2739 5004 3089 5066 intenditur
3138 5023 3253 5085 per
3299 5023 3502 5068 reces-

2009 5124 2152 5166 sum
2181 5124 2221 5165 a
2250 5102 2565 5165 contrario
2599 5119 2613 5164 :
2650 5102 2789 5164 ideo
2830 5110 3037 5184 potest
3069 5110 3353 5165 creatum
3393 5104 3504 5165 ali-

2009 5203 2177 5284 quod
2226 5201 2499 5264 inveniri
2543 5218 2671 5282 quo
2708 5200 2800 5261 nil
2850 5200 3073 5282 purius
3116 5200 3324 5262 valeat
3363 5220 3502 5264 esse

2011 5300 2078 5363 in
2117 5299 2308 5363 rebus
2346 5300 2597 5374 creati5‚
2631 5298 2685 5361 si
2728 5299 2904 5360 nulla
2946 5298 3316 5380 contagione
3360 5318 3505 5385 pec-
