4359 6250
845 470 1144 527 Qustrrssn
1183 470 1498 518 mci-tomis
1539 468 1885 515 nxcmswffi
1928 468 2076 513 Anni
2119 466 2360 523 onnAN'r
2401 466 2466 514 ιΝ
2507 465 2755 524 οινιΝιε,
2796 466 2923 513 mc.
3315 444 3433 511 129

369 647 628 701 naturam
660 640 736 702 de
771 641 975 703 tribus
1019 641 1328 723 personis,
1362 660 1504 722 quae
1540 640 1732 701 etiam
1763 638 1831 699 in
1858 637 1910 700 A
1940 638 2156 699 Petrus
2204 656 2277 699 ac
2325 637 2672 700 Richardus
2720 637 2799 699 ad
2848 636 3231 717 positionem
3274 635 3431 697 Tho-

365 755 422 797 se
448 744 534 797 est
560 737 795 801 habens
825 757 964 801 esse
1004 738 1379 812 subsistenS,
1413 737 1590 799 nulla
1610 751 1830 819 perso-

365 853 562 896 narum
592 836 1000 899 distinctione
1033 837 1372 899 intellecta.
1409 835 1584 898 Unde
1615 853 1831 916 quam-

361 932 444 993 vis
470 934 760 1013 praedicet
791 935 1075 997 divinam
1109 942 1402 996 naturam
1435 941 1505 994 ut
1537 940 1825 995 naturam

361 1030 637 1105 divinam,
689 1040 752 1094 et
801 1051 930 1094 non
981 1041 1050 1094 ut
1099 1034 1254 1114 quid
1302 1032 1680 1105 subsistenS,
1736 1030 1828 1091 ni-

361 1127 476 1189 hilo
510 1130 717 1191 minus
761 1131 932 1212 quod
973 1131 1274 1211 praedicat
1315 1138 1409 1191 θεῖ
1450 1129 1823 1191 subsistens,

361 1225 488 1288 Ideo
550 1235 772 1290 natura
841 1228 1060 1289 divina
1127 1227 1316 1290 habet
1383 1228 1692 1289 rationem
1761 1234 1830 1288 ut

361 1324 529 1386 etiam
589 1325 726 1406 ipsa
781 1326 866 1393 sit
921 1326 1337 1399 consortium,
1391 1334 1582 1407 prout
1635 1324 1828 1405 signi-

361 1421 568 1484 ficatur
613 1424 679 1485 in
729 1442 858 1505 quo
907 1431 1025 1497 est,
1068 1430 1130 1486 et
1181 1431 1252 1485 ut
1301 1424 1503 1505 ipsius
1553 1424 1635 1485 sit
1683 1441 1830 1485 con-

363 1521 602 1581 sortium
662 1523 1016 1584 secundum
1067 1522 1308 1604 aliquid
1363 1521 1486 1584 sibi
1538 1521 1833 1585 conveni—

361 1637 480 1693 cnS,
502 1628 685 1699 prout
713 1619 1114 1701 significatur
1144 1628 1215 1681 ut
1245 1619 1399 1701 quid
1432 1629 1529 1681 est
1562 1637 1576 1681 :
1611 1620 1831 1700 sicque

364 1724 547 1797 potest
572 1716 697 1779 sibi
736 1718 882 1779 addi
915 1720 1050 1781 haec
1089 1718 1307 1793 dictio,
1343 1717 1537 1792 soluS,
1572 1718 1639 1779 in
1672 1738 1830 1799 prae-

1940 756 2057 799 mae
2101 736 2304 817 magis
2346 736 2682 797 declinant.

2016 934 2283 1016 Insuper
2331 933 2408 995 ad
2459 933 2874 1014 quaestionem
2925 951 3052 1014 qua
3099 932 3425 1013 quaeritur,

1937 1052 2016 1093 an
2048 1032 2244 1094 dictio
2274 1032 2599 1093 exclusiva
2627 1031 2773 1094 addi
2805 1031 3005 1113 possit
3034 1030 3310 1092 termino
3340 1048 3433 1091 re-

1938 1130 2151 1204 lativo,
2172 1131 2613 1193 Bonaventura
2642 1129 2981 1211 respondet
3002 1147 3015 1189 z
3036 1128 3177 1190 Haec
3209 1128 3425 1200 dictio,

1938 1229 2132 1301 εοΙιιε,
2188 1236 2375 1309 prout
2433 1228 3073 1310 syncategorematice
3130 1226 3426 1299 sumitur,

1941 1328 2240 1408 importat
2290 1327 2709 1408 privationem
2760 1325 3216 1389 associationis.
3267 1324 3429 1405 Ergo

1938 1445 2137 1507 quum
2178 1426 2435 1499 dicitur,
2470 1425 2652 1487 Solus
2692 1425 2871 1487 Pater
2899 1432 2995 1486 est
3030 1425 3229 1497 Pater,
3267 1423 3431 1485 locu-

1939 1524 2026 1587 tio
2075 1543 2223 1585 vera
2270 1532 2382 1587 est.
2427 1524 2634 1586 Potest
2684 1541 2957 1604 namque
3007 1522 3427 1604 privationem

1937 1622 2372 1685 associationis
2416 1621 2755 1703 tripliciter
2800 1622 3159 1702 importare.
3194 1621 3426 1693 Prim0,

1939 1729 2233 1801 respectu
2264 1720 2485 1783 formae
2514 1720 2773 1782 termini
2804 1720 2905 1781 cui
2936 1720 3327 1800 adjungitur,
3360 1725 3431 1779 ut

359 1814 564 1889 dicato,
601 1823 902 1898 tanquam
944 1817 1036 1878 rei
1081 1817 1477 1890 subsistenti,
1513 1824 1576 1878 et
1619 1817 1830 1878 exclu—
1865 1820 1912 1881 B
1941 1818 2209 1892 dicatur,
2258 1819 2439 1881 Solus
2490 1820 2687 1891 Pater,
2738 1819 2799 1880 id
2851 1826 2969 1892 est,
3021 1819 3128 1879 ille
3177 1818 3287 1899 qui
3335 1824 3430 1878 est

359 1912 451 1973 det
491 1922 786 1976 extranea
834 1916 1050 1977 omnia
1092 1934 1130 1976 a
1171 1915 1660 1997 participatione
1705 1914 1829 1977 for-

357 2028 460 2073 mae
499 2012 841 2093 praedicati,
877 2021 946 2074 ut
988 2015 1071 2075 sit
1111 2032 1336 2075 sensus
1372 2031 1385 2073 ε
1420 2013 1693 2075 Trinitas
1736 2019 1832 2075 est

355 2108 506 2170 solus
553 2111 742 2185 DeuS,
778 2112 842 2172 id
891 2120 1008 2186 est,
1043 2112 1315 2173 Trinitas
1365 2119 1460 2174 est
1511 2111 1619 2173 ille
1666 2112 1831 2173 Deus

353 2216 562 2287 praeter
589 2228 786 2291 quem
818 2209 1036 2272 nullus
1065 2210 1229 2271 alius
1261 2219 1355 2272 est
1398 2211 1583 2272 Deus.
1621 2210 1696 2270 Et
1726 2228 1832 2270 ex-

355 2308 608 2385 pressior
638 2308 760 2370 erit
791 2309 1046 2383 veritaS,
1065 2309 1121 2370 si
1151 2309 1307 2390 quid
1337 2308 1512 2370 aliud
1542 2308 1829 2381 addatur,

355 2404 624 2491 dicendo,
678 2407 950 2469 Trinitas
1010 2414 1106 2469 est
1163 2407 1336 2469 solus
1395 2425 1584 2469 verus
1642 2407 1829 2479 DeuS,

357 2502 464 2575 vel,
495 2504 764 2566 Trinitas
809 2512 903 2567 est
943 2524 1108 2567 unus
1151 2505 1322 2568 solus
1363 2506 1547 2567 Deus,
1582 2540 1664 2549 —-
1691 2505 1835 2567 Haec

357 2600 608 2665 Thomas
655 2604 722 2665 in
766 2604 1037 2687 Scripto.

425 2701 490 2761 ln
537 2702 772 2783 quibus
821 2702 902 2765 ab
961 2703 1222 2765 inducta
1274 2702 1486 2763 devoti
1551 2701 1834 2763 Doctoris

354 2799 652 2878 positione
693 2820 1039 2883 parumper
1078 2801 1390 2864 dissentit.
1427 2800 1688 2862 Videtur
1728 2818 1836 2862 au-

355 2902 468 2957 tem
517 2898 581 2960 in
640 2900 760 2961 hac
811 2918 880 2962 re
937 2899 1171 2982 positio
1222 2899 1330 2961 illa
1379 2899 1836 2961 Bonaventurae

1941 1918 2112 1979 solus
2141 1918 2343 1991 Pater,
2368 1924 2463 1979 est
2492 1918 2670 1979 Pater
2696 1935 2707 1977 :
2734 1916 2903 1998 quod
2936 1935 3159 1978 verum
3190 1923 3303 1977 θεῖ.
3332 1915 3434 1977 Se-

1941 2017 2170 2088 cundo,
2212 2024 2503 2097 respectu
2547 2016 2869 2098 praedicati
2905 2033 2918 2076 :
2958 2024 3020 2077 et
3063 2016 3183 2077 hoc
3224 2014 3432 2095 dupli-

1941 2116 2115 2175 citer.
2150 2115 2382 2187 Prim0,
2418 2115 2483 2176 in
2520 2132 2648 2177 non
2687 2113 3147 2196 participandO,
3183 2121 3251 2175 ut
3281 2112 3433 2194 quia

1940 2212 2048 2274 alii
2099 2230 2227 2275 non
2278 2213 2707 2275 communicat
2756 2228 2932 2291 eam3
2978 2220 3041 2274 et
3092 2212 3179 2273 ita
3224 2210 3433 2272 adhuc

1943 2330 2090 2373 vera
2139 2319 2235 2373 est
2270 2328 2283 2373 ε
2325 2311 2433 2373 illa
2475 2310 2715 2393 quippe
2758 2310 3110 2392 proprietas
3152 2309 3245 2371 sic
3289 2326 3433 2370 con-

1943 2410 2119 2471 venit
2175 2409 2361 2483 Patri,
2423 2410 2594 2491 quod
2653 2409 2813 2471 nulli
2872 2409 2999 2471 alii.
3054 2407 3165 2469 Vel
3225 2414 3432 2489 potest

1944 2509 2287 2590 importare
2360 2508 2781 2589 privationem
2854 2506 3289 2569 associationis
3366 2506 3431 2566 in

1945 2606 2549 2688 comparticipando,
2585 2614 2652 2667 ut
2686 2625 2885 2688 quum
2926 2605 3179 2678 dicitur,
3214 2605 3431 2667 Petrus

1945 2705 2221 2767 comedit
2272 2705 2467 2777 solus,
2511 2706 2634 2778 vel,
2682 2703 3115 2767 Proficiscitur
3166 2704 3429 2765 Romam

1944 2803 2116 2865 solus
2150 2820 2164 2865 :
2211 2820 2335 2864 non
2377 2802 2529 2883 quia
2570 2801 2732 2864 alius
2773 2819 2899 2863 non
2938 2802 3113 2863 vadit
3149 2802 3430 2873 Romam,

1942 2901 2045 2961 'vel
2075 2917 2203 2962 non
2234 2901 2538 2974 comedat,
2564 2900 2674 2962 sed
2706 2899 3001 2981 quoniam
3030 2899 3239 2960 nullus
3270 2915 3439 2960 corn-

352 2995 584 3075 planior
612 3016 688 3059 ac
718 2998 926 3079 aptior
951 3016 1109 3060 esse.
1145 2997 1444 3071 Quamvis
1476 2997 1649 3059 enim
1681 2996 1839 3057 divi·
1870 2999 1914 3062 C
1946 2999 2282 3082 participat
2323 3019 2469 3061 cum
2510 3017 2601 3073 e0,
2636 2999 2927 3081 quamvis
2970 2997 3324 3079 participet.
3362 2997 3439 3057 Et

351 3112 424 3156 na
458 3103 681 3159 natura
721 3097 804 3159 sit
840 3096 996 3180 quid
1037 3096 1416 3171 subsistam,
1449 3113 1576 3159 non
1627 3103 1835 3158 tamen

351 3201 510 3255 extra
553 3213 857 3276 personas
900 3195 1227 3273 subsistit3
1261 3213 1379 3257 nec
1424 3194 1582 3256 ratio
1625 3211 1836 3276 perso-

351 3310 438 3354 nae
485 3295 784 3357 convenit
825 3295 884 3357 ei
930 3301 1120 3376 prout
1162 3293 1440 3374 theologi
1487 3293 1837 3374 loquuntur

353 3390 424 3450 de
461 3410 734 3471 persona
775 3392 844 3454 in
885 3391 1145 3465 divinis,
1182 3399 1251 3453 ut
1295 3391 1460 3453 infra
1501 3389 1763 3473 patebit.

422 3490 711 3572 Amplius
741 3492 820 3554 de
860 3491 977 3554 hac
1019 3491 1372 3572 quaestione
1412 3487 1635 3552 scribit
1665 3487 1835 3549 idem

351 3597 592 3651 sanctus
655 3591 888 3653 Doctor
937 3590 1005 3651 in
1063 3589 1272 3671 prima
1322 3596 1500 3671 parte
1559 3587 1836 3650 Summae

353 3703 492 3760 suae,
523 3688 878 3769 quaestione
921 3688 1242 3752 tricesima
1286 3687 1514 3769 prima,
1558 3693 1619 3748 et
1664 3686 1835 3748 coin-

354 3783 497 3846 cidit
538 3805 688 3848 cum
729 3785 864 3867 jam
907 3786 1114 3848 dictis.
1150 3785 1245 3847 Ibi
1297 3793 1508 3848 tamen
1560 3784 1836 3846 declarat

351 3899 458 3943 cur
492 3884 692 3946 dictio
735 3883 1258 3964 categorematica
1298 3890 1362 3945 et
1401 3890 1835 3966 syncategore-

351 3980 571 4043 matica
621 3990 1034 4062 nuncupetur
1067 3999 1080 4042 :
1115 3981 1341 4054 Dictio‚
1386 3980 1706 4062 inquienS,
1747 3980 1838 4041 di-

347 4077 502 4141 citur
543 4079 1094 4160 categorematica,
1137 4099 1278 4162 quae
1324 4078 1613 4142 absolute
1656 4079 1838 4159 ponit

1945 3098 2038 3160 sic
2093 3098 2300 3160 adhuc
2362 3097 2597 3160 locutio
2645 3116 2793 3160 vera
2850 3097 3170 3179 est‚.quia
3225 3113 3438 3178 perso-

1944 3216 2025 3257 na
2067 3196 2261 3259 Patris
2292 3215 2419 3258 non
2452 3197 2788 3279 participat
2817 3196 2918 3258 vel
2954 3195 3438 3277 comparticipat

1944 3313 2092 3356 cum
2122 3295 2247 3358 alia
2277 3295 2342 3357 in
2376 3295 2758 3377 proprietate
2799 3294 3215 3377 paternitatis.
3251 3294 3439 3356 Idcir-

1944 3411 2019 3456 co
2063 3393 2415 3455 secundum
2466 3393 2635 3475 quod
2679 3397 2851 3454 solus
2898 3393 3221 3454 exclusive
3268 3399 3439 3454 tene·

1944 3499 2068 3566 tur,
2124 3493 2448 3572 judicatur
2512 3492 2747 3555 locutio
2805 3511 2971 3554 vera.
3036 3492 3179 3555 Haec
3240 3491 3435 3553 Bona-

1945 3597 2230 3652 ventura.

2024 3689 2310 3769 Denique
2368 3688 2444 3750 ad
2504 3688 2920 3770 quaestionem
2981 3687 3164 3760 hanc,
3219 3694 3435 3747 utrum

1943 3786 2138 3848 dictio
2169 3786 2493 3848 exclusiva
2523 3805 2670 3848 vere
2698 3785 2965 3848 addatur
2993 3785 3267 3847 termino
3298 3803 3438 3866 per-

1945 3884 2148 3946 sonali
2198 3892 2490 3965 respectu
2540 3884 2899 3946 communis
2954 3882 3299 3966 praedicati,
3352 3883 3439 3944 ita

1945 3990 2017 4043 ut
2044 4002 2191 4045 vere
2222 3983 2489 4058 dicatur,
2514 3983 2696 4046 Solus
2724 3983 2904 4045 Pater
2934 3989 3029 4044 est
3058 3983 3245 4056 DeuS,
3266 3981 3436 4043 idem

1945 4081 2285 4163 respondet
2313 4082 2543 4143 Doctor
2576 4081 2737 4152 :Hic
2777 4087 2873 4143 est
2902 4081 3137 4163 duplex
3181 4079 3430 4161 positio.

348 4195 472 4266 rem
528 4200 714 4243 suam
775 4180 944 4242 circa
1003 4181 1406 4262 suppositum
1464 4178 1568 4241 vel
1627 4178 1838 4259 subje-
1866 4183 1916 4244 D
1943 4180 2209 4253 Quidam
2241 4198 2517 4261 namque
2547 4179 2926 4262 simpliciter
2956 4188 3018 4242 et
3048 4180 3186 4241 sine
3216 4178 3438 4240 distin-

347 4284 510 4340 ctum
545 4297 559 4340 :
595 4288 668 4342 ut
698 4279 882 4342 albus
913 4278 1083 4341 circa
1124 4278 1472 4352 hominem,
1508 4296 1710 4359 quum
1744 4277 1836 4339 di-

348 4373 522 4450 citur,
539 4377 748 4442 Homo
777 4376 981 4439 albus.
1005 4375 1660 4459 Syncategorematica
1687 4393 1838 4437 vero

349 4483 624 4552 vocatur,
657 4496 802 4558 quae
844 4477 1145 4557 importat
1183 4475 1473 4537 ordinem
1514 4473 1839 4557 praedicati

351 4572 422 4632 ad
466 4574 834 4656 subJectum
879 4592 892 4635 :
937 4582 1028 4646 ut,
1081 4573 1310 4646 omnis,
1357 4573 1595 4647 nulluS,
1643 4572 1834 4635 soluS.

351 4669 497 4734 Nam
527 4678 706 4734 solus
735 4672 1017 4736 excludit
1057 4689 1245 4735 omne
1281 4671 1455 4733 aliud
1485 4691 1522 4733 a
1551 4670 1840 4750 subjecto

352 4787 386 4829 a
429 4773 754 4852 praedicati
805 4771 1134 4834 consortio·
1168 4788 1182 4832 :
1226 4778 1296 4832 ut
1338 4789 1538 4852 quum
1581 4769 1836 4844 dicitur,

353 4867 526 4932 Solus
575 4872 866 4934 Socrates
924 4869 1169 4944 scribit,
1221 4889 1444 4932 sensus
1503 4876 1619 4942 est,
1673 4869 1842 4950 quod

355 4967 560 5030 nullus
591 4970 652 5031 ei
683 4969 770 5031 sit
807 4968 1018 5031 socius
1052 4968 1117 5029 in
1157 4967 1516 5042 scribendo,
1551 4967 1841 5048 quamvis

355 5067 530 5128 multi
577 5075 730 5130 sunt
771 5086 1011 5130 secum.
1061 5067 1204 5130 Haec
1249 5066 1315 5127 in
1361 5065 1642 5128 Summa.

425 5165 676 5248 Scripta
711 5174 928 5228 autem
957 5165 1213 5228 Thomae
1251 5165 1329 5226 de
1370 5164 1469 5226 his
1510 5163 1662 5226 satis
1703 5181 1846 5225 con-

1945 4279 2153 4340 ctione
2203 4278 2560 4340 concedunt
2609 4279 2721 4340 has
2770 4286 2961 4360 atque
3009 4277 3372 4340 consimiles
3420 4293 3434 4338 t

1945 4376 2127 4438 Solus
2166 4377 2346 4439 Pater
2384 4382 2480 4437 est
2524 4376 2706 4438 Deus.
2744 4377 2820 4438 Et
2863 4377 3105 4450 dicunt,
3139 4362 3309 4458 duod
3350 4376 3442 4438 di-

1947 4475 2073 4536 ctio
2102 4474 2427 4537 exclusiva
2453 4474 2666 4536 addita
2696 4474 2807 4536 uni
2839 4475 3270 4549 relativorum,
3303 4475 3443 4536 reli-

1946 4591 2146 4655 quum
2178 4589 2306 4634 non
2335 4572 2647 4634 excludit:
2668 4572 2971 4654 quoniam
3001 4590 3129 4636 non
3160 4573 3441 4635 excludit

1947 4671 2011 4731 id
2050 4671 2220 4752 quod
2259 4670 2670 4752 consequitur
2710 4670 2922 4752 ipsum
2962 4677 3024 4733 et
3066 4671 3442 4750 intelligitur

1947 4769 2014 4830 in
2065 4769 2226 4850 ipso,
2259 4769 2425 4830 sicut
2472 4768 2667 4831 dictio
2718 4769 2861 4830 talis
2909 4769 3121 4831 addita
3170 4768 3437 4841 homini,

1948 4885 2076 4929 non
2115 4867 2395 4928 excludit
2438 4867 2693 4928 animal.
2730 4867 2936 4929 Unum
2978 4875 3189 4929 autem
3232 4866 3439 4928 relati-

1949 4983 2175 5028 vorum
2225 4971 2322 5027 θεῖ
2370 4966 2436 5027 in
2485 4966 2703 5040 altem,
2758 4972 2821 5027 et
2870 4965 3158 5046 sequitur
3208 4964 3367 5027 illud
3421 4982 3436 5027 τ

1951 5081 2098 5144 crgo
2135 5063 2349 5125 addita
2386 5065 2519 5138 uni,
2556 5081 2680 5126 non
2723 5063 3004 5126 excludit
3042 5063 3331 5125 alterum.
3370 5063 3446 5125 Et

1951 5163 2006 5224 si
2054 5161 2396 5242 objiciatur
2437 5162 2605 5244 quod
2651 5166 2823 5223 solus
2865 5160 3146 5224 excludit
3194 5162 3446 5242 opposi-

352 5263 608 5326 cordant
664 5263 924 5327 Alberto
978 5271 1170 5345 atque
1228 5262 1560 5340 Udalrico;
1598 5261 1730 5330 ‘sed
1785 5268 1849 5322 et
1955 5268 2112 5333 tum,
2147 5260 2367 5321 dicunt
2399 5260 2567 5341 quod
2600 5259 2860 5321 relativa
2889 5266 3037 5321 sunt
3066 5257 3445 5322 differentiae

597 5398 665 5451 T.
699 5398 781 5451 20.

3168 5395 3199 5446 9
