4359 6250
989 515 1076 566 ΑΝ
1117 515 1436 578 mmmm,
1477 518 1584 566 mo
1627 521 1702 566 m·
1743 513 2215 577 amirei-nuru,
2257 519 2376 567 nno
2417 521 2573 566 vana
2618 515 2962 568 couvamn·
3416 495 3538 566 563

416 687 587 750 niam
633 690 1049 753 contradictio
1089 692 1435 754 includitur
1477 692 1542 753 in
1592 691 1923 753 contrariis
1953 691 2002 753 A
2035 711 2169 764 sua,
2205 692 2315 754 sed
2360 701 2619 774 propter
2662 693 3366 774 incompossibilitatem
3411 699 3533 753 ter-

414 808 486 850 ac
519 790 836 871 privative
875 791 1186 872 oppositis
1215 792 1533 872 (sequitur
1563 791 1760 863 enim,
1795 790 1922 851 Hoc
2039 791 2382 863 minorum,
2426 800 2488 852 et
2537 792 2688 873 quia
2736 792 2927 853 unius
2978 791 3229 873 positi0,
3276 789 3536 852 alterius

415 895 511 948 est
557 887 780 950 album
831 897 894 950 et
944 889 1222 969 nigrum,
1264 906 1412 969 ergo
1459 896 1557 950 est
1597 887 1812 949 album
1860 893 1924 948 et
2037 897 2132 950 est
2173 889 2461 950 remotio.

418 1004 544 1047 non
582 986 840 1064 album3
883 995 968 1060 et,
1002 988 1130 1048 Hoc
1169 994 1264 1048 est
1295 987 1516 1048 videns
1559 994 1618 1047 et
1657 1003 1919 1055 ciccum,
2115 986 2399 1066 AEgidius
2446 988 2701 1049 demum
2742 1007 2756 1051 ε
2792 989 3142 1062 Summam,
3174 989 3284 1057 ait,
3324 995 3540 1068 poten-

418 1102 565 1164 ergo
609 1091 708 1145 est
745 1085 968 1147 videns
1009 1093 1073 1146 et
1111 1103 1236 1147 non
1277 1085 1549 1166 videns),
1585 1084 1733 1146 hinc
1779 1083 1920 1146 fieri
2036 1085 2190 1146 tiam
2234 1102 2371 1146 esse
2420 1085 2486 1147 in
2532 1087 2681 1158 De0‚
2726 1087 3227 1168 quadrupliciter
3267 1085 3541 1147 declara-

419 1182 642 1263 nequit
690 1183 859 1264 quod
913 1183 1228 1244 contraria
1285 1191 1392 1244 aut
1446 1183 1758 1264 privative
1814 1201 1922 1262 op·
2036 1190 2156 1244 tur.
2183 1182 2392 1246 Primo
2423 1184 2665 1246 ratione
2698 1184 2981 1256 unitatiS‚
3008 1184 3309 1265 quoniam
3340 1203 3536 1264 quan-

419 1280 624 1360 posita
676 1280 874 1342 insint
922 1281 1128 1343 eidem
1180 1282 1531 1342 secundum
1586 1282 1778 1354 idem,
1821 1280 1920 1342 vel
2036 1289 2099 1344 to
2131 1281 2283 1363 quid
2316 1291 2413 1344 est
2444 1283 2645 1364 magis
2682 1283 2935 1344 unitum
2967 1290 3076 1344 aut
3106 1301 3329 1354 unum,
3362 1289 3539 1343 tanto

419 1379 585 1459 quod
625 1379 818 1441 alicui
862 1379 954 1441 rei
998 1398 1122 1441 non
1165 1379 1498 1442 conveniat
1527 1379 1590 1440 id
1625 1379 1794 1461 quod
1829 1385 1926 1440 est
2035 1388 2132 1442 est
2172 1379 2420 1454 fortiuS‚
2454 1381 2619 1443 sicut
2658 1381 2724 1442 in
2769 1380 2935 1442 libro
2974 1381 3051 1442 de
3092 1381 3309 1443 Causis
3352 1379 3539 1442 habe-

421 1477 496 1538 de
547 1477 808 1559 propria
863 1477 1004 1558 ejus
1056 1479 1316 1540 ratione.
1371 1478 1530 1539 ilinc
1582 1479 1745 1540 Deus
1797 1496 1921 1540 non
2039 1487 2139 1540 tur
2174 1499 2187 1542 :
2222 1479 2440 1541 Omnis
2484 1479 2685 1541 virtus
2729 1479 2905 1540 unita
2948 1487 3043 1541 est.
3084 1478 3307 1541 fortior
3345 1497 3537 1561 quam

420 1582 628 1655 potest
677 1575 884 1637 facere
935 1595 1160 1638 verum
1209 1576 1406 1637 Deum
1457 1594 1469 1636 :
1515 1575 1666 1656 quia
1714 1576 1790 1637 de
1835 1593 1928 1636 ra—
2037 1577 2339 1657 dispersa.
2376 1577 2548 1639 Unde
2589 1585 2651 1639 et
2691 1576 2947 1638 Proclus
2985 1577 3073 1638 ait
3109 1594 3123 1638 ε
3157 1576 3376 1639 Omnis
3414 1577 3539 1638 vir-

420 1674 590 1736 tione
623 1675 732 1736 Dei
763 1683 859 1736 est.
889 1675 1059 1756 quod
1099 1676 1181 1735 sit
1217 1693 1330 1736 ens
1373 1675 1828 1754 independenS‚
1863 1680 1924 1735 et
2036 1682 2138 1736 tus
2188 1675 2365 1736 unita
2414 1676 2613 1756 magis
2653 1684 2749 1736 est
2792 1673 3046 1736 infinita
3087 1693 3280 1756 quam
3324 1675 3539 1739 multi-

418 1772 496 1833 de
535 1771 783 1834 ratione
821 1773 987 1834 entis
1033 1772 1182 1834 facti
1228 1780 1324 1833 est
1362 1772 1530 1854 quod
1575 1772 1656 1833 sit
1695 1772 1926 1854 depen-
2039 1773 2289 1855 plicata.
2344 1773 2886 1846 Quemadmodum
2946 1791 3096 1854 ergo
3146 1774 3210 1834 in
3259 1774 3389 1836 Deo
3444 1782 3541 1837 est

418 1870 594 1932 dens.
629 1871 758 1932 Nec
792 1871 1000 1932 facere
1044 1879 1249 1951 potest
1289 1871 1458 1951 quod
1497 1870 1740 1952 aliquid
1782 1889 1926 1932 con·
1962 1871 2009 1934 B
2039 1890 2291 1938 summa
2319 1879 2382 1934 et
2412 1871 2891 1953 simplicissima
2920 1872 3253 1944 unitaS‚ita
3283 1879 3346 1934 et
3375 1891 3541 1934 sum·

417 1978 710 2031 servetur
748 1969 812 2030 in
854 1987 991 2031 esse
1023 1969 1160 2030 sine
1201 1970 1358 2050 ipso.
1395 1969 1730 2050 Quumque
1759 1969 1924 2030 Deus
2040 1989 2144 2030 ma
2188 1977 2482 2051 potestaS.
2520 1970 2830 2044 Secundo,
2867 1970 3107 2032 ratione
3152 1969 3382 2034 divinae
3423 1971 3538 2032 im-

419 2067 500 2128 sit
543 2067 976 2130 voluntarium
1027 2087 1241 2148 agenS,
1285 2086 1410 2130 non
1462 2075 1664 2150 potest
1719 2066 1925 2129 facere
2039 2068 2433 2130 mobilitatis,
2468 2068 2624 2130 Nam
2668 2076 2905 2149 quanto
2940 2087 3133 2148 agens
3173 2075 3237 2129 et
3278 2086 3539 2131 movens

421 2184 562 2246 quae
610 2183 739 2228 non
799 2173 1004 2248 potest
1054 2166 1218 2228 velle
1272 2184 1285 2227 τ
1341 2166 1482 2228 ideo
1535 2183 1660 2228 non
1721 2173 1927 2248 potest
2039 2167 2239 2248 magis
2288 2176 2579 2230 movetur
2623 2167 2704 2229 ab
2748 2186 2823 2229 eo
2872 2167 3040 2248 quod
3093 2173 3324 2241 movet,
3365 2174 3539 2231 tanto

423 2263 629 2326 facere
669 2282 737 2326 se
773 2283 901 2326 non
941 2282 1078 2326 esse
1110 2266 1331 2326 Deum.
1371 2265 1444 2326 Et
1475 2264 1776 2346 quoniam
1817 2263 1928 2325 im·
2037 2264 2399 2328 instabilius
2447 2265 2576 2346 agit
2624 2273 2813 2348 atque
2863 2265 3138 2327 debilius
3180 2273 3295 2328 est.
3331 2265 3537 2338 Quum

424 2362 754 2424 mutabilis
790 2370 908 2435 est,
939 2379 1068 2424 non
1113 2369 1320 2444 pot-est
1365 2361 1573 2424 facere
1615 2361 1928 2424 contraria
2035 2381 2186 2444 ergo
2230 2363 2393 2425 Deus
2443 2363 2525 2425 sit
2569 2364 2815 2444 primus
2866 2371 3072 2426 motor
3113 2382 3371 2444 prorsus
3422 2364 3541 2426 im·

422 2461 522 2522 his
552 2480 696 2542 quae
729 2460 1042 2542 disposuit
1073 2460 1304 2534 facere,
1339 2460 1655 2542 loquendo
1687 2460 1765 2521 de
1796 2459 1924 2520 illis
2037 2461 2317 2534 mobiliS,
2352 2469 2594 2524 constat
2625 2462 2791 2542 quod
2827 2460 3117 2524 maxima}
3147 2461 3229 2523 sit
3259 2462 3533 2524 virtutis

422 2559 777 2622 formaliter
815 2567 878 2621 et
922 2559 988 2620 in
1031 2577 1222 2621 sensu
1266 2558 1638 2640 composito,
1673 2593 1754 2602 —
1784 2559 1927 2620 Haec
2037 2561 2365 2632 Terti0,ex
2398 2568 2573 2641 parte
2605 2579 2734 2622 suae
2766 2559 3539 2633 universalitatis.Quanto

423 2657 687 2720 ibidem.
2037 2659 2211 2722 enim
2255 2659 2321 2720 in
2360 2659 2574 2741 aliquo
2605 2665 3065 2739 congregantur
3103 2657 3316 2738 plures
3355 2657 3541 2720 ratio-

514 2757 912 2820 Concordant
974 2775 1090 2838 per
1145 2755 1362 2819 omnia
1425 2757 1641 2818 Petrus
1704 2763 1765 2816 et
1826 2753 1925 2816 Ri-
2039 2777 2149 2819 nes
2200 2757 2448 2820 factivae
2490 2765 2554 2819 et
2596 2757 2763 2818 vires
2810 2756 3055 2829 activae,
3102 2763 3274 2818 tanto
3324 2765 3541 2836 poten-

424 2855 717 2918 chardus.
2037 2857 2164 2917 tius
2210 2862 2304 2918 est
2338 2875 2352 2918 ε
2388 2863 2458 2917 ut
2501 2863 2672 2937 patet
2717 2856 2793 2917 de
2836 2855 2989 2928 sole,
3034 2854 3098 2916 in
3144 2873 3272 2936 quo
3318 2873 3541 2917 omnes

499 2953 852 3016 Richardus
884 2960 1097 3014 tamen
1128 2953 1416 3034 quaedam
1460 2951 1718 3013 subtilia
1753 2969 1930 3031 argu·
2039 2954 2308 3016 virtutes
2338 2954 2714 3035 generativae
2744 2954 3028 3016 omnium
3061 2952 3437 3015 inferiorum
3469 2954 3544 3016 is·

425 3060 641 3113 menta
689 3051 938 3112 inducit
983 3050 1061 3111 ad
1118 3048 1514 3131 probandum
1567 3049 1733 3131 quod
1785 3067 1929 3110 con·
1965 3050 2008 3113 C
2042 3060 2249 3114 torum
2300 3061 2449 3114 sunt
2494 3052 2705 3115 unitae.
2742 3053 2812 3114 ln
2855 3053 2983 3114 Deo
3026 3060 3240 3114 autem
3286 3070 3544 3134 congre-

423 3150 790 3213 tradictoria
847 3149 1039 3212 simul
1095 3148 1224 3210 sint
1279 3168 1427 3211 vera
1478 3168 1491 3211 :
1545 3157 1616 3210 ut
1672 3149 1724 3211 si
1783 3148 1930 3210 faba
2037 3160 2268 3232 gantur
2324 3171 2545 3214 omnes
2603 3152 2871 3213 virtutes
2930 3152 3151 3214 activae
3199 3159 3263 3213 et.
3311 3152 3542 3235 produ-

423 3268 680 3311 sursum
725 3247 1098 3330 projiciatur
1127 3246 1467 3327 obvietque
1499 3265 1649 3308 saxo
1679 3246 1925 3320 molari,
2039 3249 2223 3311 ctivae
2292 3249 2691 3312 inferiorum.
2759 3249 3017 3330 Propter
3082 3250 3253 3331 quod
3318 3250 3546 3312 asserit

421 3348 679 3409 videtur
720 3346 888 3427 quod
934 3346 1000 3407 in
1041 3344 1264 3407 codem
1319 3344 1578 3406 instanti
1622 3345 1825 3406 aderit
1866 3351 1930 3405 et
2041 3348 2533 3422 Commentator,
2585 3348 2754 3429 quod
2816 3347 3126 3411 universa)
3185 3348 3541 3430 proportio-

421 3446 629 3509 aberit
659 3445 1038 3509 indivisibili
1076 3444 1241 3506 aeris
1281 3444 1346 3506 in
1387 3462 1514 3525 quo
1553 3443 1928 3525 superficies
2040 3464 2150 3507 nes
2203 3454 2267 3506 et
2315 3444 2535 3508 formae
2592 3464 2735 3527 quae
2788 3445 3218 3527 potentialiter
3269 3454 3416 3507 sunt
3477 3445 3542 3508 in

421 3544 586 3608 fabae
627 3563 700 3606 ac
741 3543 874 3605 saxi
916 3543 1090 3604 illius
1127 3542 1477 3622 jungentur
1511 3542 1795 3623 :alioqui
1843 3541 1928 3603 fa·
2041 3542 2247 3624 prima
2292 3543 2573 3617 materia,
2607 3550 2755 3605 sunt
2793 3551 2937 3605 actu
2984 3543 3048 3604 in
3095 3544 3304 3625 primo
3347 3550 3546 3606 moto-

421 3652 596 3706 ceret
637 3662 860 3705 saxum
901 3641 1058 3703 illud
1101 3639 1446 3722 quiescere.
1481 3641 1662 3712 Item,
1697 3640 1746 3701 si
1801 3641 1930 3721 pila
2039 3660 2125 3703 re.
2161 3642 2412 3715 Quarto,
2455 3651 2553 3703 est
2594 3661 2670 3703 ex
2720 3650 2897 3723 parte
2942 3640 3362 3703 formalitatis
3408 3644 3542 3715 Quo

421 3740 971 3824 impetuosissime
1016 3737 1388 3821 projiciatur
1435 3737 1512 3798 ad
1563 3757 1806 3800 saxum.
1854 3738 1930 3799 Et
2038 3740 2276 3802 etenim
2317 3739 2559 3820 aliquid
2600 3740 2801 3820 magis
2842 3740 3107 3802 formale
3146 3748 3242 3801 est
3278 3748 3340 3801 et
3370 3748 3543 3801 actu-

420 3858 669 3911 rursus‚
704 3838 757 3900 si
803 3838 968 3899 Deus
1011 3843 1179 3898 creat
1222 3835 1494 3917 lapidem
1543 3836 1608 3897 in
1648 3835 1756 3898 tali
1802 3836 1928 3897 situ
2038 3838 2155 3909 ale,
2192 3855 2267 3899 eo
2298 3836 2612 3899 causalius
2649 3845 2710 3898 et
2740 3836 3071 3899 efficacius
3112 3837 3487 3918 perhibetur
3522 3856 3535 3902 :

420 3937 595 4019 quod
645 3934 1020 4018 superficies
1069 3933 1211 4015 ejus
1260 3934 1454 3995 simul
1503 3934 1584 3995 sit
1634 3953 1781 3995 cum
1831 3954 1932 3995 su·
2040 3934 2495 4018 propterquod
2529 3934 2693 4014 ignis
2724 3934 2890 3995 inter
2919 3934 3234 3995 elementa
3264 3936 3539 3997 maxime

423 4033 694 4117 perficie
739 4033 1001 4096 concavi
1045 4031 1218 4094 orbis
1272 4031 1457 4105 lunai,
1493 4041 1554 4093 et
1602 4032 1766 4112 ignis
1809 4033 1930 4093 ele·
2039 4042 2132 4095 est
2173 4032 2436 4095 activus,
2475 4032 2639 4093 Deus
2683 4038 2896 4093 autem
2936 4040 3031 4093 est
3070 4050 3183 4093 ens
3229 4032 3539 4095 formalis-

426 4132 736 4195 mentaris
775 4131 915 4211 ejus
960 4131 1293 4193 descensui
1337 4148 1465 4193 non
1509 4131 1778 4203 resistat,
1811 4150 1930 4191 nec
2038 4132 2299 4203 simum,
2353 4130 2418 4191 in
2468 4148 2595 4211 quo
2646 4128 2805 4191 nihil
2855 4138 2951 4191 est
2998 4130 3075 4191 de
3123 4130 3384 4192 entitate
3432 4138 3543 4192 aut

427 4230 780 4313 quidquam
829 4228 1161 4311 prohibeat
1203 4228 1343 4308 ejus
1387 4230 1800 4306 descensum3
1844 4228 1930 4290 vi·
1959 4234 2008 4295 D
2040 4229 2424 4311 proprietate
2486 4227 2785 4302 materiai,
2838 4228 2999 4290 nihil
3050 4228 3127 4289 de
3187 4229 3543 4310 potentiali-

426 4330 616 4390 detur
668 4328 838 4409 quod
889 4326 953 4388 in
1003 4327 1227 4389 eodem
1289 4327 1546 4388 instanti
1597 4326 1720 4389 erit
1768 4325 1928 4407 lapis
2041 4334 2293 4389 tate.—
2322 4327 2441 4387 Has
2481 4332 2751 4407 quatuor
2788 4326 3062 4388 rationes
3104 4326 3381 4389 breviter
3410 4334 3543 4388 tan-

427 4427 494 4488 in
537 4426 650 4488 illo
691 4426 850 4499 loco,
883 4433 946 4487 et
985 4423 1362 4507 superficies
1401 4424 1797 4505 separabitur
1836 4424 1929 4485 in·
2040 4426 2132 4506 git
2161 4425 2221 4487 S.
2258 4423 2595 4509 Dionysius
2635 4423 2700 4487 in
2742 4423 2905 4486 libro
2942 4424 3019 4485 de
3060 4423 3303 4486 Divinis
3338 4425 3541 4487 nomi·
3622 4454 3780 4497 capa.

425 4527 504 4587 de
539 4523 827 4606 :alioqui
871 4541 1102 4606 corpus
1141 4522 1497 4603 quiesceret
1527 4521 1591 4582 in
1624 4520 1761 4583 loco
1801 4539 1929 4583 non
2041 4523 2255 4597 nibuS,
2306 4523 2524 4585 dicens
2582 4523 2798 4585 omnia
2854 4540 2992 4585 esse
3053 4520 3118 4583 in
3176 4522 3325 4598 Deo,
3377 4524 3544 4586 sicut

421 4623 698 4686 naturali
730 4622 972 4705 absque
1002 4620 1324 4694 violentia,
1344 4639 1540 4701 quum
1579 4619 1741 4681 inter
1771 4639 1932 4701 quae-
2041 4638 2264 4683 omnes
2304 4621 2555 4682 numeri
2596 4627 2743 4682 sunt
2776 4620 2839 4682 in
2874 4620 3137 4693 unitate,
3171 4627 3233 4682 et
3264 4620 3446 4684 lineae
3478 4621 3542 4683 in

423 4722 584 4784 libet
634 4721 761 4782 duo
819 4719 1120 4781 instantia
1167 4726 1422 4800 tempus
1479 4717 1562 4779 sit
1621 4716 1924 4779 medium.
2042 4724 2281 4793 centro,
2324 4726 2387 4780 et
2430 4717 2835 4799 particularia
2884 4718 2951 4779 in
2994 4717 3362 4791 universali,
3410 4736 3545 4780 cor-

419 4819 666 4881 Horum
715 4817 1124 4890 solutionem,
1169 4816 1460 4879 brevitati
1513 4816 1794 4889 studcnS,
1839 4834 1931 4877 re·
2043 4815 2291 4897 porales
2348 4834 2601 4897 quoque
2657 4815 2928 4876 virtutes
2988 4815 3053 4877 in
3112 4815 3343 4877 anima.
3396 4816 3541 4879 Haec

419 4918 652 4997 linquo
681 4914 1078 4978 scholasticis
1105 4931 1118 4976 ε
1143 4933 1284 4996 quae
1317 4922 1526 4975 tamen
1557 4933 1594 4975 a
1624 4914 1930 4977 Richardo
2042 4912 2346 4991 AEgidiuS.

419 5013 784 5075 solvuntur.
1705 5006 1711 5012 ’
2111 5010 2382 5072 Thomas
2414 5008 2567 5070 item
2596 5008 2673 5069 de
2702 5008 3045 5089 Argentina
3076 5007 3309 5071 fatetur
3337 5009 3543 5073 :Deus

509 5111 864 5173 Concordat
893 5128 1148 5193 quoque
1190 5108 1506 5191 praedictis
1548 5110 1878 5171 Durandus
1913 5126 1928 5171 t
2045 5108 2307 5171 omnino
2337 5106 2738 5188 omnipotens
2769 5114 2885 5181 est,
2904 5106 3207 5188 quoniam
3240 5107 3541 5170 omnibus

421 5209 953 5282 Contradictoria,
986 5208 1306 5290 inquienS,
1338 5208 1502 5269 Deus
1547 5224 1674 5269 non
1725 5213 1932 5288 potest
2047 5205 2253 5269 modis
2302 5204 2515 5266 omnia
2564 5212 2773 5285 potest
2830 5223 2843 5267 :
2896 5205 3047 5286 quia
3094 5206 3171 5267 de
3222 5224 3349 5268 non
3400 5215 3545 5269 ente

419 5308 643 5373 facere
673 5306 868 5368 simul
904 5324 1042 5367 esse
1073 5324 1243 5381 vera,
1276 5322 1405 5367 non
1434 5322 1512 5366 ex
1551 5304 1929 5386 impotentia
2047 5304 2201 5367 facit
2239 5322 2351 5365 ens
2394 5320 2505 5385 per
2536 5301 2945 5377 creationem,
2976 5310 3040 5364 et
3081 5322 3158 5365 ex
3200 5303 3546 5391 incomple-
