4359 6250
560 495 784 550 onsssr.
821 495 884 540 tv
919 495 932 539 :
967 495 1054 541 AN
1094 495 1360 541 srmrrs
1400 494 1664 542 simui-us
1702 493 1910 538 EADEM
1949 467 2353 538 rnocassiorzs
2390 493 2635 538 uAanAr
2666 493 2825 548 Quoi)
2863 492 2955 536 srr
2986 489 3217 546 nonen,
3244 487 3370 534 mc.
3444 469 3525 532 85

427 665 665 728 dicitur
695 666 892 728 Filius
933 674 1167 741 noster,
1199 673 1306 727 aut
1347 665 1621 747 Spiritus
1662 665 1926 727 Sanctus
1957 661 2008 724 A
2039 663 2130 744 pit
2175 682 2213 724 a
2250 663 2427 724 Patre
2468 680 2594 724 non
2638 669 2879 723 tantum
2922 669 2991 722 ut
3028 661 3111 721 sit
3156 659 3373 730 Filius,
3416 657 3527 718 sed

421 772 665 838 noster,
701 783 818 827 nec
866 766 1046 828 Pater
1093 773 1306 827 noster
1349 764 1704 826 secundum
1755 770 1929 824 aeter-

427 882 575 925 nam
609 863 1010 945 paternitatis
1043 864 1430 926 relationem.
1468 862 1576 923 Est
1613 862 1807 942 igitur
1838 880 1928 923 re-

426 961 598 1042 gula,
623 962 794 1044 quod
825 961 902 1023 de
934 961 1033 1023 his
1065 961 1338 1024 dicimus
1371 969 1590 1020 noster
1617 959 1718 1021 vel
1751 979 1930 1018 meus

427 1079 542 1122 seu
575 1069 912 1142 tuus-,quae
943 1058 1164 1122 dicunt
1195 1067 1555 1141 respectum
1586 1058 1663 1119 ad
1695 1074 1810 1120 nos
1839 1075 1933 1118 se-

430 1158 714 1221 cundum
757 1158 1197 1221 habitudinem
1238 1156 1624 1220 causalitatis
1659 1156 1760 1218 vel
1801 1173 1932 1217 cor-

429 1255 796 1335 relationis3
827 1263 891 1318 et
928 1256 1008 1318 ad
1049 1256 1166 1319 hoc
1205 1255 1294 1317 nil
1336 1255 1482 1316 facit
1526 1253 1926 1326 donabilitas,

429 1354 540 1417 sed
573 1353 876 1436 praet'atus
907 1361 1253 1436 respectus.
1288 1354 1431 1416 Haec
1467 1353 1924 1416 Bonaventura.

851 1678 1326 1752 QUAESTIO
1403 1679 1508 1742 IV

571 1936 784 1998 Ltimo
824 1935 1150 2017 quaeritur,
1183 1936 1315 2001 An
1353 1936 1710 2015 Spiritus
1741 1934 1933 2001 San-

590 2036 772 2100 ctus
801 2033 1075 2100 eadem
1105 2034 1607 2114 processione
1644 2031 1934 2099 habeat

2036 761 2229 822 etiam
2274 769 2341 822 ut
2385 761 2461 822 sit
2511 759 2727 822 divina
2774 758 3047 822 essentia
3091 765 3153 819 et
3201 757 3403 834 Deus;
3435 755 3529 816 sic

2038 859 2313 941 Spiritus
2374 859 2639 921 Sanctus
2700 856 3099 940 procedendo
3145 875 3182 917 a
3228 855 3407 917 Patre
3455 872 3529 914 ac

2038 957 2219 1030 Filio,
2253 957 2500 1038 accepit
2548 975 2675 1019 non
2725 963 2969 1018 tantum
3021 962 3092 1016 ut
3138 954 3220 1016 sit
3264 953 3527 1024 donum,

2039 1056 2149 1119 sed
2188 1057 2380 1118 etiam
2422 1064 2491 1118 ut
2530 1055 2613 1117 sit
2653 1056 2817 1117 Deus
2865 1073 2937 1116 ac
2980 1053 3197 1116 divina
3233 1051 3525 1114 essentia.

2119 1153 2279 1215 Hinc
2308 1152 2605 1216 Albertus
2646 1153 2751 1214 hic
2794 1159 3005 1215 movet
3043 1150 3203 1213 hanc
3238 1149 3530 1232 quaestio-

2040 1271 2211 1326 nem,
2245 1271 2325 1313 an
2366 1251 2561 1313 Filius
2602 1251 2919 1313 nascendo
2956 1249 3203 1330 accepit
3242 1247 3409 1329 quod
3451 1247 3533 1308 sit

2042 1353 2207 1414 Deus
2236 1357 2299 1411 et
2327 1349 2543 1412 divina
2573 1350 2865 1412 essentia.
2881 1348 3143 1410 Videtur
3172 1346 3340 1427 quod
3372 1362 3528 1407 non:

2043 1449 2343 1531 quoniam
2407 1448 2719 1529 quidquid
2780 1447 2976 1509 Filius
3034 1453 3131 1507 est
3192 1443 3529 1516 nascende,

2042 1548 2162 1610 hoc
2193 1546 2527 1627 distinguit
2557 1565 2705 1608 eum
2743 1545 2824 1607 ab
2862 1544 3005 1607 aliis
3045 1543 3281 1605 divinis
3323 1559 3535 1624 perso-

2043 1647 2166 1720 niS‚
2203 1645 2554 1726 praesertim
2594 1664 2631 1706 a
2668 1645 2845 1707 Patre
2883 1644 3217 1724 gignente;
3250 1641 3359 1704 sed
3398 1660 3537 1704 esse

2045 1745 2247 1807 Deum
2295 1763 2369 1806 ac
2413 1743 2697 1805 divinam
2740 1743 3103 1815 essentiam,
3136 1758 3265 1803 non
3313 1739 3537 1802 distin-

1969 1841 2015 1903 B
2044 1843 2181 1924 guit
2218 1861 2366 1905 eum
2397 1861 2433 1904 a
2473 1841 2717 1923 Spiritu
2756 1842 2984 1904 Sancto
3024 1859 3231 1921 neque
3270 1858 3307 1901 a
3334 1838 3534 1912 Patre,

2045 1961 2243 2023 quum
2276 1939 2577 2022 quaelibet
2607 1939 2823 2002 divina
2862 1956 3131 2020 persona
3168 1937 3252 1999 sit
3280 1937 3447 1999 Deus
3475 1943 3537 1998 et

2045 2040 2325 2101 increata
2371 2039 2665 2100 essentia.
2714 2073 2794 2082 -
2836 2037 2928 2099 Ad
2978 2037 3146 2118 quod
3200 2034 3539 2116 respondet

431 2134 642 2215 quod.
689 2134 802 2198 Sit
846 2133 1162 2213 donum,
1195 2134 1278 2198 et
1317 2132 1528 2214 quod
1570 2132 1680 2199 sit
1723 2131 1934 2197 Deus
2042 2137 2340 2199 Albertus
2376 2153 2389 2197 :
2425 2135 2693 2209 Quidam
2739 2135 3096 2197 concedunt
3134 2132 3534 2214 simpliciter,

431 2247 526 2300 ac
567 2233 852 2298 divina
892 2231 1267 2298 essentia.

515 2331 782 2393 Videtur
836 2329 1006 2411 quod
1067 2346 1213 2391 non.
1268 2329 1498 2397 Primo,
1555 2327 1706 2409 quia
1765 2328 1934 2410 quod

437 2429 716 2512 Spiritus
757 2429 1023 2491 Sanctus
1063 2427 1253 2489 habet
1294 2447 1408 2509 per
1439 2425 1932 2508 processionem,

438 2529 692 2590 videtur
721 2526 1071 2588 secundum
1099 2526 1388 2588 ordinem
1421 2524 1816 2606 intelligendi
1850 2543 1940 2586 se-

437 2627 550 2709 qui
583 2626 1078 2708 processionem.
1108 2623 1396 2686 Essentia
1425 2631 1640 2685 autem
1669 2642 1782 2684 seu
1812 2623 1940 2684 dei·

442 2735 534 2788 tas
562 2725 787 2789 ordine
819 2731 1058 2788 naturae
1087 2741 1345 2786 omnem
1376 2723 1846 2805 processionem
1877 2730 1940 2784 et

439 2823 914 2887 emanationem
977 2822 1041 2883 in
1099 2821 1336 2883 divinis
1396 2820 1714 2902 praecedit.
1777 2820 1939 2901 Ergo

441 2923 720 3005 Spiritus
761 2921 1028 2983 Sanctus
1068 2939 1184 2982 sua
1225 2919 1629 3000 processione
1669 2936 1796 2981 non
1837 2918 1941 2980 ha-

2044 2234 2215 2317 quod
2277 2234 2473 2296 Filius
2537 2234 2857 2295 nascendo
2917 2232 3163 2314 accepit
3221 2239 3283 2293 et
3352 2230 3540 2292 habet

2045 2334 2214 2415 quod
2274 2333 2357 2394 sit
2412 2333 2578 2394 Deus
2636 2339 2699 2394 et
2756 2331 2981 2393 divina
3029 2331 3323 2404 essentia,
3374 2329 3542 2391 sicut

2047 2431 2339 2511 Magister
2370 2430 2435 2492 in
2467 2430 2679 2492 littera
2707 2429 2862 2491 dicit
2890 2446 2904 2489 ε
2941 2428 3091 2510 quia
3133 2427 3197 2488 in
3229 2427 3337 2488 tali
3370 2427 3540 2489 locu-

2047 2529 2241 2600 tione,
2295 2529 2358 2611 ly
2418 2528 2734 2590 nascendo
2793 2544 2919 2588 non
2976 2524 3357 2587 determinat
3414 2524 3539 2586 nisi

2049 2627 2477 2708 suppositum,
2513 2633 2575 2687 et
2604 2635 2699 2688 est
2734 2645 2957 2688 sensus
2994 2643 3005 2686 :
3042 2624 3260 2698 Filius,
3293 2623 3403 2706 qui
3434 2643 3541 2685 na-

2050 2725 2285 2787 scendo
2329 2733 2423 2787 est
2468 2724 2688 2798 Filius,
2732 2723 2980 2806 accepit
3028 2723 3198 2805 quod
3247 2721 3329 2783 sit
3377 2722 3543 2784 Deus

2051 2829 2112 2885 et
2141 2823 2358 2884 divina
2389 2824 2681 2885 essentia.
2722 2823 2798 2886 Et
2825 2822 3085 2896 addunt,
3118 2821 3287 2903 quod
3316 2838 3543 2901 gerun-

2051 2921 2229 2983 dium
2261 2921 2434 2992 illud,
2459 2923 2795 2990 nascendo,
2812 2927 3019 3001 potest
3049 2919 3259 2981 dicere
3290 2937 3545 2980 causam

439 3023 550 3084 bet
592 3020 764 3103 quod
809 3019 892 3081 sit
933 3020 1100 3081 Deus
1149 3025 1340 3098 atque
1384 3017 1600 3079 divina
1641 3017 1932 3078 essentia.
1977 3017 2020 3080 (3
2053 3027 2346 3102 respectu
2393 3019 2715 3101 praedicati
2752 3037 2765 3080 :
2800 3026 2864 3080 et
2912 3019 3000 3080 ita
3042 3024 3138 3080 est
3185 3016 3364 3092 falsa,
3396 3017 3549 3099 quia

437 3158 522 3167 -—
553 3118 868 3191 Secundo,
904 3136 1174 3200 persona
1204 3117 1270 3179 in
1300 3115 1534 3179 divinis
1567 3115 1936 3197 procedenS,

439 3238 556 3281 sua
609 3216 1012 3298 processione
1059 3233 1186 3277 non
1241 3213 1432 3275 habet
1486 3213 1610 3275 nisi
1663 3213 1830 3294 quod
1882 3213 1939 3273 ei

439 3315 800 3379 formaliter
849 3313 1146 3375 convenit
1203 3332 1279 3374 ex
1339 3330 1455 3373 sua
1509 3310 1937 3392 processione.

441 3416 565 3477 Sed
627 3412 893 3495 Spiritui
954 3412 1182 3474 Sancto
1239 3430 1316 3472 ex
1365 3428 1480 3471 sua
1539 3409 1942 3491 processione

443 3530 572 3575 non
606 3510 910 3573 convenit
937 3509 1289 3570 formaliter
1318 3508 1486 3589 quod
1528 3507 1607 3569 sit
1641 3508 1806 3569 Deus
1835 3512 1944 3567 aut

444 3610 664 3673 divina
692 3608 989 3681 essentia,
1025 3608 1132 3669 sed
1174 3606 1382 3670 solum
1420 3606 1590 3688 quod
1625 3612 1721 3667 est
1751 3604 1946 3685 Spiri-

445 3717 548 3771 tus
593 3709 860 3771 Sanctus
906 3724 920 3767 :
962 3705 1200 3787 alioqui
1245 3705 1364 3767 soli
1410 3704 1674 3786 Spiritui
1718 3704 1944 3766 Sancto

445 3805 822 3869 conveniret
864 3823 1002 3867 esse
1046 3803 1245 3865 Deum
1289 3821 1362 3865 ac
1407 3802 1690 3865 divinam
1737 3820 1946 3863 essen—

445 3906 622 3967 tiam.

529 4005 598 4065 In
630 4001 996 4084 oppositum
1038 4008 1154 4074 est,
1187 4000 1338 4082 quia
1378 4018 1493 4081 per
1522 3999 1642 4060 hoc
1673 3998 1946 4079 Spiritus

447 4104 720 4165 Sanctus
769 4107 864 4161 est
911 4099 1076 4161 Deus
1121 4106 1183 4160 et
1227 4098 1444 4161 divina
1491 4096 1787 4169 essentia,
1835 4114 1948 4177 per

2052 3118 2350 3181 nativitas
2398 3137 2525 3181 non
2579 3117 2833 3199 attingit
2879 3116 3201 3191 deitatem,
3244 3115 3331 3177 ita
3376 3115 3547 3198 quod

2054 3219 2192 3299 ipsa
2240 3218 2323 3279 sit
2369 3225 2536 3291 nata,
2572 3224 2640 3279 ut
2690 3216 2893 3297 patuit
2940 3234 3149 3297 supra.
3184 3215 3295 3277 Vel
3343 3222 3551 3297 potest

2053 3324 2270 3379 notare
2315 3315 2896 3388 concomitantiam,
2941 3322 3009 3375 ut
3049 3314 3130 3375 sit
3173 3332 3419 3387 sens11S,
3454 3313 3549 3375 Fi-

2055 3414 2178 3475 lius
2212 3413 2363 3474 dum
2397 3419 2581 3473 natus
2613 3418 2728 3486 est,
2762 3410 2952 3472 habet
2979 3410 3149 3492 quod
3180 3410 3263 3472 sit
3291 3410 3457 3473 Deus
3488 3418 3551 3473 et

2054 3511 2340 3573 divinam
2390 3510 2731 3572 essentiam
2784 3508 3011 3571 habeat
3056 3525 3069 3569 :
3115 3508 3335 3590 sicque
3383 3528 3549 3571 asse-

2055 3616 2203 3671 runt
2234 3608 2403 3690 quod
2436 3608 2519 3669 sit
2552 3626 2703 3670 vera
2743 3607 2851 3668 illa
2883 3606 3136 3669 locutio.
3171 3642 3247 3651 —
3278 3606 3398 3669 Sed
3429 3606 3550 3669 hoc

2056 3725 2184 3769 non
2234 3707 2486 3769 videtur
2533 3725 2671 3768 esse
2721 3705 2799 3767 de
2850 3704 3198 3766 intentione
3247 3704 3546 3784 Magistri,

2058 3806 2169 3887 qui
2221 3804 2308 3866 ait
2358 3804 2425 3865 in
2476 3803 2705 3877 littera,
2738 3802 2907 3884 quod
2958 3801 3253 3863 nativitas
3295 3809 3551 3882 praestet

2059 3904 2399 3965 essentiam
2463 3902 2621 3964 Filio
2680 3920 2693 3963 :
2749 3901 2919 3983 quod
2975 3900 3227 3962 videtur
3284 3900 3551 3962 innuere

2061 4020 2317 4063 causam
2348 4020 2460 4062 seu
2494 4000 2821 4062 rationem.
2856 3999 2949 4062 Ad
2979 3998 3149 4080 quod
3183 3997 3548 4074 dicendum,

2060 4101 2229 4182 quod
2279 4098 2609 4181 responsio
2659 4099 2767 4160 illa
2819 4097 3174 4179 supplenda
3216 4103 3310 4159 est
3349 4114 3363 4159 :
3403 4098 3553 4179 quia

445 4200 620 4283 quod
663 4198 966 4261 deitatem
1008 4215 1222 4259 veram
1267 4196 1734 4276 essentiamque
1777 4213 1950 4255 acce·
1980 4201 2028 4262 D
2060 4218 2262 4280 quum
2291 4197 2670 4278 gerundium
2704 4197 2873 4258 dicat
2902 4195 3211 4258 rationem
3252 4196 3553 4278 principii

449 4300 546 4382 pit
576 4297 864 4360 divinam
899 4314 913 4358 :
947 4296 1058 4358 sed
1099 4314 1217 4357 nec
1256 4295 1554 4356 deitatem
1597 4312 1712 4355 nec
1743 4310 1953 4355 essen-

450 4400 606 4461 tiam
657 4394 905 4477 accepit
950 4393 1075 4456 nisi
1136 4393 1536 4475 procedendo
1582 4412 1619 4453 a
1663 4392 1840 4454 Patre
1889 4397 1949 4452 et

449 4496 632 4560 Filio.
659 4495 825 4577 Ergo
855 4493 1076 4557 eadem
1108 4492 1512 4575 processione
1543 4490 1732 4553 habet
1761 4498 1950 4571 atque

447 4596 702 4677 accepit
731 4593 900 4676 quod
931 4600 1028 4654 est
1069 4590 1343 4673 Spiritus
1386 4590 1652 4653 Sanctus
1683 4598 1744 4651 et
1775 4606 1953 4651 amor

447 4713 526 4757 ac
568 4694 833 4764 donum,
870 4692 1036 4754 Deus
1078 4706 1334 4771 quoque
1377 4697 1439 4750 et
1481 4687 1698 4750 divina
1740 4706 1952 4749 essen-

449 4794 542 4855 tia
587 4811 602 4855 :
649 4810 802 4873 ergo
846 4791 1062 4854 omnia
1113 4789 1231 4851 ista
1280 4788 1498 4849 eadem
1550 4786 1952 4868 processione

451 4892 726 4973 accepit,
772 4897 836 4952 et
879 4908 995 4971 per
1039 4888 1212 4949 illam
1258 4886 1646 4949 conveniunt
1690 4884 1834 4947 sibi.

537 5090 682 5151 Haec
732 5086 999 5169 quaestio
1050 5084 1288 5148 idcirco
1337 5092 1651 5157 movetur,
1695 5084 1846 5165 quia
1893 5083 1959 5145 in

459 5195 638 5251 textu
679 5204 758 5248 ex
799 5185 1012 5247 verbis
1051 5182 1388 5265 Augustini
1432 5181 1737 5264 probatur
1773 5188 1962 5261 atque

467 5286 796 5359 asseritur,
821 5284 988 5365 quod
1021 5284 1186 5346 sicut
1215 5282 1413 5345 Filius
1445 5282 1763 5344 nascendo
1791 5300 1965 5343 accc-

2061 4296 2410 4377 originaliS,
2444 4302 2652 4377 potest
2690 4295 3113 4357 determinare
3150 4294 3553 4375 compositio-

2062 4414 2211 4456 nem
2260 4393 2438 4455 verbi
2485 4412 2562 4455 ex
2614 4401 2790 4475 parte
2841 4392 3114 4472 subject-i
3165 4399 3434 4467 tantum,
3487 4400 3558 4454 ut

2063 4494 2145 4555 sit
2195 4512 2419 4555 sensus
2465 4509 2478 4552 :
2523 4491 2719 4553 Filius
2770 4490 3107 4563 nascendo,
3162 4490 3227 4552 id
3274 4499 3391 4564 est,
3444 4490 3553 4573 qui

2064 4592 2381 4654 nascendo
2412 4598 2507 4652 est
2543 4590 2760 4663 Filius,
2793 4589 3040 4670 accepit
3078 4589 3247 4670 quod
3279 4589 3361 4651 sit
3390 4590 3556 4651 Deus

2065 4698 2123 4752 et:
2158 4689 2374 4751 divina
2413 4687 2785 4750 substantia.
2820 4688 3029 4750 Potest
3066 4705 3319 4769 quoque
3354 4688 3556 4750 deter-

2069 4788 2335 4851 minatio
2393 4787 2614 4849 referri
2667 4788 2743 4848 ad
2795 4786 3344 4868 compositionem,
3394 4786 3557 4848 desi-

2067 4888 2317 4968 gnando
2376 4894 2587 4948 actum
2648 4905 2840 4967 super
2894 4885 3301 4967 praedicatum
3360 4892 3559 4947 trans-

2070 4992 2328 5049 euntem
2367 5003 2381 5047 :
2417 4992 2479 5046 et
2511 4985 2595 5045 ita
2630 4992 2724 5045 est
2765 4984 2952 5061 salsa3
2987 4992 3359 5064 sequeretur
3388 4984 3558 5045 enim

2072 5084 2241 5167 quod
2286 5082 2559 5145 essentia
2598 5089 2762 5144 esset
2790 5081 3004 5161 aliquo
3046 5079 3233 5142 modo
3270 5088 3433 5142 nata.
3470 5081 3561 5143 Si-

2080 5181 2217 5243 mili
2250 5180 2437 5243 modo
2466 5178 2916 5258 distinguenda
2946 5184 3041 5239 est
3070 5177 3203 5239 haec
3240 5194 3253 5238 ε
3290 5177 3563 5259 Spiritus

2083 5281 2349 5343 Sanctus
2383 5278 2779 5360 procedendo
2818 5276 3062 5358 accepit
3094 5294 3220 5339 non
3260 5277 3465 5339 solum
3497 5286 3566 5340 ut
