4359 6250
679 538 684 541 ,
788 462 870 523 88
1722 481 1894 527 mnan
1939 483 1958 527 1
2002 481 2484 527 summm-unum,
2529 499 2610 510 —
2649 481 2803 527 msr.
2846 481 2952 525 xlx

788 654 992 717 trium
1049 672 1477 737 personarum
1539 655 1980 737 aequalitatem
2035 656 2320 720 breviter
2375 656 2760 737 complexus
2814 656 2914 719 θεῖ
2975 652 3383 735 Augustinus
3437 672 3451 714 :
3506 652 3663 733 quia
3714 651 3901 715 alius

789 769 992 833 alium
1032 788 1152 835 neo
1190 772 1573 852 aeternitate,
1603 790 1723 836 nec
1752 772 2227 855 magnitudine,
2256 790 2375 836 nec
2402 762 2695 853 potentia
2731 774 3015 853 superat.
3041 771 3234 845 Quod
3270 772 3491 834 autem
3530 768 3905 833 aeternitate

789 885 1010 967 aliqua
1046 888 1248 950 trium
1293 905 1722 969 personarum
1764 890 1963 952 aliam
2008 906 2140 952 non
2194 889 2485 969 excedat,
2526 906 2725 970 supra
2773 890 3110 952 ostensum
3159 889 3282 966 est,
3320 886 3436 949 ubi
3483 885 3905 949 coaeternitas

788 1002 992 1065 trium
1038 1022 1464 1085 personarum
1511 1006 1841 1069 insinuata
1891 1006 2010 1069 est.
2718 1011 2722 1016 “

839 1263 910 1326 C.
951 1267 1086 1327 Hic
1125 1270 1212 1329 de
1249 1268 1760 1343 maonitudine
1784 1288 1808 1327 .·
1851 1272 2043 1345 quod
2078 1284 2166 1331 ea
2211 1271 2467 1346 aliqua
2500 1284 3006 1343 personarum
3044 1272 3284 1333 aliam
3322 1284 3473 1333 non
3511 1269 3847 1331 eoecedat.

926 1498 1117 1561 Nunc
1155 1497 1358 1577 igitur
1394 1499 1692 1578 superest
1735 1498 2097 1578 ostendere,
2139 1499 2319 1579 quod
2354 1500 2807 1581 magnitudine
2835 1500 2940 1564 vel
2977 1498 3271 1580 potentia
3308 1498 3478 1562 alius
3514 1498 3719 1561 alium
3756 1516 3907 1562 non

798 1613 1088 1677 excedat.
1140 1614 1224 1675 Et
1270 1614 1454 1694 prius
1500 1613 1580 1677 de
1625 1614 2078 1695 magnitudine
2125 1616 2489 1679 videamus,

798 1875 878 1938 D.
937 1877 1133 1943 Quod
1176 1891 1326 1939 non
1372 1877 1483 1939 est
1524 1878 1785 1948 major·
1829 1890 1980 1939 una
2029 1892 2357 1950 persona
2408 1882 2593 1954 alia,
2642 1894 2776 1943 nec
2822 1883 3079 1953 majus
3133 1883 3420 1956 aliquid
3465 1884 3625 1945 duoe
3670 1895 3905 1957 quam

1627 2008 1806 2067 una,
1857 2008 1990 2056 nec
2037 1993 2191 2056 tres
2237 2011 2463 2071 quam
2509 2001 2669 2060 duoe
2714 2000 2831 2058 vel
2874 2013 3049 2060 una.

931 2226 1285 2292 Sciendum
1331 2226 1430 2289 est
1467 2243 1652 2307 ergo,
1686 2226 1842 2307 quia
1877 2226 2072 2290 Pater
2115 2244 2249 2290 non
2288 2228 2387 2291 est
2434 2228 2645 2309 major
2681 2228 2875 2309 Filio,
2910 2246 3029 2292 nec
3073 2229 3267 2292 Pater
3294 2229 3408 2293 -vel
3440 2230 3651 2293 Filius
3685 2231 3909 2309 maj0r

799 2344 1048 2426 Spiritu
1099 2342 1372 2421 Sancto;
1423 2359 1541 2405 nec
1589 2343 1806 2423 majus
1847 2342 2097 2424 aliquid
2147 2344 2295 2407 duae
2348 2360 2643 2426 personae
2690 2345 2891 2407 simul
2940 2348 3095 2409 sunt
3144 2363 3343 2426 quam
3392 2363 3549 2425 una,
3592 2364 3711 2410 nec
3763 2348 3908 2411 tres

798 2460 1000 2525 simul
1037 2459 1254 2540 majus
1291 2458 1543 2538 aliquid
1578 2475 1778 2539 quam
1815 2459 2000 2540 duae3
2040 2476 2159 2523 nec
2201 2460 2414 2541 major
2450 2462 2549 2523 est
2594 2462 2877 2524 essentia
2912 2462 2981 2527 in
3027 2462 3239 2525 tribus
3275 2480 3475 2543 quam
3511 2462 3583 2524 in
3618 2463 3904 2539 duabuS‚

797 2594 918 2641 nec
970 2578 1037 2639 in
1086 2574 1342 2638 duabus
1378 2592 1579 2656 quam
1625 2576 1694 2637 in
1732 2593 1886 2655 una,
1928 2576 2084 2657 quia
2127 2577 2268 2639 tota
2306 2579 2404 2641 est
2440 2578 2510 2639 in
2547 2578 2847 2658 singulis.
2894 2578 3081 2641 Unde
3118 2578 3404 2642 ‚Ioannes
3452 2577 3910 2641 Damascenus

745 2726 771 2757 e
798 2694 892 2758 ait
931 2714 946 2755 ε
989 2693 1392 2757 Confitemur
1419 2692 1700 2756 Deitatis
1735 2693 2039 2756 naturam
2077 2711 2341 2757 omnem
2380 2694 2662 2776 perfecte
2699 2712 2841 2759 esse
2878 2696 2947 2758 in
2984 2696 3245 2776 singula
3280 2711 3549 2757 suarum
3588 2695 3911 2775 hyposta-

713 2788 771 2889 11'1]
799 2828 981 2891 seon,
1029 2810 1098 2872 id
1148 2811 1247 2872 est
1293 2826 1721 2889 personarum
1764 2828 1778 2870 z
1823 2825 2086 2872 omnem
2135 2810 2205 2873 in
2251 2811 2468 2891 Patre,
2519 2828 2783 2875 omnem
2840 2813 2909 2875 in
2962 2811 3158 2892 Filio,
3218 2828 3482 2875 omnem
3533 2811 3603 2874 in
3652 2810 3912 2891 Spiritu

799 2926 1059 2991 Sancto,
1111 2926 1397 3005 Ideoque
1440 2923 1768 3006 perfectus
1816 2924 1998 2988 Deus
2049 2926 2265 3007 Pater,
2305 2928 2635 3007 perfectus
2676 2929 2857 2994 Deus
2902 2929 3136 3009 Filius,
3177 2928 3505 3010 perfectus
3540 2929 3722 2992 Deus
3756 2927 3913 3009 Spi-

798 3044 966 3106 ritus
1011 3044 1311 3107 Sanctus,

971 3300 1047 3363 E.
1107 3303 1470 3369 Quomodo
1520 3302 1797 3364 dicitur
1841 3316 1995 3364 esse
2044 3303 2233 3363 Deus
2278 3301 2512 3363 Pater
2556 3303 2634 3363 in
2686 3303 2899 3376 Filio,
2950 3303 3022 3362 et
3066 3303 3301 3364 Filius
3347 3304 3425 3365 in
3472 3303 3726 3376 Patre,

1245 3419 1317 3480 et
1351 3420 1676 3492 Spiritus
1709 3420 2028 3483 Sanctus
2063 3421 2142 3482 in
2177 3418 2515 3494 utroque,
2545 3419 2615 3480 et
2642 3421 2975 3494 sinamus
3013 3421 3091 3481 in
3118 3420 3450 3494 sinyuzis.

933 3661 1018 3724 Et
1045 3660 1196 3724 inde
1226 3660 1326 3723 est
1353 3660 1531 3740 quod
1557 3659 1753 3723 Pater
1780 3659 2021 3722 dicitur
2047 3677 2191 3723 esse
2220 3659 2290 3721 in
2317 3658 2512 3738 Filio,
2537 3659 2603 3722 et
2638 3659 2849 3722 Filius
2886 3660 2955 3721 in
2983 3659 3200 3738 Patre,
3223 3660 3289 3723 et
3310 3657 3596 3739 Spiritus
3627 3656 3916 3721 Sanctus

803 3779 870 3841 in
907 3780 1211 3858 utroque,
1254 3778 1318 3840 et
1354 3776 1656 3858 singulus
1694 3776 1763 3837 in
1800 3776 2103 3855 singulis
2145 3775 2334 3838 Unde
2372 3774 2786 3855 Augustinus
2822 3776 2891 3838 in
2929 3775 3095 3838 libro
3133 3775 3213 3838 de
3250 3775 3411 3838 Fide
3448 3774 3531 3836 ad
3569 3773 3841 3836 Petrum
3890 3794 3907 3834 t

508 3917 702 3974 raugam.
721 3919 776 3962 «ιο
802 3896 1078 3976 Propter
1106 3895 1426 3958 unitatem
1464 3892 1828 3956 naturalem
1869 3893 2046 3955 totus
2077 3892 2272 3955 Pater
2310 3891 2377 3953 in
2413 3890 2585 3954 Filio
2616 3893 2681 3956 et
2720 3891 2972 3973 Spiritu
2999 3891 3236 3955 Sancto
3268 3893 3388 3969 est,
3428 3891 3609 3953 totus
3641 3906 3913 3970 quoque

510 3981 676 4036 Regula
721 3981 773 4024 fl-

509 4044 596 4096 ᾶοί,
611 4056 650 4086 e.
665 4057 694 4094 1,
710 4047 752 4088 4.

547 4505 681 4549 fluat.
710 4506 764 4548 de

510 4569 736 4619 Trinitate.

512 4633 588 4676 lib.
609 4646 668 4683 ιιι,
693 4635 732 4675 1.

525 4696 735 4738 Ionan-xx

545 5203 680 5247 Hilar.
703 5217 779 5258 op.

511 5267 586 5310 cit.
603 5269 722 5318 1133,
736 5269 776 5308 4.

803 4011 1089 4093 Spiritus
1125 4011 1404 4074 Sanctus
1440 4009 1508 4070 in
1558 4008 1751 4071 Patre
1800 4009 1866 4072 et
1911 4007 2080 4070 Filio
2120 4009 2255 4088 est3
2287 4007 2511 4071 nullus
2552 4007 2789 4070 horum
2829 4009 3012 4071 extra
3062 4007 3423 4096 quemlibet
3469 4007 3765 4087 ipsorum
3805 4007 3914 4068 est

803 4129 1070 4209 propter
1123 4127 1364 4190 divinae
1417 4127 1667 4189 naturae
1721 4125 2064 4188 unitatem.
2126 4125 2293 4187 Ecce
2356 4123 2464 4186 hic
2518 4125 2726 4205 aperit
2786 4124 3199 4206 aliquatenus
3256 4123 3417 4204 (non
3473 4121 3651 4186 enim
3715 4121 3913 4203 plene

801 4243 1020 4326 potest
1065 4243 1322 4305 tantum
1379 4240 1462 4304 ab
1507 4241 1776 4304 homine
1821 4243 2094 4304 reserari
2151 4239 2493 4322 arcanum)
2542 4258 2625 4304 ex
2672 4257 2803 4322 qua
2850 4241 3282 4321 intelligentia
3337 4240 3592 4303 dicatur
3646 4237 3915 4318 singula

803 4375 1232 4441 personarum
1289 4359 1428 4420 tota
1483 4374 1627 4420 esse
1673 4355 1742 4418 in
1799 4355 1968 4418 aliis,
2030 4357 2219 4420 Unde
2272 4357 2471 4420 etiam
2518 4357 2813 4420 Hilarius
2872 4357 2998 4420 ista
3053 4357 3329 4419 interius
3375 4355 3780 4436 perquirens,
3835 4353 3913 4416 in

803 4475 972 4539 libro
1028 4474 1222 4538 tertio
1270 4474 1350 4537 de
1400 4473 1717 4536 Trinitate
1765 4475 1858 4536 ait
1900 4493 1913 4535 ε
1956 4473 2164 4536 Affert
2209 4474 2540 4555 plerisque
2590 4473 3052 4537 obscuritatem
3101 4489 3316 4537 sermo
3367 4471 3661 4550 Domini,
3700 4487 3911 4551 quum

805 4591 967 4654 dicit
1008 4611 1022 4652 ε
1063 4591 1203 4672 Ego
1243 4590 1314 4653 in
1360 4591 1576 4670 Patre,
1617 4592 1684 4653 et
1723 4590 1918 4654 Pater
1959 4590 2025 4652 in
2069 4607 2175 4653 me
2223 4591 2341 4654 est.
2383 4591 2519 4654 Nec
2566 4591 2919 4654 immerito.
2961 4591 3212 4654 Natura
3246 4589 3421 4654 enim
3461 4585 3914 4668 intelligentiae

737 4708 778 4744 ”’
807 4709 1140 4786 humanae,
1173 4707 1493 4770 rationem
1532 4706 1690 4769 dicti
1719 4707 1922 4788 hujus
1957 4723 2091 4769 non
2129 4708 2338 4788 capit3
2370 4723 2489 4770 nec
2527 4707 2905 4788 exemplum
2934 4705 3203 4786 aliquod
3232 4705 3429 4769 rebus
3457 4703 3702 4766 divinis
3730 4719 3917 4765 com-

807 4823 1059 4906 paratio
1089 4823 1380 4886 humana
1415 4823 1774 4904 praestabit.
1808 4823 1935 4887 Sed
1978 4823 2155 4904 quod
2195 4840 2326 4886 non
2369 4822 2781 4904 intelligibile
2820 4824 2920 4886 est
2954 4822 3233 4902 homini,
3274 4822 3414 4885 Deo
3443 4819 3757 4901 possibile
3784 4821 3915 4882 est.

807 4941 1350 5022 Cognoscendum
1387 4940 1608 5020 itaque
1646 4941 1842 5020 atque
1879 4940 2377 5021 intelligendum
2410 4941 2510 5002 est
2546 4940 2703 5020 quid
2745 4940 2833 5002 sit
2862 4939 3050 5017 illud,
3091 4939 3230 5018 Ego
3274 4939 3344 5000 in
3380 4937 3596 5016 Patre,
3628 4937 3695 5000 θῖ
3717 4934 3921 4998 Pater

807 5057 876 5120 in
912 5073 1019 5120 me
1058 5059 1158 5120 est
1191 5077 1205 5118 :
1239 5057 1296 5120 si
1335 5057 1557 5119 tamen
1586 5057 2134 5138 comprehendere
2164 5056 2291 5120 hoc
2327 5056 2421 5118 ita
2446 5058 2521 5118 ut
2558 5057 2657 5120 est
2686 5055 3075 5135 valebimuS‚
3118 5056 3192 5117 ut
3220 5053 3395 5134 quod
3423 5053 3658 5114 natura
3693 5067 3937 5114 rerum.

803 5173 942 5255 pati
969 5189 1101 5235 non
1130 5189 1324 5254 posse
1353 5172 1738 5253 aestimatur,
1764 5173 1831 5235 id
1863 5173 2104 5237 divinae
2135 5173 2433 5237 veritatis
2461 5173 2627 5235 ratio
2668 5172 3126 5250 consequatur.
3158 5170 3417 5232 Patrem
3450 5184 3605 5249 ergo
3643 5166 3709 5228 in
3740 5165 3921 5229 Filio

803 5290 868 5351 et
896 5288 1143 5351 Filium
1181 5289 1250 5350 in
1278 5288 1471 5351 Patre
1503 5305 1669 5368 esse,
1710 5289 2048 5370 plenitudo
2081 5289 2148 5352 in
2179 5291 2459 5372 utroque
2498 5287 2863 5352 divinitatis
2900 5286 3187 5370 perfecta
3223 5286 3345 5365 est,
3379 5284 3535 5365 quia
3570 5280 3918 5364 plenitudo
