4359 6250
898 494 1122 550 QUAEST.
1166 497 1251 543 vu
1294 497 1308 540 Ζ
1357 497 1439 542 ΑΝ
1484 497 1547 543 ΙΝ
1590 499 1817 544 ntlels
1860 499 1952 544 SIT
1992 499 2256 554 AchoD
2298 501 2664 545 surposlntu
2705 501 3057 546 ABSOLCTUM

3407 477 3520 542 231

422 663 783 724 damentale
822 674 885 725 et
916 667 1093 746 quasi
1140 667 1461 728 materiale
1495 667 1559 728 in
1603 667 1923 748 significa·
1952 667 2003 728 A
2032 667 2484 730 dividuationis
2535 671 2776 749 prolixe
2829 671 3112 751 inquirit,
3158 678 3216 731 ct
3272 671 3521 731 tandem

420 767 485 823 to
514 761 867 833 relationis,
903 762 1039 844 ipsa
1080 765 1335 845 proprie
1364 766 1599 827 dicitur
1630 767 1919 828 essentiae

420 859 655 922 divinae
704 860 1027 936 insistenS,
1066 871 1252 944 prout
1302 863 1649 926 aedisicium
1701 864 1923 926 sunda-

423 966 637 1021 mento
676 977 795 1022 suo
836 961 1072 1023 insistit
1115 969 1306 1044 atque
1348 963 1663 1024 innititur.
1698 964 1921 1044 Adspi-

423 1056 647 1120 ciendo
697 1076 849 1121 vero
897 1059 973 1120 ad
1031 1059 1297 1123 formale
1348 1061 1695 1133 relationiS‚
1747 1062 1917 1144 quod

420 1164 513 1218 est
560 1175 703 1219 esse
749 1157 829 1218 ad
886 1157 1152 1240 aliquid,
1205 1160 1427 1222 relatio
1485 1160 1719 1222 dicitur
1766 1179 1917 1243 quo-

418 1256 758 1318 dammodo
804 1256 1139 1329 adsistens,
1174 1258 1326 1339 quia
1372 1259 1739 1339 hujusmodi
1786 1278 1916 1321 mo-

417 1355 567 1416 dum
621 1354 815 1416 habet
868 1373 993 1418 non
1048 1363 1177 1417 tam
1226 1375 1305 1418 ex
1352 1363 1577 1419 natura
1627 1357 1725 1420 sui
1776 1357 1915 1420 sun-

415 1453 722 1526 damenti,
783 1473 975 1535 quam
1044 1461 1121 1516 ert
1190 1456 1748 1537 correspondentia
1814 1457 1911 1519 sui

413 1551 650 1632 obiecti
705 1569 720 1612 :
772 1552 939 1614 sicut
997 1552 1061 1613 in
1123 1553 1290 1616 libro
1346 1554 1423 1616 de
1472 1554 1777 1617 Trinitate
1824 1556 1911 1617 ait

2032 766 2350 827 concludit
2383 785 2394 826 :
2421 769 2624 840 Quum
2656 768 3100 830 determinatio
3131 767 3348 830 sormae
3380 786 3524 831 con·

2028 865 2251 926 stituat
2291 866 2598 926 rationem
2639 866 2952 948 suppositi
2987 866 3284 940 absoluti,
3320 866 3524 928 forma

2026 969 2242 1024 autem
2273 963 2534 1024 Deitatis
2566 965 2646 1024 sit
2678 964 3271 1038 indeterminabiliS,
3305 972 3524 1047 utpote

2028 1061 2346 1124 illimitata
2388 1081 2462 1124 ac
2505 1082 2738 1144 purum
2782 1083 2955 1143 esse3
2992 1064 3230 1126 idcirco
3273 1063 3338 1126 in
3384 1065 3524 1146 ipsa

2026 1160 2205 1221 nulla
2253 1161 2411 1223 ratio
2453 1161 2764 1243 suppositi
2810 1161 3083 1224 absoluti
3129 1170 3334 1244 potest
3378 1181 3522 1226 con-

2024 1257 2310 1332 siderari,
2346 1278 2464 1321 nec
2496 1260 2625 1321 ulla
2655 1260 2812 1322 ratio
2843 1259 3385 1335 individuationiS‚
3408 1263 3518 1324 sed

2021 1364 2118 1418 est
2149 1358 2215 1419 in
2248 1358 2386 1440 ipsa
2424 1359 2827 1439 singularitas
2867 1377 3026 1439 pura
3063 1358 3302 1440 absque
3340 1360 3516 1423 omni

2024 1456 2265 1518 ratione
2312 1456 2818 1519 determinabilis
2869 1464 2929 1518 et
2974 1457 3404 1520 individualis.
3438 1494 3518 1503 —

2020 1553 2416 1636 Quicumque
2456 1572 2606 1635 ergo
2648 1555 2874 1616 nititur
2917 1554 3266 1636 intelligere
3311 1555 3515 1618 Deita-

412 1650 667 1712 Boetius
706 1651 786 1712 de
824 1650 1107 1723 dominc,
1142 1652 1207 1713 in
1248 1670 1375 1733 quo
1420 1653 1781 1715 insinuatur
1818 1673 1911 1716 re-
2020 1659 2149 1712 tem
2181 1652 2302 1713 sub
2333 1653 2574 1714 ratione
2605 1653 2916 1734 suppositi
2959 1652 3254 1727 absoluti,
3289 1654 3515 1717 incidit

412 1746 561 1810 latio
609 1749 906 1822 dominii,
958 1748 1204 1811 scilicet
1251 1759 1527 1831 potestas
1576 1752 1903 1814 coercendi
2018 1750 2084 1811 in
2137 1750 2592 1812 inconveniens
2640 1751 2894 1832 duplex.
2931 1751 3159 1826 Unum,
3198 1754 3368 1834 quod
3418 1754 3512 1816 in-

411 1838 757 1928 subjectos,
809 1869 952 1931 quae
1010 1868 1125 1932 per
1172 1850 1603 1913 extrinsecum
1661 1851 1904 1932 aliquid
1942 1845 1989 1908 B
2019 1848 2246 1929 telligit
2277 1849 2584 1910 Deitatem
2617 1856 2687 1910 ut
2725 1848 2995 1912 sormam
3027 1850 3510 1914 determinatam

410 1948 711 2010 convenit
767 1947 1047 2010 domine.
1100 1949 1391 2010 Attamen
1444 1968 1559 2030 per
1607 1950 1728 2012 hoc
1777 1968 1901 2011 non

408 2044 683 2106 intendit
730 2045 985 2108 Boetius
1034 2047 1202 2128 quod
1248 2046 1471 2108 relatio
1513 2047 1597 2108 sit
1643 2048 1905 2110 omnino

404 2143 742 2216 adsistens,
778 2145 957 2226 quasi
1002 2145 1163 2206 nihil
1204 2165 1241 2206 a
1270 2164 1388 2208 suo
1427 2144 1655 2208 habeat
1684 2145 1905 2208 funda—

406 2249 621 2304 mento
666 2249 731 2302 et
770 2248 965 2303 totam
1016 2261 1192 2304 suam
1240 2243 1589 2305 realitatem
1634 2245 1903 2325 accipiat

403 2340 483 2402 ab
510 2339 805 2420 object03
840 2341 949 2402 sed
982 2340 1133 2403 dicit
1176 2341 1297 2404 hoc
1329 2342 1405 2403 ad
1446 2343 1901 2405 insinuandum

402 2439 571 2520 quod
602 2439 831 2501 relatio
861 2439 1051 2501 habet
1088 2459 1227 2502 esse
1263 2441 1431 2502 reale
1461 2460 1498 2502 a
1527 2459 1643 2503 suo
1683 2440 1903 2503 funda-

404 2545 617 2599 mento
660 2555 788 2600 non
831 2538 1143 2611 absolute,
1177 2539 1285 2600 sed
1330 2540 1543 2620 potius
1587 2540 1707 2602 sub
1751 2557 1903 2621 quo-

399 2636 545 2697 dam
594 2643 913 2716 respectu.
948 2672 1028 2681 —
1058 2637 1200 2699 Haec
1243 2636 1574 2711 HenricuS,
1612 2638 1720 2719 qui
1766 2639 1901 2701 haec

397 2741 589 2816 atque
620 2733 988 2797 consimilia
1015 2736 1297 2817 quaedam
1326 2736 1737 2799 vehementer
1768 2756 1903 2818 pro·

398 2832 525 2895 lixe
568 2833 857 2915 exponit,
904 2834 1071 2896 sicut
1112 2835 1413 2915 AEgidiuS.

478 2931 592 2994 Per
634 2931 761 2993 hoc
808 2939 978 3013 patet
1021 2931 1253 3012 objecti
1300 2933 1549 2995 soluti0.

810 3259 1283 3332 QUAESTIO
1348 3260 1501 3323 VII

522 3524 781 3604 Eptimo
813 3522 1139 3604 quir-ritum
1170 3522 1301 3589 An
1332 3522 1417 3587 in
1456 3522 1759 3589 divinis
1788 3523 1897 3589 stt

403 3632 457 3685 k
528 3621 859 3702 aliquod
888 3620 1394 3702 suppositum
1425 3620 1898 3689 absolutum.

480 3720 746 3781 Videtur
785 3719 953 3799 quod
1000 3720 1110 3780 sic.
1147 3719 1377 3792 Primo,
1420 3719 1571 3799 quia
1608 3719 1898 3799 Augusti-

392 3837 521 3879 nus
548 3816 829 3899 septimo
857 3816 934 3877 de
962 3816 1266 3879 Trinitate
1296 3816 1693 3898 apertissime
1724 3818 1894 3892 dicit,

392 3916 569 3996 quod
602 3916 771 3975 Deus
801 3931 877 3975 eo
918 3914 1057 3994 ipso
1086 3930 1215 3995 quo
1246 3914 1435 3987 DenS,
1468 3922 1563 3975 est
1605 3932 1893 3995 persona,

392 4020 463 4075 et
492 4013 663 4094 quod
698 4029 969 4093 persona
996 4030 1075 4072 ex
1106 4011 1311 4092 prima
1342 4032 1457 4073 sua
1486 4010 1898 4093 significatio-

394 4130 481 4173 ne
511 4110 749 4173 dicitur
778 4109 1067 4171 absolute
1100 4109 1163 4171 in
1195 4110 1341 4171 Deo.
1364 4144 1441 4155 -
1460 4111 1773 4182 Secundo,
1792 4111 1899 4172 ali-

2014 1954 2077 2008 et
2115 1947 2470 2009 limitatam.
2506 1948 2679 2010 Unde
2718 1956 2780 2010 et
2820 1948 3182 2030 philosophi
3224 1950 3332 2030 qui
3375 1950 3511 2012 Dei-

2012 2053 2208 2107 tatem
2253 2063 2468 2108 veram
2517 2055 2968 2128 cognoverunt,
3017 2047 3134 2108 etsi
3179 2066 3319 2109 eam
3365 2067 3511 2111 con-

2012 2152 2319 2225 ceperunt
2348 2152 2411 2206 et
2443 2145 2888 2206 intellexerunt
2919 2153 2987 2206 ut
3018 2147 3358 2227 quamdam
3389 2148 3510 2208 sin·

2010 2242 2782 2324 gularitatem,nunquam
2815 2250 3025 2305 tamen
3059 2244 3508 2307 intellexerunt

2010 2359 2149 2401 eam
2194 2348 2260 2401 ut
2302 2341 2632 2422 supposito
2671 2341 3176 2416 determinatam,
3211 2343 3297 2405 ita
3337 2345 3504 2424 quod

2012 2439 2179 2500 circa
2210 2457 2350 2500 eam
2380 2438 2692 2500 dixissent
2731 2438 2861 2500 ullo
2895 2439 3079 2502 modo
3118 2441 3502 2503 considerari

2011 2537 2318 2599 rationem
2351 2537 2688 2618 suppositi,
2723 2536 2844 2598 nisi
2885 2539 3281 2601 extendendo
3321 2540 3504 2602 ratio-

2010 2655 2156 2697 nem
2209 2635 2518 2716 suppositi
2568 2636 2647 2696 ad
2696 2635 3003 2697 rationem
3051 2636 3389 2717 singularis
3435 2639 3501 2699 in

2009 2752 2077 2796 se
2106 2734 2487 2806 exsisten'tiS,
2500 2734 2676 2814 juxta
2706 2733 2873 2815 quod
2904 2735 3172 2814 septimo
3201 2736 3278 2797 de
3309 2735 3506 2797 Trini-

2010 2839 2157 2906 tate‚
2183 2831 2462 2913 capitulo
2493 2839 2739 2912 quarto,
2765 2832 3045 2913 loquitur
3072 2833 3497 2914 Augustinus:

2009 2930 2228 2992 Omnis
2275 2949 2374 2992 res
2421 2931 2500 2992 ad
2551 2950 2617 2992 se
2668 2931 2870 3012 ipsam
2921 2930 3232 3003 subsistit,
3265 2939 3502 3013 quanto

1935 3029 1978 3091 C
2011 3029 2210 3108 magis
2249 3028 2455 3090 Deus?
2487 3029 2604 3091 Ubi
2636 3048 2822 3090 verus
2862 3037 2958 3090 est
2994 3029 3376 3103 intellectuS‚
3411 3030 3502 3091 in-

2008 3128 2352 3208 telligendo
2391 3128 2698 3190 rationem
2740 3127 3122 3208 singularis;
3157 3127 3354 3191 falsus
3392 3148 3500 3191 au-

2007 3225 2580 3306 tem,intelligendo
2609 3224 2913 3287 rationem
2943 3224 3348 3289 subsistentis
3378 3245 3500 3289 non

2008 3324 2217 3385 solum
2279 3341 2393 3405 per
2456 3323 3072 3396 determinationem,
3135 3324 3244 3385 sed
3306 3325 3500 3386 etiam

2007 3422 2249 3503 absque
2305 3420 2480 3482 omni
2541 3421 3067 3483 determinatione
3124 3438 3138 3481 :
3195 3422 3499 3501 quoniam

2008 3521 2173 3581 sicut
2204 3518 2474 3581 formam
2507 3526 2807 3580 creaturae
2839 3519 3285 3599 procedentem
3317 3520 3382 3581 in
3413 3538 3504 3583 es-

2008 3638 2073 3680 se
2114 3619 2248 3680 sive
2280 3618 2344 3678 in
2386 3618 2647 3678 materia
2685 3616 2818 3678 sive
2859 3624 3034 3679 extra
3072 3636 3234 3691 eam,
3269 3619 3500 3700 impos-

2007 3716 2194 3778 sibile
2242 3723 2338 3777 est
2394 3732 2532 3776 esse
2578 3722 2687 3775 aut
2745 3714 3096 3795 intelligere
3153 3714 3498 3778 subsistere

2006 3833 2120 3877 sua
2166 3813 2601 3893 singularitate
2648 3811 2937 3874 absoluta
2979 3812 3216 3894 absque
3266 3814 3500 3895 negati—

2006 3931 2125 3975 one
2156 3930 2282 3993 qua
2311 3917 2576 3991 negatur
2598 3928 2736 3971 esse
2776 3909 2948 3972 aliud
2979 3910 3059 3971 ab
3092 3910 3257 3974 intra
3285 3911 3386 3973 vel
3416 3912 3496 3973 ab

2005 4018 2179 4073 extra
2199 4028 2215 4089 3
2249 4010 2339 4071 sic
2381 4008 2777 4089 impossibile
2807 4017 2902 4071 est
2933 4008 3200 4071 formam
3241 4010 3497 4073 Deitatis

2005 4127 2141 4170 esse
2190 4117 2300 4169 aut
2357 4107 2711 4187 intelligere
2759 4114 2826 4168 ut
2875 4107 3327 4171 subsistentem
3385 4129 3498 4172 sua

392 4229 543 4291 quae
572 4208 857 4270 actiones
890 4207 1279 4270 conveniunt
1310 4209 1437 4270 Deo
1476 4209 1898 4271 essentialiter
1929 4212 1975 4272 D
2004 4206 2295 4268 absoluta
2323 4205 2760 4285 singularitate
2791 4204 3032 4287 absque
3072 4225 3148 4269 eo
3177 4209 3346 4289 quod
3377 4210 3498 4271 cir—

392 4316 465 4369 et
510 4306 823 4376 absolute,
870 4314 939 4365 ut
985 4305 1359 4386 intelligere,
1401 4306 1586 4379 velle,
1631 4326 1843 4369 creare
1880 4325 1893 4369 :

393 4404 682 4466 actiones
713 4410 925 4465 autem
958 4411 1108 4465 sunt
1136 4404 1630 4485 suppositorum.
1658 4440 1737 4449 —
1758 4406 1898 4467 Ter-

396 4503 513 4574 tio,
550 4502 771 4563 divina
812 4502 1087 4563 essentia
1128 4510 1223 4563 est
1268 4502 1713 4565 intellectualis
1754 4502 1899 4565 sub-

396 4598 634 4662 stantia
683 4618 798 4680 per
848 4618 915 4661 se
966 4599 1317 4663 subsistens
1364 4618 1376 4661 :
1420 4619 1569 4681 ergo
1618 4608 1713 4663 est
1762 4620 1899 4682 per-

394 4718 575 4763 sona.

484 4798 553 4859 ln
596 4796 965 4879 oppositum
1011 4804 1127 4869 est,
1172 4796 1323 4877 quia
1362 4798 1713 4859 secundum
1754 4798 1895 4871 hoc,

394 4904 569 4959 esset
602 4895 667 4957 in
705 4896 833 4957 Deo
874 4894 1261 4975 quaternitas
1303 4912 1737 4975 personarum,
1772 4896 1901 4958 imo

396 5000 467 5057 et
509 5002 637 5056 tres
682 5010 971 5075 personae
1012 5000 1223 5053 essent
1270 5012 1393 5054 una
1437 5010 1724 5073 persona.

488 5192 579 5253 Ad
628 5191 791 5251 banc
840 5188 1255 5270 quaestionem
1310 5188 1643 5269 respondet
1694 5189 1912 5250 Henri—

406 5308 527 5353 cus
568 5289 797 5371 quinto
837 5286 1233 5361 Quodlibeto,
1269 5287 1377 5349 ubi
1420 5295 1481 5349 et
1527 5306 1783 5349 causam
1824 5288 1916 5350 in-

2006 4324 2077 4367 ca
2109 4306 2313 4385 ipsam
2357 4305 2484 4365 sint
2522 4311 2582 4365 et
2624 4304 3060 4386 intelligantur
3099 4308 3372 4369 rationes
3406 4327 3499 4370 re-

2006 4410 2364 4483 spectuum,
2407 4403 2518 4483 qui
2563 4420 2690 4463 non
2735 4404 3160 4466 determinant
3203 4424 3342 4466 eam
3387 4407 3496 4468 sed

2009 4500 2316 4563 rationem
2368 4502 2680 4583 suppositi
2732 4502 2899 4582 quod
2951 4521 3098 4563 cum
3147 4522 3220 4565 ea
3269 4506 3498 4567 consti-

2008 4606 2214 4660 tuunt.
2269 4599 2500 4681 Sicque
2557 4600 2724 4662 sicut
2771 4599 2974 4662 forma
3022 4610 3324 4666 creaturae
3371 4621 3498 4665 non

2008 4706 2216 4780 potest
2257 4698 2524 4780 intelligi
2567 4706 2636 4760 ut
2676 4698 2878 4761 forma
2917 4706 3185 4772 tantum,
3218 4702 3339 4763 nisi
3378 4702 3498 4764 sub

2010 4798 2250 4860 ratione
2281 4797 2632 4877 negationis
2659 4815 2673 4874 ;
2710 4797 2794 4857 ita
2824 4815 2940 4857 nec
2971 4798 3202 4870 Deitas,
3227 4799 3346 4860 nisi
3378 4801 3498 4862 sub

2010 4896 2252 4958 ratione
2285 4902 2627 4976 respectuS.
2664 4895 2738 4955 Et
2769 4894 3013 4956 faciunt
3043 4903 3365 4975 respectus
3396 4896 3500 4958 hic

2010 4995 2283 5075 (scilicet
2347 4994 2410 5055 in
2473 4992 2736 5073 divinis)
2797 4994 3142 5073 supposita,
3208 4992 3374 5055 sicut
3437 4995 3501 5057 in

2014 5092 2319 5155 creaturis
2383 5091 2768 5171 negationeS,
2823 5090 2941 5153 hoc
2999 5099 3282 5172 excepto,
3334 5094 3504 5173 quod

2018 5190 2268 5271 negatio
2317 5190 2406 5251 ibi
2467 5188 2736 5251 sormam
2797 5188 3025 5249 limitat
3071 5196 3259 5269 atquc
3308 5190 3509 5253 deter-

2023 5287 2243 5361 minat,
2305 5294 2366 5349 et
2424 5286 2756 5366 distinguit
2813 5286 3139 5368 supposita
3195 5286 3260 5348 in
3320 5288 3508 5352 rebus
