4359 6250
1351 489 1435 532 AN
1477 483 1732 532 camus
1775 483 1976 532 rossrr
2018 485 2243 531 Anci-:m
2286 484 2347 531 m
2391 488 2703 533 mrmiwu
3490 463 3563 534 Μ

471 655 758 737 recipere
794 673 808 717 ε
841 657 1376 738 quemadmodum
1418 657 1604 720 tertio
1634 657 1711 718 de
1741 655 1967 718 Anima
1996 653 2046 715 A
2156 654 2373 716 Petrus
2417 663 2630 717 autem
2672 656 2924 718 videtur
2960 656 3279 719 declinare
3318 657 3397 718 ad
3438 657 3567 737 opi-

469 753 628 816 dicit
657 754 1102 836 Philosophus,
1134 756 1303 837 quod
1335 764 1572 838 quanto
1603 756 1746 838 plus
1788 754 1969 816 intel-

471 853 674 913 lectus
708 853 1008 935 intelligit
1039 854 1468 934 intelligibilia
1507 855 1632 916 alta
1661 862 1724 915 et
1752 853 1962 926 fortia,

467 958 648 1013 tanto
691 951 836 1032 plus
880 958 1085 1034 potest
1129 952 1483 1033 intelligere
1529 952 1708 1030 talia3
1741 970 1964 1013 sensus

465 1066 622 1111 vero
671 1067 708 1110 a
754 1048 1029 1111 sortibus
1086 1049 1501 1112 sensibilibus
1552 1068 1966 1130 corrumpun-

465 1155 595 1220 tur,
630 1167 830 1229 quum
859 1147 988 1209 sint
1019 1148 1314 1229 potentiae
1347 1148 1722 1211 materiales.
1749 1148 1963 1228 Itaque

461 1255 706 1326 quanto
755 1246 1105 1328 spiritualis
1151 1255 1375 1309 natura
1425 1248 1569 1329 plus
1613 1246 1838 1328 recipit
1886 1245 1963 1306 de

459 1343 749 1413 caritate,
785 1352 959 1407 tanto
990 1345 1132 1426 plus
1163 1353 1372 1427 potest
1403 1345 1703 1426 recipere.
1724 1381 1804 1389 —
1824 1343 1965 1417 Qui-

459 1443 615 1504 dam
667 1460 814 1505 vero
866 1451 1304 1525 comparantes
1353 1442 1769 1524 capacitatem
1817 1441 1964 1503 sub-

461 1541 718 1604 stantia}
779 1541 1131 1623 spiritualis
1197 1542 1531 1623 capacitati
1596 1540 1966 1603 substantiaee

467 1640 842 1714 materialiS,
875 1640 1174 1702 dixerunt
1213 1641 1382 1722 quod
1423 1647 1520 1701 est
1559 1639 1867 1701 terminus
1901 1638 1965 1699 in

464 1747 813 1820 augmento
844 1739 1124 1801 caritatis
1157 1739 1510 1805 secundum
1551 1737 1964 1820 capacitatem

2075 752 2333 815 nionem
2366 753 2715 815 dicentium
2748 756 2916 836 quod
2959 755 3238 817 caritatis
3268 773 3566 837 augmen-

2075 857 2137 914 to
2179 851 2535 933 prael'igitur
2577 853 2883 914 terminus
2919 872 2932 915 :
2966 873 3158 936 quam
3198 854 3567 934 opinionem

2073 949 2227 1011 dicit
2258 969 2397 1012 esse
2429 951 2781 1033 planiorem
2813 960 3001 1034 atque
3038 951 3561 1014 communiorem.

2075 1048 2150 1109 Et
2178 1049 2356 1110 addit
2385 1050 2556 1130 quod
2586 1069 2662 1111 ex
2696 1049 2814 1110 ista
2855 1051 3156 1132 opinione
3185 1050 3367 1131 sequi
3397 1050 3568 1112 vide-

2075 1154 2199 1220 tur,
2234 1147 2403 1228 quod
2443 1147 2693 1210 Christo
2743 1165 2869 1210 non
2919 1148 3111 1210 fuerit
3160 1149 3377 1210 datum
3423 1148 3567 1210 cha-

2075 1243 2269 1306 risma
2311 1245 2589 1307 caritatis
2628 1254 2692 1307 et
2721 1247 2937 1326 gratiae
2976 1248 3325 1309 secundum
3366 1246 3569 1328 pleni-

2077 1342 2364 1404 tudinem
2408 1363 2539 1406 suae
2586 1343 2977 1426 capacitatis,
3013 1345 3316 1426 quoniam
3363 1351 3568 1407 totum

2075 1441 2243 1522 quod
2289 1442 2507 1503 datum
2551 1450 2647 1504 est
2688 1443 2747 1505 ei
2791 1443 3051 1506 finitum
3093 1452 3207 1505 est.

2155 1540 2504 1602 Richardus
2552 1559 2806 1623 quoque
2855 1542 2920 1603 in
2968 1543 3085 1604 hac
3132 1561 3199 1604 re
3250 1543 3489 1605 recedit
3536 1562 3572 1604 a

2075 1638 2335 1712 Thoma,
2372 1640 2537 1700 inter
2574 1647 2783 1702 cetera
2825 1640 3111 1703 scribens
3147 1659 3160 1701 :
3195 1641 3427 1703 Dicunt
3464 1642 3573 1704 ali-

2077 1736 2211 1818 qui,
2246 1738 2414 1818 quod
2446 1737 2659 1800 anima
2697 1746 2935 1820 quanto
2974 1740 3117 1821 plus
3158 1740 3329 1821 capit
3363 1741 3440 1802 de
3473 1759 3571 1802 ca-

464 1847 732 1911 naturae,
761 1839 846 1899 ita
873 1839 1044 1920 quod
1079 1838 1242 1900 ultra
1272 1836 1624 1900 naturalem
1655 1836 1964 1918 capacita-
2003 1833 2050 1895 B
2081 1834 2285 1909 ritate,
2341 1844 2514 1898 tanto
2570 1837 2864 1918 capacior
2912 1837 3240 1915 redditur3
3290 1845 3355 1900 et
3402 1839 3571 1919 quod

465 1945 602 1998 tem
633 1954 762 1999 non
800 1944 992 2016 queat
1032 1936 1333 2017 recipere.
1371 1935 1448 1996 Et
1478 1941 1722 2017 ponunt
1759 1953 1969 1996 exem-

465 2035 654 2116 plum
697 2034 776 2095 de
822 2053 991 2106 aere,
1037 2033 1151 2115 qui
1202 2033 1549 2096 terminum
1598 2032 1788 2094 habet
1838 2051 1968 2094 suae

463 2131 844 2194 subtilitatis
904 2150 1098 2212 quem
1157 2148 1283 2194 non
1343 2131 1592 2194 excedit
1643 2149 1658 2192 ε
1713 2137 1970 2212 propter

465 2231 642 2311 quod
695 2237 903 2311 potest
949 2230 1014 2290 in
1063 2249 1141 2292 eo
1189 2230 1407 2292 lumen
1456 2230 1699 2292 intendi
1749 2249 1972 2292 secun-

467 2329 626 2390 dum
679 2329 850 2410 quod
905 2328 1106 2408 magis
1165 2336 1228 2390 et
1279 2328 1490 2390 minus
1540 2329 1887 2410 depuratur
1934 2347 1970 2389 a

469 2427 806 2509 permixtis
837 2426 1222 2509 vaporibus;
1257 2426 1367 2488 sed
1407 2427 1559 2488 dum
1603 2426 1973 2509 pervenitur

467 2526 551 2588 ad
583 2527 926 2608 puritatem
970 2545 1100 2587 suae
1141 2533 1401 2598 naturae,
1437 2544 1564 2589 non
1606 2533 1812 2607 potest
1839 2544 1970 2586 am-

469 2625 646 2706 plius
690 2623 1022 2706 purificari
1068 2643 1186 2686 nec
1233 2623 1582 2685 illuminari
1627 2623 1707 2684 ab
1747 2623 1968 2685 eodem

470 2722 900 2784 illuminante.
946 2721 1067 2783 Sed
1113 2738 1238 2783 non
1281 2730 1379 2783 est
1417 2721 1626 2782 simile
1670 2721 1746 2782 dc
1791 2739 1970 2802 capa-

469 2821 666 2882 citate
703 2819 1078 2882 substantiae
1118 2819 1462 2882 materialis
1493 2827 1556 2881 et
1597 2818 1967 2901 spiritualis.

467 2920 619 2982 Haec
661 2919 934 2981 Thomas
981 2918 1044 2980 in
1089 2917 1356 3000 Scripto.

2081 1952 2206 1995 uon
2247 1935 2331 1994 sit
2369 1935 2577 1997 simile
2618 1936 2695 1997 de
2738 1936 3084 2018 capacitate
3130 1955 3342 1998 rerum
3382 1945 3574 1999 mate-

2079 2030 2335 2092 rialium
2362 2040 2427 2094 et
2456 2033 2884 2114 spiritualium
2918 2051 2931 2095 ε
2966 2035 3117 2116 quia
3148 2035 3572 2096 materialium

2081 2147 2295 2190 rerum
2340 2131 2653 2211 capacitas
2696 2151 2775 2193 ex
2815 2133 3077 2195 materia
3120 2133 3451 2205 limitatur,
3488 2132 3575 2192 id-

2080 2227 2253 2290 circo
2310 2228 2593 2309 recipere
2652 2238 2979 2311 nequeunt
3036 2231 3161 2292 nisi
3220 2230 3574 2293 secundum

2080 2325 2465 2407 exigentiam
2517 2327 2718 2408 ipsius
2770 2328 3084 2407 materiae3
3117 2329 3430 2410 capacitas
3474 2347 3576 2390 ve-

2083 2443 2151 2486 ro
2192 2424 2545 2505 spiritualis
2582 2425 2951 2490 substantia}
2992 2447 3119 2490 non
3161 2427 3471 2489 limitatur
3498 2447 3575 2488 ex

2084 2523 2446 2587 conditione
2480 2525 2777 2599 materiae,
2812 2527 2921 2587 sed
2948 2525 3129 2606 juxta
3158 2528 3575 2608 quantitatem

2085 2621 2385 2684 bonitatis
2434 2623 2665 2686 divina}
2709 2623 2767 2684 ei
2812 2623 3073 2688 influxae
3108 2642 3122 2685 ε
3157 2625 3300 2686 ideo
3341 2633 3579 2707 quanto

2086 2718 2229 2800 plus
2268 2720 2324 2782 ei
2370 2722 2447 2782 de
2488 2721 2768 2783 bonitate
2811 2721 3189 2796 infunditur,
3223 2730 3397 2785 tanto
3432 2722 3577 2804 plus

2084 2818 2367 2899 potentia
2396 2839 2523 2881 suae
2554 2820 2921 2902 capacitatis
2950 2829 3234 2902 augetur.
3254 2822 3579 2884 ——Contra

2084 2935 2279 2997 quam
2322 2917 2692 2999 opinionem
2739 2919 2832 2980 sic
2874 2921 3054 3000 argui
3099 2927 3306 3003 potest
3340 2939 3353 2982 :
3389 2920 3580 3002 Capa-

555 3019 746 3080 Porro
795 3016 861 3079 in
919 3017 1199 3078 secunda
1255 3017 1570 3089 secunda»,
1625 3016 1971 3098 quaestione
2011 3020 2053 3083 C
2087 3014 2242 3075 citas
2302 3015 2533 3078 animae
2591 3025 2701 3078 aut
2764 3017 3050 3081 nominat
3108 3019 3248 3099 ejus
3307 3018 3578 3101 potenti-

469 3117 784 3180 vicesima
829 3125 1056 3198 quarta
1107 3133 1121 3177 :
1169 3115 1525 3187 TerminuS,
1582 3114 1810 3198 inquit,
1865 3115 1973 3176 tri-

469 3215 732 3297 pliciter
775 3221 981 3297 potest
1024 3213 1270 3296 prael’igi
1313 3222 1655 3295 augmento
1697 3213 1972 3293 alicujus

469 3314 718 3377 formae.
754 3313 987 3386 Prim0‚
1034 3332 1113 3374 ex
1153 3321 1330 3394 parte
1383 3311 1624 3385 formae,
1668 3331 1808 3393 quae
1859 3318 1975 3373 ter-

475 3412 787 3475 minatam
818 3410 1008 3473 habet
1040 3429 1429 3483 mensuram,
1446 3411 1523 3471 ad
1555 3430 1748 3492 quam
1779 3429 1975 3491 quum

471 3511 677 3574 fuerit
707 3517 1106 3592 perventum,
1141 3509 1206 3571 in
1247 3510 1451 3571 forma
1486 3527 1612 3572 non
1649 3516 1856 3591 potest
1886 3509 1976 3569 ul-

471 3620 578 3673 tra
630 3609 904 3691 procedi.
936 3608 1077 3670 Alio
1121 3608 1328 3682 modo,
1361 3627 1440 3669 ex
1484 3616 1658 3689 parte
1706 3608 1972 3689 agentiS,

471 3708 672 3789 cujus
713 3708 916 3770 virtus
955 3725 1084 3770 non
1121 3726 1189 3769 se
1228 3706 1512 3769 extendit
1549 3707 1625 3767 ad
1660 3706 1975 3787 agendum

473 3808 770 3872 ulterius.
824 3805 1056 3879 Tertio,
1106 3824 1184 3868 ex
1233 3812 1410 3887 parte
1459 3803 1755 3885 subjecti,
1807 3806 1976 3888 quod

469 3926 612 3971 non
650 3914 747 3969 est
786 3925 984 3988 capax
1027 3904 1286 3984 maj0ris
1327 3902 1755 3985 perfectionis.
1790 3903 1976 3967 Nullo

467 4014 696 4069 autem
743 4004 974 4067 horum
1035 4002 1368 4065 modorum
1425 4001 1776 4083 imponitur
1825 4000 1977 4063 finis

468 4112 825 4186 augmento
853 4101 1132 4164 caritatis
1174 4101 1240 4163 in
1270 4100 1391 4163 via.
1428 4099 1664 4163 Caritas
1701 4118 1976 4181 namque

2084 3133 2211 3187 am,
2244 3121 2353 3176 aut
2382 3115 2625 3196 aliquid
2656 3117 3137 3199 superadditum
3166 3117 3245 3180 ei.
3274 3118 3339 3180 Si
3371 3117 3579 3201 primo

2087 3213 2295 3285 mod0,
2339 3213 2601 3295 planum
2642 3222 2737 3277 est
2781 3216 2950 3296 quod
2996 3218 3309 3298 capacitas
3352 3218 3581 3280 animae

2087 3310 2277 3372 habet
2318 3311 2552 3373 limites
2595 3313 3045 3377 determinatos
3082 3332 3095 3377 :
3131 3316 3431 3397 quoniam
3473 3335 3580 3377 cu-

2082 3410 2187 3489 jus
2240 3409 2513 3471 essentia
2570 3411 3019 3475 determinatos
3074 3414 3307 3477 limites
3365 3414 3576 3487 habet,

2085 3508 2277 3570 etiam
2308 3508 2449 3587 ejus
2479 3510 2779 3590 potentia.
2806 3510 2869 3573 Si
2904 3529 3051 3573 vero
3081 3513 3393 3593 capacitas
3426 3512 3582 3574 dicit

2085 3606 2328 3688 aliquid
2360 3608 2841 3688 superadditum
2873 3610 3189 3690 potentiae,
3210 3619 3453 3672 certum
3485 3618 3581 3672 est

2086 3705 2256 3785 quod
2308 3705 2465 3767 illud
2512 3705 2577 3767 in
2621 3706 2903 3787 potentia
2942 3708 3170 3769 animae
3219 3707 3572 3788 recipitur:

2085 3822 2237 3884 ergo
2266 3803 2321 3864 si
2352 3804 2833 3886 superadditum
2867 3804 3023 3866 illud
3055 3813 3263 3888 potest
3292 3824 3577 3868 crescere

2087 3901 2225 3963 sine
2257 3900 2409 3975 fine,
2443 3910 2815 3984 sequeretur
2844 3904 3012 3984 quod
3038 3905 3321 3985 potentia
3349 3905 3578 3967 animae

2088 4008 2302 4082 posset
2338 4000 2475 4062 sine
2519 3999 2651 4063 sine
2691 4002 2993 4083 recipere,
3028 4002 3246 4084 sicque
3287 4004 3581 4065 determi-

2088 4105 2267 4160 natos
2301 4098 2535 4160 limites
2566 4117 2692 4162 non
2723 4098 3001 4163 haberet.
3036 4101 3337 4163 Praeterea
3366 4120 3443 4163 ex
3475 4101 3581 4164 illa

469 4202 838 4266 secundum
882 4201 1190 4263 rationem
1241 4200 1513 4281 propriae
1565 4199 1825 4282 speciei,
1859 4206 1980 4261 ter·
2008 4202 2056 4264 D
2088 4198 2389 4278 opinione
2433 4204 2805 4279 sequeretur
2841 4200 3010 4280 quod
3054 4201 3219 4262 Deus
3265 4200 3330 4263 in
3370 4200 3583 4263 anima

475 4302 736 4365 minum
793 4298 1117 4380 augmenti
1177 4316 1304 4359 non
1366 4297 1577 4370 habet,
1640 4317 1840 4380 quum
1898 4298 1980 4360 sit

473 4398 890 4483 participatio
918 4395 1197 4457 caritatis
1232 4393 1524 4469 infinitae,
1548 4416 1690 4478 quae
1719 4403 1816 4458 est
1846 4396 1982 4477 Spi-

474 4499 648 4560 ritus
692 4496 978 4558 Sanctus.
1013 4492 1320 4555 Similiter
1363 4512 1552 4555 causa
1592 4512 1783 4575 agens
1827 4494 1981 4556 cari-

475 4596 634 4657 tatis
682 4600 780 4655 est
819 4590 1094 4655 infinitae
1135 4590 1412 4663 virtutis,
1445 4590 1744 4654 videlicet
1791 4593 1975 4654 DeuS.

474 4694 616 4758 Nec
655 4712 736 4755 ex
765 4700 942 4775 parte
981 4689 1257 4771 subjecti
1299 4698 1505 4772 potest
1539 4689 1693 4752 sinis
1734 4690 1982 4774 praefigi

478 4791 770 4855 caritatis
811 4796 1174 4871 augmento,
1220 4788 1524 4870 quoniam
1574 4789 1834 4851 caritate
1882 4808 1984 4851 ex-

481 4895 836 4961 crescente,
896 4886 1204 4951 excrescit
1275 4886 1574 4949 habilitas
1635 4889 1713 4949 ad
1776 4888 1984 4967 majus

2087 4298 2301 4378 aliqua
2342 4295 2787 4377 perfectiorem
2833 4305 3044 4378 posset
3086 4317 3321 4379 ponere
3366 4300 3584 4362 carita-

2091 4402 2220 4456 tem
2260 4413 2451 4475 quam
2491 4395 2574 4456 sit
2612 4396 2839 4457 caritas
2876 4397 3106 4459 animae
3137 4398 3387 4460 Christi.
3423 4399 3584 4461 Hinc

2093 4492 2253 4555 mihi
2292 4493 2564 4567 videtur,
2599 4494 2768 4575 quod
2812 4513 2890 4555 ex
2930 4503 3107 4577 parte
3146 4504 3449 4561 creaturae
3489 4516 3587 4560 ca-

2092 4591 2243 4653 ritas
2276 4591 2341 4653 in
2374 4590 2702 4653 infinitum
2732 4593 2947 4673 augeri
2990 4611 3117 4656 non
3148 4593 3389 4675 valeat;
3422 4596 3588 4679 ipsa-

2091 4708 2216 4771 que
2256 4697 2543 4752 creatura
2578 4697 2826 4752 tantum
2872 4691 3191 4755 habilitari
3233 4702 3440 4775 potest
3470 4714 3587 4777 per

2095 4788 2445 4861 caritatem,
2479 4788 2648 4869 quod
2689 4787 2834 4870 plus
2864 4788 3186 4851 habilitari
3229 4810 3354 4855 non
3386 4794 3587 4874 possit

2092 4886 2170 4947 ad
2210 4885 2607 4967 diligendum
2642 4904 2655 4947 ε
2689 4886 2821 4949 imo
2859 4886 2925 4948 in
2967 4886 3182 4950 anima
3221 4888 3453 4951 Christi
3494 4890 3587 4951 sic

480 4995 904 5069 augmentum
944 5004 959 5047 :
1002 4986 1306 5068 quoniam
1349 4985 1576 5048 caritas
1626 5004 1734 5049 cor
1781 4986 1988 5067 aperit
2097 4983 2335 5046 factum
2365 4992 2479 5045 est.
2500 4984 2759 5066 Propter
2786 4985 2957 5066 quod
2986 4985 3129 5047 dico
3157 4987 3588 5068 secure,quod

481 5089 566 5151 ad
601 5087 800 5167 magis
839 5085 1206 5158 amandum,
1237 5084 1422 5165 juxta
1463 5084 1620 5147 illud
1650 5083 1932 5166 Apostoli
1969 5104 1983 5147 ε

2098 5082 2412 5164 capacitas
2441 5083 2779 5146 voluntatis
2809 5084 3038 5147 animae
3068 5082 3299 5147 Christi
3332 5085 3588 5147 caritate

159 5204 450 5251 {icor-vu.
487 5186 614 5251 Cor
659 5191 948 5247 nostrum
995 5182 1328 5245 dilatatum
1376 5190 1488 5244 est.
1525 5182 1666 5245 Haec
1715 5182 1985 5246 Thomas
2099 5180 2377 5244 totaliter
2418 5189 2514 5243 est
2558 5181 2813 5262 repleta.
2862 5182 3005 5245 Haec
3055 5181 3421 5245 RicharduS.

487 5286 560 5348 in
605 5284 887 5347 Summa.

2183 5279 2299 5352 Qui
2339 5287 2549 5341 tamen
2591 5279 2825 5342 sentire
2854 5280 3123 5355 videtur,
3158 5283 3326 5363 quod
3364 5283 3590 5351 caritas
