4359 6250
1136 491 1432 546 QUALITRR
1472 490 1655 536 RATIO
1695 490 1840 536 nom
1882 489 2224 536 GONVENIAT
2266 491 2521 537 smnrrm
2564 491 2795 538 SANCTo

3432 471 3509 534 73

407 655 719 732 butioniS,
745 659 902 740 quia
929 661 1280 722 secundum
1309 660 1698 724 Avicennam
1730 669 1908 724 sexto
1937 660 1989 724 A
2018 663 2326 725 donarent
2351 680 2365 724 ε
2390 681 2539 743 ergo
2570 662 2842 745 Spiritus
2883 663 3148 726 Sanctus
3179 680 3306 725 non
3336 661 3509 723 vide—

405 756 878 840 Metaphysicae‚
909 760 1146 823 donum
1192 758 1474 831 liberale,
1508 778 1585 822 ex
1625 779 1739 822 sua
1787 759 1912 841 pri-

409 873 517 916 ma
561 855 972 936 impositione
1019 859 1186 941 apud
1229 876 1452 920 omnes
1498 858 1766 938 linguas,
1814 866 1909 920 est

407 955 667 1018 donatio
698 955 988 1019 tribuens
1019 957 1126 1019 alii
1166 965 1344 1020 extra
1382 977 1449 1020 se
1482 975 1609 1021 non
1651 965 1910 1040 propter

409 1053 920 1118 retributionem.
975 1055 1139 1118 Talis
1195 1064 1409 1118 autem
1469 1056 1723 1119 donatio
1782 1073 1908 1118 non

411 1153 701 1231 procedit
733 1153 857 1215 nisi
887 1173 965 1216 ex
1007 1172 1168 1236 puro
1196 1173 1429 1218 amore.
1463 1154 1560 1216 llli
1597 1154 1788 1235 igitur
1817 1153 1910 1214 rei

408 1269 488 1312 ex
519 1252 712 1314 modo
740 1271 870 1315 suae
912 1253 1334 1335 processionis
1375 1253 1674 1316 convenit
1706 1252 1910 1333 prima

409 1349 572 1412 ratio
609 1351 784 1424 doni,
819 1370 962 1432 qum
1007 1352 1290 1434 procedit
1329 1360 1398 1414 ut
1440 1369 1639 1434 purus
1682 1369 1860 1412 amor
1891 1368 1904 1411 :

409 1447 582 1528 quod
623 1449 954 1530 proprium
1000 1456 1096 1511 est
1137 1449 1399 1531 Spiritui
1447 1451 1695 1512 Sancto.
1732 1448 1909 1510 Pater

407 1545 650 1607 etenim
689 1565 818 1608 non
860 1547 1166 1628 procedit,
1196 1564 1402 1629 neque
1443 1547 1659 1609 divina
1696 1565 1908 1608 essen-

407 1643 544 1721 tia3
599 1643 798 1706 Filius
846 1662 999 1707 vero
1055 1645 1347 1727 quamvis
1407 1645 1727 1726 procedat,
1779 1661 1906 1706 non

409 1750 626 1804 tamen
675 1751 747 1803 ut
789 1760 989 1816 amor,
1034 1744 1142 1805 sed
1193 1761 1307 1825 per
1356 1743 1616 1805 modum
1666 1749 1906 1804 naturae

2016 768 2121 822 tur
2145 761 2426 842 primum
2458 763 2695 824 donum
2722 762 3055 844 primaque
3079 761 3239 824 ratio
3269 761 3415 823 doni
3447 769 3510 822 et

2021 859 2211 921 totius
2245 859 2525 923 liberalis
2566 860 3162 922 communicationis
3202 861 3280 922 ad
3312 866 3505 920 extra.

2018 957 2394 1032 Dicendum,
2429 959 2598 1039 quod
2640 959 2693 1020 si
2736 977 2851 1040 per
2890 957 3287 1040 impossibile
3324 975 3513 1039 pona-

2019 1062 2123 1117 tur
2165 1055 2476 1137 Spiritum
2521 1057 2822 1119 Sanctum
2866 1075 2991 1119 non
3030 1075 3189 1130 esse,
3224 1055 3513 1137 sequitur

2019 1154 2190 1235 quod
2220 1155 2397 1217 Pater
2436 1163 2499 1217 ct
2529 1154 2725 1218 Filius
2766 1174 2892 1218 non
2934 1155 3184 1217 mittant
3214 1174 3331 1217 nec
3361 1155 3513 1216 dent

2018 1269 2301 1315 amorem
2342 1253 2739 1335 personalem
2781 1262 2845 1316 et
2884 1255 3235 1316 increatum
3276 1254 3343 1314 in
3387 1271 3514 1335 quo

2021 1350 2237 1411 omnia
2285 1350 2449 1412 dona
2498 1351 2685 1428 den't3
2732 1351 2841 1413 sed
2892 1351 3182 1432 sequitur
3229 1351 3396 1432 quod
3446 1350 3512 1412 in

2020 1447 2342 1510 essentiali
2395 1466 2607 1510 amore
2666 1449 2817 1510 dent
2864 1450 3029 1511 dona
3083 1467 3096 1510 ε
3152 1448 3255 1510 cui
3314 1448 3512 1510 amori

2019 1563 2147 1608 non
2193 1547 2491 1609 convenit
2536 1546 2700 1608 mitti
2746 1567 2862 1608 nec
2903 1547 2982 1609 ab
3024 1548 3181 1630 ipsis
3221 1547 3516 1629 procede-

2019 1663 2106 1706 re.
2155 1644 2298 1707 Haec
2341 1644 2655 1708 Albertus.

2102 1743 2416 1805 Consonat
2454 1743 2554 1805 bis
2596 1743 2924 1806 Udalricus
2968 1744 3033 1806 in
3080 1745 3342 1807 Summa
3377 1764 3511 1818 sua,

407 1859 482 1902 ac
514 1840 716 1902 verbi.
749 1841 1071 1904 Processio
1109 1849 1321 1903 autem
1354 1841 1498 1924 puri
1538 1840 1772 1903 amoris
1811 1847 1904 1902 est
1944 1845 1990 1906 B
2021 1840 2187 1904 libro
2258 1841 2465 1916 tertio,
2528 1843 2794 1923 loquens
2850 1861 2864 1904 :
2917 1843 3191 1925 Spiritus
3250 1844 3515 1906 Sanctus

412 1957 527 2020 per
557 1938 820 2001 modum
861 1937 1142 2000 liberalis
1174 1939 1538 2013 voluntatiS,
1575 1940 1638 2000 id
1669 1946 1766 2001 est
1794 1957 1907 2020 per

411 2036 676 2098 modum
720 2037 1138 2099 emanationis
1186 2056 1313 2119 qua
1360 2056 1428 2100 se
1477 2037 1907 2100 communicat

411 2133 696 2196 liberalis
737 2133 1028 2196 voluntas
1072 2153 1086 2196 :
1130 2134 1351 2216 sicque
1391 2135 1571 2197 Pater
1608 2142 1671 2196 et
1710 2135 1906 2197 Filius

411 2232 862 2295 liberalissima
891 2233 1214 2296 voluntate
1246 2235 1684 2316 produxerunt
1715 2233 1909 2316 Spiri—

407 2339 548 2393 tum
597 2331 922 2393 Sanctum.
958 2330 1265 2413 Denique,
1300 2351 1415 2414 per
1456 2333 1693 2395 donum
1737 2332 1906 2413 quod

407 2438 505 2492 est
561 2429 841 2512 Spiritus
899 2429 1188 2504 Sanctus,
1239 2431 1470 2492 dantur
1525 2431 1648 2493 alia
1693 2430 1908 2492 omnia

408 2529 577 2590 dona
603 2547 750 2610 quae
788 2528 1040 2602 dantur,
1073 2529 1303 2591 dantur
1332 2529 1523 2591 etiam
1558 2548 1594 2591 a
1626 2536 1752 2591 tota
1780 2528 1908 2590 Tri-

409 2627 646 2704 nitate3
687 2627 799 2688 sed
843 2626 1096 2689 collatio
1138 2627 1288 2689 doni
1332 2627 1453 2688 sub
1501 2628 1740 2689 ratione
1783 2646 1908 2708 qua

407 2725 650 2787 donum
696 2733 814 2798 est,
857 2723 1124 2805 Spiritui
1169 2725 1398 2786 Sancto
1437 2725 1905 2807 appropriatur,

406 2841 486 2886 eo
514 2824 686 2905 quod
725 2824 785 2886 ei
825 2842 902 2885 ex
943 2824 1130 2886 modo
1163 2841 1280 2886 suo
1319 2824 1702 2906 procedendi
1742 2842 1908 2887 com-

409 2930 584 3004 petat
628 2923 839 3005 prima
879 2922 1042 2985 ratio
1084 2922 1433 2999 doni.‚Haec
1475 2922 1843 2985 RicharduS.

2020 1940 2177 2002 dicit
2236 1960 2461 2002 verum
2518 1958 2797 2003 amorem
2861 1941 3195 2024 spiratum,
3250 1942 3359 2024 qui
3420 1950 3516 2004 est

2018 2039 2259 2101 donum
2301 2047 2363 2101 et
2404 2041 2641 2102 datum.
2686 2040 2946 2121 Propter
2980 2041 3147 2122 quod
3189 2040 3388 2122 aliqui
3426 2041 3516 2102 di—

2017 2146 2193 2212 cunt,
2238 2139 2407 2220 quod
2451 2138 2577 2201 duo
2620 2139 2755 2201 haec
2796 2139 3079 2212 nomina,
3123 2139 3368 2201 scilicet
3412 2139 3517 2202 do-

2017 2254 2172 2297 num
2226 2243 2289 2297 et
2338 2236 2577 2308 datum,
2630 2237 2982 2298 secundum
3032 2237 3202 2317 quod
3261 2237 3515 2318 proprie

2019 2333 2353 2396 nominant
2382 2334 2692 2415 Spiritum
2726 2336 3047 2408 Sanctum,
3070 2343 3218 2396 sunt
3248 2335 3518 2397 circum·

2021 2431 2258 2495 locutio
2288 2432 2479 2495 unius
2515 2432 2794 2495 nominis
2834 2453 2906 2496 ac
2944 2433 3349 2516 proprietatis
3380 2435 3517 2516 Spi-

2020 2531 2181 2592 ritus
2232 2531 2464 2592 Sancti.
2521 2531 2852 2614 Proprium
2908 2540 3119 2594 autem
3170 2539 3266 2594 est
3314 2532 3513 2594 amori

2021 2649 2186 2692 verae
2216 2629 2535 2700 amicitia»,
2568 2629 2819 2691 efficaci
2852 2630 3175 2692 voluntate
3206 2630 3369 2693 velle
3408 2631 3516 2692 bo·

2023 2746 2177 2788 num
2221 2734 2429 2788 amato
2476 2735 2734 2808 propter
2778 2727 3011 2809 ipsum,
3045 2729 3293 2790 etiamsi
3340 2729 3515 2790 nulla

2023 2825 2170 2887 inde
2203 2825 2445 2887 utilitas
2486 2825 2851 2906 proveniret
2887 2827 3144 2888 amanti.
3180 2829 3515 2909 Quumque

2021 2923 2136 2985 soli
2179 2923 2451 2987 effectus
2490 2924 2778 3004 gratuiter,
2818 2925 3160 2987 voluntatis
3201 2924 3329 2987 sint
3371 2927 3516 2988 data

491 3021 675 3084 Circa
731 3021 867 3085 haec
927 3021 1150 3083 scribit
1206 3021 1501 3084 Albertus
1561 3039 1574 3082 t
1635 3021 1908 3103 Spiritus
1947 3024 1989 3086 C
2021 3022 2372 3086 liberaliter
2415 3023 2905 3097 communicata,
2941 3031 3113 3106 patet
3160 3026 3327 3107 quod
3377 3026 3516 3088 nul-

409 3121 680 3183 Sanctus
721 3128 820 3183 est
869 3120 1107 3183 donum
1157 3119 1224 3183 in
1265 3138 1392 3202 quo
1434 3120 1557 3183 alia
1599 3123 1764 3183 dona
1805 3121 1910 3184 do-

411 3227 663 3283 nantur.
699 3219 777 3281 Et
813 3218 1009 3299 hujus
1047 3219 1207 3281 ratio
1235 3226 1353 3293 est,
1387 3219 1690 3301 quoniam
1729 3220 1908 3301 quid-

410 3318 568 3401 quid
613 3317 850 3399 aliquis
892 3317 1084 3379 alicui
1131 3316 1406 3399 gratuito
1446 3336 1520 3379 ac
1565 3317 1908 3381 liberaliter

409 3418 540 3491 dat,
585 3417 796 3498 primo
837 3423 986 3478 ante
1035 3415 1193 3478 illud
1241 3416 1346 3478 dat
1393 3416 1451 3477 ei
1501 3434 1804 3489 amorem,
1843 3417 1906 3478 id

410 3524 530 3589 est,
562 3533 846 3578 amorem
893 3533 1080 3575 suum
1126 3513 1408 3576 extendit
1451 3513 1514 3575 in
1557 3514 1789 3595 ipsum,
1822 3522 1910 3576 at-

409 3632 537 3696 que
568 3613 636 3675 in
667 3612 779 3675 illo
807 3630 1024 3675 amore
1064 3612 1494 3675 communicat
1524 3612 1585 3675 ei
1615 3613 1691 3675 de
1722 3612 1907 3675 bonis

410 3712 569 3785 suis,
602 3713 838 3793 datque
877 3710 972 3772 illi
1016 3718 1080 3772 et
1119 3730 1188 3773 se
1232 3710 1444 3793 ipsum
1489 3720 1552 3773 et
1596 3711 1908 3794 quidquid

409 3813 517 3874 dat
557 3830 637 3873 ex
680 3810 792 3872 tali
835 3828 1069 3873 amore.
1109 3810 1269 3872 Hinc
1320 3810 1593 3891 Spiritus
1643 3811 1907 3874 Sanctus

409 3912 516 3974 dat
565 3928 636 3972 se
679 3907 890 3991 ipsum
931 3926 1058 3970 non
1098 3907 1225 3969 alio
1267 3908 1434 3970 dono
1473 3927 1510 3969 a
1551 3928 1640 3981 se,
1683 3908 1792 3969 sed
1841 3928 1906 3970 se

413 4011 574 4092 ipso,
607 4026 810 4090 quum
844 4006 979 4089 ipse
1009 4006 1091 4067 sit
1130 4023 1308 4068 amor
1337 4006 1650 4086 gratuitus
1686 4006 1751 4068 in
1782 4025 1908 4088 quo

411 4116 474 4170 et
499 4126 578 4171 ex
609 4124 740 4188 quo
769 4125 837 4168 se
879 4105 1092 4187 ipsum
1131 4112 1194 4167 et
1223 4104 1544 4167 beneficia
1581 4123 1697 4166 sua
1731 4104 1909 4185 largi-

2021 3119 2152 3183 lum
2186 3123 2405 3184 datum
2437 3121 2629 3185 habet
2669 3123 2980 3185 rationem
3012 3123 3293 3187 liberalis
3325 3126 3514 3188 dona-

2020 3219 2211 3281 tionis
2240 3227 2351 3281 aut
2380 3220 2530 3282 doni
2561 3219 2685 3282 nisi
2717 3222 2960 3284 ratione
2990 3223 3245 3290 amoris,
3280 3224 3390 3304 qui
3419 3230 3517 3285 est

2021 3318 2413 3401 principium
2463 3317 2673 3381 omnis
2716 3320 3074 3383 donationis
3119 3321 3373 3402 proprie
3422 3322 3514 3384 di-

2021 3424 2156 3480 ctae.
2193 3416 2505 3498 Solusque
2537 3417 2812 3500 Spiritus
2853 3419 3119 3481 Sanctus
3150 3426 3247 3481 est
3277 3420 3515 3481 donum

2021 3516 2132 3577 Dei
2186 3534 2300 3597 per
2348 3535 2417 3577 se
2479 3516 2833 3577 secundum
2894 3518 3275 3598 completam
3332 3517 3515 3580 ratio-

2021 3632 2191 3686 nem,
2224 3613 2376 3695 quia
2403 3613 2484 3675 ab
2526 3614 2665 3695 ipso
2707 3613 2865 3675 ratio
2904 3614 3053 3676 doni
3088 3616 3165 3676 ad
3204 3615 3326 3676 alia
3355 3616 3516 3677 deri-

2019 3720 2223 3786 vatur,
2276 3719 2339 3774 et
2397 3712 2548 3794 quia
2604 3712 2723 3774 hoc
2784 3712 3063 3793 primum
3124 3714 3358 3775 donum
3419 3722 3516 3776 est

2020 3811 2413 3894 principium
2456 3811 2811 3874 collationis
2842 3810 3113 3873 aliorum
3148 3812 3457 3875 donorum
3494 3831 3509 3875 ε

2020 3910 2148 3971 imo
2207 3918 2269 3971 et
2329 3909 2574 3971 confert
2631 3909 2723 3971 eis
2782 3926 3014 3971 nomen
3076 3910 3511 3992 rationemque

2020 4008 2189 4070 doni.
2226 4008 2387 4069 Hinc
2417 4008 2754 4089 Apostolus
2794 4008 2872 4069 ad
2904 4007 3259 4070 Corinthios
3300 4027 3512 4072 causa-

2020 4105 2260 4168 litatem
2312 4106 2586 4188 Spiritus
2636 4106 2846 4168 Sancti
2896 4114 3187 4188 respectu
3240 4107 3511 4171 aliorum

413 4215 536 4268 tur.
589 4205 668 4267 Et
724 4204 1028 4285 quoniam
1087 4202 1284 4264 Filius
1335 4203 1518 4266 datus
1566 4210 1662 4264 est
1711 4203 1775 4264 in
1833 4221 1908 4265 eo
1939 4205 1988 4265 D
2018 4204 2329 4267 donorum
2375 4203 2768 4266 diversificat
2814 4224 2928 4286 per
2976 4205 3112 4268 tria.
3148 4206 3305 4269 Nam
3355 4205 3512 4270 dicit

410 4303 584 4386 quod
636 4302 1023 4374 incarnatuS,
1071 4300 1137 4362 in
1187 4300 1308 4363 hoc
1357 4301 1545 4375 dono,
1588 4301 1756 4382 quod
1803 4319 1910 4382 ap—

409 4400 738 4485 propriate
777 4407 874 4462 est
915 4400 1190 4481 Spiritus
1234 4399 1523 4475 SanctuS‚
1565 4401 1746 4463 datus
1789 4408 1904 4462 est.

413 4500 612 4564 Filius
653 4516 804 4563 vero
841 4499 1193 4561 secundum
1235 4505 1534 4561 aeternam
1565 4498 1910 4579 generatio-

413 4619 562 4663 nem
611 4616 742 4661 non
790 4596 983 4660 habet
1032 4596 1342 4659 rationem
1391 4597 1563 4670 doni,
1606 4596 1908 4679 quoniam

413 4699 506 4760 sic
547 4714 678 4761 non
719 4705 818 4759 est
855 4716 892 4758 a
931 4695 1172 4778 Spiritu
1217 4695 1481 4774 Sanct03
1515 4695 1624 4758 sed
1671 4702 1909 4776 tempo-

415 4796 566 4859 ralis
596 4794 740 4876 ejus
767 4792 1093 4876 generatio
1119 4801 1182 4855 et
1225 4793 1573 4869 incarnatio
1603 4812 1640 4855 a
1668 4791 1909 4875 Spiritu

415 4895 648 4959 Sancto
687 4901 878 4975 atque
922 4892 990 4954 in
1035 4891 1275 4973 Spiritu
1317 4891 1547 4954 Sancto
1583 4900 1696 4954 est.
1731 4928 1812 4937 -
1844 4892 1910 4954 Si

414 5001 628 5057 autem
658 4990 1026 5072 objiciatur,
1049 4989 1202 5071 quia
1231 4990 1376 5052 dato
1407 5008 1520 5071 per
1551 4990 1912 5071 impossibi—

417 5092 476 5154 le
507 5092 676 5174 quod
705 5088 984 5171 Spiritus
1026 5086 1292 5149 Sanctus
1321 5105 1450 5150 non
1487 5096 1673 5162 esset,
1708 5087 1913 5151 nihilo

417 5190 630 5253 minus
657 5190 842 5253 Pater
869 5194 936 5247 et
975 5183 1172 5248 Filius
1213 5183 1642 5248 liberalissimi
1675 5195 1908 5261 essent,

418 5295 584 5351 etex
617 5302 838 5351 amore
879 5301 1000 5347 suo
1037 5284 1201 5347 dona
1239 5302 1354 5345 sua
1393 5282 1739 5348 liberaliter
1767 5303 1914 5349 con·

2017 4302 2261 4384 aliquid
2292 4302 2426 4365 dari
2470 4320 2584 4383 per
2623 4302 2955 4383 Spiritum,
2988 4303 3231 4386 aliquid
3274 4305 3339 4368 in
3379 4306 3514 4388 Spi-

2020 4400 2168 4473 ritu,
2210 4400 2453 4482 aliquid
2504 4402 2857 4462 secundum
2910 4401 3239 4482 Spiritum.
3275 4404 3515 4465 Dantur

2019 4498 2195 4561 enim
2234 4499 2398 4561 dona
2430 4518 2544 4580 per
2583 4498 2915 4580 Spiritum,
2955 4498 3120 4561 sicut
3158 4500 3335 4562 Pater
3372 4519 3517 4583 ope-

2021 4604 2197 4660 ratur
2253 4616 2366 4679 per
2424 4597 2677 4672 Filium,
2743 4598 2809 4659 in
2868 4606 3175 4679 quantum
3243 4599 3517 4681 Spiritus

2022 4697 2288 4759 Sanctus
2329 4697 2447 4758 hoc
2492 4695 2643 4757 iacit
2681 4696 3055 4759 auctoritate
3095 4697 3291 4758 Patris
3331 4704 3393 4759 et
3426 4698 3521 4759 Fi-

2023 4794 2115 4868 lii,
2152 4793 2216 4856 id
2250 4801 2344 4857 est
2375 4793 2497 4856 sibi
2542 4794 2730 4875 plene
2770 4795 3241 4857 communicata
3278 4814 3315 4856 a
3343 4795 3519 4857 Patre

2007 4891 2086 4955 'et
2135 4892 2314 4956 Filio.
2359 4894 2429 4954 ln
2480 4893 2721 4974 Spiritu
2776 4894 3003 4955 Sancto
3050 4892 3239 4955 etiam
3291 4894 3521 4955 dantur

2022 4992 2207 5065 dona,
2244 4991 2308 5052 in
2341 4998 2653 5072 quantum
2687 4990 2823 5072 ipse
2852 4999 2949 5052 est
2980 5008 3157 5052 amor
3187 5009 3313 5071 quo
3342 4992 3520 5053 Pater

2023 5097 2086 5151 et
2127 5089 2323 5151 Filius
2367 5096 2582 5151 amant
2632 5106 2745 5151 nos
2797 5107 2943 5150 cum
2994 5087 3230 5150 effectu
3277 5088 3512 5168 gratiae.

2025 5187 2128 5251 Sic
2187 5186 2426 5270 quippe
2490 5186 2681 5249 etiam
2740 5187 2910 5268 apud
2974 5204 3089 5248 nos
3147 5186 3292 5248 data
3352 5185 3518 5248 inter

2025 5293 2311 5349 amantes
2342 5286 2642 5348 dicuntur
2669 5284 2805 5346 dari
2840 5284 2904 5346 in
2944 5300 3179 5359 amore,
3213 5284 3517 5366 quoniam

3572 4325 3587 4369 l
3605 4325 3710 4370 Cor.
3728 4337 3799 4375 ιιι,

3541 4392 3581 4440 8,
3598 4392 3640 4433 ⁹.
