4359 6250
177 1380 388 1429 Romaan-

191 1477 324 1531 Ephe&
335 1493 368 1518 ιιι
375 1511 384 1526 ,

712 502 798 550 ΑΝ
838 505 1063 552 uentu
1111 503 1184 552 m*
1226 501 1533 552 nam-:mu
1576 497 1712 552 stN't·
1753 497 2347 552 PRAEDESTtNATtoNts
2390 499 2464 552 m·
2504 501 2981 552 Repnonssloms
3022 505 3219 552 CAUSA

3396 483 3516 550 545

419 681 509 735 est
546 673 706 736 ratio
749 675 1128 756 praeferendi
1171 677 1382 758 ipsum
1413 676 1593 738 alteri
1631 695 1644 738 :
1677 683 1740 737 et
1772 675 1912 748 hoc,
1945 675 1997 737 A
2030 675 2239 737 meriti
2282 677 2359 738 ad
2402 676 2667 757 gratiam
2714 676 2890 758 prius
2939 677 3185 754 datam;
3218 676 3519 757 quemad-

419 789 544 834 non
588 791 668 834 ex
713 783 890 855 parte
935 775 1066 846 Dei,
1113 782 1177 836 et
1219 782 1512 856 respectu
1554 783 1732 836 actus
1775 774 1915 854 ejus

417 877 486 931 ut
533 877 630 932 est
679 871 761 933 ab
815 872 956 953 ipso
1005 881 1069 934 et
1117 872 1183 934 in
1237 873 1396 954 ipsc,
1449 874 1557 934 sed
1611 891 1689 933 ex
1741 879 1914 954 parte

415 967 716 1047 subiecti,
751 969 815 1030 in
849 970 1055 1044 nobiS,
1085 979 1150 1032 et
1179 990 1254 1032 ex
1297 978 1473 1053 parte
1512 978 1689 1032 actus
1730 978 1912 1051 prout

413 1066 688 1130 eftectus
738 1068 880 1148 ejus
929 1069 997 1129 in
1045 1069 1230 1132 nobis
1281 1061 1604 1151 recipitur.
1653 1069 1914 1130 Verum-

412 1173 628 1228 tamen
670 1167 827 1248 quid
865 1175 974 1228 aut
1013 1168 1199 1249 quale
1241 1168 1358 1230 hoc
1399 1168 1503 1240 sit,
1539 1167 1916 1249 imperscru-

415 1264 610 1326 tabile
671 1264 858 1327 nobis
909 1273 1022 1327 est.
1075 1266 1336 1347 Propter
1385 1266 1553 1349 quod
1608 1283 1768 1347 opus
1820 1271 1914 1327 est

412 1363 774 1424 exclamare
829 1380 843 1424 :
897 1363 944 1426 Ο
995 1363 1265 1425 altitudo
1316 1363 1734 1425 divitiarum!
1789 1371 1907 1424 etc.

415 1462 574 1523 Hinc
643 1480 840 1543 super
907 1462 1064 1524 illud
1131 1463 1445 1545 Apostoli,
1513 1463 1589 1524 Ut
1656 1461 1912 1543 possitis

414 1560 981 1641 comprehendere,
1028 1560 1246 1622 Glossa
1292 1578 1305 1621 :
1353 1559 1508 1632 Quia
1558 1559 1660 1622 isti
1705 1559 1810 1620 dat
1851 1566 1913 1620 et

412 1658 506 1719 illi
550 1676 680 1720 non
720 1658 849 1730 dat,
895 1659 972 1719 dc
1013 1657 1330 1739 profundo
1365 1657 1755 1737 judiciorum
1800 1657 1911 1718 Dei

413 1757 724 1837 procedit,
763 1757 932 1838 quod
974 1756 1241 1818 scrutari
1283 1756 1644 1837 nequimus,
1679 1789 1758 1799 —-
1799 1755 1912 1816 Ex-

2029 774 2289 836 modum
2338 793 2445 836 rex
2486 775 2660 836 daret
2702 775 2891 836 alicui
2942 775 3127 836 militi
3168 793 3430 856 equum,
3465 774 3519 836 si

2027 872 2221 933 sciret
2252 872 2522 934 militem
2552 889 2717 955 equo
2748 872 2909 934 benc
2940 873 3325 946 usurum,ita
3354 871 3523 954 quod

2029 969 2233 1032 bonus
2276 990 2427 1032 usus
2467 971 2613 1053 equi
2657 979 2799 1052 post
2838 971 3155 1032 dationem
3194 971 3358 1051 ejuS,
3393 989 3524 1032 me-

2027 1077 2272 1130 reretur
2301 1089 2537 1151 equum
2570 1071 2747 1151 prius
2784 1070 3021 1131 datum.
3058 1070 3177 1132 Sed
3221 1070 3324 1131 isti
3356 1070 3523 1132 deci-

2026 1167 2293 1248 piuntur
2350 1187 2425 1229 ex
2488 1168 2644 1230 falsa
2701 1169 3169 1249 imaginatione.
3222 1168 3523 1241 Quamvis

2025 1266 2197 1328 enim
2232 1285 2358 1328 non
2398 1267 2607 1329 omnis
2645 1267 2810 1347 actio
2852 1267 3074 1328 militis
3114 1285 3349 1349 equum
3384 1286 3520 1328 sus·

2025 1365 2343 1446 cipientiS‚
2368 1383 2443 1426 ex
2476 1382 2639 1446 equo
2669 1366 3042 1446 dependeat,
3063 1373 3320 1447 propter
3348 1365 3519 1447 quod

2023 1470 2231 1544 potest
2269 1482 2507 1545 equum
2555 1462 2783 1524 mereri
2826 1470 2965 1544 post
3008 1463 3327 1526 dationem
3367 1461 3519 1544 ipsi-

2024 1579 2134 1638 us;
2169 1561 2377 1623 omnis
2420 1570 2631 1622 tamen
2672 1561 2838 1637 actio
2882 1569 3095 1623 nostra
3133 1561 3297 1624 bona
3343 1561 3514 1642 prin-

2023 1659 2315 1740 cipaliter
2355 1660 2638 1741 procedit
2668 1679 2745 1721 ex
2783 1660 3003 1739 gratia.
3039 1659 3103 1722 Si
3141 1678 3291 1740 ergo
3323 1678 3517 1741 opera

2025 1756 2189 1819 bona
2221 1764 2361 1839 post
2392 1757 2794 1820 collationem
2824 1758 3064 1838 gratiae,
3096 1758 3361 1839 gratiam
3394 1777 3517 1820 me·

410 1853 702 1936 emplum
754 1863 968 1916 tamen
1015 1855 1096 1916 sit
1147 1854 1332 1916 nobis
1385 1854 1553 1916 circa
1601 1855 1758 1916 duos
1807 1853 1912 1915 ha·
1949 1859 1996 1921 B
2025 1863 2335 1929 rerentur,
2367 1856 2568 1936 gratia
2612 1863 2963 1918 mereretur
3004 1875 3071 1918 se
3116 1857 3338 1937 ipsam.
3373 1856 3517 1918 Haec

413 1952 638 2015 bentes
690 1952 964 2014 liberum
1015 1953 1370 2016 arbitrium.
1417 1953 1607 2014 Verbi
1656 1953 1908 2032 gratia:

411 2051 542 2112 sint
590 2051 718 2113 duo
757 2059 1118 2132 peccatores
1157 2051 1258 2114 vel
1306 2049 1600 2120 infideles
1641 2068 1913 2131 quorum

413 2149 608 2210 corda
651 2167 780 2211 uno
823 2155 999 2210 motu
1040 2149 1257 2229 gratiae
1307 2147 1756 2229 praevenientis
1804 2147 1915 2209 ali-

414 2265 544 2328 quo
585 2247 774 2310 modo
812 2246 1098 2308 stimulet.
1127 2247 1314 2320 Deus,
1348 2254 1411 2307 et
1451 2265 1616 2307 unus
1657 2244 1912 2308 illorum

413 2352 698 2426 respuat,
730 2344 1086 2407 recalcitret
1119 2344 1461 2425 statimque
1502 2344 1910 2418 contradicat,

414 2443 576 2506 alter
622 2461 777 2505 vero
829 2443 1010 2504 sistat
1063 2461 1178 2504 nec
1232 2443 1641 2515 contradicat,
1694 2461 1913 2524 quam-

415 2542 512 2603 vis
571 2541 823 2603 nullum
884 2549 1128 2603 motum
1187 2540 1427 2603 bonum
1483 2540 1715 2602 eliciat.
1777 2541 1913 2602 Non

416 2647 512 2702 est
569 2658 925 2720 congruum
978 2640 1147 2721 quod
1208 2638 1520 2700 ambobus
1587 2638 1914 2721 aequaliter

415 2739 530 2800 fiat
567 2757 582 2800 :
624 2738 756 2801 imo
799 2757 964 2799 unus
1008 2737 1287 2809 illorum,
1328 2736 1626 2798 videlicet
1671 2744 1913 2798 contra-

416 2838 660 2908 dicenS,
693 2835 906 2898 forsan
948 2835 1299 2898 mortaliter
1338 2843 1558 2916 peccat
1577 2852 1594 2913 ;
1625 2835 1782 2896 alter
1814 2853 1916 2896 vc-

2022 1954 2325 2034 AEgidius.

2104 2053 2224 2115 Sed
2273 2053 2349 2114 ad
2400 2053 2521 2116 hoc
2579 2054 2918 2135 respondet
2966 2053 3297 2126 HenricuS,
3350 2054 3519 2135 quod

2022 2152 2223 2232 gratia
2265 2169 2392 2212 non
2438 2152 2605 2213 cadit
2646 2151 2767 2213 sub
2809 2152 3036 2214 merito
3076 2151 3373 2232 condigni
3414 2159 3522 2214 aut

2023 2249 2222 2329 digni,
2258 2250 2366 2310 scd
2408 2251 2693 2330 congrui,
2728 2257 3036 2331 quantum
3076 2250 3154 2312 ad
3190 2251 3521 2331 sequentia

2023 2364 2251 2428 opera3
2282 2365 2401 2408 nec
2451 2347 2608 2409 illud
2661 2348 2958 2409 meritum
2990 2345 3105 2408 'est
3146 2366 3335 2408 causa
3380 2365 3521 2429 pro-

2026 2454 2166 2527 pter
2215 2465 2407 2526 quam
2472 2445 2831 2508 infunditur
2886 2446 3107 2526 gratia,
3158 2445 3269 2507 sed
3328 2463 3519 2507 causa

2024 2564 2137 2606 seu
2179 2544 2338 2606 ratio
2378 2543 2515 2606 sine
2559 2562 2683 2626 qua
2725 2560 2851 2605 non
2886 2560 2900 2604 ε
2934 2551 2994 2605 et
3038 2543 3160 2606 hoc
3197 2550 3292 2605 est
3331 2543 3519 2605 meri-

2025 2649 2184 2715 tum,
2219 2661 2409 2704 causa
2455 2650 2517 2703 et
2565 2642 2723 2704 ratio
2770 2642 3122 2703 secundum
3172 2641 3350 2723 quid,
3387 2659 3517 2703 non

2025 2738 2421 2822 simpliciter.
2454 2775 2534 2784 -
2566 2740 2792 2802 Contra
2838 2739 3006 2820 quod
3057 2758 3274 2800 rursus
3318 2738 3517 2819 objici

2024 2845 2252 2920 potest,
2286 2839 2454 2920 quod
2495 2855 2687 2918 opera
2730 2837 2837 2898 illa
2878 2837 3209 2918 sequentia
3248 2837 3517 2917 gratiam

415 2956 486 3000 ro
532 2937 831 3018 quamvis
889 2953 1016 2998 non
1069 2942 1406 3008 mercatur,
1449 2934 1599 3015 quia
1646 2934 1912 3015 gratiam
2019 2937 2151 3017 jam
2193 2936 2472 2999 infusam
2512 2937 2653 3016 (seu
2694 2934 2897 2997 bonus
2936 2955 3089 2997 usus
3131 2935 3316 2997 liberi
3356 2935 3520 2997 arbi-

412 3043 664 3115 gratum
723 3033 1063 3096 facientem
1121 3032 1401 3095 nondum
1455 3032 1722 3113 accepit,
1773 3050 1917 3093 con·
1951 3033 1994 3096 C
2023 3035 2176 3114 trii),
2213 3033 2572 3108 informata,
2611 3040 2801 3094 uncta
2840 3040 2902 3094 et
2939 3040 3189 3095 actuata
3232 3052 3345 3115 per
3386 3051 3523 3114 gra-

411 3152 646 3213 gruum
679 3140 892 3195 tamen
921 3142 1018 3195 est
1049 3140 1118 3193 ut
1150 3132 1314 3193 Deus
1353 3129 1477 3191 sibi
1509 3130 1586 3191 de
1615 3130 1816 3210 gratia
1853 3139 1916 3191 ct
2025 3134 2177 3195 tiam
2233 3142 2484 3215 gratum
2541 3134 2905 3207 facientem,
2966 3139 3114 3193 sunt
3172 3132 3516 3208 meritoria,

411 3232 616 3294 salute
649 3232 1000 3313 provideat,
1027 3229 1261 3313 quibus
1291 3229 1450 3291 alter
1480 3248 1546 3290 se
1578 3227 1730 3289 fecit
1763 3228 1918 3290 indi·
2026 3231 2344 3313 loquendo
2390 3231 2770 3312 simpliciter
2821 3248 2835 3292 ε
2889 3248 3038 3311 ergo
3086 3230 3139 3292 si
3194 3238 3519 3293 merentur

409 3350 611 3412 gnum
663 3348 676 3391 :
721 3349 870 3392 nam
918 3329 1026 3391 ille
1073 3329 1289 3410 aliquo
1338 3327 1526 3389 modo
1572 3345 1914 3389 conversus
2021 3329 2286 3409 gratiam
2349 3330 2527 3410 prius
2584 3330 2816 3401 datam,
2868 3336 3194 3391 merentur
3242 3348 3379 3392 eam
3439 3330 3517 3391 de

411 3437 527 3501 cst,
578 3429 698 3491 iste
741 3446 1164 3509 nequaquam.

493 3528 714 3609 ltaque
753 3527 919 3600 dict),
951 3525 1120 3606 quod
1158 3524 1223 3585 in
1259 3525 1380 3587 isto
1418 3523 1723 3603 singulari
1761 3542 1914 3605 prae-

413 3625 728 3687 destinato
759 3632 856 3687 cst
879 3625 1199 3705 assignare
1231 3641 1484 3684 causam
1516 3630 1579 3684 et
1603 3622 1911 3685 rationem

411 3744 542 3787 suae
573 3720 1168 3806 praedestinationiS,
1201 3739 1329 3783 non
1367 3728 1556 3803 prout
1595 3720 1913 3801 pra-desti-

411 3823 584 3887 natio
613 3822 783 3885 actio
806 3820 1152 3883 voluntatis
1181 3820 1367 3882 estin
1400 3819 1908 3901 praedestinante,

409 3923 520 3984 sed
551 3920 910 3983 secundum
943 3918 1249 3980 rationem
1277 3937 1402 4000 qua
1433 3924 1729 3979 connotat
1758 3915 1912 3978 effe-

411 4028 587 4082 ctum
619 4026 950 4099 receptum
983 4016 1048 4077 in
1080 4016 1526 4097 praedestinato
1560 4033 1574 4077 :
1609 4033 1733 4078 non
1766 4016 1910 4077 dico

412 4135 672 4179 causam
713 4135 826 4177 seu
868 4114 1178 4177 rationem
1219 4114 1607 4177 meritoriam
1652 4123 1910 4195 propter

2024 3427 2338 3508 condigno
2368 3436 2432 3489 et
2460 3427 2858 3509 simpliciter.
2894 3427 3015 3489 Sed
3044 3427 3124 3489 ad
3153 3427 3273 3491 hoc
3306 3429 3513 3490 forsan

2023 3527 2166 3608 quis
2196 3526 2457 3600 diceret,
2490 3526 2658 3608 quod
2700 3534 3023 3587 merentur
3052 3533 3114 3587 et
3149 3544 3338 3587 causa
3366 3535 3515 3588 sunt

2021 3624 2371 3686 secundum
2422 3624 2598 3706 quid,
2632 3630 2851 3704 utpote
2904 3624 2968 3683 in
3013 3632 3321 3705 quantum
3374 3641 3513 3705 pro-

2020 3723 2254 3784 cedunt
2292 3740 2368 3783 ex
2413 3720 2613 3783 libero
2650 3719 2935 3795 arbitrio,
2971 3738 3095 3783 non
3141 3730 3328 3803 prout
3371 3740 3513 3802 pro-

2020 3821 2255 3883 cedunt
2311 3828 2438 3881 tam
2488 3839 2564 3881 ex
2614 3818 2815 3881 libero
2873 3818 3134 3881 arbitrio
3190 3838 3381 3900 quam
3431 3838 3507 3881 ex

2018 3920 2237 4000 gratia.

2099 4117 2169 4179 In
2199 4117 2317 4179 hac
2348 4115 2609 4178 materia
2648 4114 2878 4196 positio
2906 4113 3134 4194 AEgidii
3176 4114 3514 4176 concordat

411 4233 606 4297 quam
648 4214 752 4286 sit,
793 4213 904 4275 sed
946 4214 1374 4293 congruentiae
1413 4214 1552 4275 sine
1592 4231 1717 4294 qua
1755 4230 1905 4287 non,
1940 4219 1991 4282 D
2021 4216 2284 4279 omnino
2329 4234 2477 4277 cum
2522 4213 2795 4291 Thoma3
2826 4218 2889 4274 et
2933 4220 3244 4292 quant-um
3288 4230 3515 4293 capere

411 4314 580 4375 sicut
609 4311 974 4393 expositum
1004 4318 1118 4373 est.
1151 4347 1232 4356 —
1263 4312 1403 4373 llaec
1435 4312 1764 4386 HenricuS,
1798 4313 1909 4394 qui

411 4413 487 4475 de
529 4411 634 4473 his
675 4410 738 4473 in
780 4410 1044 4473 Summa
1081 4428 1196 4471 sua
1235 4408 1534 4471 diffusius
1573 4409 1815 4471 scribit.

489 4512 731 4571 Verum
786 4509 907 4570 ista
956 4508 1174 4589 opinio
1228 4507 1447 4568 multis
1499 4526 1624 4570 non
1678 4508 1906 4589 placet.

413 4610 590 4672 Unde
628 4608 916 4689 AEgidius
961 4606 1184 4669 scribit.
1223 4623 1236 4667 :
1273 4604 1538 4678 Quidam
1587 4607 1907 4681 dixerunt,

413 4708 682 4789 gratiam
727 4724 854 4768 non
901 4705 1123 4767 cadere
1165 4703 1284 4766 sub
1330 4705 1556 4767 merito
1599 4714 1908 4786 quantum

413 4807 490 4868 ad
539 4823 738 4887 opera
789 4802 1229 4886 praecedentia,
1279 4803 1390 4863 sed
1446 4821 1631 4884 posse
1687 4805 1910 4865 cadere

415 4904 536 4967 sub
571 4904 800 4967 merito
839 4910 1148 4984 quantum
1177 4902 1256 4963 ad
1294 4920 1488 4982 opera
1525 4901 1912 4983 subsequen-

415 5004 502 5065 tia
549 5021 564 5065 :
614 5002 702 5064 ita
755 5000 925 5084 quod
972 5001 1137 5062 Deus
1186 4999 1412 5061 tribuit
1460 4998 1573 5060 uni
1618 5000 1907 5079 gratiam,

417 5121 542 5166 non
572 5100 780 5173 alteri,
813 5099 966 5181 quia
995 5100 1116 5159 scit
1145 5118 1292 5159 eum
1325 5097 1486 5159 benc
1517 5116 1784 5160 usurum
1813 5118 1909 5173 ea,

414 5210 475 5262 et
525 5217 653 5262 non
703 5197 926 5271 alium,
975 5196 1068 5259 sic
1116 5196 1283 5277 quod
1333 5214 1526 5277 opera
1573 5216 1714 5279 quae
1763 5197 1915 5259 facit

415 5297 710 5361 habendo
757 5296 1048 5377 gratiam,
1095 5294 1330 5357 habent
1377 5314 1444 5356 se
1492 5314 1606 5376 per
1652 5297 1913 5357 modum

671 5431 736 5483 T.
772 5432 849 5483 20.

2023 4332 2209 4397 queo,
2255 4312 2646 4396 praeinducta
2693 4309 2948 4373 ilenrici
2997 4310 3323 4392 responsio
3372 4329 3518 4374 con-

2022 4414 2238 4475 cordat
2285 4431 2432 4473 cum
2483 4408 2830 4492 praehabita
2871 4407 3212 4470 Alexandri
3262 4410 3520 4490 positio-

2021 4529 2120 4571 ne.
2156 4509 2303 4582 Quae
2335 4508 2627 4591 quamvis
2657 4514 2965 4590 quantum
2996 4507 3074 4567 ad
3104 4525 3287 4569 aures
3317 4507 3521 4569 homi-

2021 4627 2175 4669 num
2238 4607 2589 4688 praesertim
2648 4603 3065 4686 simplicium,
3131 4604 3516 4669 tolerabilior

2020 4705 2312 4767 videatur
2366 4722 2611 4776 sonare,
2666 4720 2793 4765 non
2851 4710 3063 4763 tamen
3120 4702 3371 4763 videtur
3427 4704 3514 4765 ita

2021 4822 2297 4867 consona
2354 4802 2541 4864 dictis
2588 4800 2873 4883 Apostoli
2919 4807 2983 4861 et
3028 4800 3511 4863 auctoritatibus

2019 4900 2355 4983 Augustini
2384 4908 2573 4982 atque
2603 4897 3019 4980 praeallegatis
3051 4896 3205 4959 locis
3235 4897 3513 4979 Scriptu-

2021 5021 2106 5063 rae
2156 4998 2497 5073 canonicae,
2540 4998 2707 5059 sicut
2755 4995 2986 5078 positio
3035 4994 3093 5057 S.
3129 4994 3405 5071 Thomae,
3442 5008 3515 5059 ut

2024 5118 2164 5161 reor
2212 5098 2363 5160 satis
2408 5104 2643 5179 patere,
2678 5095 2730 5157 si
2776 5094 2920 5177 quis
2968 5094 3183 5156 omnia
3233 5094 3513 5175 praealle-

2023 5205 2165 5278 gata
2212 5197 2331 5258 rite
2380 5195 2754 5259 consideret.
2802 5193 3042 5273 Nempe
3090 5192 3247 5273 quid
3296 5194 3515 5258 differt

2025 5314 2307 5358 asserere
2354 5294 2595 5359 bonum
2646 5312 2833 5354 usum
2884 5290 3070 5353 liberi
3120 5292 3371 5383 arbitrii
3422 5314 3516 5358 es-

3204 5428 3266 5479 35
