4359 6250
878 482 995 546 188

1499 501 1561 546 IN
1604 500 1825 545 mamm
1868 501 1886 546 1
1930 499 2412 545 SENTENTIARUM.
2456 516 2537 526 -
2578 499 2730 544 ms‘r.
2777 498 2964 560 xxiv3
3008 499 3232 554 QnAEs'r.
3270 500 3358 546 vu

872 671 1055 733 aliter
1096 670 1266 732 idem
1310 679 1459 734 sunt
1501 679 1726 734 natura
1762 679 1825 733 et
1864 690 1963 734 res
2006 678 2268 743 naturae,
2303 669 2366 731 id
2396 668 2449 730 A
2479 669 2646 731 dinis
2681 687 2698 748 ;
2749 677 2959 731 tamen
3011 689 3330 744 mensura,
3382 688 3524 750 quae
3572 675 3665 730 est
3723 667 3972 740 relati0‚

870 775 967 832 est
1025 769 1475 850 suppositum3
1535 778 1631 831 est
1689 778 1901 831 tamen
1957 767 2367 831 accidentalis

872 885 987 950 pro
1030 875 1203 930 tanto
1245 875 1555 949 quantum
1602 867 1834 930 accidit
1873 875 2113 930 naturae
2149 886 2188 929 a
2225 886 2370 948 sup—

873 965 1096 1047 positis
1146 965 1513 1048 participari
1558 974 1621 1028 et
1658 985 1773 1048 per
1810 983 1883 1028 ea
1928 965 2364 1047 multiplicari.

872 1063 1183 1127 -Unitas
1215 1082 1364 1127 vero
1390 1064 1821 1138 accidentaliS,
1846 1084 1987 1146 quae
2015 1071 2111 1126 est
2139 1062 2372 1146 princi-

876 1161 1056 1245 pium
1096 1162 1347 1224 numeri
1386 1161 1815 1236 accidentalis,
1848 1162 1959 1244 qui
1994 1170 2092 1224 est
2125 1161 2370 1244 species

874 1261 1247 1344 quantitatis
1304 1261 1611 1336 discretae,
1662 1269 1757 1323 est
1807 1261 1872 1323 in
1933 1259 2370 1342 magnitudine

876 1359 1177 1422 continua
1214 1359 1459 1437 solum;
1500 1368 1564 1422 et
1586 1367 1683 1422 est
1716 1359 2126 1422 accidentalis
2167 1357 2235 1420 in
2279 1377 2368 1430 re,

877 1458 1027 1540 quia
1064 1476 1179 1539 per
1210 1456 1480 1521 formam
1519 1457 1978 1531 continuitatiS,
2012 1476 2137 1538 qua
2166 1463 2371 1518 totum

875 1564 973 1618 est
1019 1556 1494 1618 accidentaliter
1551 1575 1753 1617 unum
1809 1563 2083 1636 actuque
2141 1553 2371 1616 indivi-

876 1674 1042 1727 sum,
1076 1662 1203 1716 tam
1234 1655 1439 1735 quoad
1469 1654 1933 1735 separationem
1965 1653 2246 1734 partium
2277 1670 2371 1713 re-

876 1753 1041 1815 alem
1079 1753 1154 1814 ad
1196 1752 1473 1815 invicem
1516 1771 1706 1833 quam
1752 1751 1959 1833 quoad
2001 1751 2368 1813 distinctam

2480 785 2606 830 non
2655 776 2753 829 est
2799 769 2876 830 de
2925 767 3282 849 significato
3332 768 3552 850 ipsius.
3603 765 3740 829 Non
3795 766 3975 828 enim

2480 866 2650 928 idem
2707 874 2824 939 est,
2884 885 3021 929 esse
3079 867 3322 948 aliquid
3378 866 3654 939 numeri,
3714 871 3777 926 et
3833 883 3978 927 esse

2480 984 2845 1027 mensuram
2889 966 3052 1046 ejuS‚
3096 966 3221 1028 nisi
3271 964 3437 1026 sicut
3481 963 3976 1027 fundamentum

2481 1071 2544 1126 et
2583 1063 2805 1126 relatio
2844 1083 3116 1146 sequens
3162 1071 3310 1125 sunt
3351 1063 3540 1126 idem.
3575 1063 3666 1125 Ex
3704 1080 3832 1144 quo
3869 1081 3981 1143 pa-

2483 1169 2572 1224 tet
2601 1161 2755 1243 quid
2796 1162 2964 1224 dicat
3004 1181 3204 1224 unum
3245 1162 3414 1244 quod
3454 1168 3552 1224 est
3580 1159 3978 1243 principium

2483 1261 2757 1334 numeri,
2792 1261 2912 1323 sub
2956 1278 3083 1323 uno
3121 1261 3291 1343 quod
3331 1279 3478 1322 cum
3523 1267 3668 1322 ente
3711 1277 3979 1322 conver-

2483 1359 2682 1421 titur:
2716 1359 3017 1440 quoniam
3061 1358 3216 1420 dicit
3259 1358 3602 1441 specialem
3647 1358 3978 1420 indivisio-

2482 1477 2630 1520 nem
2680 1457 2745 1518 in
2805 1465 3028 1518 natura
3075 1456 3468 1538 quantitatiS,
3519 1465 3583 1518 et
3630 1455 3796 1518 ultra
3853 1456 3980 1518 hoc

2482 1555 2638 1616 dicit
2674 1555 2919 1636 aliquid
2956 1555 3208 1618 numeri
3245 1573 3258 1616 :
3293 1561 3357 1616 et
3395 1554 3462 1615 in
3505 1554 3626 1617 hoc
3669 1554 3827 1616 dicit
3864 1555 3983 1616 ali-

2483 1654 2636 1735 quid
2678 1653 3046 1735 positivum‚
3082 1653 3252 1734 quod
3291 1653 3591 1716 convenit
3629 1653 3688 1716 ei
3733 1652 3980 1716 ratione

2484 1753 2584 1815 sui
2628 1752 3063 1830 fundamenti3
3103 1752 3412 1814 rationem
3453 1759 3676 1814 autem
3725 1771 3986 1814 mensu-

876 1850 1295 1932 signationem
1337 1869 1554 1912 earum
1596 1851 1661 1911 in
1701 1851 1861 1933 ipso,
1898 1856 2119 1912 natum
2150 1856 2248 1911 est
2277 1849 2369 1910 di·
2407 1854 2454 1916 B
2486 1870 2569 1913 rae
2601 1869 2728 1913 non
2769 1851 3069 1931 importat
3107 1850 3230 1912 nisi
3271 1850 3645 1913 extrinsece.
3679 1851 3824 1912 Haec
3853 1851 3983 1912 Du-

876 1950 1008 2012 vidi
1039 1957 1102 2011 et
1131 1948 1366 2029 signari
1408 1949 1473 2010 in
1510 1949 1712 2031 plura.
1746 1950 1796 2011 A
1828 1948 1939 2011 tali
1974 1948 2212 2011 etenim
2245 1965 2372 2010 uno

877 2047 1181 2111 continuo
1209 2047 1495 2129 procedit
1522 2065 1827 2108 numerus
1858 2045 2228 2127 quantitatis
2257 2045 2375 2107 dis-

877 2154 1083 2220 cretas,
1125 2165 1327 2227 quum
1381 2163 1580 2206 unum
1633 2144 1791 2206 illud
1845 2144 2219 2207 continuum
2272 2163 2373 2204 ac-

878 2253 969 2318 tu,
1010 2243 1317 2307 dividitur
1362 2251 1470 2305 aut
1517 2243 1803 2324 signatur
1850 2243 1917 2305 in
1966 2250 2178 2324 partes
2227 2261 2372 2303 suas

879 2343 1215 2424 integrales
1251 2363 1265 2406 :
1299 2343 1409 2424 qui
1454 2360 1759 2404 numerus
1800 2340 2212 2405 accidentalis
2252 2349 2370 2414 est,

878 2443 1179 2526 quoniam
1238 2441 1537 2524 quaelibet
1591 2441 1908 2503 unitatum
1969 2459 2230 2502 suarum
2279 2447 2374 2502 est

876 2540 1303 2604 accidentalis.
1337 2540 1665 2602 Pluralitas
1696 2539 1939 2622 quippe
1969 2559 2046 2601 ex
2076 2555 2372 2619 aggrega-

879 2639 1049 2702 tione
1098 2646 1193 2701 est
1245 2639 1563 2700 unitatum
1618 2656 1631 2698 :
1684 2657 1827 2719 quae
1874 2655 2074 2718 quum
2134 2635 2375 2698 fuerint

877 2739 1268 2819 disgregatae,
1300 2736 1545 2799 faciunt
1584 2735 2100 2812 multitudinem3
2137 2734 2191 2797 si
2223 2750 2373 2795 vero

878 2836 1118 2900 suerint
1162 2843 1553 2916 congregatae
1596 2853 1707 2897 seu
1758 2833 2049 2896 indivisae
2090 2832 2170 2895 ab
2216 2832 2373 2894 invi-

878 2955 1041 3010 cem,
1086 2935 1329 2997 faciunt
1378 2932 1901 3014 magnitudinem.
1944 2931 2174 3012 Sicque
2225 2930 2373 2992 licet

2485 1950 2736 2012 raudus.

2563 2048 2683 2110 Sed
2730 2047 2898 2110 istud
2947 2047 3200 2109 videtur
3243 2047 3630 2110 contrarium
3675 2046 3982 2128 positioni

2482 2146 2757 2220 Thomae,
2809 2145 2918 2226 qui
2965 2146 3065 2226 (ut
3123 2145 3312 2226 paulo
3369 2152 3515 2208 ante
3573 2145 3639 2207 in
3697 2146 3986 2207 secunda

2481 2244 2675 2324 hujus
2724 2243 3150 2306 distinctionis
3208 2243 3415 2325 patuit
3461 2243 3838 2325 quaestione)
3882 2243 3982 2305 af-

2484 2342 2719 2416 firmat,
2754 2343 2922 2423 quod
2973 2361 3172 2404 unum
3219 2343 3388 2424 quod
3436 2349 3532 2404 est
3579 2341 3980 2424 principium
4045 2357 4241 2411 μιεοΑ.

2483 2440 2758 2513 numeri,
2817 2440 3185 2522 superaddit
3240 2441 3370 2502 enti
3427 2459 3569 2502 esse
3634 2458 3976 2502 mensurae.

2484 2538 2714 2601 Contra
2751 2557 2942 2620 quam
2985 2539 3367 2620 positionem
3397 2538 3681 2620 AEgidius
3717 2556 3984 2620 quoque

2485 2637 2729 2719 prolixe
2771 2637 2878 2698 hic
2917 2636 3160 2712 scribit,
3201 2637 3366 2698 inter
3409 2645 3617 2699 cetera
3655 2637 3924 2718 loquens
3963 2655 3978 2698 :

2483 2735 2612 2798 Hoc
2671 2735 2914 2797 dictum
2973 2742 3138 2798 stare
3197 2753 3324 2797 non
3383 2741 3610 2817 potest,
3670 2735 3985 2817 quoniam

2485 2834 2650 2896 sicut
2699 2833 3074 2916 reprobatur
3119 2833 3338 2916 opinio
3385 2833 3759 2906 dicentium,
3805 2835 3986 2916 quod

2487 2951 2688 2994 unum
2735 2933 2905 3014 quod
2953 2939 3048 2995 θεῖ
3097 2931 3488 3014 principium
3547 2931 3800 2995 numeri
3851 2949 3989 2995 non

878 3034 1231 3097 secundum
1304 3031 1800 3094 intellectualem
1878 3028 2371 3092 abstractionem
2412 3026 2456 3090 C
2487 3031 2642 3093 dicit
2673 3030 2796 3092 nisi
2837 3031 2991 3112 quid
3033 3030 3417 3112 privativum
3446 3031 3644 3112 (quod
3682 3030 3992 3112 reproba·

879 3133 1053 3217 prior
1113 3132 1195 3194 sit
1250 3130 1662 3214 simplicitate
1724 3128 2042 3210 quantitas
2100 3128 2373 3190 discreta

878 3250 1071 3315 quam
1100 3229 1419 3312 quantitas
1451 3228 1772 3301 continua,
1805 3235 2017 3289 'tamen
2056 3233 2282 3288 natura
2311 3233 2374 3286 et

882 3350 947 3394 re
989 3328 1164 3411 prior
1201 3335 1297 3390 est
1335 3327 1655 3409 quantitas
1695 3325 2015 3397 continua,
2050 3343 2251 3405 quum
2295 3342 2371 3385 ex

879 3448 954 3492 ea
996 3427 1315 3509 quantitas
1362 3432 1700 3506 generetur
1741 3424 2036 3497 discreta,
2076 3441 2219 3504 quae
2263 3440 2377 3503 per

880 3528 1079 3592 solam
1137 3524 1557 3606 signationem
1618 3523 1894 3605 partium
1953 3522 2018 3583 in
2073 3521 2378 3583 continuo

882 3624 1184 3709 praecedit
1210 3622 1632 3686 abstractione
1667 3620 2043 3683 continuum
2080 3638 2093 3681 ε
2128 3627 2192 3680 et
2224 3618 2376 3680 utri-

879 3744 1082 3807 usque
1122 3720 1493 3804 quantitatis
1534 3740 1661 3782 una
1688 3726 1785 3782 est
1824 3718 2023 3792 radix,
2058 3725 2213 3799 puta
2253 3736 2379 3779 ma-

878 3824 1057 3886 teria.
1120 3820 1454 3885 Generatio
1508 3835 1763 3899 quoque
1816 3816 2190 3899 quantitatis
2247 3815 2376 3877 dis·

881 3930 1068 3985 cretae
1125 3939 1201 3983 ex
1260 3918 1584 3991 continuo,
1644 3915 1893 3979 duobus
1956 3914 2034 3976 fit
2094 3914 2300 3977 modis
2361 3933 2374 3977 ε

878 4020 1113 4104 primo,
1149 4037 1262 4100 per
1300 4016 1534 4079 realem
1576 4014 1861 4077 continui
1904 4012 2284 4076 divisionem
2317 4019 2380 4073 et

885 4118 1160 4201 partium
1200 4116 1340 4196 ejus
1378 4112 1879 4195 separationem;
1920 4112 2223 4184 secundo,
2266 4128 2380 4191 per

2486 3138 2611 3205 tur,
2647 3130 2948 3212 quoniam
2979 3149 3182 3191 unum
3213 3130 3382 3191 istud
3413 3129 3742 3193 constituit
3765 3149 3996 3193 nume-

2487 3248 2654 3302 rum,
2687 3228 2799 3309 qui
2830 3235 2927 3290 est
2957 3228 3142 3289 realis
3173 3227 3418 3309 species
3450 3227 3872 3309 quantitatis),
3897 3228 3994 3290 ita

2490 3327 2886 3409 improbatur
2932 3328 3101 3408 quod
3151 3346 3350 3389 unum
3401 3327 3568 3389 dicat
3621 3346 3758 3389 esse
3809 3346 3994 3390 men·

2487 3444 2672 3499 surae,
2723 3444 2924 3507 quum
2972 3443 3271 3487 mensura
3317 3425 3578 3488 exsistat
3624 3424 3873 3498 relatio,
3923 3434 3994 3488 et

2488 3544 2564 3586 ex
2613 3523 2918 3587 relatione
2975 3541 3102 3586 non
3161 3523 3571 3586 constituitur
3616 3523 3992 3586 absolutum

2489 3641 2600 3685 seu
2632 3622 2878 3703 species
2917 3621 3307 3703 quantitatis.
3343 3621 3578 3683 Verum
3607 3623 3685 3684 ad
3715 3622 3836 3684 hoc
3869 3641 3996 3703 pro

2489 3718 2858 3781 defensione
2903 3719 2962 3781 S.
3005 3719 3260 3782 Thomae
3309 3719 3543 3801 poterit
3587 3720 3992 3801 responderi,

2490 3818 2660 3899 quod
2691 3818 2860 3880 dicat
2889 3836 3091 3879 unum
3131 3818 3252 3879 hoc
3282 3818 3512 3880 addere
3551 3838 3692 3881 esse
3731 3837 3996 3881 mensu-

2490 3936 2573 3978 τω
2625 3915 3035 3978 materialiter
3077 3934 3091 3977 :
3136 3916 3437 3998 quoniam
3486 3917 3544 3979 ei
3593 3916 3763 3999 quod
3809 3916 3998 3979 addit

2491 4014 2656 4077 ultra
2695 4034 2830 4087 θηε,
2862 4014 3168 4096 competit
3212 4015 3372 4077 ratio
3416 4034 3730 4078 mensurae
3773 4034 3998 4096 respe-

2491 4121 2596 4174 ctu
2638 4112 3088 4185 multitudiniS,
3123 4119 3194 4173 ut
3233 4112 3427 4175 etiam
3464 4114 3796 4175 Durandus
3834 4111 4000 4176 fate-

884 4213 1377 4278 intellectualem
1439 4210 1824 4273 divisionem
1886 4228 1998 4271 seu
2063 4208 2378 4271 actualem
2410 4208 2458 4269 D
2488 4219 2613 4283 tur,
2647 4218 2710 4273 et
2739 4210 3009 4273 Thomas
3046 4210 3423 4274 auctoritate
3461 4211 3815 4274 Aristotelis
3858 4210 4002 4274 ido-

884 4313 1303 4394 signationem
1357 4310 1423 4371 in
1472 4308 1776 4372 continuo
1824 4315 2237 4388 permanente
2287 4307 2378 4369 in-

885 4420 1061 4493 tegro
1100 4409 1355 4483 factam,
1388 4407 1742 4469 secundum
1781 4406 1951 4488 quod
1995 4405 2208 4487 aliqua
2251 4424 2380 4467 ma-

885 4509 1151 4592 gnitudo
1194 4507 1427 4570 dicitur
1469 4504 1733 4587 pedaliS,
1768 4503 2081 4588 bipedalis
2122 4510 2234 4565 aut
2271 4503 2381 4566 tri·

888 4606 1178 4691 pedalis:
1216 4606 1435 4686 sicque
1482 4602 1949 4684 magnitudines
2000 4600 2065 4663 in
2109 4620 2179 4663 se
2224 4600 2382 4682 ipsis

886 4703 1376 4790 quodammodo,
1441 4700 1686 4764 scilicet
1748 4698 2200 4782 potentialiter,
2261 4717 2383 4759 nu·

890 4805 1049 4868 meri
1096 4810 1265 4875 sunt,
1313 4801 1665 4864 secundum
1712 4799 2166 4881 Philosophum
2222 4796 2385 4860 libro

889 4902 1333 4968 Posteriorum.
1369 4898 1513 4962 Haec
1554 4896 1883 4960 Henricus.

968 5001 1079 5064 His
1124 5016 1472 5063 consonare
1514 4995 1766 5059 videtur
1810 4994 1980 5077 quod
2023 4992 2112 5056 ait
2147 4994 2388 5056 Duran-

892 5103 1011 5164 dus
1055 5117 1069 5161 :
1114 5100 1321 5161 Unum
1371 5094 1541 5177 quod
1584 5102 1679 5156 est
1727 5092 2119 5175 principium
2166 5110 2389 5154 nume-

896 5198 972 5273 ri,
1009 5196 1165 5260 dicit
1208 5190 1450 5278 aliquid
1494 5191 1841 5276 positivum
1889 5191 1953 5252 in
1992 5198 2252 5273 quanm,
2285 5189 2392 5251 cui

904 5294 1212 5378 competit
1242 5292 1401 5355 ratio
1438 5310 1751 5353 mensurae
1781 5296 2073 5371 respectu
2106 5287 2393 5349 multitu-

2491 4327 2608 4371 nee
2659 4307 2922 4391 probat3
2973 4326 3099 4371 non
3149 4317 3362 4370 tamen
3409 4308 3567 4371 dicit
3615 4327 3815 4371 unum
3866 4308 4002 4373 hoc

2493 4426 2856 4469 mensuram
2900 4415 3008 4468 aut
3057 4407 3428 4470 relationem
3473 4407 3826 4470 formaliter
3869 4425 3884 4470 :
3933 4418 4005 4470 et

2493 4525 2607 4587 per
2664 4507 2784 4569 hoc
2845 4505 3063 4568 omnia
3119 4505 3556 4568 dissolvuntur
3616 4514 4006 4587 argumenta

2492 4604 2741 4685 AEgidii.

2897 4839 3370 4915 QUAESTIO
3435 4840 3590 4905 vn

2639 5088 2848 5150 Ltimo
2896 5086 3223 5169 quaeritur,
3275 5088 3405 5154 An
3461 5086 3676 5153 siout
3732 5088 3818 5153 111
3879 5090 4012 5158 di-

2667 5188 2888 5254 vinis
2954 5186 3287 5267 ponitur
3342 5186 3618 5253 unitas
3673 5186 4016 5272 duplex,

2503 5286 2894 5354 videlicet
2932 5283 3383 5352 essentialis
3417 5284 3502 5351 et
3537 5286 4020 5369 personans,
