<?xml version="1.0" encoding="UTF-8"?>
<!DOCTYPE html PUBLIC "-//W3C//DTD XHTML 1.0 Transitional//EN"
    "http://www.w3.org/TR/xhtml1/DTD/xhtml1-transitional.dtd">
<html xmlns="http://www.w3.org/1999/xhtml" xml:lang="en" lang="en">
 <head>
  <title>
</title>
<meta http-equiv="Content-Type" content="text/html;charset=utf-8" />
  <meta name='ocr-system' content='tesseract 3.04.00' />
  <meta name='ocr-capabilities' content='ocr_page ocr_carea ocr_par ocr_line ocrx_word'/>
</head>
<body>
  <div class='ocr_page' id='page_1' title='image "./doctorisecstati11unkngoog_0330.png"; bbox 0 0 4359 6250; ppageno 0'>
   <div class='ocr_carea' id='block_1_1' title="bbox 888 446 1009 512">
    <p class='ocr_par' dir='ltr' id='par_1_1' title="bbox 888 446 1009 512">
     <span class='ocr_line' id='line_1_1' title="bbox 888 446 1009 512; baseline -0.017 0"><span class='ocrx_word' id='word_1_1' title='bbox 888 446 1009 512; x_wconf 77' lang='lat'><strong>318</strong></span> 
     </span>
    </p>
   </div>
   <div class='ocr_carea' id='block_1_2' title="bbox 1525 461 3356 523">
    <p class='ocr_par' dir='ltr' id='par_1_2' title="bbox 1525 461 3356 523">
     <span class='ocr_line' id='line_1_2' title="bbox 1525 461 3356 523; baseline -0.003 -11"><span class='ocrx_word' id='word_1_2' title='bbox 1525 467 1588 512; x_wconf 77' lang='lat' dir='ltr'><strong>IN</strong></span> <span class='ocrx_word' id='word_1_3' title='bbox 1630 466 1851 512; x_wconf 76' lang='lat' dir='ltr'><strong>Limum</strong></span> <span class='ocrx_word' id='word_1_4' title='bbox 1893 466 1912 509; x_wconf 87' lang='grc'>1</span> <span class='ocrx_word' id='word_1_5' title='bbox 1956 463 2439 511; x_wconf 71' lang='lat' dir='ltr'><strong>SENTENTIARUM.</strong></span> <span class='ocrx_word' id='word_1_6' title='bbox 2486 480 2567 491; x_wconf 90' lang='lat'><strong>·-</strong></span> <span class='ocrx_word' id='word_1_7' title='bbox 2607 463 2759 508; x_wconf 68' lang='lat' dir='ltr'><strong>msr.</strong></span> <span class='ocrx_word' id='word_1_8' title='bbox 2805 462 2995 523; x_wconf 81' lang='lat' dir='ltr'>xxx13</span> <span class='ocrx_word' id='word_1_9' title='bbox 3037 461 3262 516; x_wconf 75' lang='lat' dir='ltr'><strong>QUAEST.</strong></span> <span class='ocrx_word' id='word_1_10' title='bbox 3309 461 3356 506; x_wconf 88' lang='lat'><strong>11</strong></span> 
     </span>
    </p>
   </div>
   <div class='ocr_carea' id='block_1_3' title="bbox 888 628 3986 718">
    <p class='ocr_par' dir='ltr' id='par_1_3' title="bbox 888 628 3986 718">
     <span class='ocr_line' id='line_1_3' title="bbox 888 628 3986 718; baseline -0.003 -20"><span class='ocrx_word' id='word_1_11' title='bbox 888 635 1233 718; x_wconf 82' lang='lat' dir='ltr'><strong>AEqualitas</strong></span> <span class='ocrx_word' id='word_1_12' title='bbox 1292 642 1503 697; x_wconf 88' lang='lat' dir='ltr'><strong>autem</strong></span> <span class='ocrx_word' id='word_1_13' title='bbox 1563 634 2011 717; x_wconf 89' lang='lat' dir='ltr'><strong>appropriatur</strong></span> <span class='ocrx_word' id='word_1_14' title='bbox 2068 632 2227 694; x_wconf 88' lang='lat' dir='ltr'><strong>Filio</strong></span> <span class='ocrx_word' id='word_1_15' title='bbox 2281 629 2469 692; x_wconf 82' lang='lat' dir='ltr'><strong>tri-A</strong></span> <span class='ocrx_word' id='word_1_16' title='bbox 2499 629 2800 692; x_wconf 82' lang='lat' dir='ltr'><strong>fundatur</strong></span> <span class='ocrx_word' id='word_1_17' title='bbox 2850 631 2916 691; x_wconf 94' lang='lat' dir='ltr'><strong>in</strong></span> <span class='ocrx_word' id='word_1_18' title='bbox 2963 629 3176 711; x_wconf 87' lang='lat' dir='ltr'><strong>aliqua</strong></span> <span class='ocrx_word' id='word_1_19' title='bbox 3225 629 3450 702; x_wconf 83' lang='lat' dir='ltr'><strong>forma,</strong></span> <span class='ocrx_word' id='word_1_20' title='bbox 3481 629 3770 710; x_wconf 77' lang='lat' dir='ltr'><strong>sequitur</strong></span> <span class='ocrx_word' id='word_1_21' title='bbox 3819 628 3986 709; x_wconf 90' lang='lat' dir='ltr'><strong>quod</strong></span> 
     </span>
    </p>
   </div>
   <div class='ocr_carea' id='block_1_4' title="bbox 890 729 2390 1796">
    <p class='ocr_par' dir='ltr' id='par_1_4' title="bbox 890 729 2390 1796">
     <span class='ocr_line' id='line_1_4' title="bbox 892 729 2386 816; baseline -0.003 -21"><span class='ocrx_word' id='word_1_22' title='bbox 892 734 1043 816; x_wconf 87' lang='lat' dir='ltr'>plici</span> <span class='ocrx_word' id='word_1_23' title='bbox 1102 735 1361 796; x_wconf 85' lang='lat' dir='ltr'><strong>ratione.</strong></span> <span class='ocrx_word' id='word_1_24' title='bbox 1416 733 1647 806; x_wconf 85' lang='lat' dir='ltr'><strong>Primo,</strong></span> <span class='ocrx_word' id='word_1_25' title='bbox 1700 732 2001 814; x_wconf 90' lang='lat' dir='ltr'><strong>quoniam</strong></span> <span class='ocrx_word' id='word_1_26' title='bbox 2059 729 2386 812; x_wconf 85' lang='lat' dir='ltr'><strong>aequalitas</strong></span> 
     </span>
     <span class='ocr_line' id='line_1_5' title="bbox 890 829 2384 914; baseline -0.004 -20"><span class='ocrx_word' id='word_1_27' title='bbox 890 851 1017 895; x_wconf 89' lang='lat' dir='ltr'><strong>non</strong></span> <span class='ocrx_word' id='word_1_28' title='bbox 1049 841 1256 914; x_wconf 88' lang='lat' dir='ltr'><strong>potest</strong></span> <span class='ocrx_word' id='word_1_29' title='bbox 1284 851 1421 894; x_wconf 87' lang='lat' dir='ltr'><strong>esse</strong></span> <span class='ocrx_word' id='word_1_30' title='bbox 1454 832 1574 892; x_wconf 83' lang='lat' dir='ltr'><strong>nisi</strong></span> <span class='ocrx_word' id='word_1_31' title='bbox 1607 831 1732 892; x_wconf 89' lang='lat' dir='ltr'><strong>sint</strong></span> <span class='ocrx_word' id='word_1_32' title='bbox 1763 831 1922 893; x_wconf 93' lang='lat' dir='ltr'><strong>duo:</strong></span> <span class='ocrx_word' id='word_1_33' title='bbox 1950 829 2143 890; x_wconf 86' lang='lat' dir='ltr'><strong>Filius</strong></span> <span class='ocrx_word' id='word_1_34' title='bbox 2173 837 2384 890; x_wconf 87' lang='lat' dir='ltr'><strong>autem</strong></span> 
     </span>
     <span class='ocr_line' id='line_1_6' title="bbox 890 926 2390 1012; baseline -0.004 -20"><span class='ocrx_word' id='word_1_35' title='bbox 890 939 987 992; x_wconf 89' lang='lat' dir='ltr'><strong>est</strong></span> <span class='ocrx_word' id='word_1_36' title='bbox 1035 931 1145 1012; x_wconf 92' lang='lat' dir='ltr'><strong>qui</strong></span> <span class='ocrx_word' id='word_1_37' title='bbox 1207 930 1414 1011; x_wconf 91' lang='lat' dir='ltr'><strong>primo</strong></span> <span class='ocrx_word' id='word_1_38' title='bbox 1474 928 1849 1010; x_wconf 87' lang='lat' dir='ltr'><strong>intelligitur</strong></span> <span class='ocrx_word' id='word_1_39' title='bbox 1893 947 2031 989; x_wconf 90' lang='lat' dir='ltr'><strong>esse</strong></span> <span class='ocrx_word' id='word_1_40' title='bbox 2085 934 2228 1008; x_wconf 90' lang='lat' dir='ltr'><strong>post</strong></span> <span class='ocrx_word' id='word_1_41' title='bbox 2284 926 2390 987; x_wconf 90' lang='lat' dir='ltr'><strong>Pa-</strong></span> 
     </span>
     <span class='ocr_line' id='line_1_7' title="bbox 891 1025 2389 1108; baseline -0.003 -19"><span class='ocrx_word' id='word_1_42' title='bbox 891 1037 1072 1090; x_wconf 90' lang='lat' dir='ltr'><strong>trem.</strong></span> <span class='ocrx_word' id='word_1_43' title='bbox 1100 1028 1411 1102; x_wconf 90' lang='lat' dir='ltr'><strong>Secundo,</strong></span> <span class='ocrx_word' id='word_1_44' title='bbox 1432 1028 1584 1108; x_wconf 89' lang='lat' dir='ltr'><strong>quia</strong></span> <span class='ocrx_word' id='word_1_45' title='bbox 1612 1027 1819 1088; x_wconf 91' lang='lat' dir='ltr'><strong>omnis</strong></span> <span class='ocrx_word' id='word_1_46' title='bbox 1852 1025 2244 1106; x_wconf 85' lang='lat' dir='ltr'><strong>inaequalitas</strong></span> <span class='ocrx_word' id='word_1_47' title='bbox 2275 1042 2389 1104; x_wconf 90' lang='lat' dir='ltr'><strong>per</strong></span> 
     </span>
     <span class='ocr_line' id='line_1_8' title="bbox 892 1121 2390 1205; baseline -0.004 -19"><span class='ocrx_word' id='word_1_48' title='bbox 892 1124 1317 1205; x_wconf 68' lang='lat' dir='ltr'><strong>{equalitatem</strong></span> <span class='ocrx_word' id='word_1_49' title='bbox 1348 1124 1674 1187; x_wconf 89' lang='lat' dir='ltr'><strong>reducitur</strong></span> <span class='ocrx_word' id='word_1_50' title='bbox 1700 1123 1779 1184; x_wconf 89' lang='lat' dir='ltr'><strong>ad</strong></span> <span class='ocrx_word' id='word_1_51' title='bbox 1811 1121 2117 1183; x_wconf 90' lang='lat' dir='ltr'><strong>unitatem</strong></span> <span class='ocrx_word' id='word_1_52' title='bbox 2148 1138 2162 1182; x_wconf 73' lang='grc' dir='ltr'>ε</span> <span class='ocrx_word' id='word_1_53' title='bbox 2188 1139 2390 1201; x_wconf 83' lang='lat' dir='ltr'><strong>aequa·</strong></span> 
     </span>
     <span class='ocr_line' id='line_1_9' title="bbox 893 1219 2390 1305; baseline -0.002 -21"><span class='ocrx_word' id='word_1_54' title='bbox 893 1223 1034 1286; x_wconf 90' lang='lat' dir='ltr'><strong>litas</strong></span> <span class='ocrx_word' id='word_1_55' title='bbox 1078 1242 1353 1305; x_wconf 89' lang='lat' dir='ltr'><strong>namque</strong></span> <span class='ocrx_word' id='word_1_56' title='bbox 1396 1231 1493 1285; x_wconf 91' lang='lat' dir='ltr'><strong>est</strong></span> <span class='ocrx_word' id='word_1_57' title='bbox 1534 1222 1925 1304; x_wconf 88' lang='lat' dir='ltr'><strong>principium</strong></span> <span class='ocrx_word' id='word_1_58' title='bbox 1971 1221 2034 1282; x_wconf 90' lang='lat' dir='ltr'><strong>in</strong></span> <span class='ocrx_word' id='word_1_59' title='bbox 2081 1219 2390 1302; x_wconf 88' lang='lat' dir='ltr'><strong>proporti-</strong></span> 
     </span>
     <span class='ocr_line' id='line_1_10' title="bbox 892 1319 2386 1396; baseline -0.003 -13"><span class='ocrx_word' id='word_1_60' title='bbox 892 1321 1145 1396; x_wconf 82' lang='lat' dir='ltr'><strong>onibuS,</strong></span> <span class='ocrx_word' id='word_1_61' title='bbox 1179 1321 1345 1383; x_wconf 91' lang='lat' dir='ltr'><strong>sicut</strong></span> <span class='ocrx_word' id='word_1_62' title='bbox 1382 1322 1590 1383; x_wconf 87' lang='lat' dir='ltr'><strong>unitas</strong></span> <span class='ocrx_word' id='word_1_63' title='bbox 1636 1321 1700 1381; x_wconf 87' lang='lat' dir='ltr'><strong>in</strong></span> <span class='ocrx_word' id='word_1_64' title='bbox 1740 1319 2043 1381; x_wconf 81' lang='lat' dir='ltr'><strong>numeris,</strong></span> <span class='ocrx_word' id='word_1_65' title='bbox 2078 1319 2386 1391; x_wconf 85' lang='lat' dir='ltr'><strong>Quoniam</strong></span> 
     </span>
     <span class='ocr_line' id='line_1_11' title="bbox 891 1416 2385 1501; baseline -0.002 -20"><span class='ocrx_word' id='word_1_66' title='bbox 891 1429 1042 1501; x_wconf 86' lang='lat' dir='ltr'><strong>ergo</strong></span> <span class='ocrx_word' id='word_1_67' title='bbox 1072 1419 1395 1482; x_wconf 89' lang='lat' dir='ltr'><strong>rationalis</strong></span> <span class='ocrx_word' id='word_1_68' title='bbox 1428 1428 1714 1480; x_wconf 86' lang='lat' dir='ltr'><strong>creatura</strong></span> <span class='ocrx_word' id='word_1_69' title='bbox 1746 1418 2194 1480; x_wconf 86' lang='lat' dir='ltr'><strong>reconciliatur</strong></span> <span class='ocrx_word' id='word_1_70' title='bbox 2222 1416 2385 1478; x_wconf 89' lang='lat' dir='ltr'><strong>Patri</strong></span> 
     </span>
     <span class='ocr_line' id='line_1_12' title="bbox 897 1515 2384 1600; baseline -0.003 -21"><span class='ocrx_word' id='word_1_71' title='bbox 897 1537 1009 1600; x_wconf 91' lang='lat' dir='ltr'><strong>per</strong></span> <span class='ocrx_word' id='word_1_72' title='bbox 1038 1519 1291 1590; x_wconf 86' lang='lat' dir='ltr'><strong>Filium,</strong></span> <span class='ocrx_word' id='word_1_73' title='bbox 1312 1515 1476 1579; x_wconf 89' lang='lat' dir='ltr'><strong>Patri</strong></span> <span class='ocrx_word' id='word_1_74' title='bbox 1506 1526 1719 1579; x_wconf 88' lang='lat' dir='ltr'><strong>autem</strong></span> <span class='ocrx_word' id='word_1_75' title='bbox 1753 1516 2122 1578; x_wconf 76' lang='lat' dir='ltr'><strong>attribuitur</strong></span> <span class='ocrx_word' id='word_1_76' title='bbox 2153 1515 2384 1588; x_wconf 90' lang='lat' dir='ltr'><strong>unitas,</strong></span> 
     </span>
     <span class='ocr_line' id='line_1_13' title="bbox 894 1613 2390 1698; baseline -0.003 -21"><span class='ocrx_word' id='word_1_77' title='bbox 894 1616 1288 1698; x_wconf 84' lang='lat' dir='ltr'><strong>inaequalitas</strong></span> <span class='ocrx_word' id='word_1_78' title='bbox 1332 1633 1483 1676; x_wconf 89' lang='lat' dir='ltr'><strong>vero</strong></span> <span class='ocrx_word' id='word_1_79' title='bbox 1528 1613 1817 1676; x_wconf 81' lang='lat' dir='ltr'><strong>rationali</strong></span> <span class='ocrx_word' id='word_1_80' title='bbox 1862 1621 2164 1675; x_wconf 83' lang='lat' dir='ltr'><strong>creaturae</strong></span> <span class='ocrx_word' id='word_1_81' title='bbox 2206 1613 2390 1673; x_wconf 89' lang='lat' dir='ltr'><strong>ratio-</strong></span> 
     </span>
     <span class='ocr_line' id='line_1_14' title="bbox 894 1711 2388 1796; baseline -0.003 -20"><span class='ocrx_word' id='word_1_82' title='bbox 894 1733 974 1776; x_wconf 89' lang='lat' dir='ltr'><strong>ne</strong></span> <span class='ocrx_word' id='word_1_83' title='bbox 1024 1715 1263 1796; x_wconf 81' lang='lat' dir='ltr'><strong>culpae3</strong></span> <span class='ocrx_word' id='word_1_84' title='bbox 1295 1714 1445 1774; x_wconf 91' lang='lat' dir='ltr'><strong>hinc</strong></span> <span class='ocrx_word' id='word_1_85' title='bbox 1494 1713 1652 1774; x_wconf 86' lang='lat' dir='ltr'><strong>Filio</strong></span> <span class='ocrx_word' id='word_1_86' title='bbox 1692 1711 2139 1793; x_wconf 76' lang='lat' dir='ltr'><strong>appropriatur</strong></span> <span class='ocrx_word' id='word_1_87' title='bbox 2185 1729 2388 1791; x_wconf 81' lang='lat' dir='ltr'><strong>aequa·</strong></span> 
     </span>
    </p>
   </div>
   <div class='ocr_carea' id='block_1_5' title="bbox 894 1905 2398 2976">
    <p class='ocr_par' dir='ltr' id='par_1_5' title="bbox 894 1905 2398 2976">
     <span class='ocr_line' id='line_1_15' title="bbox 894 1905 2390 1990; baseline -0.004 -18"><span class='ocrx_word' id='word_1_88' title='bbox 894 1911 972 1972; x_wconf 89' lang='lat' dir='ltr'><strong>ad</strong></span> <span class='ocrx_word' id='word_1_89' title='bbox 1001 1911 1264 1972; x_wconf 89' lang='lat' dir='ltr'><strong>Patrem.</strong></span> <span class='ocrx_word' id='word_1_90' title='bbox 1301 1909 1530 1982; x_wconf 88' lang='lat' dir='ltr'><strong>Terti0‚</strong></span> <span class='ocrx_word' id='word_1_91' title='bbox 1565 1909 1716 1990; x_wconf 89' lang='lat' dir='ltr'><strong>quia</strong></span> <span class='ocrx_word' id='word_1_92' title='bbox 1754 1908 1962 1989; x_wconf 90' lang='lat' dir='ltr'><strong>primo</strong></span> <span class='ocrx_word' id='word_1_93' title='bbox 2001 1908 2066 1969; x_wconf 86' lang='lat' dir='ltr'><strong>in</strong></span> <span class='ocrx_word' id='word_1_94' title='bbox 2105 1907 2264 1968; x_wconf 88' lang='lat' dir='ltr'><strong>Filio</strong></span> <span class='ocrx_word' id='word_1_95' title='bbox 2301 1905 2390 1967; x_wconf 86' lang='lat' dir='ltr'><strong>in-</strong></span> 
     </span>
     <span class='ocr_line' id='line_1_16' title="bbox 896 2004 2389 2089; baseline -0.003 -20"><span class='ocrx_word' id='word_1_96' title='bbox 896 2008 1203 2089; x_wconf 87' lang='lat' dir='ltr'><strong>telligitur</strong></span> <span class='ocrx_word' id='word_1_97' title='bbox 1240 2007 1586 2089; x_wconf 80' lang='lat' dir='ltr'><strong>aequalitaS,</strong></span> <span class='ocrx_word' id='word_1_98' title='bbox 1620 2015 1683 2068; x_wconf 89' lang='lat' dir='ltr'><strong>et</strong></span> <span class='ocrx_word' id='word_1_99' title='bbox 1722 2007 1929 2087; x_wconf 89' lang='lat' dir='ltr'><strong>primo</strong></span> <span class='ocrx_word' id='word_1_100' title='bbox 1971 2004 2205 2086; x_wconf 89' lang='lat' dir='ltr'><strong>accipit</strong></span> <span class='ocrx_word' id='word_1_101' title='bbox 2248 2023 2389 2065; x_wconf 92' lang='lat' dir='ltr'><strong>eam</strong></span> 
     </span>
     <span class='ocr_line' id='line_1_17' title="bbox 896 2101 2391 2187; baseline -0.004 -19"><span class='ocrx_word' id='word_1_102' title='bbox 896 2114 958 2168; x_wconf 87' lang='lat' dir='ltr'><strong>et</strong></span> <span class='ocrx_word' id='word_1_103' title='bbox 1002 2106 1155 2169; x_wconf 88' lang='lat' dir='ltr'><strong>dat:</strong></span> <span class='ocrx_word' id='word_1_104' title='bbox 1191 2106 1300 2168; x_wconf 92' lang='lat' dir='ltr'><strong>sed</strong></span> <span class='ocrx_word' id='word_1_105' title='bbox 1346 2105 1619 2187; x_wconf 84' lang='lat' dir='ltr'><strong>Spiritus</strong></span> <span class='ocrx_word' id='word_1_106' title='bbox 1665 2105 1930 2166; x_wconf 88' lang='lat' dir='ltr'><strong>Sanctus</strong></span> <span class='ocrx_word' id='word_1_107' title='bbox 1981 2121 2107 2166; x_wconf 90' lang='lat' dir='ltr'><strong>non</strong></span> <span class='ocrx_word' id='word_1_108' title='bbox 2156 2101 2391 2183; x_wconf 86' lang='lat' dir='ltr'><strong>accipit</strong></span> 
     </span>
     <span class='ocr_line' id='line_1_18' title="bbox 897 2199 2391 2286; baseline -0.003 -20"><span class='ocrx_word' id='word_1_109' title='bbox 897 2222 1037 2266; x_wconf 90' lang='lat' dir='ltr'><strong>eam</strong></span> <span class='ocrx_word' id='word_1_110' title='bbox 1097 2204 1327 2286; x_wconf 89' lang='lat' dir='ltr'><strong>prim0‚</strong></span> <span class='ocrx_word' id='word_1_111' title='bbox 1382 2221 1499 2264; x_wconf 91' lang='lat' dir='ltr'><strong>nec</strong></span> <span class='ocrx_word' id='word_1_112' title='bbox 1552 2203 1657 2264; x_wconf 88' lang='lat' dir='ltr'><strong>dat</strong></span> <span class='ocrx_word' id='word_1_113' title='bbox 1715 2221 1856 2264; x_wconf 87' lang='lat' dir='ltr'><strong>eam</strong></span> <span class='ocrx_word' id='word_1_114' title='bbox 1906 2200 2099 2263; x_wconf 89' lang='lat' dir='ltr'><strong>alicui</strong></span> <span class='ocrx_word' id='word_1_115' title='bbox 2158 2199 2391 2262; x_wconf 84' lang='lat' dir='ltr'><strong>divinae</strong></span> 
     </span>
     <span class='ocr_line' id='line_1_19' title="bbox 898 2297 2395 2384; baseline -0.005 -20"><span class='ocrx_word' id='word_1_116' title='bbox 898 2320 1201 2384; x_wconf 79' lang='lat' dir='ltr'><strong>personae.</strong></span> <span class='ocrx_word' id='word_1_117' title='bbox 1255 2337 1335 2347; x_wconf 95' lang='lat'><strong>—</strong></span> <span class='ocrx_word' id='word_1_118' title='bbox 1382 2302 1569 2364; x_wconf 89' lang='lat' dir='ltr'><strong>Porro</strong></span> <span class='ocrx_word' id='word_1_119' title='bbox 1630 2300 1966 2363; x_wconf 89' lang='lat' dir='ltr'><strong>concordia</strong></span> <span class='ocrx_word' id='word_1_120' title='bbox 2022 2297 2395 2360; x_wconf 88' lang='lat' dir='ltr'><strong>attribuitur</strong></span> 
     </span>
     <span class='ocr_line' id='line_1_20' title="bbox 900 2395 2394 2482; baseline -0.005 -19"><span class='ocrx_word' id='word_1_121' title='bbox 900 2400 1165 2482; x_wconf 86' lang='lat' dir='ltr'><strong>Spiritui</strong></span> <span class='ocrx_word' id='word_1_122' title='bbox 1216 2401 1443 2463; x_wconf 87' lang='lat' dir='ltr'><strong>Sancto</strong></span> <span class='ocrx_word' id='word_1_123' title='bbox 1491 2399 1733 2461; x_wconf 89' lang='lat' dir='ltr'><strong>ratione</strong></span> <span class='ocrx_word' id='word_1_124' title='bbox 1788 2396 2212 2479; x_wconf 85' lang='lat' dir='ltr'><strong>quadruplici.</strong></span> <span class='ocrx_word' id='word_1_125' title='bbox 2267 2395 2394 2457; x_wconf 90' lang='lat' dir='ltr'><strong>Pri-</strong></span> 
     </span>
     <span class='ocr_line' id='line_1_21' title="bbox 901 2496 2398 2581; baseline -0.003 -20"><span class='ocrx_word' id='word_1_126' title='bbox 901 2519 1003 2561; x_wconf 91' lang='lat' dir='ltr'><strong>ma</strong></span> <span class='ocrx_word' id='word_1_127' title='bbox 1050 2506 1167 2572; x_wconf 92' lang='lat' dir='ltr'><strong>est,</strong></span> <span class='ocrx_word' id='word_1_128' title='bbox 1202 2499 1503 2581; x_wconf 88' lang='lat' dir='ltr'><strong>quoniam</strong></span> <span class='ocrx_word' id='word_1_129' title='bbox 1550 2497 1685 2579; x_wconf 90' lang='lat' dir='ltr'><strong>ipse</strong></span> <span class='ocrx_word' id='word_1_130' title='bbox 1729 2505 1825 2558; x_wconf 93' lang='lat' dir='ltr'><strong>est</strong></span> <span class='ocrx_word' id='word_1_131' title='bbox 1866 2496 2121 2578; x_wconf 89' lang='lat' dir='ltr'><strong>signum</strong></span> <span class='ocrx_word' id='word_1_132' title='bbox 2172 2513 2398 2558; x_wconf 90' lang='lat' dir='ltr'><strong>conne-</strong></span> 
     </span>
     <span class='ocr_line' id='line_1_22' title="bbox 900 2594 2394 2677; baseline -0.005 -17"><span class='ocrx_word' id='word_1_133' title='bbox 900 2598 1107 2660; x_wconf 86' lang='lat' dir='ltr'><strong>xionis</strong></span> <span class='ocrx_word' id='word_1_134' title='bbox 1156 2597 1353 2659; x_wconf 88' lang='lat' dir='ltr'><strong>Patris</strong></span> <span class='ocrx_word' id='word_1_135' title='bbox 1401 2605 1460 2658; x_wconf 92' lang='lat' dir='ltr'><strong>et</strong></span> <span class='ocrx_word' id='word_1_136' title='bbox 1512 2596 1675 2658; x_wconf 88' lang='lat' dir='ltr'><strong>Filii.</strong></span> <span class='ocrx_word' id='word_1_137' title='bbox 1728 2596 2038 2670; x_wconf 89' lang='lat' dir='ltr'><strong>Secunda,</strong></span> <span class='ocrx_word' id='word_1_138' title='bbox 2091 2594 2394 2677; x_wconf 91' lang='lat' dir='ltr'><strong>quoniam</strong></span> 
     </span>
     <span class='ocr_line' id='line_1_23' title="bbox 903 2695 2396 2780; baseline -0.003 -21"><span class='ocrx_word' id='word_1_139' title='bbox 903 2699 1040 2780; x_wconf 90' lang='lat' dir='ltr'><strong>ipse</strong></span> <span class='ocrx_word' id='word_1_140' title='bbox 1080 2717 1246 2759; x_wconf 90' lang='lat' dir='ltr'><strong>unus</strong></span> <span class='ocrx_word' id='word_1_141' title='bbox 1290 2697 1625 2770; x_wconf 81' lang='lat' dir='ltr'><strong>exsistenS,</strong></span> <span class='ocrx_word' id='word_1_142' title='bbox 1656 2703 1753 2757; x_wconf 92' lang='lat' dir='ltr'><strong>est</strong></span> <span class='ocrx_word' id='word_1_143' title='bbox 1796 2695 1988 2757; x_wconf 91' lang='lat' dir='ltr'><strong>simul</strong></span> <span class='ocrx_word' id='word_1_144' title='bbox 2034 2714 2071 2756; x_wconf 92' lang='lat' dir='ltr'><strong>a</strong></span> <span class='ocrx_word' id='word_1_145' title='bbox 2111 2695 2290 2756; x_wconf 90' lang='lat' dir='ltr'><strong>Patre</strong></span> <span class='ocrx_word' id='word_1_146' title='bbox 2333 2701 2396 2754; x_wconf 88' lang='lat' dir='ltr'><strong>et</strong></span> 
     </span>
     <span class='ocr_line' id='line_1_24' title="bbox 902 2792 2395 2877; baseline -0.004 -19"><span class='ocrx_word' id='word_1_147' title='bbox 902 2797 1081 2870; x_wconf 82' lang='lat' dir='ltr'><strong>Filio,</strong></span> <span class='ocrx_word' id='word_1_148' title='bbox 1134 2796 1245 2877; x_wconf 92' lang='lat' dir='ltr'><strong>qui</strong></span> <span class='ocrx_word' id='word_1_149' title='bbox 1296 2794 1682 2857; x_wconf 86' lang='lat' dir='ltr'><strong>conveniunt</strong></span> <span class='ocrx_word' id='word_1_150' title='bbox 1732 2801 1795 2856; x_wconf 90' lang='lat' dir='ltr'><strong>et</strong></span> <span class='ocrx_word' id='word_1_151' title='bbox 1846 2794 2154 2855; x_wconf 91' lang='lat' dir='ltr'><strong>uniuntur</strong></span> <span class='ocrx_word' id='word_1_152' title='bbox 2204 2792 2269 2853; x_wconf 90' lang='lat' dir='ltr'><strong>in</strong></span> <span class='ocrx_word' id='word_1_153' title='bbox 2319 2809 2395 2852; x_wconf 91' lang='lat' dir='ltr'><strong>eo</strong></span> 
     </span>
     <span class='ocr_line' id='line_1_25' title="bbox 901 2891 2396 2976; baseline -0.003 -20"><span class='ocrx_word' id='word_1_154' title='bbox 901 2902 1201 2976; x_wconf 87' lang='lat' dir='ltr'><strong>tanquam</strong></span> <span class='ocrx_word' id='word_1_155' title='bbox 1253 2894 1319 2954; x_wconf 92' lang='lat' dir='ltr'><strong>in</strong></span> <span class='ocrx_word' id='word_1_156' title='bbox 1368 2893 1694 2955; x_wconf 88' lang='lat' dir='ltr'><strong>communi</strong></span> <span class='ocrx_word' id='word_1_157' title='bbox 1743 2892 2029 2973; x_wconf 89' lang='lat' dir='ltr'><strong>germine</strong></span> <span class='ocrx_word' id='word_1_158' title='bbox 2080 2909 2214 2952; x_wconf 85' lang='lat' dir='ltr'><strong>suc.</strong></span> <span class='ocrx_word' id='word_1_159' title='bbox 2253 2891 2396 2952; x_wconf 91' lang='lat' dir='ltr'><strong>Ter-</strong></span> 
     </span>
    </p>
   </div>
   <div class='ocr_carea' id='block_1_6' title="bbox 2496 721 3992 899">
    <p class='ocr_par' dir='ltr' id='par_1_6' title="bbox 2496 721 3992 899">
     <span class='ocr_line' id='line_1_26' title="bbox 2496 721 3990 809; baseline -0.002 -21"><span class='ocrx_word' id='word_1_160' title='bbox 2496 721 2916 809; x_wconf 80' lang='lat' dir='ltr'><strong>quaecumque</strong></span> <span class='ocrx_word' id='word_1_161' title='bbox 2957 727 3346 789; x_wconf 87' lang='lat' dir='ltr'><strong>conveniunt</strong></span> <span class='ocrx_word' id='word_1_162' title='bbox 3385 727 3452 788; x_wconf 92' lang='lat' dir='ltr'><strong>in</strong></span> <span class='ocrx_word' id='word_1_163' title='bbox 3481 727 3836 808; x_wconf 87' lang='lat' dir='ltr'><strong>quantitate</strong></span> <span class='ocrx_word' id='word_1_164' title='bbox 3865 727 3990 786; x_wconf 83' lang='lat' dir='ltr'><strong>vir-</strong></span> 
     </span>
     <span class='ocr_line' id='line_1_27' title="bbox 2497 817 3992 899; baseline -0.002 -13"><span class='ocrx_word' id='word_1_165' title='bbox 2497 825 2674 896; x_wconf 85' lang='lat' dir='ltr'><strong>tuali,</strong></span> <span class='ocrx_word' id='word_1_166' title='bbox 2709 825 3096 887; x_wconf 87' lang='lat' dir='ltr'><strong>conveniunt</strong></span> <span class='ocrx_word' id='word_1_167' title='bbox 3137 817 3205 886; x_wconf 83' lang='lat' dir='ltr'><strong>in</strong></span> <span class='ocrx_word' id='word_1_168' title='bbox 3241 825 3465 899; x_wconf 86' lang='lat' dir='ltr'><strong>forma,</strong></span> <span class='ocrx_word' id='word_1_169' title='bbox 3497 833 3560 886; x_wconf 87' lang='lat' dir='ltr'><strong>et</strong></span> <span class='ocrx_word' id='word_1_170' title='bbox 3605 825 3713 898; x_wconf 89' lang='lat' dir='ltr'><strong>ita,</strong></span> <span class='ocrx_word' id='word_1_171' title='bbox 3745 825 3802 886; x_wconf 87' lang='lat' dir='ltr'><strong>si</strong></span> <span class='ocrx_word' id='word_1_172' title='bbox 3841 833 3992 885; x_wconf 86' lang='lat' dir='ltr'><strong>sunt</strong></span> 
     </span>
    </p>
   </div>
   <div class='ocr_carea' id='block_1_7' title="bbox 2495 922 3996 1105">
    <p class='ocr_par' dir='ltr' id='par_1_7' title="bbox 2495 922 3996 1105">
     <span class='ocr_line' id='line_1_28' title="bbox 2496 922 3992 1005; baseline -0.002 -19"><span class='ocrx_word' id='word_1_173' title='bbox 2496 922 2783 1005; x_wconf 82' lang='lat' dir='ltr'><strong>aequalia,</strong></span> <span class='ocrx_word' id='word_1_174' title='bbox 2835 930 3083 1005; x_wconf 83' lang='lat' dir='ltr'><strong>oportet</strong></span> <span class='ocrx_word' id='word_1_175' title='bbox 3132 924 3301 1005; x_wconf 91' lang='lat' dir='ltr'><strong>quod</strong></span> <span class='ocrx_word' id='word_1_176' title='bbox 3355 923 3483 985; x_wconf 89' lang='lat' dir='ltr'><strong>sint</strong></span> <span class='ocrx_word' id='word_1_177' title='bbox 3532 922 3812 1000; x_wconf 89' lang='lat' dir='ltr'><strong>similia;</strong></span> <span class='ocrx_word' id='word_1_178' title='bbox 3865 940 3992 986; x_wconf 87' lang='lat' dir='ltr'><strong>non</strong></span> 
     </span>
     <span class='ocr_line' id='line_1_29' title="bbox 2495 1021 3996 1105; baseline -0.002 -21"><span class='ocrx_word' id='word_1_179' title='bbox 2495 1031 2708 1085; x_wconf 89' lang='lat' dir='ltr'><strong>autem</strong></span> <span class='ocrx_word' id='word_1_180' title='bbox 2759 1030 3036 1096; x_wconf 89' lang='lat' dir='ltr'><strong>econtra,</strong></span> <span class='ocrx_word' id='word_1_181' title='bbox 3070 1023 3220 1104; x_wconf 89' lang='lat' dir='ltr'><strong>quia</strong></span> <span class='ocrx_word' id='word_1_182' title='bbox 3267 1023 3592 1105; x_wconf 85' lang='lat' dir='ltr'><strong>aequalitas</strong></span> <span class='ocrx_word' id='word_1_183' title='bbox 3635 1021 3846 1103; x_wconf 88' lang='lat' dir='ltr'><strong>privat</strong></span> <span class='ocrx_word' id='word_1_184' title='bbox 3893 1039 3996 1082; x_wconf 87' lang='lat' dir='ltr'><strong>ex-</strong></span> 
     </span>
    </p>
   </div>
   <div class='ocr_carea' id='block_1_8' title="bbox 2497 1119 3998 1300">
    <p class='ocr_par' dir='ltr' id='par_1_8' title="bbox 2497 1119 3998 1300">
     <span class='ocr_line' id='line_1_30' title="bbox 2497 1119 3998 1202; baseline -0.002 -20"><span class='ocrx_word' id='word_1_185' title='bbox 2497 1139 2770 1192; x_wconf 81' lang='lat' dir='ltr'><strong>cessum,</strong></span> <span class='ocrx_word' id='word_1_186' title='bbox 2805 1139 2996 1202; x_wconf 91' lang='lat' dir='ltr'><strong>quem</strong></span> <span class='ocrx_word' id='word_1_187' title='bbox 3029 1139 3155 1183; x_wconf 90' lang='lat' dir='ltr'><strong>non</strong></span> <span class='ocrx_word' id='word_1_188' title='bbox 3189 1121 3396 1202; x_wconf 88' lang='lat' dir='ltr'><strong>privat</strong></span> <span class='ocrx_word' id='word_1_189' title='bbox 3425 1119 3779 1182; x_wconf 78' lang='lat' dir='ltr'><strong>similitudo</strong></span> <span class='ocrx_word' id='word_1_190' title='bbox 3804 1136 3820 1180; x_wconf 91' lang='lat'><strong>:</strong></span> <span class='ocrx_word' id='word_1_191' title='bbox 3845 1136 3998 1200; x_wconf 91' lang='lat' dir='ltr'><strong>quo—</strong></span> 
     </span>
     <span class='ocr_line' id='line_1_31' title="bbox 2498 1216 3992 1300; baseline -0.002 -21"><span class='ocrx_word' id='word_1_192' title='bbox 2498 1218 2669 1280; x_wconf 91' lang='lat' dir='ltr'><strong>niam</strong></span> <span class='ocrx_word' id='word_1_193' title='bbox 2728 1219 2855 1280; x_wconf 91' lang='lat' dir='ltr'><strong>duo</strong></span> <span class='ocrx_word' id='word_1_194' title='bbox 2908 1236 3180 1300; x_wconf 88' lang='lat' dir='ltr'><strong>quorum</strong></span> <span class='ocrx_word' id='word_1_195' title='bbox 3233 1219 3392 1282; x_wconf 87' lang='lat' dir='ltr'><strong>alter</strong></span> <span class='ocrx_word' id='word_1_196' title='bbox 3440 1227 3536 1280; x_wconf 89' lang='lat' dir='ltr'><strong>est</strong></span> <span class='ocrx_word' id='word_1_197' title='bbox 3593 1217 3800 1280; x_wconf 84' lang='lat' dir='ltr'><strong>albior</strong></span> <span class='ocrx_word' id='word_1_198' title='bbox 3846 1216 3992 1288; x_wconf 88' lang='lat' dir='ltr'><strong>alio,</strong></span> 
     </span>
    </p>
   </div>
   <div class='ocr_carea' id='block_1_9' title="bbox 2467 1315 3990 1396">
    <p class='ocr_par' dir='ltr' id='par_1_9' title="bbox 2467 1315 3990 1396">
     <span class='ocr_line' id='line_1_32' title="bbox 2467 1315 3990 1396; baseline -0.001 -19"><span class='ocrx_word' id='word_1_199' title='bbox 2467 1324 2648 1378; x_wconf 87' lang='lat' dir='ltr'><strong>·sunt</strong></span> <span class='ocrx_word' id='word_1_200' title='bbox 2706 1316 2949 1378; x_wconf 89' lang='lat' dir='ltr'><strong>similes</strong></span> <span class='ocrx_word' id='word_1_201' title='bbox 3010 1316 3076 1378; x_wconf 90' lang='lat' dir='ltr'><strong>in</strong></span> <span class='ocrx_word' id='word_1_202' title='bbox 3133 1317 3448 1392; x_wconf 81' lang='lat' dir='ltr'><strong>albedine,</strong></span> <span class='ocrx_word' id='word_1_203' title='bbox 3511 1334 3636 1378; x_wconf 90' lang='lat' dir='ltr'><strong>non</strong></span> <span class='ocrx_word' id='word_1_204' title='bbox 3693 1315 3990 1396; x_wconf 78' lang='lat' dir='ltr'><strong>aequales.</strong></span> 
     </span>
    </p>
   </div>
   <div class='ocr_carea' id='block_1_10' title="bbox 2500 1414 2994 1496">
    <p class='ocr_par' dir='ltr' id='par_1_10' title="bbox 2500 1414 2994 1496">
     <span class='ocr_line' id='line_1_33' title="bbox 2500 1414 2994 1496; baseline -0.004 -18"><span class='ocrx_word' id='word_1_205' title='bbox 2500 1414 2718 1478; x_wconf 82' lang='lat' dir='ltr'><strong>Cetera</strong></span> <span class='ocrx_word' id='word_1_206' title='bbox 2760 1423 2994 1496; x_wconf 87' lang='lat' dir='ltr'><strong>patent.</strong></span> 
     </span>
    </p>
   </div>
   <div class='ocr_carea' id='block_1_11' title="bbox 2580 1613 3994 1695">
    <p class='ocr_par' dir='ltr' id='par_1_11' title="bbox 2580 1613 3994 1695">
     <span class='ocr_line' id='line_1_34' title="bbox 2580 1613 3994 1695; baseline 0 -21"><span class='ocrx_word' id='word_1_207' title='bbox 2580 1613 2687 1675; x_wconf 88' lang='lat' dir='ltr'><strong>Est</strong></span> <span class='ocrx_word' id='word_1_208' title='bbox 2739 1613 3001 1695; x_wconf 85' lang='lat' dir='ltr'><strong>insuper</strong></span> <span class='ocrx_word' id='word_1_209' title='bbox 3048 1614 3170 1676; x_wconf 89' lang='lat' dir='ltr'><strong>alia</strong></span> <span class='ocrx_word' id='word_1_210' title='bbox 3216 1613 3669 1695; x_wconf 82' lang='lat' dir='ltr'><strong>appropriatio,</strong></span> <span class='ocrx_word' id='word_1_211' title='bbox 3722 1632 3851 1694; x_wconf 89' lang='lat' dir='ltr'><strong>qua</strong></span> <span class='ocrx_word' id='word_1_212' title='bbox 3897 1632 3994 1674; x_wconf 81' lang='lat' dir='ltr'><strong>se-</strong></span> 
     </span>
    </p>
   </div>
   <div class='ocr_carea' id='block_1_12' title="bbox 4033 1647 4252 1674">
    <p class='ocr_par' dir='ltr' id='par_1_12' title="bbox 4033 1647 4252 1674">
     <span class='ocr_line' id='line_1_35' title="bbox 4033 1647 4252 1674; baseline 0 0"><span class='ocrx_word' id='word_1_213' title='bbox 4033 1647 4080 1674; x_wconf 73' lang='grc' dir='ltr'><strong>ΒΕ</strong></span> <span class='ocrx_word' id='word_1_214' title='bbox 4095 1647 4252 1674; x_wconf 62' lang='lat' dir='ltr'><strong>unu-m</strong></span> 
     </span>
    </p>
   </div>
   <div class='ocr_carea' id='block_1_13' title="bbox 896 1709 4256 1894">
    <p class='ocr_par' dir='ltr' id='par_1_13' title="bbox 896 1709 4256 1894">
     <span class='ocr_line' id='line_1_36' title="bbox 2501 1709 4256 1800; baseline -0.002 -30"><span class='ocrx_word' id='word_1_215' title='bbox 2501 1711 2782 1772; x_wconf 89' lang='lat' dir='ltr'><strong>cundum</strong></span> <span class='ocrx_word' id='word_1_216' title='bbox 2828 1709 3276 1791; x_wconf 85' lang='lat' dir='ltr'><strong>Augustinum‚</strong></span> <span class='ocrx_word' id='word_1_217' title='bbox 3327 1710 3488 1772; x_wconf 91' lang='lat' dir='ltr'><strong>Patri</strong></span> <span class='ocrx_word' id='word_1_218' title='bbox 3546 1711 3998 1792; x_wconf 83' lang='lat' dir='ltr'><strong>appropriatur</strong></span> <span class='ocrx_word' id='word_1_219' title='bbox 4019 1709 4256 1800; x_wconf 58' lang='lat' dir='ltr'>{ffl0&#39;2</span> 
     </span>
     <span class='ocr_line' id='line_1_37' title="bbox 896 1804 4254 1894; baseline -0.004 -20"><span class='ocrx_word' id='word_1_220' title='bbox 896 1813 1037 1874; x_wconf 88' lang='lat' dir='ltr'><strong>litas</strong></span> <span class='ocrx_word' id='word_1_221' title='bbox 1069 1821 1371 1894; x_wconf 89' lang='lat' dir='ltr'><strong>tanquam</strong></span> <span class='ocrx_word' id='word_1_222' title='bbox 1412 1812 1622 1874; x_wconf 89' lang='lat' dir='ltr'><strong>medio</strong></span> <span class='ocrx_word' id='word_1_223' title='bbox 1664 1810 2050 1872; x_wconf 89' lang='lat' dir='ltr'><strong>reductionis</strong></span> <span class='ocrx_word' id='word_1_224' title='bbox 2084 1816 2387 1870; x_wconf 82' lang='lat' dir='ltr'><strong>creaturae</strong></span> <span class='ocrx_word' id='word_1_225' title='bbox 2425 1804 2472 1866; x_wconf 92' lang='lat' dir='ltr'>B</span> <span class='ocrx_word' id='word_1_226' title='bbox 2503 1807 2804 1888; x_wconf 87' lang='lat' dir='ltr'><strong>potentia,</strong></span> <span class='ocrx_word' id='word_1_227' title='bbox 2859 1808 3015 1871; x_wconf 87' lang='lat' dir='ltr'><strong>Filio</strong></span> <span class='ocrx_word' id='word_1_228' title='bbox 3064 1808 3395 1889; x_wconf 87' lang='lat' dir='ltr'><strong>sapientia,</strong></span> <span class='ocrx_word' id='word_1_229' title='bbox 3447 1808 3714 1890; x_wconf 90' lang='lat' dir='ltr'><strong>Spiritui</strong></span> <span class='ocrx_word' id='word_1_230' title='bbox 3763 1809 3998 1872; x_wconf 84' lang='lat' dir='ltr'><strong>Sancto</strong></span> <span class='ocrx_word' id='word_1_231' title='bbox 4021 1834 4164 1862; x_wconf 53' lang='grc' dir='ltr'>ποκα.</span> <span class='ocrx_word' id='word_1_232' title='bbox 4207 1835 4254 1862; x_wconf 73' lang='lat'><strong>..-</strong></span> 
     </span>
    </p>
   </div>
   <div class='ocr_carea' id='block_1_14' title="bbox 2501 1904 4008 2973">
    <p class='ocr_par' dir='ltr' id='par_1_14' title="bbox 2501 1904 3752 1989">
     <span class='ocr_line' id='line_1_38' title="bbox 2501 1904 3752 1989; baseline 0.002 -23"><span class='ocrx_word' id='word_1_233' title='bbox 2501 1904 2963 1980; x_wconf 88' lang='lat' dir='ltr'><strong>benevolentia,</strong></span> <span class='ocrx_word' id='word_1_234' title='bbox 3011 1914 3082 1968; x_wconf 89' lang='lat' dir='ltr'><strong>ut</strong></span> <span class='ocrx_word' id='word_1_235' title='bbox 3121 1914 3362 1969; x_wconf 90' lang='lat' dir='ltr'><strong>tactum</strong></span> <span class='ocrx_word' id='word_1_236' title='bbox 3403 1915 3500 1969; x_wconf 91' lang='lat' dir='ltr'><strong>est</strong></span> <span class='ocrx_word' id='word_1_237' title='bbox 3542 1927 3752 1989; x_wconf 88' lang='lat' dir='ltr'><strong>supra.</strong></span> 
     </span>
    </p>

    <p class='ocr_par' dir='ltr' id='par_1_15' title="bbox 2501 2004 4008 2973">
     <span class='ocr_line' id='line_1_39' title="bbox 2592 2004 3998 2087; baseline 0 -19"><span class='ocrx_word' id='word_1_238' title='bbox 2592 2004 2787 2085; x_wconf 90' lang='lat' dir='ltr'><strong>Cujus</strong></span> <span class='ocrx_word' id='word_1_239' title='bbox 2844 2005 3380 2086; x_wconf 88' lang='lat' dir='ltr'><strong>appropriationis</strong></span> <span class='ocrx_word' id='word_1_240' title='bbox 3441 2005 3654 2087; x_wconf 89' lang='lat' dir='ltr'><strong>plures</strong></span> <span class='ocrx_word' id='word_1_241' title='bbox 3720 2005 3998 2068; x_wconf 86' lang='lat' dir='ltr'><strong>rationes</strong></span> 
     </span>
     <span class='ocr_line' id='line_1_40' title="bbox 2501 2102 3995 2183; baseline 0.001 -19"><span class='ocrx_word' id='word_1_242' title='bbox 2501 2102 2777 2183; x_wconf 82' lang='lat' dir='ltr'><strong>assignat</strong></span> <span class='ocrx_word' id='word_1_243' title='bbox 2822 2103 3358 2166; x_wconf 86' lang='lat' dir='ltr'><strong>Antisiodorensis</strong></span> <span class='ocrx_word' id='word_1_244' title='bbox 3419 2103 3484 2166; x_wconf 91' lang='lat' dir='ltr'><strong>in</strong></span> <span class='ocrx_word' id='word_1_245' title='bbox 3535 2105 3799 2168; x_wconf 84' lang='lat' dir='ltr'><strong>Summa</strong></span> <span class='ocrx_word' id='word_1_246' title='bbox 3857 2123 3995 2174; x_wconf 86' lang='lat' dir='ltr'><strong>sua,</strong></span> 
     </span>
     <span class='ocr_line' id='line_1_41' title="bbox 2505 2201 3997 2285; baseline 0.001 -23"><span class='ocrx_word' id='word_1_247' title='bbox 2505 2201 2666 2264; x_wconf 89' lang='lat' dir='ltr'><strong>libro</strong></span> <span class='ocrx_word' id='word_1_248' title='bbox 2715 2201 2942 2282; x_wconf 90' lang='lat' dir='ltr'><strong>primo.</strong></span> <span class='ocrx_word' id='word_1_249' title='bbox 2979 2201 3254 2275; x_wconf 89' lang='lat' dir='ltr'><strong>Quarum</strong></span> <span class='ocrx_word' id='word_1_250' title='bbox 3306 2221 3432 2265; x_wconf 87' lang='lat' dir='ltr'><strong>una</strong></span> <span class='ocrx_word' id='word_1_251' title='bbox 3481 2203 3830 2285; x_wconf 83' lang='lat' dir='ltr'><strong>praehabita</strong></span> <span class='ocrx_word' id='word_1_252' title='bbox 3877 2209 3997 2277; x_wconf 85' lang='lat' dir='ltr'><strong>est,</strong></span> 
     </span>
     <span class='ocr_line' id='line_1_42' title="bbox 2505 2300 4002 2382; baseline 0.001 -22"><span class='ocrx_word' id='word_1_253' title='bbox 2505 2306 2722 2380; x_wconf 86' lang='lat' dir='ltr'><strong>utpote</strong></span> <span class='ocrx_word' id='word_1_254' title='bbox 2760 2300 2838 2361; x_wconf 92' lang='lat' dir='ltr'><strong>ad</strong></span> <span class='ocrx_word' id='word_1_255' title='bbox 2881 2300 3338 2362; x_wconf 88' lang='lat' dir='ltr'><strong>removendum</strong></span> <span class='ocrx_word' id='word_1_256' title='bbox 3382 2301 3651 2364; x_wconf 86' lang='lat' dir='ltr'><strong>carnalis</strong></span> <span class='ocrx_word' id='word_1_257' title='bbox 3695 2301 4002 2382; x_wconf 85' lang='lat' dir='ltr'><strong>imagina-</strong></span> 
     </span>
     <span class='ocr_line' id='line_1_43' title="bbox 2504 2397 4002 2472; baseline 0.001 -12"><span class='ocrx_word' id='word_1_258' title='bbox 2504 2397 2698 2460; x_wconf 88' lang='lat' dir='ltr'><strong>tionis</strong></span> <span class='ocrx_word' id='word_1_259' title='bbox 2737 2416 3038 2472; x_wconf 89' lang='lat' dir='ltr'><strong>errorem‚</strong></span> <span class='ocrx_word' id='word_1_260' title='bbox 3072 2398 3369 2461; x_wconf 89' lang='lat' dir='ltr'><strong>videlicet</strong></span> <span class='ocrx_word' id='word_1_261' title='bbox 3409 2419 3489 2462; x_wconf 89' lang='lat' dir='ltr'><strong>ne</strong></span> <span class='ocrx_word' id='word_1_262' title='bbox 3523 2401 3700 2462; x_wconf 90' lang='lat' dir='ltr'><strong>Pater</strong></span> <span class='ocrx_word' id='word_1_263' title='bbox 3729 2419 3808 2462; x_wconf 84' lang='lat' dir='ltr'><strong>ex</strong></span> <span class='ocrx_word' id='word_1_264' title='bbox 3838 2400 4002 2461; x_wconf 88' lang='lat' dir='ltr'><strong>anti-</strong></span> 
     </span>
     <span class='ocr_line' id='line_1_44' title="bbox 2506 2495 4006 2580; baseline 0.003 -24"><span class='ocrx_word' id='word_1_265' title='bbox 2506 2495 2745 2577; x_wconf 86' lang='lat' dir='ltr'><strong>quitate</strong></span> <span class='ocrx_word' id='word_1_266' title='bbox 2795 2505 3053 2577; x_wconf 89' lang='lat' dir='ltr'><strong>putetur</strong></span> <span class='ocrx_word' id='word_1_267' title='bbox 3104 2496 3443 2570; x_wconf 88' lang='lat' dir='ltr'><strong>infirmior,</strong></span> <span class='ocrx_word' id='word_1_268' title='bbox 3488 2498 3682 2560; x_wconf 88' lang='lat' dir='ltr'><strong>Filius</strong></span> <span class='ocrx_word' id='word_1_269' title='bbox 3731 2517 3812 2560; x_wconf 84' lang='lat' dir='ltr'><strong>ex</strong></span> <span class='ocrx_word' id='word_1_270' title='bbox 3861 2517 4006 2580; x_wconf 91' lang='lat' dir='ltr'><strong>pro-</strong></span> 
     </span>
     <span class='ocr_line' id='line_1_45' title="bbox 2506 2594 4002 2677; baseline 0.001 -21"><span class='ocrx_word' id='word_1_271' title='bbox 2506 2594 2804 2656; x_wconf 86' lang='lat' dir='ltr'><strong>ductione</strong></span> <span class='ocrx_word' id='word_1_272' title='bbox 2856 2595 3276 2677; x_wconf 90' lang='lat' dir='ltr'><strong>insipientior.</strong></span> <span class='ocrx_word' id='word_1_273' title='bbox 3333 2597 3623 2659; x_wconf 87' lang='lat' dir='ltr'><strong>Secunda</strong></span> <span class='ocrx_word' id='word_1_274' title='bbox 3671 2597 3834 2659; x_wconf 88' lang='lat' dir='ltr'><strong>ratio</strong></span> <span class='ocrx_word' id='word_1_275' title='bbox 3881 2605 4002 2671; x_wconf 86' lang='lat' dir='ltr'><strong>est,</strong></span> 
     </span>
     <span class='ocr_line' id='line_1_46' title="bbox 2507 2693 4007 2777; baseline 0.002 -23"><span class='ocrx_word' id='word_1_276' title='bbox 2507 2694 2806 2776; x_wconf 90' lang='lat' dir='ltr'><strong>quoniam</strong></span> <span class='ocrx_word' id='word_1_277' title='bbox 2847 2693 3014 2755; x_wconf 88' lang='lat' dir='ltr'><strong>sicut</strong></span> <span class='ocrx_word' id='word_1_278' title='bbox 3051 2713 3129 2756; x_wconf 83' lang='lat' dir='ltr'><strong>ex</strong></span> <span class='ocrx_word' id='word_1_279' title='bbox 3168 2696 3347 2757; x_wconf 90' lang='lat' dir='ltr'><strong>Patre</strong></span> <span class='ocrx_word' id='word_1_280' title='bbox 3387 2695 3650 2777; x_wconf 82' lang='lat' dir='ltr'><strong>profluit</strong></span> <span class='ocrx_word' id='word_1_281' title='bbox 3686 2696 3907 2768; x_wconf 84' lang='lat' dir='ltr'><strong>Filius,</strong></span> <span class='ocrx_word' id='word_1_282' title='bbox 3943 2705 4007 2757; x_wconf 87' lang='lat' dir='ltr'><strong>et</strong></span> 
     </span>
     <span class='ocr_line' id='line_1_47' title="bbox 2506 2791 4008 2877; baseline 0.003 -23"><span class='ocrx_word' id='word_1_283' title='bbox 2506 2811 2584 2854; x_wconf 85' lang='lat' dir='ltr'><strong>ex</strong></span> <span class='ocrx_word' id='word_1_284' title='bbox 2635 2799 2902 2874; x_wconf 89' lang='lat' dir='ltr'><strong>utroque</strong></span> <span class='ocrx_word' id='word_1_285' title='bbox 2953 2791 3226 2874; x_wconf 89' lang='lat' dir='ltr'><strong>Spiritus</strong></span> <span class='ocrx_word' id='word_1_286' title='bbox 3278 2794 3580 2872; x_wconf 83' lang='lat' dir='ltr'><strong>Sanctus3</strong></span> <span class='ocrx_word' id='word_1_287' title='bbox 3622 2793 3715 2856; x_wconf 92' lang='lat' dir='ltr'><strong>sic</strong></span> <span class='ocrx_word' id='word_1_288' title='bbox 3761 2813 3843 2857; x_wconf 84' lang='lat' dir='ltr'><strong>ex</strong></span> <span class='ocrx_word' id='word_1_289' title='bbox 3893 2813 4008 2877; x_wconf 90' lang='lat' dir='ltr'><strong>po·</strong></span> 
     </span>
     <span class='ocr_line' id='line_1_48' title="bbox 2509 2890 4006 2973; baseline 0.002 -21"><span class='ocrx_word' id='word_1_290' title='bbox 2509 2891 2705 2953; x_wconf 88' lang='lat' dir='ltr'><strong>tentia</strong></span> <span class='ocrx_word' id='word_1_291' title='bbox 2733 2890 2934 2953; x_wconf 88' lang='lat' dir='ltr'><strong>oritur</strong></span> <span class='ocrx_word' id='word_1_292' title='bbox 2974 2891 3305 2973; x_wconf 89' lang='lat' dir='ltr'><strong>sapientia,</strong></span> <span class='ocrx_word' id='word_1_293' title='bbox 3339 2900 3400 2954; x_wconf 91' lang='lat' dir='ltr'><strong>et</strong></span> <span class='ocrx_word' id='word_1_294' title='bbox 3441 2911 3517 2955; x_wconf 86' lang='lat' dir='ltr'><strong>ex</strong></span> <span class='ocrx_word' id='word_1_295' title='bbox 3549 2893 3860 2955; x_wconf 88' lang='lat' dir='ltr'><strong>ambabus</strong></span> <span class='ocrx_word' id='word_1_296' title='bbox 3895 2893 4006 2955; x_wconf 91' lang='lat' dir='ltr'><strong>bo-</strong></span> 
     </span>
    </p>
   </div>
   <div class='ocr_carea' id='block_1_15' title="bbox 902 2989 4008 3074">
    <p class='ocr_par' dir='ltr' id='par_1_16' title="bbox 902 2989 4008 3074">
     <span class='ocr_line' id='line_1_49' title="bbox 902 2989 4008 3074; baseline 0 -20"><span class='ocrx_word' id='word_1_297' title='bbox 902 2993 1009 3066; x_wconf 88' lang='lat' dir='ltr'><strong>tia,</strong></span> <span class='ocrx_word' id='word_1_298' title='bbox 1044 2992 1196 3074; x_wconf 92' lang='lat' dir='ltr'><strong>quia</strong></span> <span class='ocrx_word' id='word_1_299' title='bbox 1237 2991 1524 3074; x_wconf 87' lang='lat' dir='ltr'><strong>procedit</strong></span> <span class='ocrx_word' id='word_1_300' title='bbox 1566 2989 1645 3052; x_wconf 88' lang='lat' dir='ltr'><strong>ab</strong></span> <span class='ocrx_word' id='word_1_301' title='bbox 1688 2990 1779 3052; x_wconf 91' lang='lat' dir='ltr'><strong>eis</strong></span> <span class='ocrx_word' id='word_1_302' title='bbox 1826 2990 2177 3051; x_wconf 87' lang='lat' dir='ltr'><strong>secundum</strong></span> <span class='ocrx_word' id='word_1_303' title='bbox 2225 2989 2392 3071; x_wconf 91' lang='lat' dir='ltr'><strong>quod</strong></span> <span class='ocrx_word' id='word_1_304' title='bbox 2434 2992 2476 3056; x_wconf 89' lang='lat' dir='ltr'>C</span> <span class='ocrx_word' id='word_1_305' title='bbox 2511 3008 2590 3050; x_wconf 91' lang='lat' dir='ltr'><strong>na</strong></span> <span class='ocrx_word' id='word_1_306' title='bbox 2636 2989 2951 3063; x_wconf 85' lang='lat' dir='ltr'><strong>voluntaS,</strong></span> <span class='ocrx_word' id='word_1_307' title='bbox 2993 3009 3136 3070; x_wconf 81' lang='lat' dir='ltr'><strong>quae</strong></span> <span class='ocrx_word' id='word_1_308' title='bbox 3181 2997 3278 3052; x_wconf 88' lang='lat' dir='ltr'><strong>est</strong></span> <span class='ocrx_word' id='word_1_309' title='bbox 3326 2990 3556 3054; x_wconf 84' lang='lat' dir='ltr'><strong>animae</strong></span> <span class='ocrx_word' id='word_1_310' title='bbox 3603 2991 3876 3053; x_wconf 86' lang='lat' dir='ltr'><strong>bonitas.</strong></span> <span class='ocrx_word' id='word_1_311' title='bbox 3915 2992 4008 3054; x_wconf 86' lang='lat' dir='ltr'><strong>Ex</strong></span> 
     </span>
    </p>
   </div>
   <div class='ocr_carea' id='block_1_16' title="bbox 901 3087 2400 3745">
    <p class='ocr_par' dir='ltr' id='par_1_17' title="bbox 901 3087 2400 3745">
     <span class='ocr_line' id='line_1_50' title="bbox 905 3087 2394 3172; baseline -0.003 -19"><span class='ocrx_word' id='word_1_312' title='bbox 905 3110 1107 3154; x_wconf 89' lang='lat' dir='ltr'><strong>unum</strong></span> <span class='ocrx_word' id='word_1_313' title='bbox 1149 3097 1318 3165; x_wconf 90' lang='lat' dir='ltr'><strong>sunt,</strong></span> <span class='ocrx_word' id='word_1_314' title='bbox 1352 3097 1541 3172; x_wconf 85' lang='lat' dir='ltr'><strong>atque</strong></span> <span class='ocrx_word' id='word_1_315' title='bbox 1580 3089 1931 3151; x_wconf 89' lang='lat' dir='ltr'><strong>secundum</strong></span> <span class='ocrx_word' id='word_1_316' title='bbox 1970 3107 2160 3151; x_wconf 86' lang='lat' dir='ltr'><strong>unam</strong></span> <span class='ocrx_word' id='word_1_317' title='bbox 2195 3087 2394 3151; x_wconf 90' lang='lat' dir='ltr'><strong>notio·</strong></span> 
     </span>
     <span class='ocr_line' id='line_1_51' title="bbox 903 3188 2391 3271; baseline -0.003 -20"><span class='ocrx_word' id='word_1_318' title='bbox 903 3208 1073 3263; x_wconf 90' lang='lat' dir='ltr'><strong>nem,</strong></span> <span class='ocrx_word' id='word_1_319' title='bbox 1108 3209 1247 3271; x_wconf 84' lang='lat' dir='ltr'><strong>quae</strong></span> <span class='ocrx_word' id='word_1_320' title='bbox 1286 3196 1381 3251; x_wconf 89' lang='lat' dir='ltr'><strong>est</strong></span> <span class='ocrx_word' id='word_1_321' title='bbox 1421 3188 1779 3250; x_wconf 88' lang='lat' dir='ltr'><strong>communis</strong></span> <span class='ocrx_word' id='word_1_322' title='bbox 1825 3188 2105 3269; x_wconf 86' lang='lat' dir='ltr'><strong>spiratio.</strong></span> <span class='ocrx_word' id='word_1_323' title='bbox 2142 3188 2391 3260; x_wconf 89' lang='lat' dir='ltr'><strong>Quarta,</strong></span> 
     </span>
     <span class='ocr_line' id='line_1_52' title="bbox 903 3286 2396 3370; baseline -0.003 -20"><span class='ocrx_word' id='word_1_324' title='bbox 903 3288 1055 3370; x_wconf 90' lang='lat' dir='ltr'><strong>quia</strong></span> <span class='ocrx_word' id='word_1_325' title='bbox 1105 3287 1369 3369; x_wconf 87' lang='lat' dir='ltr'><strong>Spiritui</strong></span> <span class='ocrx_word' id='word_1_326' title='bbox 1430 3287 1657 3349; x_wconf 92' lang='lat' dir='ltr'><strong>Sancto</strong></span> <span class='ocrx_word' id='word_1_327' title='bbox 1715 3286 2097 3347; x_wconf 90' lang='lat' dir='ltr'><strong>adscribitur</strong></span> <span class='ocrx_word' id='word_1_328' title='bbox 2146 3303 2396 3347; x_wconf 90' lang='lat' dir='ltr'><strong>conser-</strong></span> 
     </span>
     <span class='ocr_line' id='line_1_53' title="bbox 902 3384 2397 3463; baseline -0.004 -14"><span class='ocrx_word' id='word_1_329' title='bbox 902 3388 1071 3449; x_wconf 86' lang='lat' dir='ltr'><strong>vatio</strong></span> <span class='ocrx_word' id='word_1_330' title='bbox 1101 3386 1294 3449; x_wconf 89' lang='lat' dir='ltr'><strong>totius</strong></span> <span class='ocrx_word' id='word_1_331' title='bbox 1333 3384 1484 3447; x_wconf 91' lang='lat' dir='ltr'><strong>boni</strong></span> <span class='ocrx_word' id='word_1_332' title='bbox 1515 3404 1588 3446; x_wconf 90' lang='lat' dir='ltr'><strong>ac</strong></span> <span class='ocrx_word' id='word_1_333' title='bbox 1628 3403 1785 3447; x_wconf 90' lang='lat' dir='ltr'><strong>esse.</strong></span> <span class='ocrx_word' id='word_1_334' title='bbox 1820 3420 1901 3429; x_wconf 88' lang='lat'>—</span> <span class='ocrx_word' id='word_1_335' title='bbox 1932 3386 1999 3446; x_wconf 90' lang='lat' dir='ltr'><strong>In</strong></span> <span class='ocrx_word' id='word_1_336' title='bbox 2040 3384 2216 3445; x_wconf 91' lang='lat' dir='ltr'><strong>Patre</strong></span> <span class='ocrx_word' id='word_1_337' title='bbox 2247 3401 2397 3463; x_wconf 90' lang='lat' dir='ltr'><strong>ergo</strong></span> 
     </span>
     <span class='ocr_line' id='line_1_54' title="bbox 901 3482 2400 3567; baseline -0.003 -19"><span class='ocrx_word' id='word_1_338' title='bbox 901 3486 1079 3567; x_wconf 87' lang='lat' dir='ltr'><strong>origo</strong></span> <span class='ocrx_word' id='word_1_339' title='bbox 1127 3492 1222 3547; x_wconf 85' lang='lat' dir='ltr'><strong>est</strong></span> <span class='ocrx_word' id='word_1_340' title='bbox 1268 3482 1549 3557; x_wconf 89' lang='lat' dir='ltr'><strong>unitatis,</strong></span> <span class='ocrx_word' id='word_1_341' title='bbox 1588 3482 1651 3543; x_wconf 90' lang='lat' dir='ltr'><strong>in</strong></span> <span class='ocrx_word' id='word_1_342' title='bbox 1699 3483 1854 3545; x_wconf 87' lang='lat' dir='ltr'><strong>Filio</strong></span> <span class='ocrx_word' id='word_1_343' title='bbox 1901 3482 2220 3544; x_wconf 87' lang='lat' dir='ltr'><strong>inchoatio</strong></span> <span class='ocrx_word' id='word_1_344' title='bbox 2267 3483 2400 3564; x_wconf 90' lang='lat' dir='ltr'><strong>plu-</strong></span> 
     </span>
     <span class='ocr_line' id='line_1_55' title="bbox 904 3580 2397 3663; baseline -0.003 -17"><span class='ocrx_word' id='word_1_345' title='bbox 904 3584 1190 3657; x_wconf 81' lang='lat' dir='ltr'><strong>ralitatiS,</strong></span> <span class='ocrx_word' id='word_1_346' title='bbox 1246 3583 1309 3644; x_wconf 94' lang='lat' dir='ltr'><strong>in</strong></span> <span class='ocrx_word' id='word_1_347' title='bbox 1359 3581 1597 3663; x_wconf 87' lang='lat' dir='ltr'><strong>Spiritu</strong></span> <span class='ocrx_word' id='word_1_348' title='bbox 1654 3582 1881 3644; x_wconf 88' lang='lat' dir='ltr'><strong>Sancto</strong></span> <span class='ocrx_word' id='word_1_349' title='bbox 1932 3580 2397 3643; x_wconf 88' lang='lat' dir='ltr'><strong>consummatio</strong></span> 
     </span>
     <span class='ocr_line' id='line_1_56' title="bbox 902 3679 1849 3745; baseline -0.005 0"><span class='ocrx_word' id='word_1_350' title='bbox 902 3682 1244 3745; x_wconf 67' lang='lat' dir='ltr'><strong>Trinitatis</strong></span> <span class='ocrx_word' id='word_1_351' title='bbox 1292 3681 1435 3743; x_wconf 82' lang='lat' dir='ltr'><strong>Haec</strong></span> <span class='ocrx_word' id='word_1_352' title='bbox 1477 3679 1849 3742; x_wconf 83' lang='lat' dir='ltr'><strong>Alexander.</strong></span> 
     </span>
    </p>
   </div>
   <div class='ocr_carea' id='block_1_17' title="bbox 906 3875 2401 4156">
    <p class='ocr_par' dir='ltr' id='par_1_18' title="bbox 906 3875 2401 4156">
     <span class='ocr_line' id='line_1_57' title="bbox 986 3875 2398 3959; baseline -0.004 -17"><span class='ocrx_word' id='word_1_353' title='bbox 986 3879 1075 3942; x_wconf 86' lang='lat' dir='ltr'><strong>Ex</strong></span> <span class='ocrx_word' id='word_1_354' title='bbox 1118 3878 1218 3941; x_wconf 92' lang='lat' dir='ltr'><strong>his</strong></span> <span class='ocrx_word' id='word_1_355' title='bbox 1258 3883 1429 3959; x_wconf 90' lang='lat' dir='ltr'><strong>patet</strong></span> <span class='ocrx_word' id='word_1_356' title='bbox 1471 3893 1584 3958; x_wconf 94' lang='lat' dir='ltr'><strong>pro</strong></span> <span class='ocrx_word' id='word_1_357' title='bbox 1624 3876 1899 3939; x_wconf 85' lang='lat' dir='ltr'><strong>maxima</strong></span> <span class='ocrx_word' id='word_1_358' title='bbox 1939 3883 2115 3957; x_wconf 88' lang='lat' dir='ltr'><strong>parte</strong></span> <span class='ocrx_word' id='word_1_359' title='bbox 2162 3875 2398 3937; x_wconf 90' lang='lat' dir='ltr'><strong>instan-</strong></span> 
     </span>
     <span class='ocr_line' id='line_1_58' title="bbox 906 3974 2401 4056; baseline -0.003 -16"><span class='ocrx_word' id='word_1_360' title='bbox 906 3978 1139 4040; x_wconf 88' lang='lat' dir='ltr'><strong>tiarum</strong></span> <span class='ocrx_word' id='word_1_361' title='bbox 1189 3975 1419 4038; x_wconf 85' lang='lat' dir='ltr'><strong>solutio</strong></span> <span class='ocrx_word' id='word_1_362' title='bbox 1466 3992 1481 4036; x_wconf 70' lang='grc' dir='ltr'><strong><em>ε</em></strong></span> <span class='ocrx_word' id='word_1_363' title='bbox 1529 3974 1681 4056; x_wconf 92' lang='lat' dir='ltr'><strong>quia</strong></span> <span class='ocrx_word' id='word_1_364' title='bbox 1727 3974 1805 4036; x_wconf 90' lang='lat' dir='ltr'><strong>ad</strong></span> <span class='ocrx_word' id='word_1_365' title='bbox 1866 3974 2139 4056; x_wconf 89' lang='lat' dir='ltr'><strong>primam</strong></span> <span class='ocrx_word' id='word_1_366' title='bbox 2190 3974 2401 4035; x_wconf 89' lang='lat' dir='ltr'><strong>dicen-</strong></span> 
     </span>
     <span class='ocr_line' id='line_1_59' title="bbox 908 4071 2400 4156; baseline -0.003 -18"><span class='ocrx_word' id='word_1_367' title='bbox 908 4078 1084 4150; x_wconf 90' lang='lat' dir='ltr'><strong>dum,</strong></span> <span class='ocrx_word' id='word_1_368' title='bbox 1118 4074 1287 4156; x_wconf 92' lang='lat' dir='ltr'><strong>quod</strong></span> <span class='ocrx_word' id='word_1_369' title='bbox 1327 4074 1535 4135; x_wconf 89' lang='lat' dir='ltr'><strong>unitas</strong></span> <span class='ocrx_word' id='word_1_370' title='bbox 1582 4078 1769 4154; x_wconf 89' lang='lat' dir='ltr'><strong>prout</strong></span> <span class='ocrx_word' id='word_1_371' title='bbox 1807 4071 2256 4153; x_wconf 90' lang='lat' dir='ltr'><strong>appropriatur</strong></span> <span class='ocrx_word' id='word_1_372' title='bbox 2292 4072 2400 4133; x_wconf 90' lang='lat' dir='ltr'><strong>Pa-</strong></span> 
     </span>
    </p>
   </div>
   <div class='ocr_carea' id='block_1_18' title="bbox 2507 3087 4023 4139">
    <p class='ocr_par' dir='ltr' id='par_1_19' title="bbox 2507 3087 4023 4139">
     <span class='ocr_line' id='line_1_60' title="bbox 2510 3087 4010 3173; baseline 0.002 -24"><span class='ocrx_word' id='word_1_373' title='bbox 2510 3087 2922 3151; x_wconf 88' lang='lat' dir='ltr'><strong>intellectuali</strong></span> <span class='ocrx_word' id='word_1_374' title='bbox 2986 3088 3284 3171; x_wconf 87' lang='lat' dir='ltr'><strong>equidem</strong></span> <span class='ocrx_word' id='word_1_375' title='bbox 3348 3089 3630 3172; x_wconf 89' lang='lat' dir='ltr'><strong>potentia</strong></span> <span class='ocrx_word' id='word_1_376' title='bbox 3689 3089 4010 3173; x_wconf 87' lang='lat' dir='ltr'><strong>sapientia</strong></span> 
     </span>
     <span class='ocr_line' id='line_1_61' title="bbox 2508 3187 4008 3272; baseline 0.002 -24"><span class='ocrx_word' id='word_1_377' title='bbox 2508 3188 2807 3248; x_wconf 88' lang='lat' dir='ltr'><strong>nascitur.</strong></span> <span class='ocrx_word' id='word_1_378' title='bbox 2844 3187 3071 3259; x_wconf 87' lang='lat' dir='ltr'><strong>Tertia,</strong></span> <span class='ocrx_word' id='word_1_379' title='bbox 3111 3188 3262 3269; x_wconf 91' lang='lat' dir='ltr'><strong>quia</strong></span> <span class='ocrx_word' id='word_1_380' title='bbox 3299 3188 3597 3252; x_wconf 88' lang='lat' dir='ltr'><strong>viderunt</strong></span> <span class='ocrx_word' id='word_1_381' title='bbox 3637 3189 4008 3272; x_wconf 87' lang='lat' dir='ltr'><strong>philosophi</strong></span> 
     </span>
     <span class='ocr_line' id='line_1_62' title="bbox 2508 3284 4008 3366; baseline 0.003 -20"><span class='ocrx_word' id='word_1_382' title='bbox 2508 3285 2676 3366; x_wconf 91' lang='lat' dir='ltr'><strong>quod</strong></span> <span class='ocrx_word' id='word_1_383' title='bbox 2736 3284 2872 3347; x_wconf 90' lang='lat' dir='ltr'><strong>sine</strong></span> <span class='ocrx_word' id='word_1_384' title='bbox 2932 3285 3257 3347; x_wconf 88' lang='lat' dir='ltr'><strong>intellectu</strong></span> <span class='ocrx_word' id='word_1_385' title='bbox 3318 3305 3446 3349; x_wconf 89' lang='lat' dir='ltr'><strong>non</strong></span> <span class='ocrx_word' id='word_1_386' title='bbox 3502 3296 3598 3349; x_wconf 91' lang='lat' dir='ltr'><strong>est</strong></span> <span class='ocrx_word' id='word_1_387' title='bbox 3652 3287 4008 3361; x_wconf 78' lang='lat' dir='ltr'><strong>beatitudO,</strong></span> 
     </span>
     <span class='ocr_line' id='line_1_63' title="bbox 2507 3383 4010 3467; baseline 0.006 -25"><span class='ocrx_word' id='word_1_388' title='bbox 2507 3391 2571 3443; x_wconf 90' lang='lat' dir='ltr'><strong>et</strong></span> <span class='ocrx_word' id='word_1_389' title='bbox 2609 3383 2779 3464; x_wconf 91' lang='lat' dir='ltr'><strong>quod</strong></span> <span class='ocrx_word' id='word_1_390' title='bbox 2822 3384 2886 3445; x_wconf 89' lang='lat' dir='ltr'><strong>in</strong></span> <span class='ocrx_word' id='word_1_391' title='bbox 2929 3384 3255 3446; x_wconf 85' lang='lat' dir='ltr'><strong>intellectu</strong></span> <span class='ocrx_word' id='word_1_392' title='bbox 3300 3386 3632 3467; x_wconf 90' lang='lat' dir='ltr'><strong>potissime</strong></span> <span class='ocrx_word' id='word_1_393' title='bbox 3677 3386 4010 3451; x_wconf 88' lang='lat' dir='ltr'><strong>beatitudo</strong></span> 
     </span>
     <span class='ocr_line' id='line_1_64' title="bbox 2510 3481 4010 3564; baseline 0.004 -22"><span class='ocrx_word' id='word_1_394' title='bbox 2510 3481 2800 3543; x_wconf 90' lang='lat' dir='ltr'><strong>consistit</strong></span> <span class='ocrx_word' id='word_1_395' title='bbox 2833 3499 2846 3543; x_wconf 92' lang='lat'>:</span> <span class='ocrx_word' id='word_1_396' title='bbox 2881 3502 3209 3564; x_wconf 89' lang='lat' dir='ltr'><strong>quumque</strong></span> <span class='ocrx_word' id='word_1_397' title='bbox 3243 3484 3408 3545; x_wconf 90' lang='lat' dir='ltr'><strong>Deus</strong></span> <span class='ocrx_word' id='word_1_398' title='bbox 3449 3483 3856 3548; x_wconf 90' lang='lat' dir='ltr'><strong>beatissimus</strong></span> <span class='ocrx_word' id='word_1_399' title='bbox 3899 3488 4010 3561; x_wconf 86' lang='lat' dir='ltr'><strong>sit,</strong></span> 
     </span>
     <span class='ocr_line' id='line_1_65' title="bbox 2510 3583 4012 3663; baseline 0.004 -22"><span class='ocrx_word' id='word_1_400' title='bbox 2510 3588 2860 3661; x_wconf 90' lang='lat' dir='ltr'><strong>posuerunt</strong></span> <span class='ocrx_word' id='word_1_401' title='bbox 2919 3598 3069 3641; x_wconf 90' lang='lat' dir='ltr'><strong>eum</strong></span> <span class='ocrx_word' id='word_1_402' title='bbox 3131 3600 3448 3643; x_wconf 89' lang='lat' dir='ltr'><strong>summam</strong></span> <span class='ocrx_word' id='word_1_403' title='bbox 3514 3583 4012 3663; x_wconf 79' lang='lat' dir='ltr'><strong>intelligentiam</strong></span> 
     </span>
     <span class='ocr_line' id='line_1_66' title="bbox 2509 3679 4012 3763; baseline 0.003 -23"><span class='ocrx_word' id='word_1_404' title='bbox 2509 3698 2667 3741; x_wconf 91' lang='lat' dir='ltr'><strong>esse.</strong></span> <span class='ocrx_word' id='word_1_405' title='bbox 2723 3679 3031 3740; x_wconf 89' lang='lat' dir='ltr'><strong>Viderunt</strong></span> <span class='ocrx_word' id='word_1_406' title='bbox 3079 3698 3333 3762; x_wconf 90' lang='lat' dir='ltr'><strong>quoque</strong></span> <span class='ocrx_word' id='word_1_407' title='bbox 3383 3682 3552 3763; x_wconf 91' lang='lat' dir='ltr'><strong>quod</strong></span> <span class='ocrx_word' id='word_1_408' title='bbox 3613 3682 3858 3746; x_wconf 89' lang='lat' dir='ltr'><strong>nullius</strong></span> <span class='ocrx_word' id='word_1_409' title='bbox 3919 3684 4012 3745; x_wconf 90' lang='lat' dir='ltr'><strong>rei</strong></span> 
     </span>
     <span class='ocr_line' id='line_1_67' title="bbox 2511 3776 4018 3862; baseline 0.003 -24"><span class='ocrx_word' id='word_1_410' title='bbox 2511 3776 2648 3838; x_wconf 89' lang='lat' dir='ltr'><strong>sine</strong></span> <span class='ocrx_word' id='word_1_411' title='bbox 2679 3777 2853 3838; x_wconf 91' lang='lat' dir='ltr'><strong>socio</strong></span> <span class='ocrx_word' id='word_1_412' title='bbox 2882 3776 2965 3839; x_wconf 88' lang='lat' dir='ltr'><strong>sit</strong></span> <span class='ocrx_word' id='word_1_413' title='bbox 2989 3777 3274 3858; x_wconf 88' lang='lat' dir='ltr'><strong>jucunda</strong></span> <span class='ocrx_word' id='word_1_414' title='bbox 3303 3778 3639 3860; x_wconf 81' lang='lat' dir='ltr'><strong>possessiO,</strong></span> <span class='ocrx_word' id='word_1_415' title='bbox 3661 3790 4018 3862; x_wconf 86' lang='lat' dir='ltr'><strong>posuerunt</strong></span> 
     </span>
     <span class='ocr_line' id='line_1_68' title="bbox 2510 3875 4016 3943; baseline 0.004 -6"><span class='ocrx_word' id='word_1_416' title='bbox 2510 3875 2704 3937; x_wconf 87' lang='lat' dir='ltr'><strong>etiam</strong></span> <span class='ocrx_word' id='word_1_417' title='bbox 2735 3894 3060 3937; x_wconf 90' lang='lat' dir='ltr'><strong>summum</strong></span> <span class='ocrx_word' id='word_1_418' title='bbox 3103 3876 3496 3939; x_wconf 89' lang='lat' dir='ltr'><strong>intellectum</strong></span> <span class='ocrx_word' id='word_1_419' title='bbox 3528 3878 3606 3940; x_wconf 89' lang='lat' dir='ltr'><strong>ab</strong></span> <span class='ocrx_word' id='word_1_420' title='bbox 3642 3886 3884 3943; x_wconf 81' lang='lat' dir='ltr'><strong>aeterno</strong></span> <span class='ocrx_word' id='word_1_421' title='bbox 3915 3898 4016 3942; x_wconf 89' lang='lat' dir='ltr'><strong>so-</strong></span> 
     </span>
     <span class='ocr_line' id='line_1_69' title="bbox 2513 3974 4021 4056; baseline 0.003 -21"><span class='ocrx_word' id='word_1_422' title='bbox 2513 3974 2686 4035; x_wconf 87' lang='lat' dir='ltr'><strong>cium</strong></span> <span class='ocrx_word' id='word_1_423' title='bbox 2726 3974 3046 4049; x_wconf 88' lang='lat' dir='ltr'><strong>habuisse,</strong></span> <span class='ocrx_word' id='word_1_424' title='bbox 3092 3993 3284 4056; x_wconf 91' lang='lat' dir='ltr'><strong>quem</strong></span> <span class='ocrx_word' id='word_1_425' title='bbox 3323 3984 3709 4039; x_wconf 87' lang='lat' dir='ltr'><strong>vocaverunt</strong></span> <span class='ocrx_word' id='word_1_426' title='bbox 3751 3982 3912 4039; x_wconf 84' lang='grc' dir='ltr'>Νοῦν</span> <span class='ocrx_word' id='word_1_427' title='bbox 3953 3987 4021 4040; x_wconf 92' lang='lat' dir='ltr'><strong>et</strong></span> 
     </span>
     <span class='ocr_line' id='line_1_70' title="bbox 2511 4072 4023 4139; baseline 0.003 -6"><span class='ocrx_word' id='word_1_428' title='bbox 2511 4072 2790 4134; x_wconf 91' lang='lat' dir='ltr'><strong>Verbum</strong></span> <span class='ocrx_word' id='word_1_429' title='bbox 2819 4072 3017 4134; x_wconf 90' lang='lat' dir='ltr'><strong>Patris</strong></span> <span class='ocrx_word' id='word_1_430' title='bbox 3047 4091 3119 4134; x_wconf 89' lang='lat' dir='ltr'><strong>ac</strong></span> <span class='ocrx_word' id='word_1_431' title='bbox 3149 4072 3382 4134; x_wconf 85' lang='lat' dir='ltr'><strong>Filium</strong></span> <span class='ocrx_word' id='word_1_432' title='bbox 3413 4074 3544 4135; x_wconf 91' lang='lat' dir='ltr'><strong>Dei.</strong></span> <span class='ocrx_word' id='word_1_433' title='bbox 3581 4073 3656 4136; x_wconf 88' lang='lat' dir='ltr'><strong>Et</strong></span> <span class='ocrx_word' id='word_1_434' title='bbox 3683 4075 3824 4137; x_wconf 80' lang='lat' dir='ltr'><strong>haec</strong></span> <span class='ocrx_word' id='word_1_435' title='bbox 3853 4077 4023 4139; x_wconf 85' lang='lat' dir='ltr'><strong>ratio</strong></span> 
     </span>
    </p>
   </div>
   <div class='ocr_carea' id='block_1_19' title="bbox 908 4170 4023 4259">
    <p class='ocr_par' dir='ltr' id='par_1_20' title="bbox 908 4170 4023 4259">
     <span class='ocr_line' id='line_1_71' title="bbox 908 4170 4023 4259; baseline 0.001 -23"><span class='ocrx_word' id='word_1_436' title='bbox 908 4174 1011 4248; x_wconf 91' lang='lat' dir='ltr'><strong>tri,</strong></span> <span class='ocrx_word' id='word_1_437' title='bbox 1058 4174 1319 4255; x_wconf 89' lang='lat' dir='ltr'><strong>ipsaque</strong></span> <span class='ocrx_word' id='word_1_438' title='bbox 1368 4171 1599 4245; x_wconf 86' lang='lat' dir='ltr'><strong>unitas,</strong></span> <span class='ocrx_word' id='word_1_439' title='bbox 1635 4170 1733 4232; x_wconf 88' lang='lat' dir='ltr'><strong>vel</strong></span> <span class='ocrx_word' id='word_1_440' title='bbox 1784 4171 1994 4253; x_wconf 92' lang='lat' dir='ltr'><strong>potius</strong></span> <span class='ocrx_word' id='word_1_441' title='bbox 2043 4170 2216 4243; x_wconf 91' lang='lat' dir='ltr'><strong>unio,</strong></span> <span class='ocrx_word' id='word_1_442' title='bbox 2261 4189 2402 4251; x_wconf 81' lang='lat' dir='ltr'><strong>quae</strong></span> <span class='ocrx_word' id='word_1_443' title='bbox 2433 4182 2480 4243; x_wconf 86' lang='lat' dir='ltr'>D</span> <span class='ocrx_word' id='word_1_444' title='bbox 2513 4171 2874 4253; x_wconf 88' lang='lat' dir='ltr'><strong>specialiter</strong></span> <span class='ocrx_word' id='word_1_445' title='bbox 2924 4172 3122 4253; x_wconf 89' lang='lat' dir='ltr'><strong>tangit</strong></span> <span class='ocrx_word' id='word_1_446' title='bbox 3171 4190 3284 4233; x_wconf 90' lang='lat' dir='ltr'><strong>cur</strong></span> <span class='ocrx_word' id='word_1_447' title='bbox 3335 4172 3494 4235; x_wconf 86' lang='lat' dir='ltr'><strong>Filio</strong></span> <span class='ocrx_word' id='word_1_448' title='bbox 3541 4174 3856 4255; x_wconf 85' lang='lat' dir='ltr'><strong>sapientia</strong></span> <span class='ocrx_word' id='word_1_449' title='bbox 3907 4196 4023 4259; x_wconf 86' lang='lat' dir='ltr'><strong>ap-</strong></span> 
     </span>
    </p>
   </div>
   <div class='ocr_carea' id='block_1_20' title="bbox 907 4268 2408 5337">
    <p class='ocr_par' dir='ltr' id='par_1_21' title="bbox 907 4268 2408 5337">
     <span class='ocr_line' id='line_1_72' title="bbox 907 4268 2402 4354; baseline -0.003 -20"><span class='ocrx_word' id='word_1_450' title='bbox 907 4270 1352 4354; x_wconf 89' lang='lat' dir='ltr'><strong>appropriatur</strong></span> <span class='ocrx_word' id='word_1_451' title='bbox 1389 4269 1653 4351; x_wconf 90' lang='lat' dir='ltr'><strong>Spiritui</strong></span> <span class='ocrx_word' id='word_1_452' title='bbox 1694 4270 1943 4342; x_wconf 87' lang='lat' dir='ltr'><strong>Sancto,</strong></span> <span class='ocrx_word' id='word_1_453' title='bbox 1977 4268 2402 4330; x_wconf 88' lang='lat' dir='ltr'><strong>diversimode</strong></span> 
     </span>
     <span class='ocr_line' id='line_1_73' title="bbox 908 4365 2404 4451; baseline -0.003 -19"><span class='ocrx_word' id='word_1_454' title='bbox 908 4370 1331 4451; x_wconf 88' lang='lat' dir='ltr'><strong>accipiuntur.</strong></span> <span class='ocrx_word' id='word_1_455' title='bbox 1358 4403 1438 4413; x_wconf 94' lang='lat'><strong>—-</strong></span> <span class='ocrx_word' id='word_1_456' title='bbox 1465 4368 1558 4430; x_wconf 90' lang='lat' dir='ltr'><strong>Ad</strong></span> <span class='ocrx_word' id='word_1_457' title='bbox 1589 4367 1954 4438; x_wconf 89' lang='lat' dir='ltr'><strong>secundam,</strong></span> <span class='ocrx_word' id='word_1_458' title='bbox 1989 4366 2157 4447; x_wconf 94' lang='lat' dir='ltr'><strong>quod</strong></span> <span class='ocrx_word' id='word_1_459' title='bbox 2189 4365 2404 4429; x_wconf 90' lang='lat' dir='ltr'><strong>omnia</strong></span> 
     </span>
     <span class='ocr_line' id='line_1_74' title="bbox 910 4464 2404 4551; baseline -0.003 -21"><span class='ocrx_word' id='word_1_460' title='bbox 910 4488 1053 4551; x_wconf 81' lang='lat' dir='ltr'><strong>quae</strong></span> <span class='ocrx_word' id='word_1_461' title='bbox 1110 4475 1257 4529; x_wconf 91' lang='lat' dir='ltr'><strong>sunt</strong></span> <span class='ocrx_word' id='word_1_462' title='bbox 1318 4467 1385 4527; x_wconf 90' lang='lat' dir='ltr'><strong>in</strong></span> <span class='ocrx_word' id='word_1_463' title='bbox 1442 4466 1640 4539; x_wconf 89' lang='lat' dir='ltr'><strong>Patre,</strong></span> <span class='ocrx_word' id='word_1_464' title='bbox 1698 4472 1846 4525; x_wconf 84' lang='lat' dir='ltr'><strong>sunt</strong></span> <span class='ocrx_word' id='word_1_465' title='bbox 1903 4464 2404 4526; x_wconf 90' lang='lat' dir='ltr'><strong>substantialiter</strong></span> 
     </span>
     <span class='ocr_line' id='line_1_75' title="bbox 910 4563 2406 4648; baseline -0.004 -18"><span class='ocrx_word' id='word_1_466' title='bbox 910 4568 1081 4630; x_wconf 90' lang='lat' dir='ltr'><strong>idem</strong></span> <span class='ocrx_word' id='word_1_467' title='bbox 1117 4565 1285 4648; x_wconf 93' lang='lat' dir='ltr'><strong>quod</strong></span> <span class='ocrx_word' id='word_1_468' title='bbox 1326 4566 1522 4639; x_wconf 90' lang='lat' dir='ltr'><strong>Pater,</strong></span> <span class='ocrx_word' id='word_1_469' title='bbox 1557 4582 1675 4625; x_wconf 89' lang='lat' dir='ltr'><strong>nec</strong></span> <span class='ocrx_word' id='word_1_470' title='bbox 1716 4582 1842 4623; x_wconf 91' lang='lat' dir='ltr'><strong>una</strong></span> <span class='ocrx_word' id='word_1_471' title='bbox 1880 4580 2149 4643; x_wconf 86' lang='lat' dir='ltr'><strong>persona</strong></span> <span class='ocrx_word' id='word_1_472' title='bbox 2189 4563 2406 4625; x_wconf 90' lang='lat' dir='ltr'><strong>divina</strong></span> 
     </span>
     <span class='ocr_line' id='line_1_76' title="bbox 908 4660 2404 4744; baseline -0.005 -15"><span class='ocrx_word' id='word_1_473' title='bbox 908 4674 1006 4729; x_wconf 91' lang='lat' dir='ltr'><strong>est</strong></span> <span class='ocrx_word' id='word_1_474' title='bbox 1054 4665 1266 4727; x_wconf 88' lang='lat' dir='ltr'><strong>minus</strong></span> <span class='ocrx_word' id='word_1_475' title='bbox 1310 4662 1581 4744; x_wconf 86' lang='lat' dir='ltr'><strong>simplex</strong></span> <span class='ocrx_word' id='word_1_476' title='bbox 1625 4679 1817 4743; x_wconf 87' lang='lat' dir='ltr'><strong>quam</strong></span> <span class='ocrx_word' id='word_1_477' title='bbox 1862 4660 2002 4722; x_wconf 91' lang='lat' dir='ltr'><strong>alia.</strong></span> <span class='ocrx_word' id='word_1_478' title='bbox 2036 4696 2117 4705; x_wconf 94' lang='lat'><strong>—-</strong></span> <span class='ocrx_word' id='word_1_479' title='bbox 2145 4662 2237 4724; x_wconf 89' lang='lat' dir='ltr'><strong>Ad</strong></span> <span class='ocrx_word' id='word_1_480' title='bbox 2286 4669 2404 4723; x_wconf 90' lang='lat' dir='ltr'><strong>ter-</strong></span> 
     </span>
     <span class='ocr_line' id='line_1_77' title="bbox 909 4759 2406 4842; baseline -0.005 -14"><span class='ocrx_word' id='word_1_481' title='bbox 909 4766 1063 4828; x_wconf 88' lang='lat' dir='ltr'><strong>tiam</strong></span> <span class='ocrx_word' id='word_1_482' title='bbox 1094 4764 1363 4826; x_wconf 91' lang='lat' dir='ltr'><strong>Thomas</strong></span> <span class='ocrx_word' id='word_1_483' title='bbox 1403 4760 1761 4842; x_wconf 89' lang='lat' dir='ltr'><strong>respondet,</strong></span> <span class='ocrx_word' id='word_1_484' title='bbox 1796 4759 1965 4841; x_wconf 89' lang='lat' dir='ltr'><strong>quod</strong></span> <span class='ocrx_word' id='word_1_485' title='bbox 2007 4760 2170 4821; x_wconf 89' lang='lat' dir='ltr'><strong>sicut</strong></span> <span class='ocrx_word' id='word_1_486' title='bbox 2203 4778 2406 4842; x_wconf 85' lang='lat' dir='ltr'><strong>aequa-</strong></span> 
     </span>
     <span class='ocr_line' id='line_1_78' title="bbox 912 4858 2402 4945; baseline -0.005 -18"><span class='ocrx_word' id='word_1_487' title='bbox 912 4866 1053 4927; x_wconf 88' lang='lat' dir='ltr'><strong>litas</strong></span> <span class='ocrx_word' id='word_1_488' title='bbox 1121 4860 1567 4945; x_wconf 89' lang='lat' dir='ltr'><strong>appropriatur</strong></span> <span class='ocrx_word' id='word_1_489' title='bbox 1639 4858 1817 4933; x_wconf 81' lang='lat' dir='ltr'><strong>Filio,</strong></span> <span class='ocrx_word' id='word_1_490' title='bbox 1891 4858 1979 4919; x_wconf 91' lang='lat' dir='ltr'><strong>ita</strong></span> <span class='ocrx_word' id='word_1_491' title='bbox 2044 4866 2107 4920; x_wconf 88' lang='lat' dir='ltr'><strong>et</strong></span> <span class='ocrx_word' id='word_1_492' title='bbox 2174 4858 2402 4919; x_wconf 90' lang='lat' dir='ltr'><strong>simili-</strong></span> 
     </span>
     <span class='ocr_line' id='line_1_79' title="bbox 911 4957 2403 5039; baseline -0.007 -12"><span class='ocrx_word' id='word_1_493' title='bbox 911 4964 1082 5026; x_wconf 91' lang='lat' dir='ltr'><strong>tudo.</strong></span> <span class='ocrx_word' id='word_1_494' title='bbox 1120 4962 1239 5025; x_wconf 88' lang='lat' dir='ltr'><strong>Sed</strong></span> <span class='ocrx_word' id='word_1_495' title='bbox 1287 4957 1678 5039; x_wconf 84' lang='lat' dir='ltr'><strong>Augustinus</strong></span> <span class='ocrx_word' id='word_1_496' title='bbox 1727 4957 1907 5039; x_wconf 88' lang='lat' dir='ltr'><strong>ponit</strong></span> <span class='ocrx_word' id='word_1_497' title='bbox 1954 4957 2403 5039; x_wconf 82' lang='lat' dir='ltr'><strong>aequalitatem,</strong></span> 
     </span>
     <span class='ocr_line' id='line_1_80' title="bbox 914 5055 2408 5145; baseline -0.007 -19"><span class='ocrx_word' id='word_1_498' title='bbox 914 5062 1216 5145; x_wconf 90' lang='lat' dir='ltr'><strong>quoniam</strong></span> <span class='ocrx_word' id='word_1_499' title='bbox 1285 5058 1351 5119; x_wconf 90' lang='lat' dir='ltr'><strong>in</strong></span> <span class='ocrx_word' id='word_1_500' title='bbox 1419 5055 1653 5118; x_wconf 89' lang='lat' dir='ltr'><strong>divinis</strong></span> <span class='ocrx_word' id='word_1_501' title='bbox 1720 5056 2073 5118; x_wconf 88' lang='lat' dir='ltr'><strong>similitudo</strong></span> <span class='ocrx_word' id='word_1_502' title='bbox 2138 5055 2408 5118; x_wconf 89' lang='lat' dir='ltr'><strong>includit</strong></span> 
     </span>
     <span class='ocr_line' id='line_1_81' title="bbox 914 5154 2406 5244; baseline -0.007 -18"><span class='ocrx_word' id='word_1_503' title='bbox 914 5160 1361 5244; x_wconf 84' lang='lat' dir='ltr'><strong>aequalitatem,</strong></span> <span class='ocrx_word' id='word_1_504' title='bbox 1394 5172 1521 5220; x_wconf 89' lang='lat' dir='ltr'><strong>non</strong></span> <span class='ocrx_word' id='word_1_505' title='bbox 1566 5164 1839 5217; x_wconf 89' lang='lat' dir='ltr'><strong>econtra.</strong></span> <span class='ocrx_word' id='word_1_506' title='bbox 1874 5156 2080 5229; x_wconf 88' lang='lat' dir='ltr'><strong>Quum</strong></span> <span class='ocrx_word' id='word_1_507' title='bbox 2120 5154 2294 5217; x_wconf 89' lang='lat' dir='ltr'><strong>enim</strong></span> <span class='ocrx_word' id='word_1_508' title='bbox 2342 5154 2406 5215; x_wconf 87' lang='lat' dir='ltr'><strong>in</strong></span> 
     </span>
     <span class='ocr_line' id='line_1_82' title="bbox 918 5254 2408 5337; baseline -0.005 -13"><span class='ocrx_word' id='word_1_509' title='bbox 918 5260 1154 5325; x_wconf 91' lang='lat' dir='ltr'><strong>divinis</strong></span> <span class='ocrx_word' id='word_1_510' title='bbox 1182 5273 1311 5319; x_wconf 86' lang='lat' dir='ltr'><strong>non</strong></span> <span class='ocrx_word' id='word_1_511' title='bbox 1341 5255 1423 5317; x_wconf 91' lang='lat' dir='ltr'><strong>sit</strong></span> <span class='ocrx_word' id='word_1_512' title='bbox 1451 5254 1769 5337; x_wconf 87' lang='lat' dir='ltr'><strong>quantitas</strong></span> <span class='ocrx_word' id='word_1_513' title='bbox 1805 5254 1929 5315; x_wconf 91' lang='lat' dir='ltr'><strong>nisi</strong></span> <span class='ocrx_word' id='word_1_514' title='bbox 1961 5254 2236 5328; x_wconf 79' lang='lat' dir='ltr'><strong>virtutiS,</strong></span> <span class='ocrx_word' id='word_1_515' title='bbox 2266 5272 2408 5335; x_wconf 84' lang='lat' dir='ltr'><strong>quae</strong></span> 
     </span>
    </p>
   </div>
   <div class='ocr_carea' id='block_1_21' title="bbox 2515 4270 4032 5341">
    <p class='ocr_par' dir='ltr' id='par_1_22' title="bbox 2515 4270 4030 4942">
     <span class='ocr_line' id='line_1_83' title="bbox 2516 4270 4024 4352; baseline 0.004 -21"><span class='ocrx_word' id='word_1_516' title='bbox 2516 4270 2892 4352; x_wconf 89' lang='lat' dir='ltr'><strong>proprietur.</strong></span> <span class='ocrx_word' id='word_1_517' title='bbox 2929 4270 3158 4343; x_wconf 88' lang='lat' dir='ltr'><strong>Quarta</strong></span> <span class='ocrx_word' id='word_1_518' title='bbox 3195 4277 3312 4345; x_wconf 90' lang='lat' dir='ltr'><strong>est,</strong></span> <span class='ocrx_word' id='word_1_519' title='bbox 3346 4270 3649 4352; x_wconf 88' lang='lat' dir='ltr'><strong>quoniam</strong></span> <span class='ocrx_word' id='word_1_520' title='bbox 3684 4272 3887 4336; x_wconf 86' lang='lat' dir='ltr'><strong>Filius</strong></span> <span class='ocrx_word' id='word_1_521' title='bbox 3921 4284 4024 4337; x_wconf 87' lang='lat' dir='ltr'><strong>est</strong></span> 
     </span>
     <span class='ocr_line' id='line_1_84' title="bbox 2515 4369 4025 4455; baseline 0.002 -24"><span class='ocrx_word' id='word_1_522' title='bbox 2515 4369 2814 4441; x_wconf 90' lang='lat' dir='ltr'><strong>Verbum,</strong></span> <span class='ocrx_word' id='word_1_523' title='bbox 2857 4387 2956 4430; x_wconf 88' lang='lat' dir='ltr'><strong>ars</strong></span> <span class='ocrx_word' id='word_1_524' title='bbox 3005 4377 3069 4430; x_wconf 91' lang='lat' dir='ltr'><strong>et</strong></span> <span class='ocrx_word' id='word_1_525' title='bbox 3118 4369 3346 4450; x_wconf 88' lang='lat' dir='ltr'><strong>imago,</strong></span> <span class='ocrx_word' id='word_1_526' title='bbox 3391 4370 3822 4453; x_wconf 89' lang='lat' dir='ltr'><strong>rationaleque</strong></span> <span class='ocrx_word' id='word_1_527' title='bbox 3875 4392 4025 4455; x_wconf 87' lang='lat' dir='ltr'><strong>spe-</strong></span> 
     </span>
     <span class='ocr_line' id='line_1_85' title="bbox 2515 4466 4026 4549; baseline 0.003 -20"><span class='ocrx_word' id='word_1_528' title='bbox 2515 4466 2734 4529; x_wconf 91' lang='lat' dir='ltr'><strong>culum</strong></span> <span class='ocrx_word' id='word_1_529' title='bbox 2777 4466 2995 4539; x_wconf 82' lang='lat' dir='ltr'><strong>PatriS‚</strong></span> <span class='ocrx_word' id='word_1_530' title='bbox 3031 4467 3097 4528; x_wconf 89' lang='lat' dir='ltr'><strong>in</strong></span> <span class='ocrx_word' id='word_1_531' title='bbox 3141 4485 3268 4549; x_wconf 91' lang='lat' dir='ltr'><strong>quo</strong></span> <span class='ocrx_word' id='word_1_532' title='bbox 3311 4476 3541 4530; x_wconf 87' lang='lat' dir='ltr'><strong>cuncta</strong></span> <span class='ocrx_word' id='word_1_533' title='bbox 3582 4469 3905 4532; x_wconf 87' lang='lat' dir='ltr'><strong>videntur.</strong></span> <span class='ocrx_word' id='word_1_534' title='bbox 3945 4472 4026 4534; x_wconf 88' lang='lat' dir='ltr'><strong>Et</strong></span> 
     </span>
     <span class='ocr_line' id='line_1_86' title="bbox 2516 4564 4027 4647; baseline 0.003 -21"><span class='ocrx_word' id='word_1_535' title='bbox 2516 4566 2668 4647; x_wconf 89' lang='lat' dir='ltr'><strong>quia</strong></span> <span class='ocrx_word' id='word_1_536' title='bbox 2707 4584 2819 4646; x_wconf 91' lang='lat' dir='ltr'><strong>per</strong></span> <span class='ocrx_word' id='word_1_537' title='bbox 2860 4564 3254 4627; x_wconf 89' lang='lat' dir='ltr'><strong>intellectum</strong></span> <span class='ocrx_word' id='word_1_538' title='bbox 3296 4567 3582 4647; x_wconf 88' lang='lat' dir='ltr'><strong>procedit</strong></span> <span class='ocrx_word' id='word_1_539' title='bbox 3621 4588 3658 4629; x_wconf 93' lang='lat' dir='ltr'><strong>a</strong></span> <span class='ocrx_word' id='word_1_540' title='bbox 3687 4568 3894 4643; x_wconf 87' lang='lat' dir='ltr'><strong>Patre,</strong></span> <span class='ocrx_word' id='word_1_541' title='bbox 3929 4578 4027 4631; x_wconf 88' lang='lat' dir='ltr'><strong>at·</strong></span> 
     </span>
     <span class='ocr_line' id='line_1_87' title="bbox 2520 4662 4028 4745; baseline 0.005 -22"><span class='ocrx_word' id='word_1_542' title='bbox 2520 4662 2756 4724; x_wconf 87' lang='lat' dir='ltr'><strong>tributa</strong></span> <span class='ocrx_word' id='word_1_543' title='bbox 2797 4663 2875 4724; x_wconf 90' lang='lat' dir='ltr'><strong>ad</strong></span> <span class='ocrx_word' id='word_1_544' title='bbox 2921 4662 3315 4725; x_wconf 89' lang='lat' dir='ltr'><strong>intellectum</strong></span> <span class='ocrx_word' id='word_1_545' title='bbox 3363 4665 3766 4745; x_wconf 88' lang='lat' dir='ltr'><strong>pertinentia,</strong></span> <span class='ocrx_word' id='word_1_546' title='bbox 3803 4675 3876 4728; x_wconf 89' lang='lat' dir='ltr'><strong>ut</strong></span> <span class='ocrx_word' id='word_1_547' title='bbox 3925 4688 4028 4731; x_wconf 87' lang='lat' dir='ltr'><strong>sa-</strong></span> 
     </span>
     <span class='ocr_line' id='line_1_88' title="bbox 2518 4761 4030 4848; baseline 0.005 -25"><span class='ocrx_word' id='word_1_548' title='bbox 2518 4761 2779 4843; x_wconf 92' lang='lat' dir='ltr'><strong>pientia,</strong></span> <span class='ocrx_word' id='word_1_549' title='bbox 2814 4761 3068 4835; x_wconf 83' lang='lat' dir='ltr'><strong>veritaS,</strong></span> <span class='ocrx_word' id='word_1_550' title='bbox 3103 4780 3224 4836; x_wconf 82' lang='lat' dir='ltr'><strong>arS,</strong></span> <span class='ocrx_word' id='word_1_551' title='bbox 3269 4763 3450 4837; x_wconf 88' lang='lat' dir='ltr'><strong>ratio,</strong></span> <span class='ocrx_word' id='word_1_552' title='bbox 3491 4763 3652 4837; x_wconf 86' lang='lat' dir='ltr'><strong>idea,</strong></span> <span class='ocrx_word' id='word_1_553' title='bbox 3685 4764 3744 4827; x_wconf 91' lang='lat' dir='ltr'><strong>ei</strong></span> <span class='ocrx_word' id='word_1_554' title='bbox 3785 4785 4030 4848; x_wconf 83' lang='lat' dir='ltr'><strong>appro-</strong></span> 
     </span>
     <span class='ocr_line' id='line_1_89' title="bbox 2520 4860 3609 4942; baseline 0.003 -21"><span class='ocrx_word' id='word_1_555' title='bbox 2520 4860 2825 4942; x_wconf 89' lang='lat' dir='ltr'><strong>priantur.</strong></span> <span class='ocrx_word' id='word_1_556' title='bbox 2869 4860 3013 4923; x_wconf 85' lang='lat' dir='ltr'><strong>Haec</strong></span> <span class='ocrx_word' id='word_1_557' title='bbox 3055 4861 3609 4925; x_wconf 90' lang='lat' dir='ltr'><strong>Antisiodorensis.</strong></span> 
     </span>
    </p>

    <p class='ocr_par' dir='ltr' id='par_1_23' title="bbox 2516 4958 4032 5341">
     <span class='ocr_line' id='line_1_90' title="bbox 2607 4958 4032 5035; baseline 0.006 -16"><span class='ocrx_word' id='word_1_558' title='bbox 2607 4958 2722 5032; x_wconf 88' lang='lat' dir='ltr'><strong>Qui</strong></span> <span class='ocrx_word' id='word_1_559' title='bbox 2783 4958 2990 5020; x_wconf 90' lang='lat' dir='ltr'><strong>denuo</strong></span> <span class='ocrx_word' id='word_1_560' title='bbox 3046 4960 3135 5021; x_wconf 88' lang='lat' dir='ltr'><strong>ait</strong></span> <span class='ocrx_word' id='word_1_561' title='bbox 3193 4960 3434 5022; x_wconf 90' lang='lat' dir='ltr'><strong>ibidem</strong></span> <span class='ocrx_word' id='word_1_562' title='bbox 3487 4978 3502 5022; x_wconf 88' lang='lat'>:</span> <span class='ocrx_word' id='word_1_563' title='bbox 3554 4962 3856 5035; x_wconf 88' lang='lat' dir='ltr'><strong>Quamvis</strong></span> <span class='ocrx_word' id='word_1_564' title='bbox 3925 4986 4032 5028; x_wconf 81' lang='lat' dir='ltr'><strong>se-</strong></span> 
     </span>
     <span class='ocr_line' id='line_1_91' title="bbox 2519 5057 4032 5143; baseline 0.005 -25"><span class='ocrx_word' id='word_1_565' title='bbox 2519 5057 2798 5118; x_wconf 91' lang='lat' dir='ltr'><strong>cundum</strong></span> <span class='ocrx_word' id='word_1_566' title='bbox 2847 5057 3276 5132; x_wconf 89' lang='lat' dir='ltr'><strong>Ambrosium,</strong></span> <span class='ocrx_word' id='word_1_567' title='bbox 3331 5059 3500 5121; x_wconf 88' lang='lat' dir='ltr'><strong>idem</strong></span> <span class='ocrx_word' id='word_1_568' title='bbox 3559 5060 3642 5123; x_wconf 91' lang='lat' dir='ltr'><strong>sit</strong></span> <span class='ocrx_word' id='word_1_569' title='bbox 3695 5062 3871 5143; x_wconf 89' lang='lat' dir='ltr'><strong>quod</strong></span> <span class='ocrx_word' id='word_1_570' title='bbox 3937 5066 4032 5127; x_wconf 88' lang='lat' dir='ltr'><strong>ait</strong></span> 
     </span>
     <span class='ocr_line' id='line_1_92' title="bbox 2516 5153 4030 5245; baseline 0.007 -28"><span class='ocrx_word' id='word_1_571' title='bbox 2516 5155 2875 5236; x_wconf 89' lang='lat' dir='ltr'><strong>Apostolus,</strong></span> <span class='ocrx_word' id='word_1_572' title='bbox 2905 5153 2994 5216; x_wconf 84' lang='lat' dir='ltr'><strong>Ex</strong></span> <span class='ocrx_word' id='word_1_573' title='bbox 3030 5156 3167 5238; x_wconf 90' lang='lat' dir='ltr'><strong>ipso</strong></span> <span class='ocrx_word' id='word_1_574' title='bbox 3196 5164 3258 5217; x_wconf 88' lang='lat' dir='ltr'><strong>et</strong></span> <span class='ocrx_word' id='word_1_575' title='bbox 3291 5176 3404 5238; x_wconf 90' lang='lat' dir='ltr'><strong>per</strong></span> <span class='ocrx_word' id='word_1_576' title='bbox 3436 5158 3648 5240; x_wconf 88' lang='lat' dir='ltr'><strong>ipsum</strong></span> <span class='ocrx_word' id='word_1_577' title='bbox 3679 5167 3743 5221; x_wconf 88' lang='lat' dir='ltr'><strong>et</strong></span> <span class='ocrx_word' id='word_1_578' title='bbox 3773 5160 3844 5224; x_wconf 91' lang='lat' dir='ltr'><strong>in</strong></span> <span class='ocrx_word' id='word_1_579' title='bbox 3877 5161 4030 5245; x_wconf 88' lang='lat' dir='ltr'><strong>ipso</strong></span> 
     </span>
     <span class='ocr_line' id='line_1_93' title="bbox 2519 5253 4032 5341; baseline 0.007 -26"><span class='ocrx_word' id='word_1_580' title='bbox 2519 5261 2668 5315; x_wconf 87' lang='lat' dir='ltr'><strong>sunt</strong></span> <span class='ocrx_word' id='word_1_581' title='bbox 2723 5253 2982 5333; x_wconf 85' lang='lat' dir='ltr'><strong>omnia3</strong></span> <span class='ocrx_word' id='word_1_582' title='bbox 3037 5261 3250 5318; x_wconf 89' lang='lat' dir='ltr'><strong>tamen</strong></span> <span class='ocrx_word' id='word_1_583' title='bbox 3310 5256 3668 5320; x_wconf 88' lang='lat' dir='ltr'><strong>secundum</strong></span> <span class='ocrx_word' id='word_1_584' title='bbox 3717 5258 4032 5341; x_wconf 84' lang='lat' dir='ltr'><strong>Augusti-</strong></span> 
     </span>
    </p>
   </div>
   <div class='ocr_carea' id='block_1_22' title="bbox 4049 1773 4246 1800">
    <p class='ocr_par' dir='ltr' id='par_1_24' title="bbox 4049 1773 4246 1800">
     <span class='ocr_line' id='line_1_94' title="bbox 4049 1773 4246 1800; baseline -0.005 -1"><span class='ocrx_word' id='word_1_585' title='bbox 4049 1773 4246 1800; x_wconf 62' lang='grc' dir='ltr'><strong>ΡΡΡΡΡΡΡ</strong></span> 
     </span>
    </p>
   </div>
   <div class='ocr_carea' id='block_1_23' title="bbox 4023 1895 4230 1987">
    <p class='ocr_par' dir='ltr' id='par_1_25' title="bbox 4023 1895 4230 1987">
     <span class='ocr_line' id='line_1_95' title="bbox 4023 1895 4230 1925; baseline -0.01 0"><span class='ocrx_word' id='word_1_586' title='bbox 4023 1897 4152 1925; x_wconf 68' lang='lat' dir='ltr'><strong>tun!</strong></span> <span class='ocrx_word' id='word_1_587' title='bbox 4185 1895 4230 1924; x_wconf 66' lang='lat' dir='ltr'><strong>AC</strong></span> 
     </span>
     <span class='ocr_line' id='line_1_96' title="bbox 4023 1959 4204 1987; baseline -0.006 0"><span class='ocrx_word' id='word_1_588' title='bbox 4023 1959 4204 1987; x_wconf 66' lang='lat' dir='ltr'><strong>amnun-</strong></span> 
     </span>
    </p>
   </div>
   <div class='ocr_carea' id='block_1_24' title="bbox 4059 5186 4290 5233">
    <p class='ocr_par' dir='ltr' id='par_1_26' title="bbox 4059 5186 4290 5233">
     <span class='ocr_line' id='line_1_97' title="bbox 4059 5186 4290 5233; baseline -0.026 0"><span class='ocrx_word' id='word_1_589' title='bbox 4059 5190 4184 5233; x_wconf 68' lang='lat' dir='ltr'><strong>Rom.</strong></span> <span class='ocrx_word' id='word_1_590' title='bbox 4195 5186 4290 5232; x_wconf 56' lang='lat'><strong>113⁴</strong></span> 
     </span>
    </p>
   </div>
  </div>
 </body>
</html>
