4359 6250
838 453 920 518 32
1477 478 1539 522 m
1585 477 1806 522 menon
1849 476 1870 520 ι
1913 476 2397 522 εΕΝΤΕΝτιΑιωΜ.
2442 493 2521 502 -
2562 477 2715 522 υιετ.
2764 477 2931 539 xvu3
2977 479 3200 533 Qua-:sn
3246 479 3307 522 vi

833 660 1027 723 quam
1067 643 1376 724 majorem
1419 661 1670 706 sumere
1715 643 2154 726 quantitatem.
2190 644 2333 706 Pro·
2364 643 2415 705 A
2446 641 2666 707 formae
2709 643 2977 707 debetur
3015 645 3335 726 quantitas
3376 644 3793 708 determinata
3825 662 3839 707 :
3874 653 3945 707 et

834 747 1050 821 pterea
1098 743 1450 804 secundum
1500 743 1671 824 quod
1721 742 1964 824 aliquid
2021 761 2088 804 se
2142 741 2331 804 habet

831 838 909 899 ad
963 841 1403 921 quantitatem,
1438 840 1524 902 ita
1567 859 1634 902 se
1675 840 1868 902 habet
1907 841 1983 902 ad
2030 858 2333 920 augmen-

832 945 988 999 tum.
1026 939 1352 1012 Quantitas
1381 947 1596 1001 autem
1626 947 1722 1000 est
1751 938 2009 1020 duplex,
2033 938 2333 1000 videlicet

831 1036 1120 1100 virtualis
1169 1046 1231 1100 et
1280 1038 1654 1100 dimensiva.
1700 1036 2004 1099 Virtualis
2055 1055 2183 1100 non
2234 1043 2331 1098 est

830 1153 908 1196 ex
957 1153 1073 1199 suo
1118 1154 1350 1217 genere
1400 1137 1736 1217 quantitas.
1777 1136 1916 1198 Non
1956 1136 2129 1198 enim
2174 1135 2331 1196 divi·

831 1233 1004 1295 ditur
1050 1233 1363 1296 divisione
1407 1253 1538 1296 suae
1585 1233 1896 1306 essentiae,
1929 1233 2040 1295 sed
2091 1233 2330 1313 magni-

832 1331 985 1393 tudo
1046 1331 1187 1411 ejus
1248 1331 1598 1393 attenditur
1656 1349 1770 1413 per
1829 1339 2191 1413 respectum
2248 1330 2327 1392 ad

831 1429 1154 1490 divisibile
1184 1430 1427 1511 aliquid
1466 1438 1643 1492 extra
1672 1429 1774 1490 vel
1813 1427 2323 1510 multiplicabile,

831 1528 1001 1609 quod
1043 1535 1140 1590 est
1187 1528 1510 1608 objectum
1555 1528 1658 1590 vel
1703 1536 1882 1590 actus
1924 1528 2199 1589 virtutis,
2236 1527 2325 1588 Ex

831 1644 1060 1706 genere
1109 1634 1322 1688 autem
1367 1644 1483 1688 suo
1523 1635 1618 1688 est
1663 1625 1868 1688 forma
1913 1624 2325 1687 accidentalis

831 1725 897 1785 in
926 1742 1156 1805 genere
1187 1725 1534 1806 qualitatiS,
1566 1732 1674 1786 aut
1704 1724 1909 1787 forma
1945 1723 2324 1786 substantia-

2445 741 2747 823 quoniam
2780 760 2907 805 non
2947 743 3358 824 specificatur
3386 743 3512 806 nisi
3552 743 3633 805 ab
3660 761 3737 806 eo
3765 743 3943 825 quod

2444 847 2539 900 est
2572 858 2686 920 per
2724 859 2791 902 se
2832 841 3142 903 terminus
3182 849 3415 915 motuS,
3450 841 3593 905 ideo
3631 841 3772 903 talis
3806 858 3947 903 mo-

2444 945 2546 998 tus
2589 957 2719 1001 non
2762 941 3026 1001 venatur
3066 958 3181 1022 per
3226 958 3294 1002 se
3338 947 3548 1003 motus
3590 939 3943 1020 augmenti,

2444 1035 2554 1097 sed
2602 1037 2944 1116 generatiO,
2991 1038 3045 1099 si
3094 1038 3175 1100 sit
3225 1037 3431 1100 forma
3478 1037 3941 1110 substantiam,

2442 1133 2543 1195 vel
2586 1133 2899 1209 alteratio,
2932 1135 2987 1197 si
3031 1136 3115 1198 sit
3154 1134 3361 1198 forma
3402 1135 3831 1198 accidentalis,

2510 1232 2795 1314 Denique
2828 1233 3054 1295 caritas
3085 1234 3321 1295 dicitur
3347 1234 3566 1315 augeri
3595 1252 3725 1297 non
3753 1232 3941 1315 quasi

2438 1329 2803 1410 subjectum
2852 1332 3200 1412 augmenti,
3233 1351 3433 1413 quum
3485 1332 3569 1394 sit
3615 1331 3937 1404 accidenS,

2438 1429 2551 1489 sed
2602 1429 2751 1510 quia
2800 1447 2914 1511 per
2957 1431 3162 1512 ipsam
3210 1439 3625 1511 augmentum
3666 1429 3940 1492 attendi-

2437 1535 2542 1587 tur
2594 1545 2607 1588 :
2661 1528 2827 1589 siout
2872 1536 2937 1589 et
2985 1529 3303 1609 quantitas
3352 1527 3553 1591 fertur
3600 1528 3816 1609 augeri
3872 1536 3940 1590 et

2437 1624 2663 1688 albedo
2704 1626 2955 1701 variari,
2989 1626 3143 1689 dum
3182 1627 3424 1709 aliquid
3470 1645 3586 1708 per
3622 1626 3940 1709 quantita-

2438 1728 2567 1782 tem
2616 1730 2882 1802 augetur
2922 1731 3032 1785 aut
3074 1741 3188 1804 per
3226 1722 3587 1785 albedinem
3630 1722 3932 1785 variatur.

829 1823 930 1896 lis,
973 1843 1114 1905 quae
1164 1841 1289 1886 non
1339 1831 1436 1885 est
1486 1823 1688 1903 major
1735 1831 1844 1885 aut
1897 1823 2120 1885 minor.
2163 1823 2324 1884 Hinc
2360 1819 2409 1884 B
2438 1817 2565 1880 Nec
2594 1828 2843 1901 oportet
2871 1821 2925 1882 si
2956 1821 3377 1883 essentialiter
3402 1829 3727 1901 augeatur,
3762 1820 3936 1901 quod

827 1929 1241 2001 augmentum
1282 1922 1634 1984 secundum
1675 1921 2094 2002 quantitatem
2125 1920 2324 1982 virtu-

828 2019 931 2092 tis,
966 2038 1093 2082 non
1143 2019 1419 2101 pertinet
1466 2020 1546 2081 ad
1593 2019 1870 2101 speciem
1924 2025 2130 2080 motus
2183 2037 2323 2099 quae

826 2119 1257 2198 augmentatio
1286 2118 1664 2200 appellatur,
1700 2118 1810 2179 sed
1842 2117 2040 2197 magis
2071 2117 2148 2178 ad
2178 2115 2325 2178 alte-

829 2216 1138 2278 rationem
1173 2233 1188 2277 :
1223 2217 1442 2298 sicque
1483 2223 1797 2296 augentur
1824 2215 2050 2277 caritas
2091 2222 2154 2276 et
2181 2214 2322 2278 aliae

825 2313 1184 2394 qualitates.
1235 2349 1311 2360 -
1361 2315 1550 2376 Porro
1598 2313 1918 2395 quantitas
1966 2312 2323 2375 dimensiva

826 2412 1125 2474 convenit
1165 2412 1549 2494 quibusdam
1602 2430 1715 2493 per
1762 2411 2056 2474 accidens
2100 2428 2115 2472 ε
2155 2411 2324 2473 sicut

2437 1918 2816 1980 destruatur.
2852 1919 3097 1980 Dicitur
3130 1937 3407 2001 namque
3445 1919 3798 1982 secundum
3838 1936 3937 1980 es-

2436 2016 2707 2078 sentiam
2756 2036 2937 2080 suam
2988 2018 3251 2092 moveri,
3292 2017 3653 2100 dupliciter.
3696 2017 3933 2092 Primo,

2435 2115 2587 2195 quia
2614 2115 2890 2177 essentia
2926 2123 3022 2177 est
3062 2135 3175 2197 per
3204 2134 3270 2178 se
3312 2116 3624 2179 terminus
3665 2125 3876 2178 motus
3916 2131 3931 2176 :

2434 2213 2654 2296 sicque
2692 2215 3067 2276 -secundum
3119 2216 3459 2278 essentiam
3521 2215 3783 2287 moveri,
3832 2221 3937 2276 est

2433 2313 2775 2374 essentiam
2803 2313 3098 2376 amittere
3128 2322 3192 2376 et
3232 2314 3576 2396 corrumpi.
3612 2313 3929 2388 Secunde,

2433 2411 2585 2493 quia
2612 2419 2709 2473 est
2740 2420 2947 2475 motus
2988 2413 3341 2476 secundum
3380 2412 3624 2495 aliquid
3663 2411 3931 2492 conjun-

823 2510 1126 2584 albedini,
1180 2529 1321 2592 quae
1379 2510 1616 2572 dicitur
1673 2518 1909 2592 quanta
1966 2509 2320 2571 secundum
2422 2517 2607 2570 ctum
2654 2511 2945 2573 essentiae
2988 2511 3158 2592 quod
3200 2519 3296 2573 est
3347 2529 3463 2593 per
3504 2529 3571 2573 se
3616 2510 3929 2573 terminus

824 2609 1242 2690 quantitatem
1274 2608 1661 2690 superficiei.
1692 2608 1866 2671 Unde
1897 2626 2024 2671 non
2053 2615 2321 2688 augetur
2432 2615 2640 2671 motus
2666 2609 3237 2691 :quemadmodum
3267 2610 3508 2691 aliquid
3539 2609 3773 2671 dieitur
3801 2625 3931 2670 mo-

825 2707 948 2768 nisi
992 2726 1106 2790 per
1147 2707 1460 2769 accidens.
1498 2708 1612 2770 Per
1653 2726 1720 2768 se
1761 2714 1976 2768 autem
2021 2707 2319 2768 convenit
2430 2707 2563 2768 veri
2594 2707 3031 2780 essentialiter,
3050 2708 3304 2790 quando
3331 2708 3685 2770 secundum
3716 2706 3925 2770 locum

823 2806 1219 2887 corporibuS,
1271 2825 1413 2888 quae
1470 2824 1585 2887 per
1631 2824 1698 2866 se
1757 2813 2086 2885 augentur.
2140 2804 2315 2878 Quod
2432 2811 2722 2866 movetur
2750 2813 2939 2888 atque
2974 2806 3327 2868 secundum
3366 2824 3549 2868 suam
3578 2805 3921 2868 essentiam

824 2904 1135 2985 contingit
1174 2905 1517 2986 dupliciter
1550 2921 1565 2966 ε
1598 2903 1751 2985 quia
1791 2903 2110 2965 interdum
2145 2903 2317 2986 quod
2427 2910 2523 2963 est
2567 2901 2632 2964 in
2676 2903 2832 2965 loco.
2870 2903 2945 2965 Et
2986 2905 3077 2966 sic
3124 2903 3460 2967 essentiale
3506 2912 3921 2984 augmentum

823 3003 1094 3084 suscipit
1125 3002 1430 3083 majorem
1462 3002 1880 3084 quantitatem
1917 3009 2209 3066 movetur
2237 3002 2314 3064 de
2354 3009 2397 3071 C
2430 3009 2690 3063 vocatur
2735 3003 2907 3084 quod
2955 3012 3049 3065 est
3099 3003 3451 3066 secundum
3501 3003 3921 3085 quantitatem

823 3101 1174 3182 quantitate
1217 3100 1448 3163 minori
1479 3100 1557 3163 ad
1594 3099 1940 3181 majorem3
1972 3099 2315 3182 aliquando

823 3217 976 3262 vero
1009 3199 1087 3260 fit
1123 3200 1243 3262 hoc
1284 3200 1422 3262 sine
1463 3207 1639 3261 motu
1681 3199 1880 3281 ipsius
1919 3201 2089 3281 quod
2128 3218 2315 3279 auge-

823 3306 928 3359 tur
960 3315 974 3359 :
1008 3307 1266 3381 propter
1295 3300 1464 3381 quod
1507 3316 1632 3362 non
1666 3298 1967 3380 quaelibet
1997 3317 2141 3380 pars
2171 3298 2313 3378 ejus

821 3405 1110 3477 augetur,
1144 3398 1311 3459 sicut
1350 3398 1652 3481 quaelibet
1695 3417 1838 3479 pars
1885 3398 2038 3459 moti
2083 3416 2198 3479 per
2246 3415 2313 3459 se

825 3504 1132 3561 movetur.
1155 3497 1229 3558 Et
1258 3497 1377 3560 boc
1408 3497 1716 3577 contingit
1744 3496 2000 3577 quando
2027 3496 2315 3557 efficitur

821 3596 1141 3676 quantitas
1202 3596 1406 3676 major
1455 3614 1568 3677 per
1621 3594 1992 3677 quantitatis
2049 3594 2314 3656 additio-

821 3712 970 3755 nem
1022 3711 1036 3756 :
1089 3695 1254 3756 sicut
1301 3694 1454 3756 dum
1511 3695 1766 3756 additur
1816 3694 2059 3774 lignum
2114 3691 2310 3773 ligne,

818 3800 928 3855 aut
960 3793 1124 3855 linea
1154 3793 1354 3855 lineae.
1391 3792 1564 3855 Unde
1602 3792 1705 3854 hic
1735 3800 1832 3853 est
1868 3799 2306 3872 augmentum,
2350 3796 2356 3803 ‘

819 3892 931 3953 sed
989 3909 1116 3955 non
1175 3900 1382 3954 motus
1439 3890 1783 3972 augmenti.
1845 3891 2080 3951 Verum
2139 3889 2310 3970 quod

817 3990 1057 4071 aliquid
1117 3997 1445 4054 moveatur
1499 3990 1578 4051 ad
1636 3989 2054 4071 quantitatem
2115 3988 2311 4068 majo-

820 4106 977 4161 rem,
1010 4089 1318 4169 contingit
1348 4089 1727 4170 dupliciter:
1755 4088 1964 4169 primo
1992 4086 2105 4160 sic,
2140 4085 2310 4168 quod

2428 3109 2925 3183 consequentem
2964 3102 3328 3175 essentiam,
3364 3109 3660 3164 manente
3703 3119 3827 3163 una
3856 3107 3921 3163 et

2426 3199 2648 3263 eadem
2698 3201 2973 3264 essentia
3026 3200 3146 3263 sub
3196 3200 3547 3282 quantitate
3598 3200 3847 3263 diversa
3902 3217 3915 3261 :

2426 3298 2561 3360 sive
2608 3299 2927 3380 quantitas
2976 3301 3057 3362 sit
3098 3300 3241 3382 ipsa
3285 3300 3561 3362 essentia
3608 3300 3720 3374 rei,
3754 3300 3922 3362 sicut

2424 3398 2745 3479 quantitas
2784 3399 3037 3461 virtutis
3076 3406 3173 3461 est
3214 3399 3383 3461 idem
3426 3416 3575 3461 cum
3616 3399 3753 3480 ipsa
3793 3398 3919 3461 vir-

2425 3502 2580 3569 tute,
2615 3504 2679 3557 et
2721 3505 2933 3559 tamen
2978 3505 3269 3559 movetur
3311 3515 3425 3580 per
3466 3516 3533 3559 se
3570 3497 3920 3579 (loquendo

2424 3595 2776 3657 secundum
2825 3595 3273 3677 quantitatem)
3320 3595 3673 3657 secundum
3724 3594 3921 3676 majo·

2426 3710 2559 3753 rem
2590 3700 2652 3753 et
2682 3693 2997 3756 minorem
3026 3692 3477 3774 perfectionem
3508 3693 3781 3767 virtutis,
3798 3710 3919 3754 nec

2424 3798 2577 3851 tunc
2637 3809 2751 3871 per
2798 3809 2864 3851 se
2922 3791 3275 3853 secundum
3332 3792 3674 3853 essentiam
3734 3810 3915 3853 suam

2426 3898 2735 3963 movetur,
2764 3890 3064 3971 quoniam
3098 3890 3327 3952 retinet
3354 3909 3543 3952 suum
3573 3908 3749 3969 esse3
3780 3891 3917 3952 sive

2423 3988 2740 4068 quantitas
2780 3989 2862 4049 sit
2898 3988 3072 4050 aliud
3110 3988 3190 4050 ab
3229 3989 3524 4062 essentia,
3560 3997 3631 4050 ut
3674 3989 3741 4051 in
3780 4006 3915 4050 cor-

2422 4086 2621 4167 porali
2664 4094 3022 4166 augmento.
3057 4086 3185 4148 Nec
3224 4094 3474 4169 oportet
3515 4087 3685 4168 quod
3725 4104 3916 4150 omne

817 4186 1136 4268 quantitas
1181 4188 1264 4249 sit
1307 4206 1421 4270 per
1463 4205 1530 4248 se
1575 4186 1885 4248 terminus
1929 4193 2174 4263 motus3
2208 4183 2311 4246 vel
2342 4190 2391 4251 D
2421 4184 2588 4265 quod
2621 4192 2912 4247 movetur
2942 4185 3024 4246 sit
3062 4194 3395 4266 quantum,
3428 4185 3554 4247 nisi
3596 4184 3915 4268 loquendo

816 4285 988 4365 quod
1055 4286 1401 4347 terminum
1469 4292 1912 4367 consequatur.
1975 4284 2309 4365 Quumque

815 4384 1134 4464 quantitas
1183 4384 1380 4445 fuerit
1431 4401 1546 4465 per
1592 4401 1661 4445 se
1706 4381 2018 4443 terminus
2073 4388 2306 4453 motuS,

814 4489 1064 4562 oportet
1111 4482 1281 4563 quod
1322 4481 1407 4543 sit
1447 4479 1537 4542 ibi
1584 4480 1822 4542 additio
1866 4478 1946 4540 ad
1993 4486 2199 4541 totum
2247 4487 2310 4540 et

813 4580 891 4642 ad
921 4580 1275 4662 quamlibet
1303 4579 1444 4659 ejus
1477 4586 1744 4660 partem,
1779 4578 1864 4640 ita
1895 4577 2063 4659 quod
2102 4584 2308 4639 totum

811 4687 1117 4759 augeatur
1145 4687 1207 4741 et
1239 4677 1541 4761 quaelibet
1571 4696 1716 4758 pars
1758 4676 1983 4759 ipsiuS,
2017 4684 2087 4737 ut
2114 4683 2213 4736 est
2241 4675 2307 4736 in

811 4778 1072 4841 animali
1103 4787 1167 4840 et
1208 4778 1423 4859 planta
1457 4793 1470 4838 :
1505 4777 1725 4858 sicque
1765 4774 2022 4857 proprie
2052 4782 2148 4835 est
2179 4792 2308 4837 mo-

810 4889 914 4942 tus
950 4879 1297 4960 augmenti,
1331 4885 1394 4939 et
1433 4878 1526 4939 sic
1567 4884 1774 4939 motus
1814 4875 2138 4957 augmenti
2179 4892 2305 4938 non

808 4985 906 5039 est
946 4978 1069 5039 nisi
1115 4977 1180 5038 in
1224 4975 1609 5038 habentibus
1648 4974 2039 5036 nutritivam.
2077 4972 2305 5035 Conse-

808 5076 1030 5157 quitur
1066 5082 1280 5137 autem
1320 5074 1639 5156 quantitas
1680 5072 2026 5134 terminum
2069 5078 2300 5144 motuS‚

808 5175 965 5236 dum
1015 5182 1224 5237 motus
1267 5181 1364 5235 est
1402 5172 1481 5235 ad
1530 5171 1800 5234 formam
1850 5189 2042 5252 quam
2091 5187 2307 5232 conse-

807 5274 1029 5357 quitur
1075 5272 1395 5356 quantitas
1451 5272 1683 5353 aliqua.
1738 5269 2014 5333 Cuilibet
2062 5268 2302 5331 etenim

2418 4283 2496 4344 de
2538 4291 2712 4346 motu
2754 4284 3025 4345 naturali
3064 4301 3175 4345 seu
3217 4284 3502 4366 physico,
3536 4284 3743 4366 qualis
3784 4301 3915 4346 non

2418 4389 2515 4442 est
2578 4381 2807 4443 animae
2876 4389 3104 4444 motus.
3166 4416 3246 4427 —
3301 4382 3445 4445 Haec
3507 4381 3776 4445 Thomas
3844 4381 3913 4443 in

2418 4480 2685 4561 Scripto.

2498 4580 2575 4642 At
2604 4597 2756 4641 vero
2790 4578 2856 4641 in
2892 4579 3170 4641 secunda
3208 4580 3524 4654 secundae,
3558 4574 3913 4660 quaestione

2418 4676 2721 4738 vicesima
2759 4685 2982 4759 quarta
3016 4694 3031 4738 z
3066 4676 3303 4739 Caritas
3340 4676 3607 4758 (inquit)
3646 4677 3765 4739 viae
3802 4694 3913 4758 po-

2417 4784 2539 4837 test
2578 4776 2815 4857 augeri.
2852 4776 2941 4837 Ex
2985 4776 3105 4840 hoc
3144 4794 3421 4856 namque
3462 4775 3741 4838 dicimur
3782 4775 3915 4837 via-

2414 4882 2603 4948 toreS,
2654 4874 2804 4956 quia
2862 4874 3183 4935 tendimus
3241 4874 3307 4934 in
3367 4874 3591 4947 Deum,
3642 4873 3754 4954 qui
3812 4882 3911 4935 est

2416 4972 2679 5034 ultimus
2711 4971 2863 5033 finis
2896 4980 3126 5033 noster.
3161 4972 3230 5033 In
3267 4972 3387 5033 hac
3417 4988 3567 5034 vero
3598 4972 3701 5033 via
3731 4978 3911 5033 tanto

2416 5071 2616 5151 magis
2666 5070 3091 5152 procedimuS,
3144 5077 3383 5152 quanto
3431 5068 3577 5151 plus
3626 5070 3753 5131 Deo
3800 5087 3912 5151 ap-

2414 5169 2919 5251 propinquamus
2954 5185 2967 5229 :
3000 5168 3106 5230 cui
3149 5186 3278 5231 non
3316 5167 3909 5250 appropinquamus

2417 5266 2710 5350 passibus
2758 5267 3063 5349 corporiS,
3098 5267 3209 5330 sed
3256 5265 3596 5329 affectibus
3648 5265 3901 5328 mentis,
