4359 6250
851 481 973 546 348

1484 499 1547 544 IN
1587 498 1809 544 LIBRUM
1852 498 1874 543 1
1915 497 2396 543 SENTENTMRUM.
2441 515 2522 525 —
2562 498 2714 543 DIST.
2760 497 2973 560 xxxn3
3016 497 3240 552 QUAEST.
3287 497 3333 543 11

849 669 959 750 qui
991 676 1087 731 est
1119 666 1450 749 sapientia,
1475 687 1600 750 qua
1630 667 1964 749 sapientia,
2000 667 2064 728 id
2094 673 2190 728 est
2219 664 2427 747 quo'A
2456 685 2584 729 non
2621 672 2793 762 ‘sunt
2840 685 3006 730 verae
3054 666 3384 742 factioneS,
3435 666 3962 748 significarentur

849 767 1029 841 Fili0‚
1061 768 1241 829 Pater
1269 774 1366 830 est
1404 767 1677 848 sapiens.
1714 767 1789 828 Et
1820 765 1939 828 hoc
1979 764 2338 838 relativum,

848 885 995 948 qua,
1050 872 1256 947 potest
1304 866 1627 948 duplicem
1686 865 1895 928 facere
1943 864 2341 938 relationem,

846 964 1147 1026 videlicet
1177 965 1573 1046 personalem
1605 971 1668 1026 et
1698 962 2079 1045 simplicem.
2106 963 2171 1025 Si
2204 982 2346 1044 per-

848 1063 1153 1136 sonalem,
1188 1063 1346 1125 falsa
1375 1071 1492 1136 est,
1529 1081 1729 1144 quum
1764 1062 1845 1123 sit
1876 1080 2100 1124 sensus
2126 1062 2344 1123 :Pater

848 1161 1070 1242 genuit
1111 1161 1343 1223 Filium
1393 1162 1503 1242 qui
1554 1167 1646 1223 est
1698 1160 2028 1242 sapientia,
2074 1178 2201 1241 qua
2248 1178 2343 1220 sa-

852 1258 1111 1339 pientia,
1146 1259 1209 1320 id
1240 1265 1336 1320 est
1367 1276 1493 1341 quo
1526 1257 1703 1333 Fili0‚
1733 1259 1911 1320 Pater
1939 1265 2035 1320 est
2063 1257 2337 1338 sapienS.

850 1357 914 1418 Si
957 1356 1340 1438 simplicem,
1372 1375 1521 1418 vera
1561 1365 1677 1430 est,
1711 1365 1774 1418 et
1804 1364 1900 1418 est
1929 1375 2152 1418 sensus
2188 1375 2202 1418 :
2235 1355 2344 1416 Pa-

850 1463 945 1516 ter
987 1455 1210 1535 genuit
1252 1455 1482 1516 Filium
1529 1455 1638 1537 qui
1684 1463 1781 1516 est
1824 1453 2155 1535 sapientia,
2201 1473 2342 1535 quae

850 1552 1161 1635 sapientia
1218 1559 1314 1615 est
1362 1553 1639 1614 essentia
1695 1572 1821 1634 qua
1877 1554 2054 1615 Pater
2102 1559 2198 1614 est
2247 1571 2343 1614 sa-

853 1652 1054 1735 pienS.
1092 1652 1321 1732 Sicque
1368 1651 1681 1714 intellexit
1723 1651 2114 1732 Augustinus
2161 1650 2228 1711 in
2273 1650 2344 1711 li-

851 1749 967 1811 bro
1014 1750 1305 1812 LXXXIII
1363 1749 1830 1826 Quaestionum3
1882 1749 1990 1811 sed
2051 1749 2117 1809 in
2178 1747 2342 1809 libro

2457 784 2572 847 per
2602 772 2846 838 neutra,
2881 783 3008 829 non
3037 766 3278 845 activa3
3315 785 3487 828 nunc
3517 773 3728 828 autem
3761 765 3962 847 signi-

2455 863 2733 926 ficantur
2771 883 2885 946 per
2924 863 3117 926 verba
3156 865 3363 927 activa
3405 872 3664 946 propter
3701 863 3960 926 habitu-

2455 963 2672 1025 dinem
2713 963 2887 1025 illam
2918 982 3110 1044 quam
3153 963 3388 1026 habent
3416 964 3497 1025 ad
3525 962 3850 1044 objectum
3887 963 3958 1024 in

2455 1063 2624 1145 quod
2674 1069 3020 1125 transeunt.
3074 1062 3250 1124 Tunc
3309 1081 3585 1144 namque
3635 1062 3690 1123 si
3737 1069 3960 1123 essent

2455 1168 2700 1234 neutra,
2735 1161 3173 1242 significarent
3211 1161 3563 1223 formaliter
3603 1160 3777 1223 illam
3819 1179 3960 1222 rea-

2455 1259 2696 1321 litatem
2746 1279 2783 1321 a
2831 1279 2955 1341 qua
3006 1259 3424 1341 imponuntur
3477 1259 3686 1321 inesse
3735 1259 3960 1340 subje-

2455 1367 2591 1438 cto;
2643 1365 2924 1440 tuncque
2986 1367 3243 1440 possent
3293 1359 3445 1421 talia
3491 1357 3688 1421 verba
3743 1359 3960 1421 activa

2453 1457 2533 1519 ab
2577 1458 2818 1520 eisdem
2869 1457 3094 1520 formis
3139 1456 3407 1538 imponi,
3445 1476 3587 1538 quae
3631 1456 3960 1538 significa-

2455 1562 2597 1618 rent
2645 1556 2866 1618 talium
2918 1556 3423 1637 productionem,
3465 1563 3529 1617 et
3577 1555 3802 1618 notit-ia
3843 1574 3962 1637 ge-

2455 1655 2590 1717 nita
2633 1662 2800 1717 esset
2848 1654 3053 1716 forma
3100 1654 3359 1735 objecti,
3403 1655 3758 1736 producens
3797 1673 3960 1718 vero

2456 1753 2773 1816 diceretur
2801 1751 3097 1815 effective
3127 1753 3394 1815 formam
3427 1771 3684 1815 causare
3703 1771 3718 1814 :
3736 1772 3964 1834 quem·

850 1848 927 1909 de
959 1847 1261 1910 Trinitate
1292 1847 1521 1909 melius
1553 1848 1699 1910 inde
1729 1847 2003 1928 scripsit.
2029 1848 2171 1909 Haec
2201 1846 2342 1909 Ale-
2380 1847 2427 1909 B
2455 1854 2798 1915 admodum
2848 1852 3202 1915 similitudo
3243 1860 3452 1935 potest
3492 1871 3630 1915 esse
3681 1853 3835 1915 illud
3885 1854 3958 1915 in

851 1946 1105 2008 xander.
2278 1995 2282 1999 .

934 2043 1129 2124 Cujus
1172 2043 1385 2105 verbis
1435 2043 1693 2106 obviare
1732 2043 2005 2116 videtur,
2039 2043 2208 2124 quod
2254 2061 2345 2104 se-

853 2143 1134 2205 cundum
1173 2142 1330 2204 alios
1361 2142 1649 2204 doctores
1692 2141 2041 2224 propositio
2072 2141 2181 2203 illa
2209 2141 2348 2202 nul-

853 2242 916 2304 lo
966 2241 1153 2304 modo
1210 2248 1305 2303 est
1354 2241 1761 2303 admittenda.
1816 2240 1909 2302 Ad
1962 2241 2131 2323 quod
2191 2246 2346 2322 puto

854 2340 1219 2414 dicendum,
1254 2340 1423 2421 quod
1466 2358 1691 2401 sensus
1730 2339 1848 2400 iste
1882 2338 1962 2401 ab
1990 2338 2346 2401 Alexandro

854 2439 1175 2512 inductuS‚
1225 2437 1477 2500 videtur
1535 2437 1687 2499 satis
1746 2445 2095 2506 extraneus,
2137 2456 2150 2500 :
2205 2437 2348 2499 ideo

852 2538 962 2599 alii
1010 2537 1220 2600 dicere
1269 2537 1513 2610 volunt,
1568 2536 1736 2617 quod
1788 2535 1965 2598 nullo
2016 2536 2204 2598 modo
2251 2541 2348 2597 est

854 2636 1257 2699 concedenda
1298 2636 1364 2696 in
1407 2653 1596 2696 sensu
1640 2653 1830 2716 quem
1876 2634 2131 2716 proprie
2171 2632 2342 2695 facit.

931 2735 1194 2796 Videtur
1224 2752 1478 2816 quoque
1508 2733 1861 2795 Alexander
1902 2733 2178 2794 sensisse
2221 2750 2348 2794 non

853 2852 992 2895 esse
1044 2832 1543 2904 concedendum,
1587 2831 1756 2912 quod
1806 2831 1983 2893 Pater
2027 2831 2200 2892 videt
2241 2838 2351 2892 aut

854 2932 1032 2995 novit
1079 2950 1145 2993 se
1195 2931 1261 2992 in
1312 2930 1492 3004 Filio,
1537 2937 1601 2991 et
1648 2930 1817 3011 quod
1870 2929 1979 2991 illa
2024 2930 2350 2991 dumtaxat

2458 1969 2584 2034 quo
2627 1950 2930 2013 fundatur
2973 1951 3194 2014 relatio
3236 1951 3430 2013 activi
3469 1958 3532 2014 et
3571 1951 3828 2034 passivi,
3864 1953 3962 2014 ita

2456 2050 2627 2132 quod
2686 2050 2852 2111 sicut
2907 2049 3267 2112 assimilans
3315 2057 3410 2112 est
3459 2049 3956 2113 similitudinem

2457 2155 2784 2231 praestanS,
2827 2147 2916 2209 ita
2955 2155 3108 2209 tunc
3149 2147 3474 2210 declarans
3511 2148 3716 2210 active
3755 2149 3956 2229 signi-

2456 2249 2744 2320 ficatum,
2786 2254 2953 2308 esset
2993 2246 3288 2309 efficiens
3338 2247 3542 2330 ipsam
3585 2248 3956 2312 declaratio-

2459 2365 2604 2408 nem
2639 2345 2972 2408 formalem
3004 2346 3071 2407 in
3104 2346 3243 2427 ipso
3273 2345 3504 2408 animae
3533 2353 3679 2407 actu
3719 2347 3852 2409 sive
3887 2347 3958 2410 in

2461 2445 2751 2526 subjecto
2783 2443 2957 2505 illius
2998 2451 3196 2506 actus.
3231 2443 3324 2506 Ad
3357 2444 3781 2526 propositum,
3805 2445 3963 2508 Ver-

2461 2544 2616 2606 bum
2657 2550 2966 2605 aeternum
3008 2562 3046 2604 a
3083 2543 3260 2604 Patre
3299 2543 3703 2624 exprimitur,
3735 2552 3800 2606 et
3840 2544 3966 2607 ista

2462 2641 2788 2723 expressio
2831 2648 2928 2702 est
2968 2641 3191 2704 relatio
3231 2640 3496 2722 originis
3532 2659 3546 2702 :
3591 2641 3742 2705 huic
3783 2644 3964 2706 enim

2461 2757 2763 2822 expresso
2823 2739 3335 2802 communicatur
3385 2757 3462 2802 ex
3516 2740 3581 2801 vi
3639 2741 3964 2822 producti-

2463 2838 2604 2900 onis
2649 2857 2780 2900 suae
2822 2838 3049 2900 notitia
3092 2837 3370 2912 infinita,
3413 2858 3556 2920 quae
3605 2847 3704 2902 θεῖ
3748 2841 3965 2903 omnis

2462 2936 2864 3000 declarabilis
2907 2936 3307 2999 declarativa.
3341 2936 3542 3000 Habet
3573 2937 3769 3019 igitur
3804 2940 3965 3002 rela-

855 3031 1033 3093 Pater
1070 3029 1249 3092 novit
1289 3029 1354 3089 in
1388 3027 1566 3102 Filio,
1600 3045 1873 3109 quorum
1910 3027 2107 3090 Filius
2146 3035 2350 3090 exstat
2388 3035 2432 3099 C
2463 3037 2702 3099 tionem
2757 3035 2992 3097 realem
3051 3035 3128 3097 ad
3188 3035 3678 3117 exprimentem,
3734 3055 3773 3098 a
3831 3056 3964 3119 quo

856 3128 1248 3211 principium
1298 3146 1311 3189 ε
1365 3128 1534 3209 quod
1585 3135 1649 3189 et
1695 3127 1993 3189 Albertus
2044 3128 2343 3189 insinuat.

856 3227 977 3290 Sed
1020 3227 1096 3288 ad
1142 3226 1260 3288 hoc
1302 3226 1471 3307 quod
1514 3226 1756 3308 aliquid
1802 3225 1886 3287 sit
1924 3226 2082 3288 ratio
2122 3243 2350 3306 cogno-

856 3325 1073 3387 scendi
1118 3325 1262 3397 alia,
1296 3343 1422 3388 non
1467 3332 1716 3406 oportet
1756 3325 1925 3406 quod
1967 3325 2049 3386 sit
2093 3325 2346 3387 illorum

857 3424 1305 3506 productivum
1352 3423 1743 3505 principium
1780 3441 1794 3485 ε
1831 3423 2069 3485 idcirco
2107 3424 2186 3485 de
2229 3422 2370 3486 hoc·

856 3522 1063 3584 adhuc
1107 3522 1253 3604 plus
1298 3523 1505 3605 placet
1547 3523 1876 3604 responsio
1918 3523 2192 3585 Thomae.

936 3621 1227 3703 Amplius
1272 3622 1494 3685 Scotus
1540 3642 1552 3685 :
1596 3621 1825 3695 Primo,
1868 3623 1975 3695 ait,
2019 3622 2349 3684 videamus

857 3721 935 3781 de
986 3720 1313 3783 intellectu
1372 3728 1605 3783 nostro.
1657 3720 1749 3782 Ibi
1810 3721 1984 3783 enim
2044 3721 2352 3782 memoria

856 3818 1060 3899 gignit
1108 3820 1417 3882 actualem
1473 3819 1787 3891 notitiam,
1840 3839 1983 3901 quae
2029 3819 2223 3882 etiam
2271 3820 2349 3881 ad

860 3918 1233 3979 memoriam
1285 3918 1607 3999 duplicem
1668 3916 1857 3980 habet
1906 3919 2278 3980 relationem
2333 3936 2346 3980 :

858 4034 1049 4077 unam
1089 4017 1284 4097 geniti
1326 4017 1404 4079 ad
1444 4016 1732 4097 gignenS,
1766 4024 1828 4077 et
1860 4016 1992 4079 haec
2022 4024 2119 4079 est
2148 4018 2226 4079 de
2257 4036 2350 4079 se-

858 4116 1067 4179 cundo
1098 4116 1286 4177 modo
1315 4114 1750 4188 relativorum,
1776 4134 1848 4176 ac
1884 4122 2134 4194 mutua3
2159 4116 2349 4178 aliam

2461 3135 2761 3216 gignitur.
2790 3134 2909 3196 Sed
2951 3134 3170 3207 aliam,
3199 3134 3446 3196 scilicet
3484 3135 3957 3211 declarativam,

2462 3233 2651 3296 habet
2699 3251 2824 3295 non
2876 3238 3122 3293 tantum
3173 3233 3252 3294 ad
3302 3232 3514 3315 ipsum
3562 3231 3955 3314 gignentem,

2462 3333 2570 3395 sed
2603 3332 2955 3394 secundum
2987 3331 3158 3412 quod
3188 3338 3285 3392 est
3315 3330 3468 3412 quid
3502 3330 3854 3405 infinitum,
3877 3334 3958 3395 ad

2462 3450 2528 3493 se
2565 3438 2753 3513 atque
2785 3430 2861 3492 ad
2897 3429 3134 3511 ipsum,
3171 3429 3300 3492 imo
3333 3429 3524 3491 etiam
3559 3430 3636 3491 ad
3669 3430 3794 3492 alia
3821 3449 3958 3494 om-

2463 3529 2570 3591 nia
2602 3546 2616 3590 t
2650 3535 2714 3590 et
2748 3529 2868 3590 ista
2905 3534 3001 3589 est
3033 3534 3279 3589 tantum
3321 3527 3604 3601 rationis,
3638 3528 3791 3610 quia
3829 3547 3958 3592 non

2460 3634 2708 3688 tantum
2753 3633 2849 3688 est
2892 3626 2970 3687 ad
3011 3633 3352 3699 creaturas,
3387 3627 3497 3688 sed
3537 3627 3729 3689 etiam
3771 3630 3848 3689 ad
3891 3648 3962 3690 se

2463 3726 2698 3807 ipsum,
2731 3733 2794 3786 et
2826 3724 2877 3787 si
2910 3724 3088 3786 nulla
3127 3725 3314 3787 realis
3355 3724 3577 3787 relatio
3606 3726 3717 3789 Dei
3747 3735 3843 3789 est
3881 3727 3963 3788 ad

2463 3831 2691 3897 creata,
2738 3823 2939 3885 multo
2982 3823 3126 3905 plus
3169 3822 3458 3903 ejusdem
3508 3824 3586 3885 ad
3635 3843 3702 3886 se
3747 3825 3964 3907 ipsum

2463 3939 2588 3984 non
2619 3929 2716 3983 est
2746 3921 2934 3983 realis
2965 3920 3205 3983 relatio.
3223 3921 3410 3983 Porro
3441 3921 3758 3984 declarare
3792 3923 3965 3985 istud

2464 4019 2762 4082 convenit
2791 4019 2997 4082 Verbo
3027 4018 3412 4098 formaliter3
3449 4021 3825 4100 producenti
3855 4040 3968 4082 au-

2463 4126 2592 4180 tem
2631 4117 2910 4179 Verbum
2953 4115 3251 4179 convenit
3292 4117 3760 4199 principiative,
3795 4118 3966 4180 sicut

858 4213 1235 4277 declarantis
1284 4213 1361 4275 ad
1406 4214 1814 4288 declaratum,
1858 4233 1999 4295 quae
2042 4221 2136 4275 est
2180 4214 2350 4276 tertii
2381 4213 2432 4276 D
2464 4216 2530 4278 in
2562 4215 2746 4278 nobis
2787 4216 3086 4278 convenit
3125 4215 3448 4278 memoriae
3478 4214 3855 4278 efficienter.
3885 4217 3965 4279 Et

858 4312 1030 4375 modi
1090 4312 1521 4385 relativorum,
1574 4330 1693 4373 nec
1754 4318 1991 4374 mutua.
2048 4312 2351 4385 Quemad-

860 4411 1120 4473 modum
1159 4418 1373 4471 autem
1412 4410 1638 4472 notitia
1670 4410 1883 4490 genita
1912 4411 2187 4473 declarat
2227 4410 2350 4475 for-

861 4509 1111 4572 maliter
1152 4508 1476 4589 objectum
1528 4509 1729 4569 latens
1778 4508 1844 4569 in
1895 4509 2221 4583 memoria,
2266 4510 2354 4572 ita

859 4608 1018 4671 illud
1060 4607 1227 4689 quod
1269 4607 1563 4688 producit
1603 4607 1892 4669 notitiam
1936 4608 2250 4671 actualem
2290 4617 2353 4670 et

858 4707 963 4768 dat
1009 4706 1103 4768 illi
1149 4705 1336 4767 istam
1378 4704 1511 4767 vim
1554 4705 1936 4781 declarandi,
1976 4714 2183 4787 potest
2225 4707 2349 4769 dici

858 4806 1177 4867 declarare
1227 4804 1336 4866 illa
1394 4804 1619 4866 notitia
1677 4805 1856 4884 quasi
1915 4803 2233 4868 effective.
2289 4806 2351 4868 Si

857 4904 1031 4966 enim
1072 4904 1306 4985 aliquis
1347 4903 1654 4986 producat
1694 4903 2027 4985 speculum
2068 4912 2131 4966 et
2169 4905 2236 4967 in
2278 4923 2354 4967 eo

860 5002 1168 5083 imagines
1199 5002 1577 5075 relucenteS,
1612 5001 1731 5063 hoc
1762 5003 2095 5083 speculum
2128 5002 2356 5065 forma-

860 5101 1005 5163 liter
1049 5101 1325 5163 declarat
1367 5100 1717 5163 relucentia
1766 5100 1895 5174 illa,
1939 5108 2151 5164 tamen
2197 5101 2356 5165 illud

860 5199 1219 5283 producens
1262 5200 1595 5281 speculum
1626 5198 1923 5263 effective
1954 5199 2247 5263 declarat.
2283 5201 2360 5264 Et

865 5299 986 5362 hoc
1036 5297 1269 5361 clarius
1319 5305 1582 5381 pateret,
1636 5298 1689 5361 si
1742 5307 1921 5362 actus
1970 5300 2200 5364 animae
2247 5300 2357 5383 qui

2463 4314 2556 4377 sic
2580 4313 2859 4375 Verbum
2890 4312 3243 4376 formaliter
3271 4312 3548 4375 declarat
3576 4313 3963 4377 declarabile

2463 4430 2688 4491 omne3
2728 4413 2908 4474 Pater
2953 4418 3166 4473 autem
3217 4410 3494 4473 declarat
3534 4411 3740 4474 Verbo
3787 4411 3964 4494 prin-

2465 4510 2785 4592 cipiative,
2847 4510 2914 4571 in
2974 4516 3284 4590 quantum
3344 4509 3468 4571 sibi
3529 4510 3962 4573 communicat

2464 4609 2777 4672 actualem
2826 4608 3119 4670 notitiam
3169 4606 3512 4669 infinitam.
3557 4609 3774 4690 Itaque
3821 4626 3962 4671 ver-

2465 4707 2619 4769 bum
2674 4707 2816 4780 hoc,
2869 4707 3102 4780 dicere,
3157 4713 3366 4787 potest
3424 4706 3789 4787 signifieare
3838 4706 3967 4787 pri·

2467 4826 2637 4868 mam
2679 4806 3048 4868 relationem
3089 4804 3376 4885 originiS,
3411 4824 3552 4887 quae
3581 4812 3679 4867 θεῖ
3705 4805 3968 4886 gignen-

2465 4907 2548 4969 tis
2591 4906 2669 4968 ad
2714 4905 3000 4985 genitum
3037 4924 3050 4968 :
3086 4905 3306 4986 sicque
3350 4903 3523 4966 solus
3562 4904 3744 4965 Pater
3783 4903 3964 4977 dicit,

2467 5022 2595 5067 non
2653 5002 2881 5076 Verbo,
2939 5003 3050 5065 sed
3107 5002 3406 5064 Verbum.
3462 5001 3539 5063 Et
3596 5002 3718 5064 hoc
3777 5002 3967 5065 modo

2467 5100 2817 5167 Richardus
2848 5107 3022 5163 sexto
3049 5100 3127 5162 de
3153 5099 3457 5162 Trinitate
3485 5098 3777 5171 affirmat,
3798 5101 3968 5182 quod

2471 5200 2642 5265 solus
2685 5201 2864 5262 Pater
2905 5198 3079 5261 dicit..
3114 5197 3257 5261 Alio
3301 5198 3488 5261 modo
3531 5205 3739 5279 potest
3777 5198 3972 5279 signi-

2472 5302 2668 5363 ficare
2700 5298 2886 5361 istam
2927 5297 3372 5361 habitudinem
3405 5296 3669 5360 rationis
3699 5314 3842 5379 quae
3871 5306 3976 5361 est
