<?xml version="1.0" encoding="UTF-8"?>
<!DOCTYPE html PUBLIC "-//W3C//DTD XHTML 1.0 Transitional//EN"
    "http://www.w3.org/TR/xhtml1/DTD/xhtml1-transitional.dtd">
<html xmlns="http://www.w3.org/1999/xhtml" xml:lang="en" lang="en">
 <head>
  <title>
</title>
<meta http-equiv="Content-Type" content="text/html;charset=utf-8" />
  <meta name='ocr-system' content='tesseract 3.04.00' />
  <meta name='ocr-capabilities' content='ocr_page ocr_carea ocr_par ocr_line ocrx_word'/>
</head>
<body>
  <div class='ocr_page' id='page_1' title='image "./doctorisecstati11unkngoog_0110.png"; bbox 0 0 4359 6250; ppageno 0'>
   <div class='ocr_carea' id='block_1_1' title="bbox 829 484 908 549">
    <p class='ocr_par' dir='ltr' id='par_1_1' title="bbox 829 484 908 549">
     <span class='ocr_line' id='line_1_1' title="bbox 829 484 908 549; baseline -0.025 0"><span class='ocrx_word' id='word_1_1' title='bbox 829 484 908 549; x_wconf 87' lang='grc'><strong>98</strong></span> 
     </span>
    </p>
   </div>
   <div class='ocr_carea' id='block_1_2' title="bbox 549 5004 802 5056">
    <p class='ocr_par' dir='ltr' id='par_1_2' title="bbox 549 5004 802 5056">
     <span class='ocr_line' id='line_1_2' title="bbox 549 5004 802 5056; baseline 0 -8"><span class='ocrx_word' id='word_1_2' title='bbox 549 5004 689 5049; x_wconf 75' lang='lat' dir='ltr'><strong>Hebr.</strong></span> <span class='ocrx_word' id='word_1_3' title='bbox 712 5019 740 5056; x_wconf 85' lang='grc' dir='ltr'><strong>ι,</strong></span> <span class='ocrx_word' id='word_1_4' title='bbox 761 5009 802 5048; x_wconf 82' lang='grc'><strong>3.</strong></span> 
     </span>
    </p>
   </div>
   <div class='ocr_carea' id='block_1_3' title="bbox 1498 492 3262 553">
    <p class='ocr_par' dir='ltr' id='par_1_3' title="bbox 1498 492 3262 553">
     <span class='ocr_line' id='line_1_3' title="bbox 1498 492 3262 553; baseline -0.004 -9"><span class='ocrx_word' id='word_1_5' title='bbox 1498 498 1561 544; x_wconf 74' lang='lat' dir='ltr'><strong>{N</strong></span> <span class='ocrx_word' id='word_1_6' title='bbox 1601 498 1823 543; x_wconf 73' lang='lat' dir='ltr'>LIBRUM</span> <span class='ocrx_word' id='word_1_7' title='bbox 1867 498 1886 541; x_wconf 90' lang='lat'>1</span> <span class='ocrx_word' id='word_1_8' title='bbox 1930 494 2413 541; x_wconf 66' lang='lat' dir='ltr'><strong>SENTENUARUH.</strong></span> <span class='ocrx_word' id='word_1_9' title='bbox 2460 511 2541 520; x_wconf 90' lang='grc'><strong>-</strong></span> <span class='ocrx_word' id='word_1_10' title='bbox 2581 494 2733 538; x_wconf 83' lang='lat' dir='ltr'><strong>ms&#39;r.</strong></span> <span class='ocrx_word' id='word_1_11' title='bbox 2781 492 2927 553; x_wconf 78' lang='lat' dir='ltr'><strong>xtx;</strong></span> <span class='ocrx_word' id='word_1_12' title='bbox 2970 494 3194 548; x_wconf 77' lang='lat' dir='ltr'><strong>QUAEST.</strong></span> <span class='ocrx_word' id='word_1_13' title='bbox 3244 493 3262 537; x_wconf 85' lang='grc' dir='ltr'>Ι</span> 
     </span>
    </p>
   </div>
   <div class='ocr_carea' id='block_1_4' title="bbox 829 657 3924 753">
    <p class='ocr_par' dir='ltr' id='par_1_4' title="bbox 829 657 3924 753">
     <span class='ocr_line' id='line_1_4' title="bbox 829 657 3924 753; baseline -0.005 -18"><span class='ocrx_word' id='word_1_14' title='bbox 829 672 1064 735; x_wconf 91' lang='lat' dir='ltr'><strong>divinis</strong></span> <span class='ocrx_word' id='word_1_15' title='bbox 1100 672 1257 753; x_wconf 89' lang='lat' dir='ltr'><strong>(non</strong></span> <span class='ocrx_word' id='word_1_16' title='bbox 1297 668 1470 730; x_wconf 90' lang='lat' dir='ltr'><strong>enim</strong></span> <span class='ocrx_word' id='word_1_17' title='bbox 1509 672 1820 748; x_wconf 74' lang='lat' dir='ltr'><strong>repugnat</strong></span> <span class='ocrx_word' id='word_1_18' title='bbox 1864 664 1976 726; x_wconf 89' lang='lat' dir='ltr'><strong>sed</strong></span> <span class='ocrx_word' id='word_1_19' title='bbox 2019 668 2324 725; x_wconf 84' lang='lat' dir='ltr'><strong>consonat</strong></span> <span class='ocrx_word' id='word_1_20' title='bbox 2353 660 2404 723; x_wconf 88' lang='lat' dir='ltr'><strong>A</strong></span> <span class='ocrx_word' id='word_1_21' title='bbox 2436 668 2797 743; x_wconf 81' lang='lat' dir='ltr'><strong>coaequatur</strong></span> <span class='ocrx_word' id='word_1_22' title='bbox 2854 661 2934 734; x_wconf 88' lang='lat' dir='ltr'><strong>ei,</strong></span> <span class='ocrx_word' id='word_1_23' title='bbox 2996 678 3123 723; x_wconf 92' lang='lat' dir='ltr'><strong>non</strong></span> <span class='ocrx_word' id='word_1_24' title='bbox 3185 659 3343 722; x_wconf 93' lang='lat' dir='ltr'><strong>illud</strong></span> <span class='ocrx_word' id='word_1_25' title='bbox 3401 657 3684 740; x_wconf 84' lang='lat' dir='ltr'><strong>imagini.</strong></span> <span class='ocrx_word' id='word_1_26' title='bbox 3746 658 3924 721; x_wconf 84' lang='lat' dir='ltr'>Idem</span> 
     </span>
    </p>
   </div>
   <div class='ocr_carea' id='block_1_5' title="bbox 825 764 2328 3009">
    <p class='ocr_par' dir='ltr' id='par_1_5' title="bbox 825 764 2328 3009">
     <span class='ocr_line' id='line_1_5' title="bbox 828 764 2326 852; baseline -0.009 -18"><span class='ocrx_word' id='word_1_27' title='bbox 828 768 1274 852; x_wconf 82' lang='lat' dir='ltr'><strong>simplicitati),</strong></span> <span class='ocrx_word' id='word_1_28' title='bbox 1327 766 1563 828; x_wconf 90' lang='lat' dir='ltr'><strong>idcirco</strong></span> <span class='ocrx_word' id='word_1_29' title='bbox 1617 764 1970 826; x_wconf 87' lang='lat' dir='ltr'><strong>secundum</strong></span> <span class='ocrx_word' id='word_1_30' title='bbox 2029 781 2169 824; x_wconf 93' lang='lat' dir='ltr'><strong>eam</strong></span> <span class='ocrx_word' id='word_1_31' title='bbox 2230 767 2326 822; x_wconf 90' lang='lat' dir='ltr'><strong>est</strong></span> 
     </span>
     <span class='ocr_line' id='line_1_6' title="bbox 829 858 2322 951; baseline -0.011 -17"><span class='ocrx_word' id='word_1_32' title='bbox 829 869 1153 951; x_wconf 82' lang='lat' dir='ltr'><strong>aequalitas</strong></span> <span class='ocrx_word' id='word_1_33' title='bbox 1204 867 1269 927; x_wconf 88' lang='lat' dir='ltr'><strong>in</strong></span> <span class='ocrx_word' id='word_1_34' title='bbox 1322 865 1630 947; x_wconf 84' lang='lat' dir='ltr'><strong>personiS.</strong></span> <span class='ocrx_word' id='word_1_35' title='bbox 1674 899 1756 907; x_wconf 94' lang='lat'><strong>—</strong></span> <span class='ocrx_word' id='word_1_36' title='bbox 1799 862 1907 923; x_wconf 89' lang='lat' dir='ltr'><strong>Est</strong></span> <span class='ocrx_word' id='word_1_37' title='bbox 1953 878 2209 943; x_wconf 89' lang='lat' dir='ltr'><strong>quoque</strong></span> <span class='ocrx_word' id='word_1_38' title='bbox 2257 858 2322 919; x_wconf 90' lang='lat' dir='ltr'><strong>in</strong></span> 
     </span>
     <span class='ocr_line' id='line_1_7' title="bbox 827 960 2324 1046; baseline -0.009 -15"><span class='ocrx_word' id='word_1_39' title='bbox 827 970 922 1031; x_wconf 89' lang='lat' dir='ltr'><strong>eis</strong></span> <span class='ocrx_word' id='word_1_40' title='bbox 951 985 1202 1031; x_wconf 89' lang='lat' dir='ltr'><strong>summa</strong></span> <span class='ocrx_word' id='word_1_41' title='bbox 1230 964 1575 1046; x_wconf 64' lang='lat' dir='ltr'><strong>aequalitas,</strong></span> <span class='ocrx_word' id='word_1_42' title='bbox 1601 962 1775 1035; x_wconf 87' lang='lat' dir='ltr'><strong>Quod</strong></span> <span class='ocrx_word' id='word_1_43' title='bbox 1805 960 2196 1040; x_wconf 82' lang='lat' dir='ltr'><strong>Augustinus</strong></span> <span class='ocrx_word' id='word_1_44' title='bbox 2227 975 2324 1019; x_wconf 92' lang='lat' dir='ltr'><strong>os-</strong></span> 
     </span>
     <span class='ocr_line' id='line_1_8' title="bbox 826 1054 2325 1141; baseline -0.009 -12"><span class='ocrx_word' id='word_1_45' title='bbox 826 1066 1029 1129; x_wconf 82' lang='lat' dir='ltr'><strong>tendit</strong></span> <span class='ocrx_word' id='word_1_46' title='bbox 1079 1062 1464 1126; x_wconf 87' lang='lat' dir='ltr'><strong>removendo</strong></span> <span class='ocrx_word' id='word_1_47' title='bbox 1508 1080 1545 1122; x_wconf 90' lang='lat' dir='ltr'><strong>a</strong></span> <span class='ocrx_word' id='word_1_48' title='bbox 1588 1059 1876 1141; x_wconf 91' lang='lat' dir='ltr'><strong>personis</strong></span> <span class='ocrx_word' id='word_1_49' title='bbox 1923 1075 2179 1121; x_wconf 90' lang='lat' dir='ltr'><strong>omnem</strong></span> <span class='ocrx_word' id='word_1_50' title='bbox 2234 1054 2325 1116; x_wconf 91' lang='lat' dir='ltr'><strong>in-</strong></span> 
     </span>
     <span class='ocr_line' id='line_1_9' title="bbox 828 1157 2325 1245; baseline -0.008 -19"><span class='ocrx_word' id='word_1_51' title='bbox 828 1164 1278 1245; x_wconf 63' lang='lat' dir='ltr'><strong>aequalitatem,</strong></span> <span class='ocrx_word' id='word_1_52' title='bbox 1311 1179 1510 1242; x_wconf 88' lang='lat' dir='ltr'><strong>quum</strong></span> <span class='ocrx_word' id='word_1_53' title='bbox 1544 1159 1631 1220; x_wconf 91' lang='lat' dir='ltr'><strong>ait</strong></span> <span class='ocrx_word' id='word_1_54' title='bbox 1657 1176 1669 1218; x_wconf 90' lang='lat'><strong>:</strong></span> <span class='ocrx_word' id='word_1_55' title='bbox 1695 1157 1880 1219; x_wconf 88' lang='lat' dir='ltr'><strong>Nulla</strong></span> <span class='ocrx_word' id='word_1_56' title='bbox 1910 1172 2325 1237; x_wconf 86' lang='lat' dir='ltr'><strong>personarum</strong></span> 
     </span>
     <span class='ocr_line' id='line_1_10' title="bbox 830 1252 2328 1345; baseline -0.008 -21"><span class='ocrx_word' id='word_1_57' title='bbox 830 1262 1131 1345; x_wconf 86' lang='lat' dir='ltr'><strong>praecedit</strong></span> <span class='ocrx_word' id='word_1_58' title='bbox 1159 1260 1349 1321; x_wconf 89' lang='lat' dir='ltr'><strong>aliam</strong></span> <span class='ocrx_word' id='word_1_59' title='bbox 1379 1258 1750 1330; x_wconf 65' lang='lat' dir='ltr'><strong>aeternitate,</strong></span> <span class='ocrx_word' id='word_1_60' title='bbox 1776 1274 1892 1317; x_wconf 91' lang='lat' dir='ltr'><strong>nec</strong></span> <span class='ocrx_word' id='word_1_61' title='bbox 1925 1252 2172 1317; x_wconf 79' lang='lat' dir='ltr'><strong>excedit</strong></span> <span class='ocrx_word' id='word_1_62' title='bbox 2206 1270 2328 1313; x_wconf 90' lang='lat' dir='ltr'><strong>ma-</strong></span> 
     </span>
     <span class='ocr_line' id='line_1_11' title="bbox 826 1352 2325 1439; baseline -0.008 -17"><span class='ocrx_word' id='word_1_63' title='bbox 826 1360 1182 1439; x_wconf 88' lang='lat' dir='ltr'><strong>gnitudine,</strong></span> <span class='ocrx_word' id='word_1_64' title='bbox 1216 1376 1333 1419; x_wconf 86' lang='lat' dir='ltr'><strong>nec</strong></span> <span class='ocrx_word' id='word_1_65' title='bbox 1383 1363 1638 1438; x_wconf 90' lang='lat' dir='ltr'><strong>superat</strong></span> <span class='ocrx_word' id='word_1_66' title='bbox 1685 1360 2011 1435; x_wconf 86' lang='lat' dir='ltr'><strong>potestate.</strong></span> <span class='ocrx_word' id='word_1_67' title='bbox 2047 1352 2325 1425; x_wconf 85' lang='lat' dir='ltr'><strong>Quarum</strong></span> 
     </span>
     <span class='ocr_line' id='line_1_12' title="bbox 827 1449 2325 1535; baseline -0.006 -17"><span class='ocrx_word' id='word_1_68' title='bbox 827 1456 1221 1519; x_wconf 77' lang='lat' dir='ltr'><strong>sufficientia</strong></span> <span class='ocrx_word' id='word_1_69' title='bbox 1270 1456 1362 1517; x_wconf 88' lang='lat' dir='ltr'><strong>sic</strong></span> <span class='ocrx_word' id='word_1_70' title='bbox 1405 1453 1609 1535; x_wconf 89' lang='lat' dir='ltr'><strong>accipi</strong></span> <span class='ocrx_word' id='word_1_71' title='bbox 1659 1459 1864 1534; x_wconf 88' lang='lat' dir='ltr'><strong>potest</strong></span> <span class='ocrx_word' id='word_1_72' title='bbox 1901 1468 1914 1511; x_wconf 87' lang='lat'><strong>:</strong></span> <span class='ocrx_word' id='word_1_73' title='bbox 1950 1451 2066 1513; x_wconf 88' lang='lat' dir='ltr'><strong>Res</strong></span> <span class='ocrx_word' id='word_1_74' title='bbox 2118 1449 2325 1511; x_wconf 91' lang='lat' dir='ltr'><strong>consi-</strong></span> 
     </span>
     <span class='ocr_line' id='line_1_13' title="bbox 826 1548 2324 1636; baseline -0.005 -20"><span class='ocrx_word' id='word_1_75' title='bbox 826 1555 1032 1617; x_wconf 89' lang='lat' dir='ltr'><strong>derari</strong></span> <span class='ocrx_word' id='word_1_76' title='bbox 1067 1561 1274 1636; x_wconf 90' lang='lat' dir='ltr'><strong>potest</strong></span> <span class='ocrx_word' id='word_1_77' title='bbox 1312 1552 1670 1633; x_wconf 86' lang='lat' dir='ltr'><strong>tripliciter.</strong></span> <span class='ocrx_word' id='word_1_78' title='bbox 1705 1550 1936 1621; x_wconf 89' lang='lat' dir='ltr'><strong>Primo,</strong></span> <span class='ocrx_word' id='word_1_79' title='bbox 1975 1548 2040 1609; x_wconf 91' lang='lat' dir='ltr'><strong>in</strong></span> <span class='ocrx_word' id='word_1_80' title='bbox 2071 1564 2324 1628; x_wconf 89' lang='lat' dir='ltr'><strong>compa-</strong></span> 
     </span>
     <span class='ocr_line' id='line_1_14' title="bbox 825 1646 2321 1730; baseline -0.005 -17"><span class='ocrx_word' id='word_1_81' title='bbox 825 1654 1068 1715; x_wconf 84' lang='lat' dir='ltr'><strong>ratione</strong></span> <span class='ocrx_word' id='word_1_82' title='bbox 1117 1654 1195 1714; x_wconf 90' lang='lat' dir='ltr'><strong>ad</strong></span> <span class='ocrx_word' id='word_1_83' title='bbox 1245 1671 1424 1713; x_wconf 90' lang='lat' dir='ltr'><strong>suam</strong></span> <span class='ocrx_word' id='word_1_84' title='bbox 1475 1649 1809 1730; x_wconf 90' lang='lat' dir='ltr'><strong>originem,</strong></span> <span class='ocrx_word' id='word_1_85' title='bbox 1861 1654 1923 1708; x_wconf 90' lang='lat' dir='ltr'><strong>et</strong></span> <span class='ocrx_word' id='word_1_86' title='bbox 1973 1646 2065 1708; x_wconf 89' lang='lat' dir='ltr'><strong>sic</strong></span> <span class='ocrx_word' id='word_1_87' title='bbox 2123 1664 2321 1707; x_wconf 91' lang='lat' dir='ltr'><strong>unum</strong></span> 
     </span>
     <span class='ocr_line' id='line_1_15' title="bbox 828 1744 2323 1831; baseline -0.005 -18"><span class='ocrx_word' id='word_1_88' title='bbox 828 1752 1034 1831; x_wconf 89' lang='lat' dir='ltr'><strong>majus</strong></span> <span class='ocrx_word' id='word_1_89' title='bbox 1080 1759 1176 1813; x_wconf 89' lang='lat' dir='ltr'><strong>est</strong></span> <span class='ocrx_word' id='word_1_90' title='bbox 1219 1751 1436 1823; x_wconf 82' lang='lat' dir='ltr'><strong>altem,</strong></span> <span class='ocrx_word' id='word_1_91' title='bbox 1471 1748 1725 1830; x_wconf 90' lang='lat' dir='ltr'><strong>quando</strong></span> <span class='ocrx_word' id='word_1_92' title='bbox 1768 1746 1944 1826; x_wconf 89' lang='lat' dir='ltr'><strong>origo</strong></span> <span class='ocrx_word' id='word_1_93' title='bbox 1982 1744 2123 1825; x_wconf 85' lang='lat' dir='ltr'><strong>ejus</strong></span> <span class='ocrx_word' id='word_1_94' title='bbox 2170 1763 2323 1825; x_wconf 82' lang='lat' dir='ltr'><strong>prae-</strong></span> 
     </span>
     <span class='ocr_line' id='line_1_16' title="bbox 828 1850 1072 1912; baseline -0.004 0"><span class='ocrx_word' id='word_1_95' title='bbox 828 1850 996 1912; x_wconf 80' lang='lat' dir='ltr'><strong>cedit</strong></span> <span class='ocrx_word' id='word_1_96' title='bbox 1058 1867 1072 1911; x_wconf 76' lang='grc' dir='ltr'><strong>ε</strong></span> 
     </span>
     <span class='ocr_line' id='line_1_17' title="bbox 829 1940 2325 2022; baseline -0.007 -11"><span class='ocrx_word' id='word_1_97' title='bbox 829 1948 1241 2011; x_wconf 64' lang='lat' dir='ltr'><strong>coaeternitas,</strong></span> <span class='ocrx_word' id='word_1_98' title='bbox 1297 1945 1607 2017; x_wconf 90' lang='lat' dir='ltr'><strong>Secundo,</strong></span> <span class='ocrx_word' id='word_1_99' title='bbox 1661 1943 1726 2005; x_wconf 90' lang='lat' dir='ltr'><strong>in</strong></span> <span class='ocrx_word' id='word_1_100' title='bbox 1783 1962 1850 2004; x_wconf 90' lang='lat' dir='ltr'><strong>se</strong></span> <span class='ocrx_word' id='word_1_101' title='bbox 1901 1942 2059 2022; x_wconf 91' lang='lat' dir='ltr'><strong>ipsa,</strong></span> <span class='ocrx_word' id='word_1_102' title='bbox 2113 1948 2175 2002; x_wconf 89' lang='lat' dir='ltr'><strong>et</strong></span> <span class='ocrx_word' id='word_1_103' title='bbox 2232 1940 2325 2001; x_wconf 89' lang='lat' dir='ltr'><strong>sic</strong></span> 
     </span>
     <span class='ocr_line' id='line_1_18' title="bbox 829 2038 2327 2127; baseline -0.008 -19"><span class='ocrx_word' id='word_1_104' title='bbox 829 2045 1074 2127; x_wconf 86' lang='lat' dir='ltr'><strong>aliquid</strong></span> <span class='ocrx_word' id='word_1_105' title='bbox 1130 2044 1364 2106; x_wconf 87' lang='lat' dir='ltr'><strong>dicitur</strong></span> <span class='ocrx_word' id='word_1_106' title='bbox 1423 2042 1651 2123; x_wconf 81' lang='lat' dir='ltr'><strong>majuS,</strong></span> <span class='ocrx_word' id='word_1_107' title='bbox 1707 2040 1858 2121; x_wconf 90' lang='lat' dir='ltr'><strong>quia</strong></span> <span class='ocrx_word' id='word_1_108' title='bbox 1914 2038 2172 2119; x_wconf 90' lang='lat' dir='ltr'><strong>majoris</strong></span> <span class='ocrx_word' id='word_1_109' title='bbox 2232 2043 2327 2098; x_wconf 90' lang='lat' dir='ltr'><strong>est</strong></span> 
     </span>
     <span class='ocr_line' id='line_1_19' title="bbox 830 2138 2326 2221; baseline -0.007 -16"><span class='ocrx_word' id='word_1_110' title='bbox 830 2143 1218 2205; x_wconf 80' lang='lat' dir='ltr'><strong>extensionis</strong></span> <span class='ocrx_word' id='word_1_111' title='bbox 1248 2149 1356 2203; x_wconf 92' lang='lat' dir='ltr'><strong>aut</strong></span> <span class='ocrx_word' id='word_1_112' title='bbox 1389 2140 1646 2221; x_wconf 84' lang='lat' dir='ltr'><strong>maj0ris</strong></span> <span class='ocrx_word' id='word_1_113' title='bbox 1677 2138 1908 2200; x_wconf 89' lang='lat' dir='ltr'><strong>valoris</strong></span> <span class='ocrx_word' id='word_1_114' title='bbox 1939 2143 2326 2219; x_wconf 89' lang='lat' dir='ltr'><strong>:quocontra</strong></span> 
     </span>
     <span class='ocr_line' id='line_1_20' title="bbox 831 2236 2325 2321; baseline -0.007 -17"><span class='ocrx_word' id='word_1_115' title='bbox 831 2242 1214 2304; x_wconf 89' lang='lat' dir='ltr'><strong>adscribitur</strong></span> <span class='ocrx_word' id='word_1_116' title='bbox 1269 2240 1593 2321; x_wconf 84' lang='lat' dir='ltr'><strong>aequalitas</strong></span> <span class='ocrx_word' id='word_1_117' title='bbox 1652 2236 2130 2317; x_wconf 83' lang='lat' dir='ltr'><strong>magnitudiniS,</strong></span> <span class='ocrx_word' id='word_1_118' title='bbox 2181 2253 2325 2316; x_wconf 83' lang='lat' dir='ltr'><strong>quae</strong></span> 
     </span>
     <span class='ocr_line' id='line_1_21' title="bbox 830 2332 2320 2417; baseline -0.005 -17"><span class='ocrx_word' id='word_1_119' title='bbox 830 2339 1177 2401; x_wconf 88' lang='lat' dir='ltr'><strong>attenditur</strong></span> <span class='ocrx_word' id='word_1_120' title='bbox 1204 2357 1333 2402; x_wconf 93' lang='lat' dir='ltr'><strong>non</strong></span> <span class='ocrx_word' id='word_1_121' title='bbox 1365 2344 1609 2400; x_wconf 88' lang='lat' dir='ltr'><strong>tantum</strong></span> <span class='ocrx_word' id='word_1_122' title='bbox 1640 2342 1949 2417; x_wconf 84' lang='lat' dir='ltr'><strong>quantum</strong></span> <span class='ocrx_word' id='word_1_123' title='bbox 1978 2334 2058 2396; x_wconf 89' lang='lat' dir='ltr'><strong>ad</strong></span> <span class='ocrx_word' id='word_1_124' title='bbox 2090 2332 2320 2405; x_wconf 90' lang='lat' dir='ltr'><strong>locum,</strong></span> 
     </span>
     <span class='ocr_line' id='line_1_22' title="bbox 830 2431 2321 2518; baseline -0.005 -19"><span class='ocrx_word' id='word_1_125' title='bbox 830 2437 939 2499; x_wconf 90' lang='lat' dir='ltr'><strong>sed</strong></span> <span class='ocrx_word' id='word_1_126' title='bbox 971 2438 1162 2499; x_wconf 90' lang='lat' dir='ltr'><strong>etiam</strong></span> <span class='ocrx_word' id='word_1_127' title='bbox 1194 2437 1400 2518; x_wconf 89' lang='lat' dir='ltr'><strong>quoad</strong></span> <span class='ocrx_word' id='word_1_128' title='bbox 1441 2433 1822 2517; x_wconf 86' lang='lat' dir='ltr'><strong>sapientiam</strong></span> <span class='ocrx_word' id='word_1_129' title='bbox 1851 2440 1913 2494; x_wconf 89' lang='lat' dir='ltr'><strong>et</strong></span> <span class='ocrx_word' id='word_1_130' title='bbox 1951 2431 2321 2504; x_wconf 88' lang='lat' dir='ltr'><strong>bonitatem,</strong></span> 
     </span>
     <span class='ocr_line' id='line_1_23' title="bbox 829 2527 2324 2615; baseline -0.006 -18"><span class='ocrx_word' id='word_1_131' title='bbox 829 2542 892 2597; x_wconf 90' lang='lat' dir='ltr'><strong>et</strong></span> <span class='ocrx_word' id='word_1_132' title='bbox 921 2536 1000 2597; x_wconf 86' lang='lat' dir='ltr'><strong>ad</strong></span> <span class='ocrx_word' id='word_1_133' title='bbox 1031 2552 1220 2597; x_wconf 90' lang='lat' dir='ltr'><strong>omne</strong></span> <span class='ocrx_word' id='word_1_134' title='bbox 1250 2552 1377 2615; x_wconf 90' lang='lat' dir='ltr'><strong>quo</strong></span> <span class='ocrx_word' id='word_1_135' title='bbox 1417 2532 1661 2613; x_wconf 88' lang='lat' dir='ltr'><strong>aliquid</strong></span> <span class='ocrx_word' id='word_1_136' title='bbox 1691 2531 1926 2592; x_wconf 91' lang='lat' dir='ltr'><strong>dicitur</strong></span> <span class='ocrx_word' id='word_1_137' title='bbox 1955 2529 2080 2591; x_wconf 91' lang='lat' dir='ltr'><strong>alio</strong></span> <span class='ocrx_word' id='word_1_138' title='bbox 2118 2527 2324 2608; x_wconf 86' lang='lat' dir='ltr'><strong>majus</strong></span> 
     </span>
     <span class='ocr_line' id='line_1_24' title="bbox 828 2627 2324 2711; baseline -0.005 -16"><span class='ocrx_word' id='word_1_139' title='bbox 828 2641 938 2695; x_wconf 89' lang='lat' dir='ltr'><strong>aut</strong></span> <span class='ocrx_word' id='word_1_140' title='bbox 969 2632 1218 2694; x_wconf 89' lang='lat' dir='ltr'><strong>melius.</strong></span> <span class='ocrx_word' id='word_1_141' title='bbox 1254 2630 1485 2704; x_wconf 88' lang='lat' dir='ltr'><strong>Tertio,</strong></span> <span class='ocrx_word' id='word_1_142' title='bbox 1519 2649 1633 2711; x_wconf 91' lang='lat' dir='ltr'><strong>per</strong></span> <span class='ocrx_word' id='word_1_143' title='bbox 1667 2628 2207 2710; x_wconf 88' lang='lat' dir='ltr'><strong>comparationem</strong></span> <span class='ocrx_word' id='word_1_144' title='bbox 2246 2627 2324 2688; x_wconf 93' lang='lat' dir='ltr'><strong>ad</strong></span> 
     </span>
     <span class='ocr_line' id='line_1_25' title="bbox 827 2724 2327 2810; baseline -0.006 -16"><span class='ocrx_word' id='word_1_145' title='bbox 827 2750 1018 2794; x_wconf 91' lang='lat' dir='ltr'><strong>suum</strong></span> <span class='ocrx_word' id='word_1_146' title='bbox 1047 2730 1376 2803; x_wconf 82' lang='lat' dir='ltr'><strong>effectum,</strong></span> <span class='ocrx_word' id='word_1_147' title='bbox 1401 2729 1622 2810; x_wconf 88' lang='lat' dir='ltr'><strong>sicque</strong></span> <span class='ocrx_word' id='word_1_148' title='bbox 1653 2727 1888 2789; x_wconf 88' lang='lat' dir='ltr'><strong>dicitur</strong></span> <span class='ocrx_word' id='word_1_149' title='bbox 1920 2724 2150 2806; x_wconf 86' lang='lat' dir='ltr'><strong>majus,</strong></span> <span class='ocrx_word' id='word_1_150' title='bbox 2176 2725 2327 2807; x_wconf 92' lang='lat' dir='ltr'><strong>quia</strong></span> 
     </span>
     <span class='ocr_line' id='line_1_26' title="bbox 830 2825 2328 2912; baseline -0.004 -20"><span class='ocrx_word' id='word_1_151' title='bbox 830 2830 1152 2912; x_wconf 85' lang='lat' dir='ltr'><strong>potentius</strong></span> <span class='ocrx_word' id='word_1_152' title='bbox 1187 2846 1200 2890; x_wconf 75' lang='grc' dir='ltr'><strong>ε</strong></span> <span class='ocrx_word' id='word_1_153' title='bbox 1235 2836 1454 2890; x_wconf 90' lang='lat' dir='ltr'><strong>contra</strong></span> <span class='ocrx_word' id='word_1_154' title='bbox 1496 2827 1664 2908; x_wconf 90' lang='lat' dir='ltr'><strong>quod</strong></span> <span class='ocrx_word' id='word_1_155' title='bbox 1708 2825 2079 2888; x_wconf 87' lang='lat' dir='ltr'><strong>attribuitur</strong></span> <span class='ocrx_word' id='word_1_156' title='bbox 2117 2841 2328 2906; x_wconf 89' lang='lat' dir='ltr'><strong>perso-</strong></span> 
     </span>
     <span class='ocr_line' id='line_1_27' title="bbox 829 2922 2325 3009; baseline -0.005 -19"><span class='ocrx_word' id='word_1_157' title='bbox 829 2928 930 2990; x_wconf 90' lang='lat' dir='ltr'><strong>nis</strong></span> <span class='ocrx_word' id='word_1_158' title='bbox 973 2926 1299 3009; x_wconf 82' lang='lat' dir='ltr'><strong>aequalitas</strong></span> <span class='ocrx_word' id='word_1_159' title='bbox 1351 2924 1698 3007; x_wconf 72' lang='lat' dir='ltr'><strong>potestatis</strong></span> <span class='ocrx_word' id='word_1_160' title='bbox 1747 2959 1828 2968; x_wconf 95' lang='lat'>—</span> <span class='ocrx_word' id='word_1_161' title='bbox 1868 2924 2172 2985; x_wconf 68' lang='lat' dir='ltr'><strong>Praeterea</strong></span> <span class='ocrx_word' id='word_1_162' title='bbox 2220 2922 2325 2983; x_wconf 90' lang='lat' dir='ltr'><strong>ad-</strong></span> 
     </span>
    </p>
   </div>
   <div class='ocr_carea' id='block_1_6' title="bbox 2434 758 3933 1827">
    <p class='ocr_par' dir='ltr' id='par_1_6' title="bbox 2434 758 3927 1018">
     <span class='ocr_line' id='line_1_28' title="bbox 2434 758 3923 839; baseline -0.001 -20"><span class='ocrx_word' id='word_1_163' title='bbox 2434 759 2774 821; x_wconf 91' lang='lat' dir='ltr'><strong>dicendum</strong></span> <span class='ocrx_word' id='word_1_164' title='bbox 2824 760 2901 821; x_wconf 89' lang='lat' dir='ltr'><strong>ad</strong></span> <span class='ocrx_word' id='word_1_165' title='bbox 2951 759 3145 820; x_wconf 89' lang='lat' dir='ltr'><strong>verba</strong></span> <span class='ocrx_word' id='word_1_166' title='bbox 3192 758 3551 839; x_wconf 83' lang='lat' dir='ltr'><strong>Augustini,</strong></span> <span class='ocrx_word' id='word_1_167' title='bbox 3603 758 3710 839; x_wconf 89' lang='lat' dir='ltr'><strong>qui</strong></span> <span class='ocrx_word' id='word_1_168' title='bbox 3762 758 3853 818; x_wconf 85' lang='lat' dir='ltr'><strong>ait</strong></span> <span class='ocrx_word' id='word_1_169' title='bbox 3906 775 3923 817; x_wconf 82' lang='lat' dir='ltr'><strong>t</strong></span> 
     </span>
     <span class='ocr_line' id='line_1_29' title="bbox 2436 855 3927 937; baseline 0 -20"><span class='ocrx_word' id='word_1_170' title='bbox 2436 858 2503 917; x_wconf 92' lang='lat' dir='ltr'><strong>ln</strong></span> <span class='ocrx_word' id='word_1_171' title='bbox 2552 857 2729 919; x_wconf 87' lang='lat' dir='ltr'><strong>Patre</strong></span> <span class='ocrx_word' id='word_1_172' title='bbox 2778 858 3007 930; x_wconf 71' lang='lat' dir='ltr'><strong>unitaS,</strong></span> <span class='ocrx_word' id='word_1_173' title='bbox 3062 858 3125 919; x_wconf 91' lang='lat' dir='ltr'><strong>in</strong></span> <span class='ocrx_word' id='word_1_174' title='bbox 3180 857 3341 919; x_wconf 83' lang='lat' dir='ltr'><strong>Filio</strong></span> <span class='ocrx_word' id='word_1_175' title='bbox 3392 855 3737 937; x_wconf 81' lang='lat' dir='ltr'><strong>aequalitaS.</strong></span> <span class='ocrx_word' id='word_1_176' title='bbox 3780 856 3927 917; x_wconf 77' lang='lat' dir='ltr'><strong>Haec</strong></span> 
     </span>
     <span class='ocr_line' id='line_1_30' title="bbox 2436 955 2891 1018; baseline 0.002 -2"><span class='ocrx_word' id='word_1_177' title='bbox 2436 955 2891 1018; x_wconf 89' lang='lat' dir='ltr'><strong>Bonaventura.</strong></span> 
     </span>
    </p>

    <p class='ocr_par' dir='ltr' id='par_1_7' title="bbox 2436 1053 3933 1511">
     <span class='ocr_line' id='line_1_31' title="bbox 2518 1053 3933 1137; baseline 0.001 -22"><span class='ocrx_word' id='word_1_178' title='bbox 2518 1055 2605 1116; x_wconf 88' lang='lat' dir='ltr'><strong>Ex</strong></span> <span class='ocrx_word' id='word_1_179' title='bbox 2651 1055 2885 1137; x_wconf 91' lang='lat' dir='ltr'><strong>quibus</strong></span> <span class='ocrx_word' id='word_1_180' title='bbox 2926 1062 3095 1136; x_wconf 86' lang='lat' dir='ltr'><strong>patet</strong></span> <span class='ocrx_word' id='word_1_181' title='bbox 3134 1055 3327 1116; x_wconf 90' lang='lat' dir='ltr'><strong>trium</strong></span> <span class='ocrx_word' id='word_1_182' title='bbox 3368 1054 3599 1116; x_wconf 88' lang='lat' dir='ltr'><strong>solutio</strong></span> <span class='ocrx_word' id='word_1_183' title='bbox 3636 1053 3933 1134; x_wconf 86' lang='lat' dir='ltr'><strong>quaestio·</strong></span> 
     </span>
     <span class='ocr_line' id='line_1_32' title="bbox 2436 1152 3929 1233; baseline -0.001 -18"><span class='ocrx_word' id='word_1_184' title='bbox 2436 1173 2606 1215; x_wconf 92' lang='lat' dir='ltr'><strong>num.</strong></span> <span class='ocrx_word' id='word_1_185' title='bbox 2626 1154 2831 1215; x_wconf 87' lang='lat' dir='ltr'><strong>Prima</strong></span> <span class='ocrx_word' id='word_1_186' title='bbox 2859 1161 2972 1227; x_wconf 93' lang='lat' dir='ltr'><strong>est,</strong></span> <span class='ocrx_word' id='word_1_187' title='bbox 2990 1173 3070 1216; x_wconf 91' lang='lat' dir='ltr'><strong>an</strong></span> <span class='ocrx_word' id='word_1_188' title='bbox 3104 1152 3167 1214; x_wconf 92' lang='lat' dir='ltr'><strong>in</strong></span> <span class='ocrx_word' id='word_1_189' title='bbox 3198 1152 3434 1214; x_wconf 88' lang='lat' dir='ltr'><strong>divinis</strong></span> <span class='ocrx_word' id='word_1_190' title='bbox 3466 1152 3549 1213; x_wconf 84' lang='lat' dir='ltr'><strong>sit</strong></span> <span class='ocrx_word' id='word_1_191' title='bbox 3577 1152 3929 1233; x_wconf 47' lang='lat' dir='ltr'><strong>aequalium</strong></span> 
     </span>
     <span class='ocr_line' id='line_1_33' title="bbox 2436 1250 3929 1331; baseline -0.003 -17"><span class='ocrx_word' id='word_1_192' title='bbox 2436 1252 2735 1326; x_wconf 84' lang='lat' dir='ltr'><strong>secunda,</strong></span> <span class='ocrx_word' id='word_1_193' title='bbox 2795 1271 2872 1313; x_wconf 87' lang='lat' dir='ltr'><strong>an</strong></span> <span class='ocrx_word' id='word_1_194' title='bbox 2933 1252 3017 1313; x_wconf 85' lang='lat' dir='ltr'><strong>sit</strong></span> <span class='ocrx_word' id='word_1_195' title='bbox 3080 1250 3169 1313; x_wconf 89' lang='lat' dir='ltr'><strong>ihi</strong></span> <span class='ocrx_word' id='word_1_196' title='bbox 3234 1269 3486 1311; x_wconf 89' lang='lat' dir='ltr'><strong>summa</strong></span> <span class='ocrx_word' id='word_1_197' title='bbox 3544 1250 3929 1331; x_wconf 76' lang='lat' dir='ltr'><strong>aequalita83</strong></span> 
     </span>
     <span class='ocr_line' id='line_1_34' title="bbox 2440 1349 3933 1431; baseline 0 -20"><span class='ocrx_word' id='word_1_198' title='bbox 2440 1351 2643 1425; x_wconf 86' lang='lat' dir='ltr'><strong>tertia,</strong></span> <span class='ocrx_word' id='word_1_199' title='bbox 2687 1371 2766 1412; x_wconf 89' lang='lat' dir='ltr'><strong>an</strong></span> <span class='ocrx_word' id='word_1_200' title='bbox 2818 1351 2901 1412; x_wconf 88' lang='lat' dir='ltr'><strong>sit</strong></span> <span class='ocrx_word' id='word_1_201' title='bbox 2944 1350 3031 1411; x_wconf 90' lang='lat' dir='ltr'><strong>ibi</strong></span> <span class='ocrx_word' id='word_1_202' title='bbox 3082 1349 3405 1431; x_wconf 83' lang='lat' dir='ltr'><strong>aequalitas</strong></span> <span class='ocrx_word' id='word_1_203' title='bbox 3454 1368 3601 1410; x_wconf 90' lang='lat' dir='ltr'><strong>cum</strong></span> <span class='ocrx_word' id='word_1_204' title='bbox 3652 1350 3933 1429; x_wconf 88' lang='lat' dir='ltr'><strong>recipro—</strong></span> 
     </span>
     <span class='ocr_line' id='line_1_35' title="bbox 2438 1449 2704 1511; baseline 0 -1"><span class='ocrx_word' id='word_1_205' title='bbox 2438 1449 2704 1511; x_wconf 89' lang='lat' dir='ltr'><strong>catione.</strong></span> 
     </span>
    </p>

    <p class='ocr_par' dir='ltr' id='par_1_8' title="bbox 2438 1546 3931 1827">
     <span class='ocr_line' id='line_1_36' title="bbox 2517 1546 3931 1629; baseline -0.001 -20"><span class='ocrx_word' id='word_1_206' title='bbox 2517 1549 2735 1609; x_wconf 89' lang='lat' dir='ltr'><strong>Petrus</strong></span> <span class='ocrx_word' id='word_1_207' title='bbox 2783 1564 3037 1629; x_wconf 90' lang='lat' dir='ltr'><strong>quoque</strong></span> <span class='ocrx_word' id='word_1_208' title='bbox 3087 1546 3188 1609; x_wconf 91' lang='lat' dir='ltr'><strong>his</strong></span> <span class='ocrx_word' id='word_1_209' title='bbox 3241 1564 3595 1608; x_wconf 87' lang='lat' dir='ltr'><strong>consonans</strong></span> <span class='ocrx_word' id='word_1_210' title='bbox 3644 1562 3659 1606; x_wconf 72' lang='grc' dir='ltr'><strong>ε</strong></span> <span class='ocrx_word' id='word_1_211' title='bbox 3699 1547 3931 1626; x_wconf 83' lang='lat' dir='ltr'><strong>AEqua-</strong></span> 
     </span>
     <span class='ocr_line' id='line_1_37' title="bbox 2440 1644 3929 1728; baseline -0.002 -19"><span class='ocrx_word' id='word_1_212' title='bbox 2440 1649 2603 1721; x_wconf 86' lang='lat' dir='ltr'><strong>litas,</strong></span> <span class='ocrx_word' id='word_1_213' title='bbox 2660 1646 2887 1728; x_wconf 90' lang='lat' dir='ltr'><strong>inquit,</strong></span> <span class='ocrx_word' id='word_1_214' title='bbox 2938 1645 3287 1707; x_wconf 85' lang='lat' dir='ltr'><strong>attenditur</strong></span> <span class='ocrx_word' id='word_1_215' title='bbox 3344 1663 3539 1727; x_wconf 90' lang='lat' dir='ltr'><strong>penes</strong></span> <span class='ocrx_word' id='word_1_216' title='bbox 3600 1664 3797 1706; x_wconf 91' lang='lat' dir='ltr'><strong>unum</strong></span> <span class='ocrx_word' id='word_1_217' title='bbox 3861 1644 3929 1706; x_wconf 90' lang='lat' dir='ltr'><strong>in</strong></span> 
     </span>
     <span class='ocr_line' id='line_1_38' title="bbox 2438 1740 3927 1827; baseline -0.001 -21"><span class='ocrx_word' id='word_1_218' title='bbox 2438 1745 2806 1827; x_wconf 86' lang='lat' dir='ltr'><strong>quantitate.</strong></span> <span class='ocrx_word' id='word_1_219' title='bbox 2856 1744 3031 1817; x_wconf 87' lang='lat' dir='ltr'><strong>Quod</strong></span> <span class='ocrx_word' id='word_1_220' title='bbox 3082 1740 3473 1825; x_wconf 87' lang='lat' dir='ltr'><strong>potestesse</strong></span> <span class='ocrx_word' id='word_1_221' title='bbox 3520 1742 3862 1823; x_wconf 85' lang='lat' dir='ltr'><strong>dupliciter</strong></span> <span class='ocrx_word' id='word_1_222' title='bbox 3911 1761 3927 1804; x_wconf 73' lang='grc' dir='ltr'><strong>ε</strong></span> 
     </span>
    </p>
   </div>
   <div class='ocr_carea' id='block_1_7' title="bbox 1135 1836 3933 1925">
    <p class='ocr_par' dir='ltr' id='par_1_9' title="bbox 1135 1836 3933 1925">
     <span class='ocr_line' id='line_1_39' title="bbox 1135 1836 3933 1925; baseline -0.003 -15"><span class='ocrx_word' id='word_1_223' title='bbox 1135 1856 1352 1912; x_wconf 89' lang='lat' dir='ltr'><strong>contra</strong></span> <span class='ocrx_word' id='word_1_224' title='bbox 1410 1848 1530 1908; x_wconf 89' lang='lat' dir='ltr'><strong>hoc</strong></span> <span class='ocrx_word' id='word_1_225' title='bbox 1587 1844 1973 1907; x_wconf 87' lang='lat' dir='ltr'><strong>adscribitur</strong></span> <span class='ocrx_word' id='word_1_226' title='bbox 2034 1842 2323 1923; x_wconf 83' lang='lat' dir='ltr'><strong>personis</strong></span> <span class='ocrx_word' id='word_1_227' title='bbox 2361 1836 2408 1898; x_wconf 91' lang='lat' dir='ltr'><strong>B</strong></span> <span class='ocrx_word' id='word_1_228' title='bbox 2440 1844 2669 1925; x_wconf 90' lang='lat' dir='ltr'><strong>primo,</strong></span> <span class='ocrx_word' id='word_1_229' title='bbox 2705 1862 2899 1925; x_wconf 87' lang='lat' dir='ltr'><strong>penes</strong></span> <span class='ocrx_word' id='word_1_230' title='bbox 2938 1842 3318 1923; x_wconf 88' lang='lat' dir='ltr'><strong>simpliciter</strong></span> <span class='ocrx_word' id='word_1_231' title='bbox 3350 1848 3413 1903; x_wconf 88' lang='lat' dir='ltr'><strong>et</strong></span> <span class='ocrx_word' id='word_1_232' title='bbox 3452 1841 3933 1903; x_wconf 85' lang='lat' dir='ltr'><strong>indivisibiliter</strong></span> 
     </span>
    </p>
   </div>
   <div class='ocr_carea' id='block_1_8' title="bbox 2435 1940 3941 3004">
    <p class='ocr_par' dir='ltr' id='par_1_10' title="bbox 2435 1940 3941 3004">
     <span class='ocr_line' id='line_1_40' title="bbox 2439 1940 3930 2021; baseline -0.002 -17"><span class='ocrx_word' id='word_1_233' title='bbox 2439 1959 2676 2020; x_wconf 91' lang='lat' dir='ltr'><strong>unum;</strong></span> <span class='ocrx_word' id='word_1_234' title='bbox 2727 1941 3027 2009; x_wconf 90' lang='lat' dir='ltr'><strong>secundo,</strong></span> <span class='ocrx_word' id='word_1_235' title='bbox 3079 1959 3275 2021; x_wconf 88' lang='lat' dir='ltr'><strong>penes</strong></span> <span class='ocrx_word' id='word_1_236' title='bbox 3328 1959 3525 2001; x_wconf 91' lang='lat' dir='ltr'><strong>unum</strong></span> <span class='ocrx_word' id='word_1_237' title='bbox 3576 1940 3930 2001; x_wconf 90' lang='lat' dir='ltr'><strong>secundum</strong></span> 
     </span>
     <span class='ocr_line' id='line_1_41' title="bbox 2436 2036 3933 2121; baseline -0.001 -20"><span class='ocrx_word' id='word_1_238' title='bbox 2436 2040 2591 2121; x_wconf 88' lang='lat' dir='ltr'><strong>quid</strong></span> <span class='ocrx_word' id='word_1_239' title='bbox 2640 2058 2751 2100; x_wconf 89' lang='lat' dir='ltr'><strong>seu</strong></span> <span class='ocrx_word' id='word_1_240' title='bbox 2802 2037 3447 2119; x_wconf 89' lang='lat' dir='ltr'><strong>proportionabiliter.</strong></span> <span class='ocrx_word' id='word_1_241' title='bbox 3482 2037 3692 2099; x_wconf 91' lang='lat' dir='ltr'><strong>Primo</strong></span> <span class='ocrx_word' id='word_1_242' title='bbox 3742 2036 3933 2099; x_wconf 91' lang='lat' dir='ltr'><strong>modo</strong></span> 
     </span>
     <span class='ocr_line' id='line_1_42' title="bbox 2435 2135 3932 2217; baseline -0.001 -18"><span class='ocrx_word' id='word_1_243' title='bbox 2435 2138 2783 2199; x_wconf 80' lang='lat' dir='ltr'><strong>attenditur</strong></span> <span class='ocrx_word' id='word_1_244' title='bbox 2824 2135 3149 2217; x_wconf 82' lang='lat' dir='ltr'><strong>aequalitas</strong></span> <span class='ocrx_word' id='word_1_245' title='bbox 3193 2136 3310 2197; x_wconf 90' lang='lat' dir='ltr'><strong>ista</strong></span> <span class='ocrx_word' id='word_1_246' title='bbox 3355 2136 3421 2197; x_wconf 93' lang='lat' dir='ltr'><strong>in</strong></span> <span class='ocrx_word' id='word_1_247' title='bbox 3465 2136 3613 2210; x_wconf 89' lang='lat' dir='ltr'><strong>Deo,</strong></span> <span class='ocrx_word' id='word_1_248' title='bbox 3650 2136 3932 2198; x_wconf 87' lang='lat' dir='ltr'><strong>secundo</strong></span> 
     </span>
     <span class='ocr_line' id='line_1_43' title="bbox 2438 2233 3936 2313; baseline -0.003 -15"><span class='ocrx_word' id='word_1_249' title='bbox 2438 2237 2625 2298; x_wconf 92' lang='lat' dir='ltr'><strong>modo</strong></span> <span class='ocrx_word' id='word_1_250' title='bbox 2672 2235 2737 2296; x_wconf 91' lang='lat' dir='ltr'><strong>in</strong></span> <span class='ocrx_word' id='word_1_251' title='bbox 2778 2233 3104 2296; x_wconf 85' lang='lat' dir='ltr'><strong>creaturis.</strong></span> <span class='ocrx_word' id='word_1_252' title='bbox 3139 2234 3343 2306; x_wconf 87' lang='lat' dir='ltr'><strong>Quum</strong></span> <span class='ocrx_word' id='word_1_253' title='bbox 3385 2250 3535 2313; x_wconf 90' lang='lat' dir='ltr'><strong>ergo</strong></span> <span class='ocrx_word' id='word_1_254' title='bbox 3574 2234 3641 2294; x_wconf 88' lang='lat' dir='ltr'><strong>in</strong></span> <span class='ocrx_word' id='word_1_255' title='bbox 3681 2234 3807 2295; x_wconf 89' lang='lat' dir='ltr'><strong>Deo</strong></span> <span class='ocrx_word' id='word_1_256' title='bbox 3848 2233 3936 2294; x_wconf 87' lang='lat' dir='ltr'><strong>sit</strong></span> 
     </span>
     <span class='ocr_line' id='line_1_44' title="bbox 2438 2331 3937 2413; baseline -0.002 -18"><span class='ocrx_word' id='word_1_257' title='bbox 2438 2352 2687 2396; x_wconf 89' lang='lat' dir='ltr'><strong>summe</strong></span> <span class='ocrx_word' id='word_1_258' title='bbox 2717 2352 2939 2405; x_wconf 88' lang='lat' dir='ltr'><strong>unum,</strong></span> <span class='ocrx_word' id='word_1_259' title='bbox 2964 2340 3027 2393; x_wconf 90' lang='lat' dir='ltr'><strong>et</strong></span> <span class='ocrx_word' id='word_1_260' title='bbox 3058 2331 3121 2393; x_wconf 93' lang='lat' dir='ltr'><strong>id</strong></span> <span class='ocrx_word' id='word_1_261' title='bbox 3152 2333 3321 2413; x_wconf 91' lang='lat' dir='ltr'><strong>quod</strong></span> <span class='ocrx_word' id='word_1_262' title='bbox 3354 2332 3418 2393; x_wconf 89' lang='lat' dir='ltr'><strong>in</strong></span> <span class='ocrx_word' id='word_1_263' title='bbox 3452 2333 3590 2413; x_wconf 90' lang='lat' dir='ltr'><strong>ipso</strong></span> <span class='ocrx_word' id='word_1_264' title='bbox 3619 2331 3937 2413; x_wconf 88' lang='lat' dir='ltr'><strong>accipitur</strong></span> 
     </span>
     <span class='ocr_line' id='line_1_45' title="bbox 2439 2429 3935 2514; baseline -0.002 -21"><span class='ocrx_word' id='word_1_265' title='bbox 2439 2452 2551 2514; x_wconf 91' lang='lat' dir='ltr'><strong>per</strong></span> <span class='ocrx_word' id='word_1_266' title='bbox 2595 2431 2855 2493; x_wconf 91' lang='lat' dir='ltr'><strong>modum</strong></span> <span class='ocrx_word' id='word_1_267' title='bbox 2894 2430 3286 2511; x_wconf 87' lang='lat' dir='ltr'><strong>quantitatis,</strong></span> <span class='ocrx_word' id='word_1_268' title='bbox 3320 2430 3403 2491; x_wconf 90' lang='lat' dir='ltr'><strong>sit</strong></span> <span class='ocrx_word' id='word_1_269' title='bbox 3441 2430 3645 2491; x_wconf 88' lang='lat' dir='ltr'><strong>virtus</strong></span> <span class='ocrx_word' id='word_1_270' title='bbox 3689 2448 3798 2491; x_wconf 90' lang='lat' dir='ltr'><strong>seu</strong></span> <span class='ocrx_word' id='word_1_271' title='bbox 3840 2429 3935 2490; x_wconf 91' lang='lat' dir='ltr'><strong>di-</strong></span> 
     </span>
     <span class='ocr_line' id='line_1_46' title="bbox 2437 2528 3933 2611; baseline -0.002 -19"><span class='ocrx_word' id='word_1_272' title='bbox 2437 2532 2587 2592; x_wconf 86' lang='lat' dir='ltr'><strong>vina</strong></span> <span class='ocrx_word' id='word_1_273' title='bbox 2642 2530 2971 2611; x_wconf 84' lang='lat' dir='ltr'><strong>perfectiO,</strong></span> <span class='ocrx_word' id='word_1_274' title='bbox 3024 2548 3166 2609; x_wconf 78' lang='lat' dir='ltr'><strong>quae</strong></span> <span class='ocrx_word' id='word_1_275' title='bbox 3214 2536 3310 2590; x_wconf 88' lang='lat' dir='ltr'><strong>est</strong></span> <span class='ocrx_word' id='word_1_276' title='bbox 3366 2528 3629 2591; x_wconf 91' lang='lat' dir='ltr'><strong>omnino</strong></span> <span class='ocrx_word' id='word_1_277' title='bbox 3688 2546 3812 2589; x_wconf 90' lang='lat' dir='ltr'><strong>una</strong></span> <span class='ocrx_word' id='word_1_278' title='bbox 3863 2528 3933 2589; x_wconf 90' lang='lat' dir='ltr'><strong>in</strong></span> 
     </span>
     <span class='ocr_line' id='line_1_47' title="bbox 2437 2626 3936 2709; baseline -0.003 -19"><span class='ocrx_word' id='word_1_279' title='bbox 2437 2628 2705 2709; x_wconf 90' lang='lat' dir='ltr'><strong>singulis</strong></span> <span class='ocrx_word' id='word_1_280' title='bbox 2764 2627 3245 2689; x_wconf 84' lang='lat' dir='ltr'><strong>indivisibiliter</strong></span> <span class='ocrx_word' id='word_1_281' title='bbox 3290 2634 3353 2688; x_wconf 92' lang='lat' dir='ltr'><strong>et</strong></span> <span class='ocrx_word' id='word_1_282' title='bbox 3406 2626 3707 2707; x_wconf 81' lang='lat' dir='ltr'><strong>perfecte,</strong></span> <span class='ocrx_word' id='word_1_283' title='bbox 3759 2634 3936 2706; x_wconf 85' lang='lat' dir='ltr'><strong>patet</strong></span> 
     </span>
     <span class='ocr_line' id='line_1_48' title="bbox 2437 2723 3934 2807; baseline -0.001 -20"><span class='ocrx_word' id='word_1_284' title='bbox 2437 2727 2607 2807; x_wconf 90' lang='lat' dir='ltr'><strong>quod</strong></span> <span class='ocrx_word' id='word_1_285' title='bbox 2648 2725 2713 2786; x_wconf 90' lang='lat' dir='ltr'><strong>in</strong></span> <span class='ocrx_word' id='word_1_286' title='bbox 2757 2726 2894 2806; x_wconf 89' lang='lat' dir='ltr'><strong>ipso</strong></span> <span class='ocrx_word' id='word_1_287' title='bbox 2933 2725 3014 2786; x_wconf 86' lang='lat' dir='ltr'><strong>sit</strong></span> <span class='ocrx_word' id='word_1_288' title='bbox 3052 2743 3305 2787; x_wconf 90' lang='lat' dir='ltr'><strong>summa</strong></span> <span class='ocrx_word' id='word_1_289' title='bbox 3343 2724 3687 2805; x_wconf 59' lang='lat' dir='ltr'><strong>aequalitas,</strong></span> <span class='ocrx_word' id='word_1_290' title='bbox 3724 2723 3934 2805; x_wconf 90' lang='lat' dir='ltr'><strong>Siqui-</strong></span> 
     </span>
     <span class='ocr_line' id='line_1_49' title="bbox 2436 2822 3936 2905; baseline -0.002 -19"><span class='ocrx_word' id='word_1_291' title='bbox 2436 2825 2583 2887; x_wconf 91' lang='lat' dir='ltr'><strong>dem</strong></span> <span class='ocrx_word' id='word_1_292' title='bbox 2642 2824 2705 2885; x_wconf 93' lang='lat' dir='ltr'><strong>id</strong></span> <span class='ocrx_word' id='word_1_293' title='bbox 2763 2824 2829 2886; x_wconf 89' lang='lat' dir='ltr'><strong>in</strong></span> <span class='ocrx_word' id='word_1_294' title='bbox 2886 2841 3014 2905; x_wconf 88' lang='lat' dir='ltr'><strong>quo</strong></span> <span class='ocrx_word' id='word_1_295' title='bbox 3074 2822 3365 2885; x_wconf 88' lang='lat' dir='ltr'><strong>consistit</strong></span> <span class='ocrx_word' id='word_1_296' title='bbox 3426 2822 3774 2903; x_wconf 80' lang='lat' dir='ltr'><strong>aequalitas,</strong></span> <span class='ocrx_word' id='word_1_297' title='bbox 3836 2830 3936 2883; x_wconf 87' lang='lat' dir='ltr'><strong>est</strong></span> 
     </span>
     <span class='ocr_line' id='line_1_50' title="bbox 2436 2922 3941 3004; baseline -0.001 -20"><span class='ocrx_word' id='word_1_298' title='bbox 2436 2922 2763 3003; x_wconf 81' lang='lat' dir='ltr'><strong>aequaliter</strong></span> <span class='ocrx_word' id='word_1_299' title='bbox 2792 2922 2859 2983; x_wconf 92' lang='lat' dir='ltr'><strong>in</strong></span> <span class='ocrx_word' id='word_1_300' title='bbox 2887 2922 3173 3003; x_wconf 88' lang='lat' dir='ltr'><strong>qualibet</strong></span> <span class='ocrx_word' id='word_1_301' title='bbox 3202 2938 3491 3002; x_wconf 89' lang='lat' dir='ltr'><strong>persona,</strong></span> <span class='ocrx_word' id='word_1_302' title='bbox 3511 2928 3700 3004; x_wconf 87' lang='lat' dir='ltr'><strong>atque</strong></span> <span class='ocrx_word' id='word_1_303' title='bbox 3730 2940 3941 3003; x_wconf 82' lang='lat' dir='ltr'><strong>aequa-</strong></span> 
     </span>
    </p>
   </div>
   <div class='ocr_carea' id='block_1_9' title="bbox 829 3012 3939 3105">
    <p class='ocr_par' dir='ltr' id='par_1_11' title="bbox 829 3012 3939 3105">
     <span class='ocr_line' id='line_1_51' title="bbox 829 3012 3939 3105; baseline -0.002 -18"><span class='ocrx_word' id='word_1_304' title='bbox 829 3026 1230 3097; x_wconf 88' lang='lat' dir='ltr'><strong>vertendum,</strong></span> <span class='ocrx_word' id='word_1_305' title='bbox 1271 3023 1442 3105; x_wconf 88' lang='lat' dir='ltr'><strong>quod</strong></span> <span class='ocrx_word' id='word_1_306' title='bbox 1490 3022 1831 3103; x_wconf 88' lang='lat' dir='ltr'><strong>dupliciter</strong></span> <span class='ocrx_word' id='word_1_307' title='bbox 1879 3020 2190 3101; x_wconf 85' lang='lat' dir='ltr'><strong>contingit</strong></span> <span class='ocrx_word' id='word_1_308' title='bbox 2239 3019 2326 3081; x_wconf 90' lang='lat' dir='ltr'><strong>lo·</strong></span> <span class='ocrx_word' id='word_1_309' title='bbox 2364 3012 2407 3076; x_wconf 89' lang='lat' dir='ltr'>C</span> <span class='ocrx_word' id='word_1_310' title='bbox 2441 3022 2497 3082; x_wconf 91' lang='lat' dir='ltr'><strong>le</strong></span> <span class='ocrx_word' id='word_1_311' title='bbox 2529 3038 2812 3102; x_wconf 85' lang='lat' dir='ltr'><strong>personae</strong></span> <span class='ocrx_word' id='word_1_312' title='bbox 2842 3019 3145 3097; x_wconf 83' lang='lat' dir='ltr'><strong>cuilibet3</strong></span> <span class='ocrx_word' id='word_1_313' title='bbox 3178 3020 3477 3101; x_wconf 83' lang='lat' dir='ltr'><strong>quaelihet</strong></span> <span class='ocrx_word' id='word_1_314' title='bbox 3508 3038 3762 3102; x_wconf 90' lang='lat' dir='ltr'><strong>quoque</strong></span> <span class='ocrx_word' id='word_1_315' title='bbox 3793 3040 3939 3101; x_wconf 89' lang='lat' dir='ltr'><strong>per-</strong></span> 
     </span>
    </p>
   </div>
   <div class='ocr_carea' id='block_1_10' title="bbox 827 3118 2328 4193">
    <p class='ocr_par' dir='ltr' id='par_1_12' title="bbox 827 3118 2328 4193">
     <span class='ocr_line' id='line_1_52' title="bbox 830 3118 2328 3206; baseline -0.005 -19"><span class='ocrx_word' id='word_1_316' title='bbox 830 3125 941 3206; x_wconf 86' lang='lat' dir='ltr'><strong>qui</strong></span> <span class='ocrx_word' id='word_1_317' title='bbox 1001 3126 1078 3187; x_wconf 91' lang='lat' dir='ltr'><strong>de</strong></span> <span class='ocrx_word' id='word_1_318' title='bbox 1135 3124 1492 3206; x_wconf 82' lang='lat' dir='ltr'><strong>aequalitate</strong></span> <span class='ocrx_word' id='word_1_319' title='bbox 1555 3140 1568 3183; x_wconf 73' lang='grc' dir='ltr'><strong>ε</strong></span> <span class='ocrx_word' id='word_1_320' title='bbox 1631 3121 1860 3203; x_wconf 92' lang='lat' dir='ltr'><strong>prim0,</strong></span> <span class='ocrx_word' id='word_1_321' title='bbox 1925 3127 2115 3200; x_wconf 89' lang='lat' dir='ltr'><strong>prout</strong></span> <span class='ocrx_word' id='word_1_322' title='bbox 2171 3118 2328 3180; x_wconf 88' lang='lat' dir='ltr'><strong>dicit</strong></span> 
     </span>
     <span class='ocr_line' id='line_1_53' title="bbox 830 3219 2328 3305; baseline -0.005 -19"><span class='ocrx_word' id='word_1_323' title='bbox 830 3231 1192 3305; x_wconf 88' lang='lat' dir='ltr'><strong>respectum</strong></span> <span class='ocrx_word' id='word_1_324' title='bbox 1241 3221 1748 3303; x_wconf 81' lang='lat' dir='ltr'><strong>aequiparantiae;</strong></span> <span class='ocrx_word' id='word_1_325' title='bbox 1791 3219 2091 3291; x_wconf 91' lang='lat' dir='ltr'><strong>secundo,</strong></span> <span class='ocrx_word' id='word_1_326' title='bbox 2139 3225 2328 3300; x_wconf 89' lang='lat' dir='ltr'><strong>prout</strong></span> 
     </span>
     <span class='ocr_line' id='line_1_54' title="bbox 832 3318 2327 3402; baseline -0.006 -18"><span class='ocrx_word' id='word_1_327' title='bbox 832 3321 996 3384; x_wconf 87' lang='lat' dir='ltr'><strong>ultra</strong></span> <span class='ocrx_word' id='word_1_328' title='bbox 1027 3327 1387 3402; x_wconf 89' lang='lat' dir='ltr'><strong>respectum</strong></span> <span class='ocrx_word' id='word_1_329' title='bbox 1430 3318 1758 3381; x_wconf 88' lang='lat' dir='ltr'><strong>concernit</strong></span> <span class='ocrx_word' id='word_1_330' title='bbox 1799 3324 2010 3378; x_wconf 90' lang='lat' dir='ltr'><strong>actum</strong></span> <span class='ocrx_word' id='word_1_331' title='bbox 2043 3333 2327 3397; x_wconf 79' lang='lat' dir='ltr'><strong>coaequa-</strong></span> 
     </span>
     <span class='ocr_line' id='line_1_55' title="bbox 829 3415 2327 3496; baseline -0.006 -13"><span class='ocrx_word' id='word_1_332' title='bbox 829 3421 1040 3484; x_wconf 82' lang='lat' dir='ltr'><strong>tioniS.</strong></span> <span class='ocrx_word' id='word_1_333' title='bbox 1075 3419 1284 3482; x_wconf 85' lang='lat' dir='ltr'><strong>Primo</strong></span> <span class='ocrx_word' id='word_1_334' title='bbox 1325 3419 1512 3481; x_wconf 91' lang='lat' dir='ltr'><strong>modo</strong></span> <span class='ocrx_word' id='word_1_335' title='bbox 1550 3425 1645 3479; x_wconf 84' lang='lat' dir='ltr'><strong>est</strong></span> <span class='ocrx_word' id='word_1_336' title='bbox 1689 3417 1754 3478; x_wconf 89' lang='lat' dir='ltr'><strong>in</strong></span> <span class='ocrx_word' id='word_1_337' title='bbox 1793 3416 2028 3478; x_wconf 88' lang='lat' dir='ltr'><strong>divinis</strong></span> <span class='ocrx_word' id='word_1_338' title='bbox 2071 3415 2327 3496; x_wconf 81' lang='lat' dir='ltr'><strong>aequali-</strong></span> 
     </span>
     <span class='ocr_line' id='line_1_56' title="bbox 831 3513 2322 3594; baseline -0.006 -13"><span class='ocrx_word' id='word_1_339' title='bbox 831 3528 924 3581; x_wconf 90' lang='lat' dir='ltr'><strong>tas</strong></span> <span class='ocrx_word' id='word_1_340' title='bbox 975 3537 1124 3581; x_wconf 91' lang='lat' dir='ltr'><strong>cum</strong></span> <span class='ocrx_word' id='word_1_341' title='bbox 1174 3517 1586 3579; x_wconf 90' lang='lat' dir='ltr'><strong>conversione</strong></span> <span class='ocrx_word' id='word_1_342' title='bbox 1637 3535 1749 3577; x_wconf 89' lang='lat' dir='ltr'><strong>seu</strong></span> <span class='ocrx_word' id='word_1_343' title='bbox 1801 3513 2322 3594; x_wconf 89' lang='lat' dir='ltr'><strong>reciprocatione,</strong></span> 
     </span>
     <span class='ocr_line' id='line_1_57' title="bbox 831 3613 2327 3681; baseline -0.007 0"><span class='ocrx_word' id='word_1_344' title='bbox 831 3636 956 3681; x_wconf 91' lang='lat' dir='ltr'><strong>non</strong></span> <span class='ocrx_word' id='word_1_345' title='bbox 985 3625 1198 3680; x_wconf 84' lang='lat' dir='ltr'><strong>autem</strong></span> <span class='ocrx_word' id='word_1_346' title='bbox 1229 3615 1508 3678; x_wconf 91' lang='lat' dir='ltr'><strong>secundo</strong></span> <span class='ocrx_word' id='word_1_347' title='bbox 1539 3615 1745 3678; x_wconf 91' lang='lat' dir='ltr'><strong>modo.</strong></span> <span class='ocrx_word' id='word_1_348' title='bbox 1776 3614 1912 3676; x_wconf 90' lang='lat' dir='ltr'><strong>Non</strong></span> <span class='ocrx_word' id='word_1_349' title='bbox 1944 3613 2118 3675; x_wconf 89' lang='lat' dir='ltr'><strong>enim</strong></span> <span class='ocrx_word' id='word_1_350' title='bbox 2149 3613 2327 3674; x_wconf 88' lang='lat' dir='ltr'><strong>Pater</strong></span> 
     </span>
     <span class='ocr_line' id='line_1_58' title="bbox 829 3711 2325 3799; baseline -0.006 -19"><span class='ocrx_word' id='word_1_351' title='bbox 829 3724 1194 3799; x_wconf 82' lang='lat' dir='ltr'><strong>coaequatur</strong></span> <span class='ocrx_word' id='word_1_352' title='bbox 1252 3715 1428 3787; x_wconf 87' lang='lat' dir='ltr'><strong>Filio,</strong></span> <span class='ocrx_word' id='word_1_353' title='bbox 1492 3715 1642 3796; x_wconf 90' lang='lat' dir='ltr'><strong>quia</strong></span> <span class='ocrx_word' id='word_1_354' title='bbox 1698 3732 1824 3776; x_wconf 88' lang='lat' dir='ltr'><strong>non</strong></span> <span class='ocrx_word' id='word_1_355' title='bbox 1885 3713 2170 3774; x_wconf 87' lang='lat' dir='ltr'><strong>imitatur</strong></span> <span class='ocrx_word' id='word_1_356' title='bbox 2232 3711 2325 3772; x_wconf 87' lang='lat' dir='ltr'><strong>Fi-</strong></span> 
     </span>
     <span class='ocr_line' id='line_1_59' title="bbox 831 3810 2326 3900; baseline -0.005 -22"><span class='ocrx_word' id='word_1_357' title='bbox 831 3817 1012 3890; x_wconf 91' lang='lat' dir='ltr'><strong>lium,</strong></span> <span class='ocrx_word' id='word_1_358' title='bbox 1045 3815 1154 3900; x_wconf 85' lang='lat' dir='ltr'><strong>sed</strong></span> <span class='ocrx_word' id='word_1_359' title='bbox 1205 3823 1478 3876; x_wconf 89' lang='lat' dir='ltr'><strong>econtra.</strong></span> <span class='ocrx_word' id='word_1_360' title='bbox 1525 3813 1600 3874; x_wconf 85' lang='lat' dir='ltr'><strong>Et</strong></span> <span class='ocrx_word' id='word_1_361' title='bbox 1650 3821 1745 3874; x_wconf 89' lang='lat' dir='ltr'><strong>cst</strong></span> <span class='ocrx_word' id='word_1_362' title='bbox 1793 3811 2003 3874; x_wconf 90' lang='lat' dir='ltr'><strong>simile</strong></span> <span class='ocrx_word' id='word_1_363' title='bbox 2053 3810 2106 3872; x_wconf 93' lang='lat' dir='ltr'><strong>si</strong></span> <span class='ocrx_word' id='word_1_364' title='bbox 2157 3810 2326 3872; x_wconf 87' lang='lat' dir='ltr'><strong>dica-</strong></span> 
     </span>
     <span class='ocr_line' id='line_1_60' title="bbox 829 3909 2327 3990; baseline -0.005 -14"><span class='ocrx_word' id='word_1_365' title='bbox 829 3923 934 3976; x_wconf 90' lang='lat' dir='ltr'><strong>tur</strong></span> <span class='ocrx_word' id='word_1_366' title='bbox 977 3933 990 3977; x_wconf 89' lang='lat'><strong>:</strong></span> <span class='ocrx_word' id='word_1_367' title='bbox 1035 3915 1164 3976; x_wconf 88' lang='lat' dir='ltr'><strong>Hoc</strong></span> <span class='ocrx_word' id='word_1_368' title='bbox 1213 3933 1361 3975; x_wconf 89' lang='lat' dir='ltr'><strong>cum</strong></span> <span class='ocrx_word' id='word_1_369' title='bbox 1414 3912 1540 3974; x_wconf 93' lang='lat' dir='ltr'><strong>illo.</strong></span> <span class='ocrx_word' id='word_1_370' title='bbox 1575 3912 1750 3985; x_wconf 91' lang='lat' dir='ltr'><strong>Quod</strong></span> <span class='ocrx_word' id='word_1_371' title='bbox 1801 3909 2069 3990; x_wconf 85' lang='lat' dir='ltr'><strong>intelligi</strong></span> <span class='ocrx_word' id='word_1_372' title='bbox 2120 3915 2327 3990; x_wconf 86' lang='lat' dir='ltr'><strong>potest</strong></span> 
     </span>
     <span class='ocr_line' id='line_1_61' title="bbox 831 4009 2327 4094; baseline -0.005 -19"><span class='ocrx_word' id='word_1_373' title='bbox 831 4013 1192 4094; x_wconf 89' lang='lat' dir='ltr'><strong>dupliciter.</strong></span> <span class='ocrx_word' id='word_1_374' title='bbox 1242 4011 1471 4082; x_wconf 91' lang='lat' dir='ltr'><strong>Primo,</strong></span> <span class='ocrx_word' id='word_1_375' title='bbox 1523 4017 1588 4070; x_wconf 86' lang='lat' dir='ltr'><strong>ut</strong></span> <span class='ocrx_word' id='word_1_376' title='bbox 1639 4009 1809 4071; x_wconf 90' lang='lat' dir='ltr'><strong>dicat</strong></span> <span class='ocrx_word' id='word_1_377' title='bbox 1856 4009 2125 4070; x_wconf 91' lang='lat' dir='ltr'><strong>duorum</strong></span> <span class='ocrx_word' id='word_1_378' title='bbox 2179 4025 2327 4068; x_wconf 91' lang='lat' dir='ltr'><strong>con-</strong></span> 
     </span>
     <span class='ocr_line' id='line_1_62' title="bbox 827 4105 2327 4193; baseline -0.003 -21"><span class='ocrx_word' id='word_1_379' title='bbox 827 4111 1250 4193; x_wconf 85' lang='lat' dir='ltr'><strong>junctionem,</strong></span> <span class='ocrx_word' id='word_1_380' title='bbox 1312 4109 1534 4189; x_wconf 87' lang='lat' dir='ltr'><strong>sicque</strong></span> <span class='ocrx_word' id='word_1_381' title='bbox 1592 4107 1817 4188; x_wconf 89' lang='lat' dir='ltr'><strong>recipit</strong></span> <span class='ocrx_word' id='word_1_382' title='bbox 1881 4105 2327 4187; x_wconf 87' lang='lat' dir='ltr'><strong>reciprocatio-</strong></span> 
     </span>
    </p>
   </div>
   <div class='ocr_carea' id='block_1_11' title="bbox 2437 3118 3943 4166">
    <p class='ocr_par' dir='ltr' id='par_1_13' title="bbox 2437 3118 3943 4166">
     <span class='ocr_line' id='line_1_63' title="bbox 2440 3118 3939 3201; baseline -0.002 -18"><span class='ocrx_word' id='word_1_383' title='bbox 2440 3139 2593 3183; x_wconf 88' lang='lat' dir='ltr'><strong>sona</strong></span> <span class='ocrx_word' id='word_1_384' title='bbox 2622 3128 2716 3182; x_wconf 88' lang='lat' dir='ltr'><strong>est</strong></span> <span class='ocrx_word' id='word_1_385' title='bbox 2746 3119 2841 3181; x_wconf 92' lang='lat' dir='ltr'><strong>illi</strong></span> <span class='ocrx_word' id='word_1_386' title='bbox 2872 3118 3155 3201; x_wconf 80' lang='lat' dir='ltr'><strong>aequaliS,</strong></span> <span class='ocrx_word' id='word_1_387' title='bbox 3190 3128 3252 3180; x_wconf 93' lang='lat' dir='ltr'><strong>et</strong></span> <span class='ocrx_word' id='word_1_388' title='bbox 3282 3118 3547 3181; x_wconf 85' lang='lat' dir='ltr'><strong>cuilibet</strong></span> <span class='ocrx_word' id='word_1_389' title='bbox 3577 3120 3756 3181; x_wconf 89' lang='lat' dir='ltr'><strong>alteri</strong></span> <span class='ocrx_word' id='word_1_390' title='bbox 3790 3139 3939 3201; x_wconf 89' lang='lat' dir='ltr'><strong>per-</strong></span> 
     </span>
     <span class='ocr_line' id='line_1_64' title="bbox 2438 3217 3933 3281; baseline -0.001 0"><span class='ocrx_word' id='word_1_391' title='bbox 2438 3238 2607 3281; x_wconf 82' lang='lat' dir='ltr'><strong>sonae</strong></span> <span class='ocrx_word' id='word_1_392' title='bbox 2637 3227 2699 3280; x_wconf 91' lang='lat' dir='ltr'><strong>et</strong></span> <span class='ocrx_word' id='word_1_393' title='bbox 2738 3218 3038 3281; x_wconf 89' lang='lat' dir='ltr'><strong>omnibus</strong></span> <span class='ocrx_word' id='word_1_394' title='bbox 3078 3217 3221 3279; x_wconf 91' lang='lat' dir='ltr'><strong>aliis</strong></span> <span class='ocrx_word' id='word_1_395' title='bbox 3262 3217 3475 3280; x_wconf 89' lang='lat' dir='ltr'><strong>simul.</strong></span> <span class='ocrx_word' id='word_1_396' title='bbox 3508 3253 3590 3262; x_wconf 95' lang='grc'>-</span> <span class='ocrx_word' id='word_1_397' title='bbox 3619 3219 3685 3280; x_wconf 89' lang='lat' dir='ltr'><strong>Si</strong></span> <span class='ocrx_word' id='word_1_398' title='bbox 3714 3227 3933 3280; x_wconf 89' lang='lat' dir='ltr'><strong>autem</strong></span> 
     </span>
     <span class='ocr_line' id='line_1_65' title="bbox 2438 3315 3936 3398; baseline -0.002 -18"><span class='ocrx_word' id='word_1_399' title='bbox 2438 3316 2800 3396; x_wconf 89' lang='lat' dir='ltr'><strong>objiciatur,</strong></span> <span class='ocrx_word' id='word_1_400' title='bbox 2844 3317 3013 3398; x_wconf 93' lang='lat' dir='ltr'><strong>quod</strong></span> <span class='ocrx_word' id='word_1_401' title='bbox 3062 3335 3313 3377; x_wconf 90' lang='lat' dir='ltr'><strong>summa</strong></span> <span class='ocrx_word' id='word_1_402' title='bbox 3360 3316 3685 3397; x_wconf 86' lang='lat' dir='ltr'><strong>aequalitas</strong></span> <span class='ocrx_word' id='word_1_403' title='bbox 3734 3315 3936 3397; x_wconf 83' lang='lat' dir='ltr'><strong>exigit</strong></span> 
     </span>
     <span class='ocr_line' id='line_1_66' title="bbox 2437 3414 3931 3496; baseline -0.001 -19"><span class='ocrx_word' id='word_1_404' title='bbox 2437 3414 2925 3477; x_wconf 86' lang='lat' dir='ltr'><strong>similitudinem</strong></span> <span class='ocrx_word' id='word_1_405' title='bbox 2969 3414 3235 3476; x_wconf 89' lang='lat' dir='ltr'><strong>actionis</strong></span> <span class='ocrx_word' id='word_1_406' title='bbox 3272 3431 3284 3474; x_wconf 92' lang='lat'><strong>:</strong></span> <span class='ocrx_word' id='word_1_407' title='bbox 3319 3432 3519 3495; x_wconf 88' lang='lat' dir='ltr'><strong>quum</strong></span> <span class='ocrx_word' id='word_1_408' title='bbox 3552 3432 3701 3494; x_wconf 86' lang='lat' dir='ltr'><strong>ergo</strong></span> <span class='ocrx_word' id='word_1_409' title='bbox 3730 3414 3931 3496; x_wconf 86' lang='lat' dir='ltr'><strong>Spiri-</strong></span> 
     </span>
     <span class='ocr_line' id='line_1_67' title="bbox 2440 3512 3934 3594; baseline -0.001 -19"><span class='ocrx_word' id='word_1_410' title='bbox 2440 3522 2539 3575; x_wconf 88' lang='lat' dir='ltr'><strong>tus</strong></span> <span class='ocrx_word' id='word_1_411' title='bbox 2600 3514 2864 3575; x_wconf 88' lang='lat' dir='ltr'><strong>Sanctus</strong></span> <span class='ocrx_word' id='word_1_412' title='bbox 2924 3529 3049 3574; x_wconf 91' lang='lat' dir='ltr'><strong>non</strong></span> <span class='ocrx_word' id='word_1_413' title='bbox 3103 3512 3410 3592; x_wconf 84' lang='lat' dir='ltr'><strong>producat</strong></span> <span class='ocrx_word' id='word_1_414' title='bbox 3468 3529 3801 3594; x_wconf 85' lang='lat' dir='ltr'><strong>personam</strong></span> <span class='ocrx_word' id='word_1_415' title='bbox 3852 3512 3934 3574; x_wconf 85' lang='lat' dir='ltr'><strong>ad</strong></span> 
     </span>
     <span class='ocr_line' id='line_1_68' title="bbox 2440 3610 3934 3692; baseline 0 -20"><span class='ocrx_word' id='word_1_416' title='bbox 2440 3613 2624 3684; x_wconf 87' lang='lat' dir='ltr'><strong>intra,</strong></span> <span class='ocrx_word' id='word_1_417' title='bbox 2671 3629 2798 3672; x_wconf 90' lang='lat' dir='ltr'><strong>non</strong></span> <span class='ocrx_word' id='word_1_418' title='bbox 2848 3610 3100 3672; x_wconf 81' lang='lat' dir='ltr'><strong>videtur</strong></span> <span class='ocrx_word' id='word_1_419' title='bbox 3148 3629 3408 3691; x_wconf 88' lang='lat' dir='ltr'><strong>prorsus</strong></span> <span class='ocrx_word' id='word_1_420' title='bbox 3454 3611 3716 3692; x_wconf 85' lang='lat' dir='ltr'><strong>aequalis</strong></span> <span class='ocrx_word' id='word_1_421' title='bbox 3764 3611 3934 3672; x_wconf 89' lang='lat' dir='ltr'><strong>Patri</strong></span> 
     </span>
     <span class='ocr_line' id='line_1_69' title="bbox 2439 3709 3941 3791; baseline -0.001 -19"><span class='ocrx_word' id='word_1_422' title='bbox 2439 3730 2512 3772; x_wconf 90' lang='lat' dir='ltr'><strong>ac</strong></span> <span class='ocrx_word' id='word_1_423' title='bbox 2563 3709 2739 3772; x_wconf 88' lang='lat' dir='ltr'><strong>Filio.</strong></span> <span class='ocrx_word' id='word_1_424' title='bbox 2796 3709 3251 3791; x_wconf 85' lang='lat' dir='ltr'><strong>Respondetur,</strong></span> <span class='ocrx_word' id='word_1_425' title='bbox 3304 3709 3475 3791; x_wconf 88' lang='lat' dir='ltr'><strong>quod</strong></span> <span class='ocrx_word' id='word_1_426' title='bbox 3528 3709 3745 3771; x_wconf 90' lang='lat' dir='ltr'><strong>divina</strong></span> <span class='ocrx_word' id='word_1_427' title='bbox 3794 3729 3941 3791; x_wconf 87' lang='lat' dir='ltr'><strong>per-</strong></span> 
     </span>
     <span class='ocr_line' id='line_1_70' title="bbox 2442 3806 3935 3889; baseline 0 -19"><span class='ocrx_word' id='word_1_428' title='bbox 2442 3810 2631 3872; x_wconf 89' lang='lat' dir='ltr'><strong>fectio</strong></span> <span class='ocrx_word' id='word_1_429' title='bbox 2679 3815 2773 3870; x_wconf 90' lang='lat' dir='ltr'><strong>est</strong></span> <span class='ocrx_word' id='word_1_430' title='bbox 2824 3809 2889 3868; x_wconf 90' lang='lat' dir='ltr'><strong>in</strong></span> <span class='ocrx_word' id='word_1_431' title='bbox 2937 3806 3220 3889; x_wconf 88' lang='lat' dir='ltr'><strong>qualibet</strong></span> <span class='ocrx_word' id='word_1_432' title='bbox 3270 3826 3539 3888; x_wconf 89' lang='lat' dir='ltr'><strong>persona</strong></span> <span class='ocrx_word' id='word_1_433' title='bbox 3580 3808 3935 3870; x_wconf 90' lang='lat' dir='ltr'><strong>secundum</strong></span> 
     </span>
     <span class='ocr_line' id='line_1_71' title="bbox 2441 3906 3943 3990; baseline 0 -22"><span class='ocrx_word' id='word_1_434' title='bbox 2441 3907 2892 3990; x_wconf 85' lang='lat' dir='ltr'><strong>proprietatem</strong></span> <span class='ocrx_word' id='word_1_435' title='bbox 2938 3923 3222 3988; x_wconf 63' lang='lat' dir='ltr'><strong>personae</strong></span> <span class='ocrx_word' id='word_1_436' title='bbox 3266 3924 3279 3966; x_wconf 92' lang='lat'>:</span> <span class='ocrx_word' id='word_1_437' title='bbox 3326 3906 3467 3969; x_wconf 89' lang='lat' dir='ltr'><strong>ideo</strong></span> <span class='ocrx_word' id='word_1_438' title='bbox 3514 3924 3641 3969; x_wconf 89' lang='lat' dir='ltr'><strong>non</strong></span> <span class='ocrx_word' id='word_1_439' title='bbox 3685 3915 3943 3987; x_wconf 80' lang='lat' dir='ltr'><strong>oport-et</strong></span> 
     </span>
     <span class='ocr_line' id='line_1_72' title="bbox 2439 4003 3931 4088; baseline -0.001 -20"><span class='ocrx_word' id='word_1_440' title='bbox 2439 4007 2608 4088; x_wconf 92' lang='lat' dir='ltr'><strong>quod</strong></span> <span class='ocrx_word' id='word_1_441' title='bbox 2659 4007 2723 4067; x_wconf 91' lang='lat' dir='ltr'><strong>in</strong></span> <span class='ocrx_word' id='word_1_442' title='bbox 2774 4004 3058 4087; x_wconf 89' lang='lat' dir='ltr'><strong>qualibet</strong></span> <span class='ocrx_word' id='word_1_443' title='bbox 3106 4022 3375 4086; x_wconf 89' lang='lat' dir='ltr'><strong>persona</strong></span> <span class='ocrx_word' id='word_1_444' title='bbox 3429 4003 3657 4066; x_wconf 87' lang='lat' dir='ltr'><strong>habeat</strong></span> <span class='ocrx_word' id='word_1_445' title='bbox 3714 4012 3931 4066; x_wconf 87' lang='lat' dir='ltr'><strong>actum</strong></span> 
     </span>
     <span class='ocr_line' id='line_1_73' title="bbox 2438 4102 3935 4166; baseline -0.001 0"><span class='ocrx_word' id='word_1_446' title='bbox 2438 4105 2735 4166; x_wconf 88' lang='lat' dir='ltr'><strong>eumdem</strong></span> <span class='ocrx_word' id='word_1_447' title='bbox 2784 4104 2861 4165; x_wconf 90' lang='lat' dir='ltr'><strong>ad</strong></span> <span class='ocrx_word' id='word_1_448' title='bbox 2912 4103 3093 4164; x_wconf 89' lang='lat' dir='ltr'><strong>intra.</strong></span> <span class='ocrx_word' id='word_1_449' title='bbox 3138 4102 3294 4164; x_wconf 90' lang='lat' dir='ltr'><strong>Nam</strong></span> <span class='ocrx_word' id='word_1_450' title='bbox 3346 4111 3407 4164; x_wconf 93' lang='lat' dir='ltr'><strong>et</strong></span> <span class='ocrx_word' id='word_1_451' title='bbox 3456 4103 3669 4164; x_wconf 89' lang='lat' dir='ltr'><strong>anima</strong></span> <span class='ocrx_word' id='word_1_452' title='bbox 3718 4110 3813 4164; x_wconf 87' lang='lat' dir='ltr'><strong>est</strong></span> <span class='ocrx_word' id='word_1_453' title='bbox 3865 4103 3935 4165; x_wconf 89' lang='lat' dir='ltr'><strong>in</strong></span> 
     </span>
    </p>
   </div>
   <div class='ocr_carea' id='block_1_12' title="bbox 831 4203 3935 4289">
    <p class='ocr_par' dir='ltr' id='par_1_14' title="bbox 831 4203 3935 4289">
     <span class='ocr_line' id='line_1_74' title="bbox 831 4203 3935 4289; baseline -0.002 -18"><span class='ocrx_word' id='word_1_454' title='bbox 831 4228 978 4271; x_wconf 89' lang='lat' dir='ltr'><strong>nem</strong></span> <span class='ocrx_word' id='word_1_455' title='bbox 1016 4226 1028 4270; x_wconf 92' lang='lat'>:</span> <span class='ocrx_word' id='word_1_456' title='bbox 1063 4207 1216 4289; x_wconf 88' lang='lat' dir='ltr'><strong>quia</strong></span> <span class='ocrx_word' id='word_1_457' title='bbox 1243 4207 1296 4268; x_wconf 87' lang='lat' dir='ltr'><strong>si</strong></span> <span class='ocrx_word' id='word_1_458' title='bbox 1338 4206 1458 4267; x_wconf 91' lang='lat' dir='ltr'><strong>hoc</strong></span> <span class='ocrx_word' id='word_1_459' title='bbox 1490 4206 1661 4267; x_wconf 87' lang='lat' dir='ltr'><strong>vadit</strong></span> <span class='ocrx_word' id='word_1_460' title='bbox 1692 4224 1838 4266; x_wconf 88' lang='lat' dir='ltr'><strong>cum</strong></span> <span class='ocrx_word' id='word_1_461' title='bbox 1873 4204 2003 4276; x_wconf 93' lang='lat' dir='ltr'><strong>illo,</strong></span> <span class='ocrx_word' id='word_1_462' title='bbox 2037 4204 2328 4285; x_wconf 86' lang='lat' dir='ltr'><strong>sequitur</strong></span> <span class='ocrx_word' id='word_1_463' title='bbox 2362 4204 2409 4264; x_wconf 89' lang='lat' dir='ltr'>D</span> <span class='ocrx_word' id='word_1_464' title='bbox 2440 4203 2723 4284; x_wconf 88' lang='lat' dir='ltr'><strong>qualibet</strong></span> <span class='ocrx_word' id='word_1_465' title='bbox 2754 4203 3034 4283; x_wconf 90' lang='lat' dir='ltr'><strong>corporis</strong></span> <span class='ocrx_word' id='word_1_466' title='bbox 3076 4210 3272 4283; x_wconf 90' lang='lat' dir='ltr'><strong>parte,</strong></span> <span class='ocrx_word' id='word_1_467' title='bbox 3309 4220 3435 4265; x_wconf 90' lang='lat' dir='ltr'><strong>non</strong></span> <span class='ocrx_word' id='word_1_468' title='bbox 3474 4209 3685 4264; x_wconf 88' lang='lat' dir='ltr'><strong>tamen</strong></span> <span class='ocrx_word' id='word_1_469' title='bbox 3714 4209 3935 4264; x_wconf 89' lang='lat' dir='ltr'><strong>actum</strong></span> 
     </span>
    </p>
   </div>
   <div class='ocr_carea' id='block_1_13' title="bbox 830 4303 2335 5370">
    <p class='ocr_par' dir='ltr' id='par_1_15' title="bbox 830 4303 2335 5370">
     <span class='ocr_line' id='line_1_75' title="bbox 831 4303 2329 4388; baseline -0.004 -19"><span class='ocrx_word' id='word_1_470' title='bbox 831 4308 1000 4388; x_wconf 89' lang='lat' dir='ltr'><strong>quod</strong></span> <span class='ocrx_word' id='word_1_471' title='bbox 1053 4307 1213 4368; x_wconf 92' lang='lat' dir='ltr'><strong>illud</strong></span> <span class='ocrx_word' id='word_1_472' title='bbox 1263 4304 1446 4366; x_wconf 86' lang='lat' dir='ltr'><strong>vadat</strong></span> <span class='ocrx_word' id='word_1_473' title='bbox 1496 4323 1644 4365; x_wconf 92' lang='lat' dir='ltr'><strong>cum</strong></span> <span class='ocrx_word' id='word_1_474' title='bbox 1697 4304 1836 4365; x_wconf 91' lang='lat' dir='ltr'><strong>hoc.</strong></span> <span class='ocrx_word' id='word_1_475' title='bbox 1892 4303 2203 4374; x_wconf 82' lang='lat' dir='ltr'><strong>SecundO,</strong></span> <span class='ocrx_word' id='word_1_476' title='bbox 2260 4310 2329 4364; x_wconf 89' lang='lat' dir='ltr'><strong>ut</strong></span> 
     </span>
     <span class='ocr_line' id='line_1_76' title="bbox 831 4401 2327 4476; baseline -0.003 -9"><span class='ocrx_word' id='word_1_477' title='bbox 831 4405 999 4467; x_wconf 89' lang='lat' dir='ltr'><strong>dicat</strong></span> <span class='ocrx_word' id='word_1_478' title='bbox 1049 4403 1558 4476; x_wconf 89' lang='lat' dir='ltr'><strong>associationem,</strong></span> <span class='ocrx_word' id='word_1_479' title='bbox 1612 4409 1672 4463; x_wconf 89' lang='lat' dir='ltr'><strong>et</strong></span> <span class='ocrx_word' id='word_1_480' title='bbox 1724 4402 1809 4462; x_wconf 89' lang='lat' dir='ltr'><strong>ita</strong></span> <span class='ocrx_word' id='word_1_481' title='bbox 1861 4402 1926 4462; x_wconf 92' lang='lat' dir='ltr'><strong>in</strong></span> <span class='ocrx_word' id='word_1_482' title='bbox 1975 4401 2327 4462; x_wconf 86' lang='lat' dir='ltr'><strong>associante</strong></span> 
     </span>
     <span class='ocr_line' id='line_1_77' title="bbox 831 4499 2329 4583; baseline -0.003 -19"><span class='ocrx_word' id='word_1_483' title='bbox 831 4509 1005 4564; x_wconf 87' lang='lat' dir='ltr'><strong>notat</strong></span> <span class='ocrx_word' id='word_1_484' title='bbox 1052 4501 1395 4583; x_wconf 86' lang='lat' dir='ltr'><strong>quamdam</strong></span> <span class='ocrx_word' id='word_1_485' title='bbox 1445 4499 2008 4561; x_wconf 87' lang='lat' dir='ltr'><strong>subauctoritatem</strong></span> <span class='ocrx_word' id='word_1_486' title='bbox 2061 4515 2073 4558; x_wconf 91' lang='lat'>:</span> <span class='ocrx_word' id='word_1_487' title='bbox 2123 4506 2187 4559; x_wconf 86' lang='lat' dir='ltr'><strong>et</strong></span> <span class='ocrx_word' id='word_1_488' title='bbox 2238 4499 2329 4560; x_wconf 91' lang='lat' dir='ltr'><strong>sic</strong></span> 
     </span>
     <span class='ocr_line' id='line_1_78' title="bbox 830 4598 2329 4681; baseline -0.003 -18"><span class='ocrx_word' id='word_1_489' title='bbox 830 4601 1066 4663; x_wconf 89' lang='lat' dir='ltr'><strong>dicitur</strong></span> <span class='ocrx_word' id='word_1_490' title='bbox 1114 4599 1284 4681; x_wconf 88' lang='lat' dir='ltr'><strong>quod</strong></span> <span class='ocrx_word' id='word_1_491' title='bbox 1337 4598 1521 4659; x_wconf 91' lang='lat' dir='ltr'><strong>miles</strong></span> <span class='ocrx_word' id='word_1_492' title='bbox 1571 4598 1744 4659; x_wconf 90' lang='lat' dir='ltr'><strong>vadit</strong></span> <span class='ocrx_word' id='word_1_493' title='bbox 1793 4617 1938 4659; x_wconf 91' lang='lat' dir='ltr'><strong>cum</strong></span> <span class='ocrx_word' id='word_1_494' title='bbox 1992 4615 2158 4676; x_wconf 85' lang='lat' dir='ltr'><strong>rege,</strong></span> <span class='ocrx_word' id='word_1_495' title='bbox 2204 4615 2329 4659; x_wconf 91' lang='lat' dir='ltr'><strong>non</strong></span> 
     </span>
     <span class='ocr_line' id='line_1_79' title="bbox 831 4695 2330 4777; baseline -0.004 -16"><span class='ocrx_word' id='word_1_496' title='bbox 831 4697 1206 4770; x_wconf 83' lang='lat' dir='ltr'><strong>econtrariO,</strong></span> <span class='ocrx_word' id='word_1_497' title='bbox 1242 4696 1394 4777; x_wconf 90' lang='lat' dir='ltr'><strong>quia</strong></span> <span class='ocrx_word' id='word_1_498' title='bbox 1443 4695 1628 4756; x_wconf 87' lang='lat' dir='ltr'><strong>miles</strong></span> <span class='ocrx_word' id='word_1_499' title='bbox 1677 4695 1948 4756; x_wconf 87' lang='lat' dir='ltr'><strong>associat</strong></span> <span class='ocrx_word' id='word_1_500' title='bbox 1997 4712 2233 4774; x_wconf 87' lang='lat' dir='ltr'><strong>regem,</strong></span> <span class='ocrx_word' id='word_1_501' title='bbox 2269 4702 2330 4756; x_wconf 87' lang='lat' dir='ltr'><strong>et</strong></span> 
     </span>
     <span class='ocr_line' id='line_1_80' title="bbox 832 4793 2330 4875; baseline -0.004 -15"><span class='ocrx_word' id='word_1_502' title='bbox 832 4815 959 4859; x_wconf 90' lang='lat' dir='ltr'><strong>non</strong></span> <span class='ocrx_word' id='word_1_503' title='bbox 989 4803 1262 4859; x_wconf 90' lang='lat' dir='ltr'><strong>econtra.</strong></span> <span class='ocrx_word' id='word_1_504' title='bbox 1297 4794 1456 4856; x_wconf 89' lang='lat' dir='ltr'><strong>Hinc</strong></span> <span class='ocrx_word' id='word_1_505' title='bbox 1499 4793 1837 4856; x_wconf 90' lang='lat' dir='ltr'><strong>innotescit</strong></span> <span class='ocrx_word' id='word_1_506' title='bbox 1877 4793 2198 4875; x_wconf 91' lang='lat' dir='ltr'><strong>quomodo</strong></span> <span class='ocrx_word' id='word_1_507' title='bbox 2228 4812 2330 4854; x_wconf 85' lang='lat' dir='ltr'><strong>ve-</strong></span> 
     </span>
     <span class='ocr_line' id='line_1_81' title="bbox 835 4891 2333 4975; baseline -0.005 -17"><span class='ocrx_word' id='word_1_508' title='bbox 835 4895 1123 4959; x_wconf 87' lang='lat' dir='ltr'><strong>rificetur</strong></span> <span class='ocrx_word' id='word_1_509' title='bbox 1162 4893 1331 4975; x_wconf 90' lang='lat' dir='ltr'><strong>quod</strong></span> <span class='ocrx_word' id='word_1_510' title='bbox 1375 4892 1462 4954; x_wconf 88' lang='lat' dir='ltr'><strong>ait</strong></span> <span class='ocrx_word' id='word_1_511' title='bbox 1503 4892 1987 4974; x_wconf 78' lang='lat' dir='ltr'><strong>Chrysostomus</strong></span> <span class='ocrx_word' id='word_1_512' title='bbox 2027 4911 2221 4972; x_wconf 89' lang='lat' dir='ltr'><strong>super</strong></span> <span class='ocrx_word' id='word_1_513' title='bbox 2261 4891 2333 4951; x_wconf 91' lang='lat' dir='ltr'><strong>il-</strong></span> 
     </span>
     <span class='ocr_line' id='line_1_82' title="bbox 835 4989 2335 5072; baseline -0.005 -16"><span class='ocrx_word' id='word_1_514' title='bbox 835 4995 941 5057; x_wconf 89' lang='lat' dir='ltr'><strong>lud</strong></span> <span class='ocrx_word' id='word_1_515' title='bbox 993 4995 1071 5055; x_wconf 90' lang='lat' dir='ltr'><strong>ad</strong></span> <span class='ocrx_word' id='word_1_516' title='bbox 1121 4991 1437 5066; x_wconf 77' lang='lat' dir='ltr'><strong>HebraeOS,</strong></span> <span class='ocrx_word' id='word_1_517' title='bbox 1486 4991 1600 5064; x_wconf 87' lang='lat' dir='ltr'><strong>Qui</strong></span> <span class='ocrx_word' id='word_1_518' title='bbox 1653 5010 1852 5072; x_wconf 92' lang='lat' dir='ltr'><strong>quum</strong></span> <span class='ocrx_word' id='word_1_519' title='bbox 1903 4991 1985 5051; x_wconf 91' lang='lat' dir='ltr'><strong>sit</strong></span> <span class='ocrx_word' id='word_1_520' title='bbox 2033 4989 2335 5071; x_wconf 85' lang='lat' dir='ltr'><strong>splendor</strong></span> 
     </span>
     <span class='ocr_line' id='line_1_83' title="bbox 831 5087 2331 5174; baseline -0.005 -20"><span class='ocrx_word' id='word_1_521' title='bbox 831 5092 1048 5174; x_wconf 66' lang='lat' dir='ltr'><strong>gloria).</strong></span> <span class='ocrx_word' id='word_1_522' title='bbox 1089 5109 1102 5153; x_wconf 77' lang='lat' dir='ltr'><em>z</em></span> <span class='ocrx_word' id='word_1_523' title='bbox 1143 5090 1362 5164; x_wconf 83' lang='lat' dir='ltr'><strong>Filius,</strong></span> <span class='ocrx_word' id='word_1_524' title='bbox 1411 5090 1640 5171; x_wconf 90' lang='lat' dir='ltr'><strong>inquit,</strong></span> <span class='ocrx_word' id='word_1_525' title='bbox 1691 5095 1784 5150; x_wconf 90' lang='lat' dir='ltr'><strong>est</strong></span> <span class='ocrx_word' id='word_1_526' title='bbox 1833 5089 2094 5170; x_wconf 71' lang='lat' dir='ltr'><strong>aequalis</strong></span> <span class='ocrx_word' id='word_1_527' title='bbox 2144 5087 2331 5160; x_wconf 86' lang='lat' dir='ltr'><strong>Patri,</strong></span> 
     </span>
     <span class='ocr_line' id='line_1_84' title="bbox 835 5186 2334 5269; baseline -0.004 -16"><span class='ocrx_word' id='word_1_528' title='bbox 835 5209 961 5253; x_wconf 91' lang='lat' dir='ltr'><strong>non</strong></span> <span class='ocrx_word' id='word_1_529' title='bbox 993 5192 1171 5252; x_wconf 88' lang='lat' dir='ltr'><strong>Pater</strong></span> <span class='ocrx_word' id='word_1_530' title='bbox 1202 5191 1394 5267; x_wconf 82' lang='lat' dir='ltr'><strong>Fi1i03</strong></span> <span class='ocrx_word' id='word_1_531' title='bbox 1429 5196 1488 5251; x_wconf 91' lang='lat' dir='ltr'><strong>et</strong></span> <span class='ocrx_word' id='word_1_532' title='bbox 1520 5189 1686 5269; x_wconf 88' lang='lat' dir='ltr'><strong>quod</strong></span> <span class='ocrx_word' id='word_1_533' title='bbox 1719 5187 1808 5249; x_wconf 88' lang='lat' dir='ltr'><strong>ait</strong></span> <span class='ocrx_word' id='word_1_534' title='bbox 1837 5186 2110 5249; x_wconf 86' lang='lat' dir='ltr'><strong>Hilarius</strong></span> <span class='ocrx_word' id='word_1_535' title='bbox 2137 5204 2151 5247; x_wconf 71' lang='grc' dir='ltr'>ι</span> <span class='ocrx_word' id='word_1_536' title='bbox 2178 5187 2334 5247; x_wconf 89' lang='lat' dir='ltr'><strong>lma-</strong></span> 
     </span>
     <span class='ocr_line' id='line_1_85' title="bbox 833 5285 2331 5370; baseline -0.003 -20"><span class='ocrx_word' id='word_1_537' title='bbox 833 5307 912 5369; x_wconf 90' lang='lat' dir='ltr'><strong>go</strong></span> <span class='ocrx_word' id='word_1_538' title='bbox 951 5288 1004 5348; x_wconf 88' lang='lat' dir='ltr'><strong>si</strong></span> <span class='ocrx_word' id='word_1_539' title='bbox 1048 5287 1327 5370; x_wconf 86' lang='lat' dir='ltr'><strong>perfecte</strong></span> <span class='ocrx_word' id='word_1_540' title='bbox 1371 5287 1592 5368; x_wconf 86' lang='lat' dir='ltr'><strong>implet</strong></span> <span class='ocrx_word' id='word_1_541' title='bbox 1635 5285 1697 5346; x_wconf 88' lang='lat' dir='ltr'><strong>id</strong></span> <span class='ocrx_word' id='word_1_542' title='bbox 1741 5285 1924 5366; x_wconf 84' lang='lat' dir='ltr'><strong>cujus</strong></span> <span class='ocrx_word' id='word_1_543' title='bbox 1968 5293 2062 5346; x_wconf 86' lang='lat' dir='ltr'><strong>est</strong></span> <span class='ocrx_word' id='word_1_544' title='bbox 2103 5285 2331 5364; x_wconf 88' lang='lat' dir='ltr'><strong>imag0‚</strong></span> 
     </span>
    </p>
   </div>
   <div class='ocr_carea' id='block_1_14' title="bbox 2438 4300 3947 5362">
    <p class='ocr_par' dir='ltr' id='par_1_16' title="bbox 2438 4300 3945 4659">
     <span class='ocr_line' id='line_1_86' title="bbox 2438 4300 3945 4380; baseline -0.001 -17"><span class='ocrx_word' id='word_1_545' title='bbox 2438 4302 2628 4364; x_wconf 89' lang='lat' dir='ltr'><strong>habet</strong></span> <span class='ocrx_word' id='word_1_546' title='bbox 2660 4302 2955 4363; x_wconf 90' lang='lat' dir='ltr'><strong>eumdem</strong></span> <span class='ocrx_word' id='word_1_547' title='bbox 2987 4301 3054 4361; x_wconf 93' lang='lat' dir='ltr'><strong>in</strong></span> <span class='ocrx_word' id='word_1_548' title='bbox 3085 4300 3196 4362; x_wconf 91' lang='lat' dir='ltr'><strong>eis.</strong></span> <span class='ocrx_word' id='word_1_549' title='bbox 3231 4300 3357 4361; x_wconf 89' lang='lat' dir='ltr'><strong>Nec</strong></span> <span class='ocrx_word' id='word_1_550' title='bbox 3388 4308 3483 4361; x_wconf 90' lang='lat' dir='ltr'><strong>est</strong></span> <span class='ocrx_word' id='word_1_551' title='bbox 3520 4319 3595 4362; x_wconf 84' lang='lat' dir='ltr'><strong>ex</strong></span> <span class='ocrx_word' id='word_1_552' title='bbox 3629 4300 3945 4380; x_wconf 83' lang='lat' dir='ltr'><strong>impoten-</strong></span> 
     </span>
     <span class='ocr_line' id='line_1_87' title="bbox 2440 4398 3941 4482; baseline -0.001 -20"><span class='ocrx_word' id='word_1_553' title='bbox 2440 4402 2525 4462; x_wconf 85' lang='lat' dir='ltr'><strong>tia</strong></span> <span class='ocrx_word' id='word_1_554' title='bbox 2556 4400 2828 4482; x_wconf 87' lang='lat' dir='ltr'><strong>Spiritus</strong></span> <span class='ocrx_word' id='word_1_555' title='bbox 2870 4399 3104 4472; x_wconf 88' lang='lat' dir='ltr'><strong>Sancti,</strong></span> <span class='ocrx_word' id='word_1_556' title='bbox 3138 4399 3306 4480; x_wconf 88' lang='lat' dir='ltr'><strong>quod</strong></span> <span class='ocrx_word' id='word_1_557' title='bbox 3349 4416 3474 4460; x_wconf 92' lang='lat' dir='ltr'><strong>non</strong></span> <span class='ocrx_word' id='word_1_558' title='bbox 3516 4398 3804 4481; x_wconf 88' lang='lat' dir='ltr'><strong>producit</strong></span> <span class='ocrx_word' id='word_1_559' title='bbox 3836 4398 3941 4460; x_wconf 85' lang='lat' dir='ltr'><strong>in·</strong></span> 
     </span>
     <span class='ocr_line' id='line_1_88' title="bbox 2440 4495 3935 4570; baseline -0.001 -11"><span class='ocrx_word' id='word_1_560' title='bbox 2440 4498 2657 4570; x_wconf 83' lang='lat' dir='ltr'><strong>terius,</strong></span> <span class='ocrx_word' id='word_1_561' title='bbox 2683 4497 2849 4558; x_wconf 89' lang='lat' dir='ltr'><strong>sicut</strong></span> <span class='ocrx_word' id='word_1_562' title='bbox 2878 4504 3203 4558; x_wconf 89' lang='lat' dir='ltr'><strong>ostensum</strong></span> <span class='ocrx_word' id='word_1_563' title='bbox 3234 4503 3350 4570; x_wconf 89' lang='lat' dir='ltr'><strong>est,</strong></span> <span class='ocrx_word' id='word_1_564' title='bbox 3371 4502 3434 4557; x_wconf 90' lang='lat' dir='ltr'><strong>et</strong></span> <span class='ocrx_word' id='word_1_565' title='bbox 3468 4495 3633 4558; x_wconf 90' lang='lat' dir='ltr'><strong>infra</strong></span> <span class='ocrx_word' id='word_1_566' title='bbox 3661 4495 3935 4557; x_wconf 89' lang='lat' dir='ltr'><strong>dicetur.</strong></span> 
     </span>
     <span class='ocr_line' id='line_1_89' title="bbox 2440 4597 2861 4659; baseline -0.002 -2"><span class='ocrx_word' id='word_1_567' title='bbox 2440 4597 2582 4659; x_wconf 83' lang='lat' dir='ltr'><strong>llaec</strong></span> <span class='ocrx_word' id='word_1_568' title='bbox 2624 4597 2861 4657; x_wconf 87' lang='lat' dir='ltr'><strong>Petrus.</strong></span> 
     </span>
    </p>

    <p class='ocr_par' dir='ltr' id='par_1_17' title="bbox 2442 4690 3947 5362">
     <span class='ocr_line' id='line_1_90' title="bbox 2530 4690 3943 4773; baseline -0.002 -20"><span class='ocrx_word' id='word_1_569' title='bbox 2530 4692 2834 4753; x_wconf 78' lang='lat' dir='ltr'><strong>Praeterea</strong></span> <span class='ocrx_word' id='word_1_570' title='bbox 2892 4691 3237 4754; x_wconf 88' lang='lat' dir='ltr'><strong>Richardus</strong></span> <span class='ocrx_word' id='word_1_571' title='bbox 3297 4690 3617 4773; x_wconf 79' lang='lat' dir='ltr'><strong>praedictis</strong></span> <span class='ocrx_word' id='word_1_572' title='bbox 3677 4707 3943 4752; x_wconf 88' lang='lat' dir='ltr'><strong>concor-</strong></span> 
     </span>
     <span class='ocr_line' id='line_1_91' title="bbox 2443 4787 3947 4871; baseline -0.001 -19"><span class='ocrx_word' id='word_1_573' title='bbox 2443 4791 2619 4863; x_wconf 86' lang='lat' dir='ltr'><strong>dans,</strong></span> <span class='ocrx_word' id='word_1_574' title='bbox 2681 4789 2907 4871; x_wconf 79' lang='lat' dir='ltr'><strong>quaerit</strong></span> <span class='ocrx_word' id='word_1_575' title='bbox 2968 4808 3048 4850; x_wconf 88' lang='lat' dir='ltr'><strong>an</strong></span> <span class='ocrx_word' id='word_1_576' title='bbox 3111 4790 3175 4850; x_wconf 93' lang='lat' dir='ltr'><strong>in</strong></span> <span class='ocrx_word' id='word_1_577' title='bbox 3242 4789 3446 4850; x_wconf 89' lang='lat' dir='ltr'><strong>tribus</strong></span> <span class='ocrx_word' id='word_1_578' title='bbox 3507 4787 3792 4869; x_wconf 87' lang='lat' dir='ltr'><strong>personis</strong></span> <span class='ocrx_word' id='word_1_579' title='bbox 3852 4789 3947 4850; x_wconf 86' lang='lat' dir='ltr'><strong>sit</strong></span> 
     </span>
     <span class='ocr_line' id='line_1_92' title="bbox 2442 4887 3945 4970; baseline -0.002 -19"><span class='ocrx_word' id='word_1_580' title='bbox 2442 4888 2767 4970; x_wconf 52' lang='lat' dir='ltr'><strong>&amp;equalitas</strong></span> <span class='ocrx_word' id='word_1_581' title='bbox 2809 4906 2935 4948; x_wconf 90' lang='lat' dir='ltr'><strong>una</strong></span> <span class='ocrx_word' id='word_1_582' title='bbox 2973 4894 3030 4948; x_wconf 86' lang='lat' dir='ltr'><strong>et</strong></span> <span class='ocrx_word' id='word_1_583' title='bbox 3078 4887 3297 4948; x_wconf 85' lang='lat' dir='ltr'><strong>eadem</strong></span> <span class='ocrx_word' id='word_1_584' title='bbox 3338 4905 3623 4950; x_wconf 89' lang='lat' dir='ltr'><strong>numero.</strong></span> <span class='ocrx_word' id='word_1_585' title='bbox 3659 4888 3945 4968; x_wconf 88' lang='lat' dir='ltr'><strong>Respon-</strong></span> 
     </span>
     <span class='ocr_line' id='line_1_93' title="bbox 2444 4983 3943 5068; baseline -0.001 -20"><span class='ocrx_word' id='word_1_586' title='bbox 2444 4989 2547 5048; x_wconf 87' lang='lat' dir='ltr'><strong>det</strong></span> <span class='ocrx_word' id='word_1_587' title='bbox 2597 4987 2765 5068; x_wconf 90' lang='lat' dir='ltr'><strong>quod</strong></span> <span class='ocrx_word' id='word_1_588' title='bbox 2820 4987 2970 5059; x_wconf 92' lang='lat' dir='ltr'><strong>im0,</strong></span> <span class='ocrx_word' id='word_1_589' title='bbox 3024 4986 3325 5067; x_wconf 90' lang='lat' dir='ltr'><strong>quoniam</strong></span> <span class='ocrx_word' id='word_1_590' title='bbox 3381 4985 3742 5066; x_wconf 88' lang='lat' dir='ltr'><strong>proximum</strong></span> <span class='ocrx_word' id='word_1_591' title='bbox 3792 4983 3943 5047; x_wconf 89' lang='lat' dir='ltr'><strong>fun·</strong></span> 
     </span>
     <span class='ocr_line' id='line_1_94' title="bbox 2444 5083 3945 5166; baseline -0.001 -17"><span class='ocrx_word' id='word_1_592' title='bbox 2444 5088 2811 5149; x_wconf 71' lang='lat' dir='ltr'><strong>dementum</strong></span> <span class='ocrx_word' id='word_1_593' title='bbox 2879 5084 3071 5165; x_wconf 85' lang='lat' dir='ltr'><strong>hujus</strong></span> <span class='ocrx_word' id='word_1_594' title='bbox 3140 5083 3515 5166; x_wconf 64' lang='lat' dir='ltr'><strong>aequalitatis</strong></span> <span class='ocrx_word' id='word_1_595' title='bbox 3574 5091 3670 5145; x_wconf 91' lang='lat' dir='ltr'><strong>est</strong></span> <span class='ocrx_word' id='word_1_596' title='bbox 3733 5083 3945 5147; x_wconf 86' lang='lat' dir='ltr'><strong>virtus</strong></span> 
     </span>
     <span class='ocr_line' id='line_1_95' title="bbox 2446 5181 3945 5264; baseline -0.003 -18"><span class='ocrx_word' id='word_1_597' title='bbox 2446 5185 2681 5258; x_wconf 89' lang='lat' dir='ltr'><strong>divina,</strong></span> <span class='ocrx_word' id='word_1_598' title='bbox 2717 5203 2858 5264; x_wconf 68' lang='lat' dir='ltr'><strong>quze</strong></span> <span class='ocrx_word' id='word_1_599' title='bbox 2898 5183 2963 5244; x_wconf 91' lang='lat' dir='ltr'><strong>in</strong></span> <span class='ocrx_word' id='word_1_600' title='bbox 3006 5181 3207 5243; x_wconf 84' lang='lat' dir='ltr'><strong>tribus</strong></span> <span class='ocrx_word' id='word_1_601' title='bbox 3250 5182 3679 5263; x_wconf 84' lang='lat' dir='ltr'><strong>supersanct-is</strong></span> <span class='ocrx_word' id='word_1_602' title='bbox 3717 5199 3945 5262; x_wconf 89' lang='lat' dir='ltr'><strong>super-</strong></span> 
     </span>
     <span class='ocr_line' id='line_1_96' title="bbox 2446 5280 3945 5362; baseline 0 -18"><span class='ocrx_word' id='word_1_603' title='bbox 2446 5280 3123 5361; x_wconf 86' lang='lat' dir='ltr'><strong>reverendissimisque</strong></span> <span class='ocrx_word' id='word_1_604' title='bbox 3175 5280 3462 5362; x_wconf 89' lang='lat' dir='ltr'><strong>personis</strong></span> <span class='ocrx_word' id='word_1_605' title='bbox 3514 5287 3612 5342; x_wconf 88' lang='lat' dir='ltr'><strong>est</strong></span> <span class='ocrx_word' id='word_1_606' title='bbox 3668 5297 3945 5344; x_wconf 81' lang='lat' dir='ltr'><strong>numero</strong></span> 
     </span>
    </p>
   </div>
  </div>
 </body>
</html>
