4359 6250
608 2245 710 2288 Aet.
741 2256 840 2294 xvu,

574 2312 643 2353 25.

861 471 982 538 434

1489 495 1552 540 IN
1593 493 1814 540 Limum
1856 492 1876 539 1
1920 487 2403 538 SENTBNNARUM.
2448 509 2529 518 ·--
2568 487 2721 536 msT.
2767 486 3020 552 xxxvn;
3065 485 3288 544 QUAEST.
3335 489 3356 535 1

867 663 1022 726 loca.
1061 663 1382 747 Sapientia
1422 665 1661 747 quippe
1697 681 1821 726 non
1864 671 1958 725 cst
2000 662 2204 742 maj0r
2234 679 2367 724 cor·
2395 660 2446 722 A
2480 679 2681 742 usque
2730 661 2807 722 ad
2860 660 3137 742 aliquem
3188 657 3558 720 terminum.
3612 653 3977 738 Spiritualis

868 761 1170 843 poraliter
1200 763 1265 824 in
1299 762 1559 842 majore,
1594 782 1711 824 nec
1743 762 1950 825 minor
1981 761 2046 822 in
2081 760 2361 822 minore:

868 859 956 921 ita
985 867 1080 920 est
1119 860 1285 921 Deus
1325 860 1390 921 in
1426 859 1583 922 locis
1621 867 1682 922 et
1725 859 1932 921 rebuS.
1968 895 2048 903 —
2080 858 2365 938 Denique

867 957 1221 1038 propositio
1254 957 1392 1032 ista,
1427 958 1593 1019 Deus
1623 977 1936 1038 nusquam
1969 962 2086 1029 est,
2110 973 2239 1018 non
2270 963 2365 1016 est

867 1055 1258 1117 admittenda
1305 1055 1443 1117 sine
1493 1056 2039 1118 determinatione.
2077 1053 2365 1134 Negatio-

867 1172 980 1215 nes
1029 1172 1304 1236 namque
1355 1153 1843 1216 universaliores
1892 1160 2039 1214 sunt
2088 1152 2368 1214 affirma-

866 1250 1184 1313 tionibus:
1209 1251 1444 1314 idcirco
1475 1271 1589 1333 per
1618 1253 1828 1326 istam,
1855 1253 2018 1313 Deus
2049 1269 2389 1332 nusquam,

865 1357 983 1422 est,
1039 1367 1166 1411 non
1215 1349 1423 1412 solum
1473 1358 1881 1414 removemur
1927 1369 1964 1410 a
2012 1350 2139 1411 Deo
2196 1347 2363 1410 modi

865 1447 1102 1528 quibus
1152 1466 1278 1510 non
1323 1448 1620 1511 convenit
1663 1449 1718 1510 ei
1766 1467 1903 1510 esse
1951 1449 2014 1510 in
2063 1448 2222 1520 loce,
2257 1447 2367 1509 sed

865 1545 1057 1607 etiam
1102 1553 1438 1627 praetactus
1484 1547 1708 1608 modus
1759 1565 1884 1628 quo
1927 1565 2064 1608 esse
2111 1546 2174 1606 in
2228 1546 2366 1607 loco

866 1643 1162 1706 convenit
1199 1644 1279 1705 ei.
1315 1644 1475 1706 Hinc
1521 1664 1666 1706 cum
1709 1644 2237 1706 determinatione
2272 1643 2363 1705 di-

867 1743 1139 1803 cendum
1199 1750 1316 1814 est,
1367 1743 1533 1804 Deus
1584 1761 1894 1824 nusquam
1948 1750 2044 1804 est
2093 1742 2365 1804 circum-

2476 777 2625 821 vero
2656 759 3031 832 substantia,
3067 757 3253 838 cujus
3282 757 3557 818 essentia
3586 755 3850 818 omnino
3878 763 3979 815 est

2474 857 2764 920 absoluta
2793 877 2829 920 a
2858 858 3209 940 quantitate
3241 864 3303 917 et
3338 856 3488 928 situ,
3522 874 3595 916 ac
3638 873 3751 936 per
3780 852 3899 915 hoc
3940 873 3981 914 a

2476 955 2637 1030 loce,
2672 974 2797 1018 non
2838 963 2933 1017 est
2974 955 3274 1017 distincta
3308 955 3445 1016 loco
3482 961 3591 1014 aut
3622 953 3746 1014 situ
3786 951 3867 1013 ab
3898 970 3980 1014 eo

2474 1054 2643 1134 quod
2676 1061 2924 1131 movet;
2958 1054 3065 1114 sed
3110 1053 3217 1114 ubi
3250 1059 3347 1115 est
3388 1052 3598 1134 ipsum
3631 1051 3801 1133 quod
3842 1067 3979 1111 mo·

2474 1159 2678 1224 vetur,
2724 1150 2811 1213 ibi
2862 1158 2927 1213 et
2977 1151 3187 1232 ipsum
3238 1151 3406 1231 quod
3457 1157 3666 1212 movet
3704 1166 3717 1210 :
3752 1167 3981 1230 quem-

2473 1250 2816 1311 admodum
2860 1249 3073 1310 anima
3114 1256 3211 1309 est
3262 1248 3325 1309 in
3377 1265 3662 1329 corpore,
3694 1247 3981 1310 etssicut

2478 1348 2679 1408 virtus
2713 1366 2974 1409 movens
3006 1348 3239 1410 coelum
3282 1346 3518 1408 dicitur
3547 1364 3686 1408 csse
3729 1346 3793 1407 in
3824 1346 3978 1406 dex-

2479 1454 2608 1508 tera
2638 1446 2812 1508 orbis
2854 1446 3008 1509 moti
3050 1465 3085 1508 a
3116 1465 3204 1519 se,
3238 1465 3273 1506 a
3304 1465 3431 1527 qua
3470 1445 3697 1526 incipit
3738 1453 3976 1517 motuS,

2478 1553 2547 1607 ut
2576 1545 2810 1607 dicitur
2839 1545 3112 1627 septimo
3143 1545 3575 1627 physicorum.
3600 1581 3680 1589 —
3708 1544 3983 1624 Insuper

2475 1644 2955 1717 advertendum,
2990 1644 3157 1725 quod
3206 1662 3345 1704 esse
3390 1642 3733 1723 cujuslibet
3777 1642 3865 1704 rei
3911 1653 3981 1704 et

2477 1761 2613 1803 esse
2655 1741 2999 1821 cujuslibet
3039 1741 3237 1823 partis
3276 1742 3438 1821 ejuS,
3472 1749 3567 1803 est
3610 1741 3979 1803 immediate

866 1840 1189 1921 scriptive,
1211 1840 1565 1914 definitive,
1585 1848 1693 1902 aut
1723 1841 2116 1918 contentive3
2142 1842 2362 1922 sicque
2402 1839 2447 1900 B
2476 1859 2511 1901 a
2559 1841 2687 1902 Deo
2723 1840 2921 1921 :quia
2969 1840 3323 1901 secundum
3372 1839 3571 1900 fidem
3620 1856 3748 1901 non
3798 1839 3981 1920 poni-

867 1937 1354 2019 intelligendum
1385 1946 1482 2000 est
1521 1939 1690 2020 quod
1728 1939 1816 2000 ait
1851 1939 2126 2012 Boetius,
2160 1939 2363 2000 Deum

867 2055 1184 2118 nusquam
1232 2056 1390 2099 esse.
1425 2073 1506 2082 —-
1535 2037 1847 2118 AmpliuS,
1883 2056 2031 2100 vera
2073 2044 2170 2099 est
2219 2037 2360 2110 ista,

868 2135 1034 2196 Deus
1063 2141 1160 2196 est
1191 2134 1254 2196 in
1286 2154 1352 2197 se
1395 2135 1534 2216 ipso
1570 2152 1584 2196 :
1620 2135 1920 2217 quoniam
1961 2135 2198 2196 dicitur
2226 2154 2364 2197 esse

870 2231 932 2293 in
979 2251 1046 2294 se
1086 2232 1246 2313 ipso,
1281 2232 1432 2314 quia
1473 2251 1586 2314 per
1629 2252 1696 2294 se
1739 2241 1855 2305 est,
1895 2251 2022 2295 non
2072 2233 2365 2312 indigens

869 2330 1102 2412 aliquo.
1159 2330 1332 2392 Unde
1393 2331 1743 2392 secundum
1802 2330 2229 2411 Augustinum
2286 2331 2363 2392 ad

869 2428 1252 2502 Dardanum,
1273 2447 1373 2491 res
1403 2428 1639 2490 dicitur
1665 2447 1803 2490 esse
1837 2427 1945 2489 ubi
1979 2428 2360 2490 continetur.

867 2527 1033 2588 Deus
1073 2535 1284 2589 autem
1326 2525 1582 2608 propria
1621 2527 1983 2588 continetur
2011 2545 2124 2588 seu
2162 2526 2367 2588 subsi-

867 2625 977 2685 stit
1016 2623 1269 2687 virtute.
1305 2625 1547 2686 Idcirco
1593 2643 1791 2706 quum
1837 2624 2072 2686 dicitur
2111 2643 2251 2686 esse
2297 2624 2363 2685 in

862 2741 952 2795 se,
1006 2741 1131 2784 non
1191 2729 1444 2786 notatur
1491 2721 1796 2784 habitudo
1855 2721 1994 2801 ejus
2045 2722 2121 2783 ad
2171 2720 2363 2783 aliam

865 2839 1024 2894 rem,
1059 2821 1226 2883 sicut
1273 2840 1470 2902 quum
1524 2819 1757 2881 dicitur
1803 2839 1941 2882 esse
1992 2819 2251 2901 ubique.
2288 2821 2363 2881 Et

865 2919 1160 2999 quamvis
1209 2918 1450 3000 ubique
1493 2918 1597 2990 sit,
1635 2937 1762 2980 non
1811 2926 2022 2980 tamen
2073 2919 2363 3000 sequitur

2477 1958 2618 2000 mus
2651 1957 3035 2019 quemquam
3071 1956 3305 2010 creare,
3331 1937 3454 1999 nisi
3488 1938 3725 2013 Deum;
3758 1955 3977 1998 creare

2474 2044 2685 2098 autem
2737 2045 2832 2098 est
2879 2037 3025 2098 dare
3076 2055 3233 2098 esse.
3288 2036 3450 2098 lllud
3499 2054 3753 2117 quoque
3802 2036 3978 2117 quod

2476 2135 2579 2196 dat
2609 2153 2769 2208 esse,
2806 2153 2932 2196 non
2974 2141 3180 2216 potest
3212 2153 3456 2196 cessare
3487 2134 3567 2195 ab
3606 2134 3977 2216 operatione

2476 2251 2601 2313 qua
2632 2234 2737 2294 dat
2779 2251 2938 2307 esse,
2973 2233 3130 2313 quin
3176 2252 3275 2294 res
3318 2233 3564 2294 desinat
3604 2251 3741 2294 esse
3775 2251 3789 2292 :
3824 2231 3981 2312 quia

2478 2338 2545 2391 ut
2602 2331 2825 2393 asserit
2872 2331 3215 2401 Avicenna‚
3269 2331 3401 2393 haec
3454 2339 3547 2392 est
3608 2330 3979 2392 differentia

2479 2429 2642 2490 inter
2690 2447 2886 2509 agens
2945 2429 3237 2491 divinum
3290 2438 3352 2490 et
3411 2447 3603 2510 agens
3662 2427 3975 2499 naturale,

2477 2528 2646 2608 quod
2686 2546 2877 2608 agens
2918 2527 3202 2589 naturale
3242 2535 3339 2589 est
3370 2545 3559 2588 causa
3598 2535 3807 2589 motus
3840 2534 3977 2588 tan-

2476 2633 2635 2698 tum,
2670 2645 2861 2706 agens
2893 2643 3044 2687 vero
3081 2625 3371 2687 divinum
3414 2633 3506 2687 est
3548 2644 3737 2686 causa
3771 2625 3977 2706 ipsius

2476 2742 2631 2784 esse.
2669 2724 2814 2784 Ideo
2853 2730 3077 2805 praeter
3108 2723 3318 2804 ipsum
3355 2723 3476 2784 alia
3513 2722 3796 2804 qualibet
3832 2741 3981 2783 cau-

2475 2839 2542 2882 sa
2585 2820 2911 2883 efficiente
2955 2829 3217 2894 remota,
3262 2807 3389 2884 non
3432 2829 3793 2884 removetur
3831 2819 3977 2900 ejus

2474 2917 2764 2980 effectus
2802 2919 2957 2981 llinc
2991 2927 3233 2981 remoto
3267 2919 3675 2992 aedil'icatore,
3710 2937 3837 2981 nou
3874 2919 3979 2980 de-

862 3017 1032 3096 quod
1081 3016 1164 3078 sit
1211 3025 1388 3078 extra
1433 3035 1522 3088 se,
1575 3016 1874 3097 quoniam
1924 3017 2140 3078 omnia
2200 3017 2365 3077 intra
2400 3019 2444 3084 C
2475 3017 2627 3078 sinit
2668 3037 2805 3079 esse
2855 3019 3103 3090 domus',
3151 3018 3260 3079 sed
3310 3018 3451 3098 ejus
3498 3017 3687 3098 fieri3
3732 3026 3980 3080 remota

864 3113 1076 3195 ipsum
1119 3121 1288 3188 sunt,
1320 3121 1384 3177 et
1423 3114 1560 3197 ipse
1602 3114 1898 3177 universa
1927 3115 2199 3189 excedit,
2231 3135 2364 3177 am-

864 3211 958 3272 bit
992 3220 1056 3273 et
1097 3213 1396 3275 continet.
1431 3213 1573 3275 Haec
1603 3213 1958 3275 Alexander
1991 3230 2004 3275 :
2039 3214 2150 3295 qui
2194 3214 2363 3275 circa

864 3310 998 3373 haec
1040 3310 1266 3392 quaerit
1306 3318 1370 3372 et
1407 3310 1530 3373 alia
1569 3311 1789 3385 multa,
1834 3331 1973 3393 quae
2020 3311 2187 3374 infra
2230 3320 2361 3374 tan·

863 3416 1110 3489 gentur.

942 3507 1122 3571 Circa
1171 3508 1306 3571 haec
1355 3508 1638 3591 loquitur
1684 3509 1954 3571 Thomas
2009 3526 2022 3570 ε
2076 3509 2243 3571 Deus
2296 3509 2359 3570 in

863 3606 1163 3670 omnibus
1213 3606 1404 3669 rebus
1457 3607 1881 3669 essentialiter
1930 3615 2045 3682 est,
2097 3626 2224 3669 non
2279 3616 2364 3669 ta-

862 3724 1010 3767 men
1053 3706 1140 3767 ita
1177 3705 1345 3787 quod
1388 3705 1579 3767 rebus
1618 3706 2148 3787 commisceatur3
2196 3706 2362 3769 sicut

863 3805 927 3866 in
972 3803 1136 3866 libro
1177 3804 1255 3866 de
1295 3803 1513 3868 Causis
1557 3804 1826 3867 babetur
1861 3822 1874 3867 t
1911 3805 2110 3867 Causa
2153 3805 2361 3887 prima

861 3902 927 3963 in
958 3902 1258 3964 omnibus
1287 3909 1382 3965 est
1415 3910 1834 3985 praeterquam
1867 3904 1960 3965 eis
1995 3903 2362 3966 commisce-

859 4007 1020 4062 atur.
1055 4000 1190 4063 Non
1236 4001 1410 4063 enim
1449 4008 1544 4063 est
1593 4021 1737 4082 pars
1780 4002 2054 4082 alicujus
2093 4003 2207 4075 rei,
2241 4022 2359 4064 nec

861 4098 1126 4160 formale
1167 4099 1456 4161 omnium
1495 4118 1652 4161 esse.
1687 4101 1942 4162 Movens
1984 4119 2258 4183 namque
2298 4108 2356 4162 et

2474 3134 2624 3179 vero
2655 3136 2843 3179 causa
2874 3115 3147 3189 essendi,
3184 3124 3546 3179 removetur
3573 3115 3853 3178 totaliter
3882 3135 3981 3177 es-

2474 3233 2541 3275 se
2590 3214 2704 3287 rei,
2738 3222 2801 3276 et
2852 3215 2989 3296 ipsa
3037 3215 3488 3297 corrumpitur.
3525 3215 3699 3278 Unde
3748 3234 3981 3277 secun-

2473 3313 2627 3373 dum
2678 3312 3074 3393 Gregorium‚
3125 3312 3343 3374 omnia
3392 3312 3457 3374 in
3508 3312 3670 3374 nihil
3722 3312 3977 3375 decide-

2475 3418 2634 3485 rent,
2678 3410 2802 3472 nisi
2844 3410 3047 3472 virtus
3091 3410 3557 3491 Omnipotentis
3606 3431 3679 3472 ea
3724 3412 3788 3472 in
3830 3430 3979 3473 esse

2473 3515 2893 3571 conservaret.
2950 3508 3208 3591 Oportet
3264 3526 3415 3590 ergo
3464 3510 3631 3590 quod
3688 3509 3979 3591 operatio

2472 3606 2584 3668 Dei
2634 3626 2761 3687 qua
2818 3606 2923 3667 dat
2972 3624 3133 3679 esse,
3178 3620 3304 3668 non
3364 3606 3447 3668 sit
3499 3607 3814 3679 intercisa,
3860 3608 3975 3669 sed

2473 3704 2792 3766 continua.
2821 3704 3078 3786 Propter
3108 3705 3275 3785 quod
3309 3704 3682 3785 Unigenitus
3712 3705 3821 3767 Dei
3856 3706 3974 3777 ait,

2468 3804 2725 3866 Joannis
2776 3803 3001 3884 quinto
3036 3802 3262 3865 :Pater
3308 3822 3487 3865 meus
3533 3822 3735 3885 usque
3780 3805 3977 3867 modo
4051 3836 4275 3885 ham„

2470 3909 2791 3984 operatur,
2854 3908 2913 3963 et
2974 3919 3089 3981 ego
3148 3918 3391 3983 operor.
3440 3938 3521 3947 —-
3580 3902 3669 3963 Ex
3728 3902 3975 3983 quibus
4012 3902 4081 3943 ¹⁷·

2471 4008 2685 4082 aperte
2717 3999 3059 4081 colligitur,
3094 4001 3264 4081 quod
3294 4000 3461 4063 Deus
3492 4008 3587 4063 est
3618 4001 3977 4083 unicuique

2472 4100 2561 4160 rei
2613 4099 2899 4171 intimuS,
2942 4098 3109 4160 sicut
3158 4098 3489 4179 proprium
3540 4117 3678 4161 esse
3728 4099 3816 4161 rei
3872 4110 3981 4163 est

863 4205 1123 4269 motum,
1143 4215 1410 4277 operans
1444 4215 1695 4279 quoque
1727 4205 1787 4258 et
1820 4206 2166 4279 operatum,
2180 4216 2362 4279 opor·
2392 4196 2440 4258 D
2472 4196 2770 4258 intimum
2802 4197 2883 4269 ei,
2916 4197 3087 4278 quod
3127 4215 3244 4258 nec
3285 4196 3567 4277 incipere
3608 4205 3817 4279 posset
3860 4218 3979 4260 ne-

861 4302 949 4356 tet
979 4295 1169 4357 simul
1201 4304 1446 4368 esse,ut
1477 4296 1750 4378 septimo
1781 4296 2189 4379 physicorum
2227 4315 2363 4377 pro-

861 4391 1065 4454 batur.
1113 4393 1231 4455 Sed
1283 4392 1402 4454 hoc
1445 4394 1870 4455 diversimode
1921 4394 2358 4476 corporalibus

859 4497 923 4551 et
962 4489 1404 4572 spiritualibus
1445 4492 1760 4553 convenit.
1795 4492 1952 4564 Quia
1994 4512 2193 4574 quum
2226 4510 2359 4554 cor-

857 4608 980 4670 pus
1032 4606 1147 4670 per
1195 4607 1375 4649 suam
1433 4590 1772 4651 essentiam
1833 4590 2022 4651 certis
2067 4590 2361 4653 terminis

2471 4314 2595 4377 que
2627 4295 2875 4367 durare,
2910 4294 3032 4355 nisi
3076 4313 3189 4375 per
3218 4294 3651 4376 operationem
3683 4295 3815 4366 Dei,
3855 4316 3983 4377 per

2471 4411 2663 4473 quam
2697 4392 3049 4473 operatori*
3082 4411 3196 4455 suo
3237 4392 3649 4474 conjungitur
3680 4401 3749 4454 ut
3779 4394 3865 4455 sit
3902 4396 3979 4457 in

2472 4510 2565 4553 co,
2601 4491 2742 4552 lloec
2783 4489 3053 4554 Thomas
3099 4491 3161 4551 in
3207 4491 3473 4573 Scripto.

2546 4590 2615 4650 In
2648 4589 2832 4668 cujus
2864 4588 3076 4651 verbis
3108 4588 3515 4651 continentur
3542 4590 3831 4672 quaedam
3862 4591 3983 4654 ob-

4068 4418 4089 4437 ‘
4112 4422 4229 4472 ops-ri

858 4686 1232 4770 quantitatis
1272 4686 1609 4748 limitatam
1649 4687 2109 4749 determinetur
2138 4690 2217 4751 ad
2252 4689 2361 4750 ali-

859 4804 1052 4867 quem
1083 4784 1300 4857 situm‚
1335 4801 1462 4846 non
1505 4792 1712 4866 potest
1752 4802 1889 4846 esse
1922 4785 2090 4865 quod
2129 4803 2360 4867 corpus

862 4904 1124 4947 movens
1173 4893 1235 4946 et
1280 4901 1510 4965 corpus
1557 4891 1800 4945 motum
1846 4883 1974 4944 sint
2021 4882 2082 4945 in
2135 4886 2359 4946 eodem

861 4984 1024 5061 situ3
1057 4984 1166 5045 sed
1197 4990 1344 5044 sunt
1375 4981 1568 5043 simul
1601 4989 1892 5043 contactu
1929 4998 1943 5043 :
1977 4982 2198 5063 sicque
2229 5001 2364 5044 cor-

864 5102 984 5163 pus
1027 5098 1312 5153 movenS,
1351 5080 1584 5142 virtute
1627 5098 1742 5141 sua
1783 5080 2079 5142 immutat
2126 5099 2357 5162 corpus

863 5179 1033 5261 quod
1090 5179 1214 5241 sibi
1273 5178 1641 5240 immediate
1699 5178 2130 5259 conjungitur,
2188 5179 2357 5261 quod

862 5278 1052 5340 etiam
1095 5277 1525 5351 immutatum,
1559 5283 1760 5361 potest
1803 5276 1973 5337 aliud
2015 5275 2357 5338 immutare

2471 4705 2672 4749 scura.
2708 4686 2991 4748 Primum
3032 4694 3148 4759 est,
3183 4687 3353 4769 quod
3393 4687 3481 4749 ait
3522 4706 3661 4749 esse
3706 4687 3987 4769 cujusli-

2470 4784 2579 4846 bet
2608 4784 2697 4846 rei
2734 4803 2871 4847 esse
2908 4784 3270 4847 immediate
3300 4804 3335 4846 a
3367 4785 3512 4848 Deo.
3547 4786 3751 4859 Quum
3789 4788 3985 4851 enim

2472 4884 2537 4944 in
2569 4884 2793 4945 eodem
2826 4902 2951 4945 non
2986 4884 3068 4944 sit
3108 4884 3291 4965 plura
3330 4902 3468 4946 esse
3504 4884 3983 4960 substantialia,

2473 4982 2724 5043 videtur
2754 4982 2945 5063 quod,
2978 4982 3156 5044 verbi
3200 4982 3423 5063 gratia,
3458 4982 3521 5043 in
3563 4984 3987 5063 generatione

2472 5080 2636 5161 ignis
2685 5079 2765 5142 ab
2816 5080 2982 5159 igne,
3014 5089 3078 5141 et
3122 5079 3324 5143 leonis
3367 5100 3402 5142 a
3445 5080 3648 5153 leone,
3682 5080 3993 5145 substan-

2472 5177 2619 5240 tiale
2662 5196 2801 5239 esse
2846 5178 3008 5258 ignis
3052 5178 3355 5259 generati,
3389 5178 3470 5240 sit
3521 5178 3891 5241 immediate
3948 5202 3991 5243 a

2471 5278 2599 5339 Deo
2634 5293 2647 5338 ε
2678 5284 2739 5341 et
2769 5276 2860 5337 sic
2892 5275 3057 5357 ignis
3086 5294 3394 5357 generans
3424 5295 3549 5339 non
3585 5276 3797 5340 influit
3828 5296 3989 5342 esse
