4359 6250
541 895 713 952 Ephes.
731 909 788 946 w,

816 499 896 563 22

1443 520 1507 564 ΙΝ
1549 519 1769 565 LIBRUM
1814 521 1833 564 1
1875 518 2357 565 SENTENTIARUM.
2404 536 2485 547 —
2526 519 2678 564 Dls‘r.
2726 519 2895 581 xvu3
2940 519 3163 574 QUAEST.
3212 519 3283 564 111

818 688 1091 770 Spiritus
1135 690 1348 776 Sancti
1389 690 1830 753 distribuentis
1879 709 1993 752 sua
2036 691 2200 752 dona
2241 690 2391 752 utA
2420 697 2516 752 est
2576 691 2663 753 ibi
2728 691 2930 771 magis
2993 698 3058 752 et
3114 691 3356 770 minus)
3414 689 3762 752 attenditur
3818 706 3913 751 so-

816 787 972 849 vult.
1037 788 1210 850 Unde
1268 796 1331 851 et
1388 789 1724 872 Apostolus
1782 790 1860 851 ad
1923 789 2229 871 Ephesios
2292 806 2305 850 :

817 886 1170 968 Unicuique
1201 888 1467 969 (inquit)
1498 896 1784 951 nostrum
1816 888 1958 950 data
1986 895 2081 949 est
2109 887 2311 968 gratia

816 985 1168 1045 secundum
1229 1004 1596 1048 mensuram
1645 985 2001 1048 donationis
2051 985 2302 1048 Christi.

813 1082 956 1144 Haec
1001 1082 1066 1143 in
1110 1083 1388 1144 Summa.

895 1180 1198 1243 Praeterea
1245 1182 1322 1242 ad
1373 1182 1537 1244 hane
1584 1183 2000 1263 quaestionem
2056 1201 2310 1264 respon-

814 1278 920 1339 det
949 1279 1230 1358 AEgidius
1267 1297 1280 1341 :
1315 1280 1520 1352 Quum
1561 1281 1751 1342 homo
1794 1281 2165 1343 naturaliter
2204 1301 2311 1364 ap-

815 1385 988 1458 petat
1017 1377 1280 1452 bonum,
1314 1387 1551 1460 quanto
1582 1380 1726 1461 quis
1761 1380 2088 1442 meliorem
2121 1379 2311 1443 habet

814 1483 1128 1550 naturam,
1163 1483 1338 1538 tanto
1371 1477 1516 1559 plus
1555 1478 1758 1539 tendit
1795 1479 1860 1540 in
1895 1478 2159 1552 bonum,
2192 1487 2311 1540 est-

815 1592 940 1655 que
987 1574 1278 1655 capacior
1321 1576 1622 1650 caritatis,
1665 1577 2011 1639 dummodo
2051 1577 2309 1638 aliunde

815 1689 943 1734 non
983 1673 1223 1734 oriatur
1261 1673 1811 1754 impedimentum.
1846 1675 2055 1737 Potest
2094 1683 2307 1736 autem

814 1770 1049 1851 duplex
1086 1770 1613 1852 impedimentum
1656 1773 1962 1835 accidere.
1998 1773 2303 1846 Primum,

2421 789 2553 850 lum
2588 790 2941 850 secundum
2973 788 3445 870 beneplacitum
3488 786 3905 861 infundentiS,

2420 886 2713 970 quamvis
2761 887 2838 949 ad
2893 887 3316 967 majoritatem
3380 884 3749 966 hujusmodi
3800 885 3912 946 ali-

2420 1001 2547 1066 quo
2598 985 2784 1048 modo
2825 985 3076 1046 valeant
3113 985 3428 1046 orationes
3472 990 3809 1066 parentum
3848 991 3910 1044 et

2417 1081 2689 1144 aliorum
2735 1082 2846 1163 qui
2890 1100 3005 1164 pro
3048 1082 3331 1164 parvulis
3375 1081 3793 1143 intercedunt.
3832 1117 3911 1125 —

2418 1180 2562 1242 Haec
2582 1181 2881 1261 AEgidius.
2902 1181 3097 1261 Cujus
3124 1179 3451 1262 responsio
3479 1179 3631 1241 satis
3662 1196 3915 1242 concor-

2420 1279 2569 1340 dare
2608 1278 2861 1340 videtur
2901 1279 3201 1361 positioni
3242 1278 3495 1340 Thomae
3536 1277 3601 1338 in
3638 1277 3907 1358 Scripto‚

2419 1384 2482 1438 et
2522 1384 2788 1458 utraque
2831 1375 3241 1457 intelligenda
3274 1376 3527 1438 videtur
3559 1375 3910 1437 secundum

2421 1493 2826 1538 communem
2888 1494 3147 1537 cursum
3202 1492 3215 1536 :
3279 1475 3430 1556 quia
3485 1493 3689 1556 quum
3746 1474 3912 1535 Deus

2417 1575 2628 1654 justus
2687 1590 2813 1636 non
2871 1574 2955 1635 sit
3011 1590 3426 1656 personarum
3484 1581 3800 1653 acceptor,
3850 1573 3911 1634 ei

2419 1673 2531 1755 qui
2570 1673 2768 1753 magis
2804 1690 2870 1733 se
2907 1672 3187 1753 disponit
3217 1672 3295 1732 ad
3330 1672 3656 1734 caritatem
3688 1678 3752 1732 et
3778 1689 3913 1751 gra-

2420 1772 2575 1833 tiam
2610 1771 2903 1833 faciendo
2936 1771 3105 1851 quod
3150 1771 3215 1831 in
3252 1789 3319 1832 se
3354 1778 3471 1842 est,
3506 1770 3649 1850 plus
3688 1769 3915 1832 tribuit

813 1869 1116 1950 quoniam
1157 1867 1397 1931 bonum
1435 1870 1592 1932 illud
1622 1871 2012 1933 transcendit
2048 1871 2309 1933 faculta-
2347 1869 2391 1930 B
2422 1877 2484 1931 et
2523 1868 2825 1942 infundit,
2860 1869 3086 1930 ceteris
3126 1869 3406 1948 paribus
3448 1867 3661 1930 Nihilo
3700 1866 3913 1928 minus

813 1973 943 2028 tem
974 1974 1320 2040 naturae,ut
1345 1968 1866 2050 caritas.Propter
1889 1969 2056 2050 quod
2088 1987 2309 2030 secun·
2423 1967 2805 2050 quibusdam
2836 1985 2914 2028 ex
2940 1966 3275 2047 privilegio
3302 1965 3634 2029 electionis
3664 1973 3913 2028 aeternae

814 2065 966 2126 dum
1014 2063 1277 2127 meliora
1314 2066 1628 2127 naturalia
1669 2084 1796 2129 non
1834 2085 2086 2148 semper
2125 2068 2311 2129 datur
2420 2066 2604 2129 aliter
2634 2065 2807 2138 facit,
2842 2083 3001 2147 quos
3032 2073 3095 2126 et
3124 2083 3379 2128 aversos
3408 2073 3519 2126 aut
3549 2063 3915 2126 rebellisan-

813 2162 1013 2242 gratia
1052 2180 1163 2224 seu
1195 2163 1424 2225 caritas
1461 2164 1686 2244 major,
1719 2165 1829 2226 sed
1861 2165 2180 2227 interdum
2215 2185 2308 2227 se-
2423 2173 2515 2226 tes
2546 2184 2656 2226 seu
2690 2164 2903 2226 minus
2942 2183 3009 2224 se
3050 2171 3497 2244 praeparantes,
3532 2163 3913 2244 quandoque

814 2260 1096 2322 cundum
1144 2260 1534 2323 voluntatem
1593 2269 1656 2323 et
1713 2264 2307 2344 praeordinationem
2422 2263 2711 2344 piissime
2772 2261 3099 2343 praevenit,
3161 2260 3404 2333 alterat,
3466 2259 3680 2334 trahit,
3744 2277 3913 2321 com-

814 2358 1021 2420 dantis
1052 2357 1336 2420 efficitur
1367 2359 1431 2419 in
1472 2359 1688 2441 aliquo
1719 2361 1922 2441 major
1961 2370 2070 2422 aut
2100 2362 2310 2423 minor
2424 2361 2671 2444 pungit,
2703 2369 2897 2442 atque
2924 2377 3383 2440 nonnunquam
3413 2358 3495 2420 ad
3525 2359 3911 2440 prae-cipuam

815 2457 1253 2537 capacitas-ad
1301 2458 1570 2538 gratiam
1629 2459 2022 2540 capiendam.
2079 2453 2311 2522 Secun-

813 2556 965 2617 dum
1000 2556 1528 2638 impedimentum
1559 2565 1654 2618 est
1683 2576 1760 2619 ex
1791 2567 1966 2639 parte
1997 2559 2309 2639 passionis

815 2673 926 2716 seu
969 2654 1111 2716 vitii
1148 2673 1185 2716 a
1229 2655 1438 2717 medio
1483 2656 1744 2717 rationis
1787 2656 2189 2729 retrahentiS,
2225 2657 2311 2718 ita

815 2753 983 2834 quod
1031 2753 1175 2834 quis
1233 2771 1358 2815 non
1421 2754 1623 2828 tendit
1670 2754 1735 2814 in
1795 2753 2032 2816 bonum
2083 2773 2306 2816 verum

814 2851 1206 2924 naturaliter,
1253 2852 1361 2913 sed
1413 2853 1478 2913 in
1526 2851 1766 2913 bonum
1816 2871 2128 2933 apparens
2180 2852 2310 2914 cul-

815 2949 1131 3032 pabiliter.
1176 2951 1434 3030 Propter
1478 2951 1610 3031 jam
1662 2958 1846 3024 tacta,
1891 2969 2016 3013 non
2061 2959 2309 3032 oportet

2419 2459 2688 2541 gratiam
2748 2459 3203 2539 ardentemque
3266 2457 3593 2518 caritatem
3652 2465 3913 2537 repente

2423 2557 2718 2640 perducit
2746 2557 2939 2618 etiam
2970 2557 3106 2618 sine
3138 2573 3368 2636 magno
3398 2573 3619 2618 eorum
3660 2563 3911 2628 conatu,

2422 2656 2964 2738 quemadmodum
3007 2655 3084 2716 de
3125 2654 3345 2715 multis
3385 2653 3587 2716 beatis
3630 2654 3917 2736 martyri-

2424 2755 2543 2817 bus
2582 2763 2645 2816 et
2677 2753 3149 2816 confessoribus
3183 2771 3257 2814 ac
3291 2753 3526 2814 sanctis
3557 2751 3913 2834 virginibus

2422 2854 2672 2934 legitur.

2502 2951 2786 3032 Denique
2838 2950 3109 3012 si·totus
3158 2949 3430 3011 effectus
3478 2949 3711 3012 divinae
3762 2969 3915 3030 prae-

812 3048 1166 3132 quemlibet
1232 3049 1527 3130 angelum
1596 3068 1894 3132 superare
1957 3050 2310 3133 quemlibet
2346 3051 2389 3113 C
2420 3049 2859 3113 destinationis
2890 3049 3083 3111 simul
3120 3057 3428 3123 sumatur,
3464 3047 3761 3111 videlicet
3790 3066 3915 3110 non

816 3147 1141 3209 hominem
1183 3148 1248 3209 in
1288 3149 1547 3211 caritate
1587 3157 1650 3210 et
1677 3150 1914 3229 gratia3
1958 3168 2164 3231 neque
2206 3168 2310 3211 ne-

814 3264 990 3308 cesse
1032 3256 1129 3309 est
1176 3247 1466 3310 homines
1516 3247 1798 3310 melioris
1849 3248 2309 3331 complexionis

813 3353 1004 3427 atque
1063 3346 1300 3426 ingenii
1361 3345 1593 3408 habere
1653 3365 1782 3427 pra>
1841 3346 1983 3409 aliis
2040 3347 2307 3428 gratiam

813 3444 1214 3526 ampliorem,
1245 3462 1320 3506 eo
1350 3445 1521 3525 quod
1561 3445 1884 3526 passiones
1915 3452 1978 3507 et
2009 3445 2162 3507 vitia
2198 3465 2313 3507 sua

815 3550 1156 3605 sectentur.
1199 3579 1282 3589 -
1322 3544 1526 3616 Quum
1580 3543 1791 3626 itaque
1841 3543 2168 3625 quaeritur,
2220 3562 2311 3605 se·

817 3644 1098 3705 cundum
1137 3642 1290 3724 quid
1335 3642 1520 3703 detur
1563 3641 1765 3722 major
1801 3642 2003 3722 gratia
2041 3642 2308 3716 homini,

815 3759 941 3804 non
985 3742 1291 3803 debemus
1330 3741 1542 3803 dicere
1591 3742 1760 3821 quod
1811 3741 2164 3803 secundum
2208 3760 2312 3802 na-

814 3841 1043 3903 turalia
1089 3840 1371 3913 meliora,
1415 3840 1566 3921 quia
1613 3839 1956 3921 aliquando
1999 3839 2154 3900 tales
2200 3840 2314 3901 mi-

815 3958 936 4000 nus
966 3946 1276 4001 conantur
1303 3938 1381 3999 ad
1416 3937 1722 4019 gratiam3
1755 3954 1962 4018 neque
2004 3936 2312 3999 debemus

815 4036 1025 4097 dicere
1057 4036 1226 4117 quod
1258 4036 1612 4097 secundum
1649 4034 1956 4113 majorem
1990 4043 2309 4107 conatum,

816 4134 1119 4217 quoniam
1161 4152 1308 4194 cum
1354 4134 1586 4196 minori
1624 4140 1851 4194 conatu
1898 4132 2042 4213 plus
2085 4151 2152 4193 se
2193 4133 2316 4194 dis-

2422 3150 2629 3213 solum
2671 3149 2897 3211 caritas
2938 3156 3002 3210 et
3030 3148 3230 3229 gratia
3269 3167 3342 3210 ac
3375 3148 3641 3209 virtutes
3681 3147 3739 3209 ei
3772 3163 3916 3209 con-

2422 3268 2619 3321 nexae,
2653 3248 2762 3310 sed
2806 3255 2867 3309 et
2907 3247 3123 3328 gratiae
3162 3245 3356 3326 gratis
3398 3247 3556 3308 datae
3594 3264 3669 3308 ac
3712 3246 3918 3327 dispo-

2421 3348 2683 3410 sitiones
2725 3348 2803 3407 ad
2848 3346 3196 3419 caritatem,
3240 3364 3381 3426 quae
3424 3345 3637 3406 omnia
3686 3345 3918 3406 cadunt

2422 3446 2543 3507 sub
2576 3444 2976 3526 providentia
2998 3443 3107 3505 Dei
3140 3450 3440 3524 tanquam
3473 3441 3743 3504 effectus
3775 3442 3919 3524 ipsi-

2424 3561 2533 3623 us3
2578 3543 2832 3603 videtur
2881 3542 3246 3614 dicendum,
3298 3541 3466 3602 sicut
3511 3559 3588 3601 ex
3641 3541 3917 3602 secunda

2422 3641 2718 3703 secundae
2749 3640 3080 3701 inductum
3111 3646 3228 3712 est,
3255 3638 3423 3719 quod
3456 3638 3700 3699 scilicet
3728 3657 3921 3720 quan·

2423 3740 2567 3801 titas
2616 3738 2833 3819 gratiae
2875 3737 3081 3799 solum
3125 3737 3442 3818 dependet
3480 3755 3557 3797 ex
3596 3737 3917 3799 voluntate

2425 3838 2700 3918 Spiritus
2734 3836 2965 3898 Sancti.
3001 3836 3261 3918 Propter
3292 3834 3462 3916 quod
3491 3834 3761 3896 Thomas
3796 3834 3919 3915 pri-

2426 3955 2603 3997 mum
2647 3942 3094 4015 argumentum
3140 3933 3463 4005 solvend0‚
3496 3933 3585 3994 ait
3627 3931 3865 3994 ibidem
3901 3950 3914 3993 :

2423 4034 2637 4095 Virtus
2680 4034 2787 4095 illa
2826 4033 3178 4095 secundum
3210 4049 3403 4112 quam
3442 4031 3549 4093 dat
3579 4032 3744 4093 Deus
3784 4032 3920 4093 uni·

2425 4132 2656 4214 cuique
2714 4150 2829 4193 sua
2885 4133 3070 4203 dona,
3122 4137 3217 4191 est
3266 4129 3599 4212 dispositio
3651 4138 3715 4191 et
3764 4148 3917 4211 prae-

820 4232 1000 4314 ponit
1028 4232 1107 4293 ad
1136 4231 1353 4312 gratiae
1387 4230 1858 4311 susceptionem
1893 4230 1945 4291 is
1977 4230 2089 4311 qui
2125 4230 2317 4293 habet
2346 4234 2394 4295 D
2426 4232 2669 4312 paratio
2700 4230 3064 4311 praecedens
3104 4229 3321 4309 gratiae
3362 4227 3771 4301 infusionem,
3805 4246 3917 4290 seu

820 4330 1132 4392 naturalia
1162 4329 1444 4401 meliora,
1478 4347 1670 4409 quam
1705 4328 1944 4390 habens
1977 4328 2213 4411 pejora.
2250 4330 2313 4391 Si

821 4436 1033 4490 tamen
1090 4428 1220 4489 sint
1274 4427 1472 4508 aliqui
1523 4426 1589 4489 in
1648 4426 2044 4490 naturalibus
2105 4447 2311 4510 pareS,

819 4528 930 4609 qui
973 4527 1116 4609 plus
1157 4534 1440 4599 conatur,
1477 4526 1621 4608 plus
1655 4527 1732 4587 de
1766 4527 1968 4606 gratia
2005 4527 2311 4608 suscipit;

819 4633 881 4689 et
931 4626 982 4687 si
1042 4624 1168 4687 sint
1219 4643 1400 4706 pares
1458 4625 1524 4686 in
1575 4632 1826 4698 conatu,
1880 4625 1990 4708 qui
2053 4626 2314 4688 meliora

819 4724 1132 4787 naturalia
1173 4722 1384 4796 habet,
1429 4722 1572 4805 plus
1616 4723 1903 4805 suscipit.
1951 4724 2180 4805 Sicque
2222 4744 2313 4786 se-

819 4824 1100 4885 cundum
1143 4822 1617 4904 proportionem
1648 4830 1909 4883 conatus
1947 4822 2027 4884 ad
2066 4829 2314 4884 natura-

821 4922 977 4983 lium
1017 4920 1388 4991 bonitatem,
1423 4927 1518 4981 est
1553 4918 1754 4998 major
1791 4927 1901 4981 aut
1934 4920 2142 4982 minor
2180 4940 2315 4983 sus-

820 5018 1028 5099 ceptio
1069 5018 1285 5098 gratiae
1319 5036 1333 5080 :
1367 5025 1430 5079 et
1467 5017 1588 5079 hoc
1631 5016 1960 5097 potissime
2006 5027 2195 5100 prout
2233 5020 2311 5081 ad

817 5116 1034 5198 gratiae
1081 5116 1552 5198 susceptionem
1600 5115 1946 5196 requiritur
1991 5116 2174 5179 liberi
2220 5138 2313 5181 ar-

818 5215 993 5276 bitrii
1027 5222 1255 5276 motus.
1294 5214 1450 5276 Nam
1483 5213 1548 5276 in
1581 5212 1900 5275 infusione
1929 5215 2144 5294 gratiae
2175 5234 2312 5296 par-

817 5312 1135 5386 vulorum,
1171 5311 1492 5391 maj0ritas
1527 5319 1590 5372 et
1627 5310 1954 5373 minoritas
1982 5312 2063 5391 (si
2097 5320 2307 5375 tamen

2426 4337 2688 4391 conatus
2732 4330 2809 4390 ad
2854 4347 3013 4389 eam.
3050 4327 3171 4389 Sed
3214 4327 3377 4388 hanc
3420 4326 3613 4389 etiam
3655 4326 3919 4407 disposi-

2424 4428 2662 4489 tionem
2694 4434 2758 4489 et
2788 4434 3085 4489 conatum
3129 4424 3437 4507 praevenit
3466 4425 3739 4508 Spiritus
3771 4424 3918 4487 San-

2424 4535 2584 4600 ctuS‚
2619 4544 2879 4587 movens
2924 4524 3200 4588 hominis
3245 4531 3524 4585 mentem
3568 4522 3768 4604 magis
3808 4531 3917 4585 aut

2425 4624 2637 4686 minus
2686 4624 3037 4685 seeundum
3088 4641 3269 4684 suam
3318 4621 3730 4683 voluntatem.
3775 4622 3917 4685 Pro-

2424 4731 2564 4804 pter
2605 4723 2775 4804 quod
2817 4722 2905 4784 ait
2944 4719 3281 4803 Apostolus
3325 4737 3337 4781 :
3382 4719 3497 4794 Qui
3538 4720 3761 4800 dignos
3800 4738 3913 4783 nos

2422 4822 2575 4884 feeit
2606 4822 2670 4883 in
2704 4828 2949 4902 partem
2988 4820 3175 4881 sortis
3207 4820 3581 4881 Sanctorum
3622 4818 3688 4879 in
3729 4817 3914 4880 lumi-

2421 4940 2519 4982 ne.
2566 4956 2647 4965 —
2693 4920 2780 4981 De
2830 4919 2951 4979 hoc
2999 4917 3347 4980 Richardus
3395 4923 3457 4978 et
3504 4916 3614 4978 alii
3662 4916 3913 4997 plenius

2420 5017 2731 5090 scribunt,
2774 5025 2845 5078 ut
2890 5016 3055 5078 infra
3104 5014 3509 5078 distinctione
3553 5014 3631 5077 de
3682 5015 3915 5095 praede-

2420 5118 2758 5179 stinatione
2802 5116 3060 5199 patebit.
3766 5177 3772 5184 ,

2499 5216 2658 5277 Hinc
2708 5214 2931 5277 scribit
2982 5213 3315 5275 Durandus
3362 5230 3375 5273 :
3422 5212 3713 5274 Mensura
3758 5210 3913 5272 cari-

2421 5313 2566 5376 tatis
2627 5311 3081 5375 consideranda
3142 5318 3236 5371 est
3292 5328 3370 5371 ex
3428 5309 3699 5382 duobus,
3761 5308 3913 5390 quia

3986 4742 4193 4793 Colou.
4226 4766 4263 4801 ι,

3944 4808 4012 4848 ¹2.
