4359 6250
604 3342 647 3383 p.
670 3327 809 3372 5131).

871 455 992 525 514

1553 478 1618 527 IN
1658 478 1880 527 Limum
1923 481 1943 526 1
1987 476 2469 526 SENTRN'HARUM.
2515 497 2597 508 —
2638 477 2791 526 ms'r.
2838 477 2957 543 XL3
3001 473 3225 534 QUAEST.
3274 474 3296 524 Ῑ

873 649 1306 712 exsistentiam
1339 669 1518 712 suam
1550 651 1783 712 realem
1821 658 2146 732 nequeunt
2175 650 2368 712 simul
2400 649 2452 712 A
2482 650 2845 712 Secundum
2893 651 3068 712 addit
3105 669 3183 712 ex
3226 657 3403 732 parte
3446 649 3600 711 finis
3643 668 3657 712 :
3700 646 3853 730 quia
3890 653 3993 708 est

872 767 1032 823 esse,
1068 751 1370 831 quoniam
1418 750 1600 812 illum
1639 750 1750 832 qui
1783 750 1914 830 jam
1956 750 2146 812 habet
2186 750 2369 811 illum

871 847 1200 922 effectum,
1247 857 1400 930 puta
1447 849 1779 922 salvatum,
1823 849 1988 910 Deus
2037 866 2162 910 non
2216 867 2371 930 prae-

872 946 1166 1021 destinat,
1201 947 1366 1009 sicut
1405 966 1540 1009 rem
1579 947 1918 1028 cognitam,
1953 948 2207 1028 quando
2237 947 2371 1027 jam

873 1063 1150 1126 praesens
1188 1053 1305 1119 est,
1339 1064 1467 1108 non
1509 1046 1778 1128 praescit.
1814 1047 1957 1109 Haec
1996 1045 2365 1108 Richardus.

873 1208 876 1211 ,
951 1143 1360 1206 Praeinductis
1389 1144 1730 1206 concordat
1759 1145 2218 1216 Bonaventura,
2244 1143 2369 1205 nisi
2404 1143 2407 1146 ’

871 1241 1042 1322 quod
1081 1242 1697 1323 praedestinationem
1737 1242 2018 1304 affirmat
2053 1242 2371 1325 principa-

873 1339 1016 1401 liter
1065 1333 1382 1422 pertinere
1430 1341 1507 1403 ad
1557 1342 1970 1414 voluntatem,
2024 1360 2215 1421 quam
2267 1341 2369 1403 Al-

871 1438 1111 1511 bertuS,
1144 1439 1436 1514 ThomaS,
1459 1441 1810 1513 UdalricuS,
1844 1441 2084 1512 PetruS,
2118 1441 2371 1503 Richar-

871 1537 1011 1612 dus,
1055 1537 1368 1620 multique
1411 1539 1543 1612 alii,
1586 1540 1806 1602 dicunt
1850 1541 1926 1600 ad
1974 1540 2369 1601 intellectum

871 1637 1192 1718 praecipue
1236 1637 1574 1720 pertinere.
1600 1658 1680 1683 ὲ
1711 1639 1813 1700 Ait
1855 1657 2004 1720 ergo
2045 1639 2369 1700 Bonaven-

869 1743 1012 1796 tura
1046 1755 1060 1798 :
1093 1735 1563 1798 Praedestinatio
1602 1737 1922 1817 significat
1952 1737 2233 1800 divinam
2276 1756 2371 1800 es-

2482 757 2774 830 rcspectu
2806 749 3302 830 supernaturalis
3334 747 3741 810 beatitudinis
3770 755 3835 808 et
3866 764 3995 806 me-

2483 847 2734 909 diorum
2765 848 2843 909 ad
2877 848 3050 910 illam
3068 866 3085 926 ;
3118 847 3517 930 providentia
3545 855 3757 908 autem
3790 844 3999 926 respi-

2483 946 2571 1007 cit
2601 944 2839 1008 bonum
2880 946 3227 1026 cujuslibet
3254 946 3332 1008 ad
3372 943 3725 1028 quemlibet
3760 943 3989 1006 finem.

2483 1044 2765 1106 Tertium
2824 1045 2999 1107 addit
3047 1064 3125 1107 ex
3176 1052 3353 1127 parte
3404 1044 3605 1125 ipsius
3664 1042 3995 1125 praedesti·

2484 1144 2693 1206 nantis
2751 1161 2766 1205 :
2826 1163 2904 1206 ex
2965 1152 3142 1226 parte
3203 1143 3389 1224 cujus
3446 1143 3701 1206 videtur
3756 1142 3993 1204 addere

2483 1243 2627 1304 duo,
2671 1243 2903 1317 Prim0,
2944 1243 3245 1324 quoniam
3291 1242 3691 1324 providentia
3732 1235 3995 1303 videtur

2484 1342 2549 1403 in
2581 1341 2713 1403 sola
2741 1341 3175 1424 speculatione
3206 1359 3390 1424 posse
3423 1341 3781 1414 consistere,
3794 1359 3993 1421 quum

2482 1441 2565 1502 sit
2592 1442 2882 1522 quaedam
2912 1460 3013 1502 ars
3042 1440 3521 1521 gubernationis
3552 1457 3797 1518 rerum3
3831 1458 3995 1521 prae-

2482 1539 2821 1601 destinatio
2879 1547 3091 1601 autem
3156 1538 3458 1620 importat
3519 1538 3991 1622 providentiam

2482 1637 2834 1698 secundum
2876 1637 3045 1719 quod
3082 1645 3175 1699 est
3212 1637 3499 1699 ordinata
3534 1637 3611 1699 ad
3643 1636 3856 1718 operis
3884 1655 3995 1698 ex-

2482 1735 2875 1799 secutionem
2928 1755 3041 1818 per
3088 1735 3504 1808 voluntatem,
3548 1735 3785 1798 idcirco
3832 1733 3997 1796 defi-

871 1832 1140 1894 sentiam
1186 1841 1254 1894 ut
1302 1834 1586 1896 ordinate
1637 1834 1994 1897 collativam
2044 1836 2260 1915 gratiae
2307 1842 2371 1897 et
2406 1835 2455 1898 B
2484 1833 2658 1894 nitur
2708 1852 2821 1916 per
2872 1833 3269 1916 propositum
3320 1841 3383 1896 et
3434 1833 3987 1916 praeparationem.

867 1931 1102 2012 gloriae.
1146 1933 1306 1994 Hinc
1352 1941 1660 2013 quantum
1710 1941 1806 1995 est
1848 1934 1925 1996 de
1970 1954 2059 2007 se,
2105 1952 2231 1996 non
2276 1952 2372 1996 so-

871 2031 1004 2092 lum
1065 2031 1364 2113 importat
1409 2033 1765 2106 scientiam,
1817 2033 1926 2094 sed
1975 2033 2367 2094 voluntatem

867 2147 1121 2211 quoque
1152 2138 1340 2212 atque
1373 2131 1740 2211 potentiam.
1777 2131 2120 2193 Causalitas
2152 2139 2365 2192 autem

865 2228 1082 2310 gratiae
1111 2236 1173 2290 et
1202 2229 1417 2310 gloriae
1445 2229 1817 2291 attribuitur
1857 2229 2112 2311 proprie
2144 2229 2367 2291 volun-

867 2327 978 2388 tati
1027 2334 1096 2388 ut
1144 2327 1478 2400 efficienti,
1523 2328 1803 2390 scien'tiae
1845 2346 1996 2390 vero
2047 2335 2116 2388 ut
2157 2328 2368 2410 dispo-

865 2427 1065 2500 nenti,
1125 2433 1190 2488 et
1247 2427 1544 2508 potentiae
1603 2434 1674 2487 ut
1730 2427 2098 2508 exsequenti
2155 2446 2168 2491 ε
2225 2427 2367 2488 ideo

864 2525 1158 2606 quamvis
1217 2525 1500 2587 includat
1557 2525 1692 2588 haec
1751 2525 1894 2600 tria,
1947 2525 2365 2607 principalius

865 2630 1077 2684 tamen
1120 2623 1184 2684 in
1217 2623 1542 2685 voluntate
1574 2631 1688 2684 est.
1723 2623 1866 2686 Haec
1902 2623 2360 2685 Bonaventura.

943 2721 1416 2794 Verumtamen,
1449 2723 1754 2803 quoniam
1792 2722 2145 2804 principale
2175 2721 2368 2802 signi-

862 2816 1129 2882 ficatum
1185 2828 1282 2882 est
1339 2819 1738 2901 praescientia
1795 2820 2366 2903 praedestinationis

864 2917 1163 2980 ordinans
1205 2919 1484 3000 aliquem
1528 2920 1606 2981 ad
1650 2918 1943 2992 salutem,
1976 2919 2177 2999 gratia
2216 2936 2367 2981 vero

2483 1932 2774 1994 Secundo
2803 1932 2978 1993 addit
3010 1932 3474 2014 praescientiam
3506 1931 3715 1993 exitus
3754 1931 3847 1993 rei
3880 1932 3988 1992 cui

2482 2031 2869 2112 providetur.
2932 2031 3193 2112 Propter
3249 2031 3419 2112 quod
3476 2029 3715 2112 aliquid
3778 2037 3993 2111 potest

2478 2129 2653 2190 exire
2692 2128 2772 2190 ab
2817 2128 3039 2190 ordine
3083 2128 3499 2211 providentiae
3542 2135 3855 2210 quantum
3905 2128 3989 2190 ad

2479 2227 2541 2288 id
2585 2228 2756 2309 quod
2800 2235 3004 2289 exstat
3048 2227 3362 2289 intentum
3394 2228 3591 2308 (sicut
3636 2228 3800 2289 Deus
3844 2228 3989 2288 vult
4024 2245 4265 2294 iria-‚nm

2476 2344 2697 2388 omnes
2738 2326 3029 2388 homines
3068 2325 3211 2387 fieri
3254 2327 3484 2400 salvOS,
3517 2327 3811 2408 quamvis
3852 2344 3987 2389 non

2477 2442 2697 2486 omnes
2757 2425 3129 2506 salventur),
3181 2443 3305 2489 non
3366 2433 3581 2487 autem
3630 2425 3709 2487 ab
3756 2426 3986 2488 ordine

2477 2523 3068 2605 praedestinationiS.
3105 2523 3269 2585 Dicit
3296 2525 3470 2586 enim
3511 2524 3988 2606 praedestinatio

2479 2615 2897 2684 intentionem
2949 2621 3060 2683 Dei
3109 2622 3187 2683 de
3236 2623 3439 2685 salute
3496 2622 3771 2702 alicujus
3831 2641 3987 2684 cum

2478 2719 2876 2802 praescientia
2917 2721 3086 2802 quod
3138 2719 3488 2783 salvabitur
3532 2739 3545 2782 :
3590 2719 3733 2782 ideo
3776 2720 3987 2783 fertur

2476 2819 2642 2900 quod
2678 2818 3148 2900 praedestinatio
3175 2826 3272 2880 est
3301 2819 3700 2901 praescientia
3726 2826 3792 2880 et
3822 2838 3986 2900 prae·

2476 2917 2737 2999 paratio.
2789 2917 2933 2979 l-Iaec
2992 2917 3262 2980 Thomas
3323 2917 3386 2978 in
3450 2917 3717 2999 Scripto.
3770 2953 3853 2962 —
3908 2917 3984 2980 ln

863 3023 928 3078 et
973 3015 1174 3097 gloria
1220 3015 1426 3079 solum
1477 3025 1626 3079 sunt
1673 3023 2082 3078 connotatum
2131 3017 2366 3098 praede-
2402 3021 2446 3084 G
2475 3014 2710 3097 quibus
2742 3015 2995 3076 videtur
3032 3014 3401 3089 obscurum,
3433 3015 3604 3096 quod
3644 3016 3988 3098 providen-

865 3113 1262 3193 stinationis3
1295 3114 1436 3178 ideo
1468 3115 1676 3197 prima
1707 3115 1816 3177 illa
1849 3114 2081 3198 positio
2110 3115 2365 3178 Thomae

864 3219 928 3273 et
957 3211 1226 3275 aliorum
1260 3212 1693 3276 rationabilior
1722 3214 2056 3295 veriorque
2088 3214 2359 3276 videtur.

865 3310 1063 3384 Unde,
1112 3317 1178 3373 ut
1229 3311 1454 3393 patuit,
1497 3312 1766 3374 Thomas
1818 3312 1882 3374 in
1932 3312 2137 3394 prima
2188 3320 2364 3393 parte

867 3408 1146 3471 Summae
1191 3415 1458 3471 testatur
1501 3427 1515 3471 ε
1556 3410 2028 3472 Praedestinatio
2074 3418 2171 3471 est
2220 3428 2364 3490 pars

866 3505 1318 3587 providentiae3
1360 3507 1760 3588 providentia
1800 3515 2014 3570 autem
2057 3515 2153 3569 est
2196 3527 2365 3589 quae-

865 3604 1010 3666 dam
1064 3604 1223 3667 ratio
1279 3605 1344 3667 in
1399 3605 1727 3667 intellectu
1787 3605 2132 3686 provisoris
2186 3624 2200 3667 :
2254 3626 2366 3667 un·

864 3702 942 3765 de
976 3702 1384 3765 manifestum
1423 3711 1520 3765 est
1549 3704 1718 3785 quod
1761 3704 2231 3786 praedestinatio
2270 3711 2366 3765 est

862 3801 1155 3881 quaedam
1198 3801 1358 3863 ratio
1399 3800 1640 3863 ordinis
1683 3802 2044 3883 aliquorum
2089 3802 2156 3863 in
2200 3801 2365 3863 salu-

862 3906 992 3959 tem
1034 3907 1356 3973 aeternam,
1400 3900 1466 3961 in
1513 3907 1724 3962 mente
1768 3900 2079 3961 exsistens
2122 3900 2358 3962 divina.

860 3997 1066 4078 Atque
1124 4005 1189 4058 ut
1253 3998 1476 4079 patuit,
1539 3999 1891 4061 secundum
1951 3998 2359 4073 Richardum,

864 4095 1335 4204 praedestinatio
1383 4103 1478 4157 est
1521 4096 1920 4178 praescientia
1969 4097 2269 4178 practica,
2302 4106 2365 4159 et

2475 3113 2627 3176 tiam
2659 3113 2815 3176 dicit
2844 3114 3195 3177 secundum
3227 3113 3326 3176 sui
3357 3113 3637 3177 nominis
3666 3115 3983 3177 rationem

2476 3229 2660 3294 posse
2704 3212 2770 3275 in
2820 3212 2953 3273 sola
3002 3212 3436 3295 speculatione
3480 3213 3733 3285 salvari,
3777 3232 3983 3295 quum

2475 3310 2558 3372 sit
2604 3329 2703 3372 ars
2752 3310 3231 3391 gubernationis
3289 3330 3524 3373 rerum.
3576 3312 3983 3374 Providentia

2475 3410 2715 3492 quippe
2764 3409 2920 3471 dicit
2968 3409 3259 3472 notitiam
3321 3410 3685 3492 practicam.
3742 3411 3877 3473 Imo
3924 3410 3983 3473 si

2475 3514 2778 3569 creaturae
2814 3523 2940 3568 non
2980 3504 3255 3569 fuissent
3292 3506 3545 3581 futurae,
3580 3526 3707 3569 non
3750 3507 3985 3570 fuisset

2476 3605 2875 3687 providentia
2914 3606 2981 3667 in
3017 3605 3165 3679 Deo,
3198 3605 3363 3667 sicut
3393 3624 3511 3667 nec
3552 3605 3979 3688 praescientia,

2475 3722 2682 3785 neque
2714 3703 2981 3765 scientia
3012 3703 3275 3765 visionis
3312 3722 3549 3778 rerum,
3583 3705 3694 3766 sed
3732 3704 3985 3787 simpli·
4012 3736 4111 3827 etp.
4141 3725 4217 3765 ιτι
4222 3719 4283 3771 c

2476 3801 2567 3863 cis
2611 3802 3069 3882 intelligentiae,
3103 3811 3175 3864 ut
3218 3802 3639 3885 praehabitum
3683 3811 3799 3865 est.

2555 3900 2646 3962 Ex
2676 3900 2775 3962 his
2807 3908 2979 3982 patet
3006 3901 3177 3983 quod
3208 3901 3679 3983 praedestinatio
3708 3902 3793 3964 sit
3822 3903 3987 3983 quid

2475 3998 2829 4060 increatum
2864 4017 2878 4061 :
2912 4004 2976 4060 et
3018 3999 3093 4061 ad
3138 3998 3565 4078 objectionem
3608 3999 3985 4073 dicendum,

2475 4095 2644 4176 quod
2693 4095 2759 4157 in
2809 4096 3349 4177 descriptionibus
3406 4098 3990 4178 praedestinationis

865 4192 1216 4273 principale
1268 4193 1409 4272 ejus
1460 4193 1893 4273 significatum
1951 4202 2048 4256 est
2098 4195 2364 4257 scientia
2396 4202 2446 4264 D
2475 4194 2734 4276 ponitur
2776 4194 2931 4275 quid
2981 4202 3262 4257 creatum
3302 4195 3629 4275 (videlicet
3672 4196 3877 4276 gratia
3918 4204 3991 4258 et

866 4307 976 4351 seu
1024 4290 1422 4371 praescientia
1465 4292 1595 4353 Dei.

943 4388 1394 4450 Verumtamen
1430 4389 1611 4469 juxta
1639 4391 1944 4453 Thomam
1986 4392 2051 4454 in
2091 4392 2361 4473 ScriptO,

866 4486 1336 4567 praedestinatio
1371 4505 1498 4549 non
1538 4489 1743 4551 solum
1785 4497 2028 4571 spectat
2066 4490 2144 4552 ad
2189 4490 2369 4553 intel-

865 4584 1125 4659 lectum,
1161 4586 1270 4648 sed
1314 4594 1378 4648 et
1421 4587 1651 4669 partim
1694 4589 1773 4650 ad
1815 4589 2227 4652 voluntatem.
2273 4590 2365 4653 Si-

863 4684 1124 4766 quidem
1163 4685 1241 4747 ad
1276 4687 1691 4766 quaestionem
1730 4687 1916 4763 hanc,
1951 4696 2166 4751 utrum
2209 4708 2365 4770 prae·

863 4784 1200 4846 destinatio
1245 4784 1323 4846 ad
1373 4784 1708 4847 scientiam
1756 4787 2090 4868 pertineat,
2133 4788 2226 4849 sic
2276 4807 2366 4850 re-

863 4882 1133 4964 spondet
1176 4902 1188 4945 :
1233 4883 1703 4946 Praedestinatio
1754 4884 1821 4946 in
1871 4884 2198 4946 intellectu
2248 4904 2364 4949 suo

864 4980 1134 5042 includit
1179 4982 1669 5061 providentiam,
1703 4990 1767 5043 et
1809 4983 1984 5044 addit
2027 4983 2105 5044 ad
2150 4984 2364 5046 minus

863 5078 1000 5140 tria.
1055 5080 1262 5141 Unum
1320 5098 1397 5141 ex
1458 5088 1634 5162 parte
1695 5080 2283 5163 praedestinatorum
2348 5100 2361 5145 ε

860 5177 1162 5258 quoniam
1213 5186 1310 5240 est
1351 5187 1597 5241 tantum
1648 5186 1941 5261 respectu
1991 5180 2365 5243 habentium

859 5274 1287 5355 voluntatem3
1311 5276 1710 5361 providentia
1739 5294 1892 5339 vero
1921 5284 2016 5339 est
2047 5277 2358 5341 omnium.

2474 4291 2748 4373 gloria)
2732 4312 2797 4353 ιιι
2842 4292 3127 4374 obliquo,
3162 4302 3232 4354 ut
3270 4300 3702 4369 connotatum,
3738 4312 3867 4357 non
3914 4306 3991 4359 ut

2477 4390 2829 4472 principale
2872 4391 3330 4472 significatum.

2557 4490 2647 4551 Ex
2689 4489 2789 4551 his
2841 4490 3180 4553 innotescit
3227 4492 3557 4574 responsio
3598 4493 3678 4554 ad
3724 4494 3989 4574 quaesti-

2475 4605 2663 4649 onem
2701 4607 2827 4669 qua
2869 4588 3196 4670 quaeritur,
3242 4598 3456 4651 utrum
3506 4591 3988 4671 praedestinatio

2476 4686 2558 4748 sit
2602 4693 2835 4748 aeterna
2875 4686 2978 4748 vel
3022 4688 3408 4770 temporalis.

2552 4784 2646 4846 Ad
2686 4786 2857 4866 quod
2896 4786 3114 4848 Petrus
3148 4787 3489 4868 respondet
3522 4806 3536 4851 τ
3569 4788 3987 4853 Praedestina-

2473 4884 2563 4945 tio
2606 4884 2683 4944 de
2726 4902 2840 4946 suo
2891 4883 3217 4946 intellectu
3267 4884 3388 4947 'tria
3438 4884 3761 4967 importat,
3804 4888 3988 4951 vide-

2476 4981 2623 5043 licet
2676 4998 2689 5043 τ
2744 4981 3095 5064 principale
3154 4982 3610 5064 significatum,
3661 4986 3831 5066 quod
3884 4996 3987 5049 est

2474 5079 2692 5142 divina
2720 5079 3073 5161 dispositiO,
3092 5088 3156 5143 et
3186 5082 3534 5163 temporale
3564 5092 3984 5147 connotatum

2476 5185 2547 5240 ut
2575 5178 2888 5253 futurum,
2913 5179 3202 5241 ordinem
3232 5198 3487 5263 quoque
3517 5183 3984 5246 antecessionis

2478 5278 2680 5361 ipsius
2712 5276 3058 5359 significati
3087 5279 3166 5340 ad
3192 5288 3622 5343 connotatum.
3642 5280 3851 5356 Quum
3884 5302 3983 5346 er-
