4359 6250
1223 516 1309 560 AN
1354 515 1541 560 lMAGo
1583 515 1923 560 coNVENIA'r
1967 517 2093 561 sou
2138 517 2294 561 FILIO
2337 517 2398 561 ΙΝ
2441 517 2666 562 mvmls
3375 493 3496 558 275

472 679 757 745 Videtur‘
799 684 968 764 quod
1026 700 1172 745 non.
1220 682 1452 756 Prim0,
1503 683 1656 764 quia
1714 684 1896 745 intel·
1926 687 1975 748 A
2007 691 2212 746 screta
2260 691 2321 744 et
2371 684 2549 745 unita
2596 683 2968 745 similitudo,
3013 683 3302 764 Exigitur
3347 701 3500 764 quo-

392 780 702 843 lectuales
754 789 1077 854 creaturae,
1130 789 1199 842 ut
1252 781 1443 844 homo
1496 789 1560 844 et
1607 781 1893 862 angeluS‚

390 888 705 940 vocantur
736 880 944 960 imago
984 880 1114 942 Dei.
1151 880 1271 942 Sed
1313 880 1587 961 Spiritus
1628 881 1895 942 Sanctus

390 977 986 1058 incomparabiliter
1048 977 1319 1039 similior
1380 985 1477 1039 est
1538 978 1667 1040 Deo
1729 977 1893 1039 Patri

389 1094 587 1155 quam
639 1076 853 1157 aliqua
902 1085 1189 1138 creatura
1241 1093 1255 1136 ε
1308 1095 1457 1157 ergo
1508 1075 1899 1158 incompara-

390 1172 613 1234 biliter
644 1192 773 1254 prae
806 1173 933 1234 illis
965 1174 1262 1235 convenit
1290 1173 1351 1235 ei
1381 1191 1519 1235 esse
1554 1173 1896 1252 imaginem

390 1272 526 1334 Dei.
562 1308 646 1317 —
675 1273 986 1346 Secundo,
1022 1273 1296 1354 Spiritus
1338 1273 1602 1336 Sanctus
1633 1272 1895 1358 {equalis

388 1378 487 1432 est
516 1370 683 1432 Patri
725 1389 798 1432 ac
829 1370 988 1433 Filio
1026 1380 1287 1453 propter
1325 1372 1613 1433 eamdem
1656 1371 1899 1451 magni-

390 1469 688 1530 tudinem
737 1487 929 1550 quam
980 1468 1169 1531 habet
1220 1488 1367 1531 cum
1422 1468 1568 1531 illis.
1626 1469 1787 1549 Ergo
1836 1475 1897 1529 ct

390 1566 680 1649 perfecte
724 1566 955 1629 similis
999 1576 1093 1630 est
1136 1568 1380 1630 eisdem
1430 1574 1689 1649 propter
1732 1585 1899 1628 eam-

389 1665 539 1726 dem
590 1666 1017 1740 sanctitatem,
1067 1666 1429 1748 aequitatem
1482 1673 1545 1728 et
1595 1665 1896 1746 pietatem

390 1782 541 1825 cum
576 1762 735 1845 ipsis
770 1782 783 1825 :
817 1765 1359 1847 quemadmodum
1390 1763 1562 1825 enim
1597 1781 1797 1824 unum
1832 1763 1895 1824 in

2006 800 2131 863 que
2179 782 2350 863 quod
2409 782 2680 864 qualitas
2733 782 2840 844 illa
2887 783 2970 844 sit
3015 800 3387 863 expressum
3438 788 3501 842 et

2007 879 2372 960 proximum
2405 881 2656 960 signum
2696 888 2935 942 naturae
2974 899 3047 942 ac
3083 880 3321 961 speciei
3355 879 3503 960 ipsi-

2008 997 2101 1038 uS.
2137 977 2274 1039 Non
2315 978 2489 1039 enim
2531 977 2805 1039 dicimus
2848 978 3018 1059 quod
3062 978 3172 1060 qui
3220 978 3504 1040 imitatur

2005 1074 2287 1156 aliquem
2329 1075 2392 1137 in
2433 1075 2748 1149 albedine,
2783 1075 2867 1137 sit
2911 1076 3118 1158 imago
3163 1076 3356 1149 illius,
3391 1075 3501 1137 sed

2007 1173 2117 1253 qui
2162 1172 2447 1234 imitatur
2481 1173 2680 1234 alium
2722 1172 2788 1234 in
2827 1173 3057 1254 figura,
3091 1193 3232 1255 quae
3271 1181 3368 1235 est
3397 1191 3502 1235 ex-

2008 1288 2298 1351 pressum
2331 1291 2443 1333 seu
2474 1271 2734 1334 evidens
2765 1278 2828 1334 et
2859 1273 3220 1354 proximum
3253 1273 3504 1353 signum

2008 1375 2248 1431 naturoe
2293 1369 2632 1451 specificae.
2667 1370 2970 1432 Videmus
3014 1371 3188 1432 enim
3229 1370 3502 1432 diversa-

2008 1486 2151 1528 rum
2183 1469 2542 1549 specierum
2579 1469 2640 1530 in
2673 1468 3058 1530 animalibus
3094 1470 3375 1532 diversas
3407 1487 3502 1530 es-

2008 1584 2075 1626 se
2125 1564 2384 1646 figuras.
2420 1567 2681 1648 Propter
2724 1567 2893 1648 quod
2944 1567 3106 1629 dixit
3143 1568 3448 1630 Averroes
3483 1584 3497 1628 ε

2009 1663 2188 1725 Sicut
2235 1683 2333 1726 res
2382 1663 2693 1726 differunt
2743 1665 2992 1745 figuris,
3033 1667 3120 1728 ita
3169 1674 3230 1728 et
3279 1665 3502 1728 formis

2009 1761 2141 1822 suis
2183 1763 2527 1843 specificis,
2562 1799 2642 1808 -—
2673 1763 2762 1825 Ex
2803 1771 2980 1845 parte
3019 1765 3211 1827 etiam
3254 1764 3505 1826 imitan-

388 1863 751 1943 quantitate
788 1861 941 1925 facit
981 1864 1245 1944 aequale,
1278 1863 1373 1926 sic
1403 1881 1603 1924 unum
1648 1863 1711 1924 in
1743 1881 1896 1943 qua·
1934 1861 1981 1923 B
2010 1860 2173 1921 tium
2235 1860 2361 1923 duo
2407 1869 2556 1923 sunt
2615 1862 3091 1936 consideranda,
3143 1862 3442 1924 videlicet
3489 1878 3502 1922 :

392 1960 571 2022 litate
632 1959 837 2022 efficit
896 1961 1127 2023 simile.
1180 1996 1261 2006 —
1308 1960 1536 2032 Tertio,
1593 1960 1897 2042 quoniam

392 2059 825 2120 Damascenus
888 2066 1150 2120 testatur
1199 2059 1367 2140 quod
1423 2058 1697 2139 Spiritus
1748 2059 1899 2120 San-

392 2164 535 2218 ctus
568 2157 782 2238 imago
810 2165 907 2219 est
940 2157 1106 2230 Filii,
1140 2157 1306 2220 sicut
1337 2156 1531 2218 Filius
1567 2157 1775 2236 imago
1806 2163 1901 2218 est

391 2254 615 2316 Patris.
654 2290 731 2301 —
762 2255 1015 2328 Quarto,
1049 2254 1324 2335 Spiritus
1370 2254 1639 2316 Sanctus
1685 2271 1901 2335 proce-

393 2353 485 2414 dit
538 2371 657 2434 per
706 2353 967 2415 modum
1016 2352 1251 2414 amoris
1293 2370 1305 2414 :
1346 2369 1523 2414 amor
1572 2360 1785 2413 autem
1836 2352 1900 2413 in

392 2450 825 2513 similitudine
859 2451 1177 2513 fundatur.
1196 2451 1357 2531 Ergo
1387 2450 1731 2512 similitudo
1764 2468 1905 2512 con-

394 2550 573 2611 venit
616 2548 883 2631 Spiritui
923 2549 1153 2611 Sancto
1193 2567 1269 2610 ex
1310 2555 1535 2610 natura
1576 2556 1640 2609 et
1669 2547 1732 2608 vi
1772 2567 1901 2610 suae

394 2647 851 2729 processionis

474 2745 547 2806 In
593 2743 965 2826 oppositum
1010 2751 1159 2806 sunt
1203 2763 1345 2826 quae
1389 2743 1797 2806 continentur
1835 2742 1900 2803 in

396 2843 626 2906 littera.

2012 1957 2236 2020 relatio
2265 1958 2644 2040 aequalitatis
2675 1978 2787 2021 seu
2820 1960 3176 2023 similitudo
3206 1981 3347 2042 quae
3377 1960 3512 2022 fun·

2010 2056 2196 2117 datur
2239 2056 2302 2118 in
2343 2057 2454 2118 illo
2495 2074 2621 2118 uno
2663 2057 2727 2119 in
2769 2075 2897 2139 quo
2940 2078 3008 2120 se
3050 2059 3414 2137 imitantur3
3447 2066 3510 2120 et

2012 2153 2177 2215 ultra
2210 2153 2350 2228 hoc,
2385 2155 2538 2216 ordo
2572 2171 2585 2216 :
2620 2155 2772 2236 quia
2803 2157 3118 2238 posterius
3158 2157 3398 2218 factum
3430 2157 3507 2218 ad

2012 2251 2502 2313 similitudinem
2534 2251 2794 2314 alterius
2827 2273 2937 2315 seu
2969 2254 3222 2335 prioriS,
3246 2260 3508 2316 vocatur

2012 2349 2256 2429 imag03
2298 2357 2360 2410 et
2410 2351 2588 2431 prius
2637 2350 2796 2412 illud
2843 2352 2921 2413 ad
2972 2352 3158 2432 cujus
3209 2352 3507 2414 similitu-

2011 2447 2228 2509 dinem
2285 2446 2526 2509 factum
2586 2456 2702 2522 est,
2753 2449 3111 2530 appellatur
3157 2450 3504 2531 exemplar,

2011 2545 2307 2626 quamvis
2338 2565 2537 2606 unum
2571 2546 2893 2608 interdum
2931 2547 3196 2610 abusive
3235 2556 3506 2629 ponatur

2014 2661 2128 2725 pro
2156 2643 2300 2706 alio.
2338 2644 2579 2707 Idcirco
2616 2645 2890 2707 Hilarius
2927 2647 3004 2708 ad
3044 2647 3504 2727 designandum

2012 2742 2383 2804 relationem
2415 2743 2834 2825 ordinemque
2873 2744 3259 2807 imitantium
3291 2764 3379 2817 se,
3414 2745 3506 2807 di-

2012 2839 2125 2913 xit,
2159 2841 2371 2922 Imago
2411 2848 2506 2903 est
2539 2841 2678 2922 ejus
2719 2843 2810 2904 rei
2850 2843 2927 2904 ad
2967 2862 3160 2924 quam
3203 2843 3506 2925 imagina-

2012 2945 2151 3016 tur3
2185 2946 2374 3020 atque
2412 2939 2490 3000 ad
2531 2940 2990 3020 designandum
3031 2941 3093 3003 id
3137 2943 3202 3003 in
3246 2959 3375 3023 quo
3412 2949 3508 3004 est

474 3039 593 3102 Hic
623 3039 835 3121 primo
864 3039 1211 3102 videndum
1242 3047 1340 3102 est
1370 3040 1522 3121 quid
1554 3039 1637 3101 sit
1669 3038 1898 3119 imago,
1939 3035 1981 3098 C
2015 3035 2306 3109 imitatio,
2347 3037 2610 3109 addidit,
2655 3037 2910 3118 Species
2960 3038 3354 3101 indifferens,
3395 3040 3508 3101 De-

393 3147 457 3200 et
500 3139 783 3221 qualiter
826 3138 1253 3220 intelligenda>
1296 3146 1443 3201 sunt
1494 3138 1901 3201 definitiones

394 3258 509 3300 seu
541 3237 1006 3320 descriptiones
1037 3238 1276 3319 ipsius3
1308 3245 1373 3299 et
1404 3239 1557 3300 item
1589 3246 1743 3320 quot
1776 3254 1907 3299 mo-

396 3336 497 3399 dis
536 3336 811 3409 dicatur,
844 3354 916 3398 ac
958 3335 1230 3417 qualiter
1267 3335 1747 3418 appropriatum
1789 3354 1903 3397 seu

396 3434 737 3517 proprium
796 3434 878 3495 sit
926 3452 1160 3496 nomen
1220 3433 1514 3515 imaginis
1575 3433 1904 3514 unigenito

398 3533 563 3595 Filio
606 3533 743 3595 Dei.

476 3632 665 3695 Circa
702 3630 987 3713 primum
1026 3630 1249 3692 scribit
1287 3630 1392 3692 hic
1427 3630 1697 3693 Thomas
1740 3648 1753 3692 :
1788 3632 1905 3694 Ra-

398 3730 485 3791 tio
536 3728 839 3810 imaginis
884 3729 950 3789 in
996 3728 1349 3791 imitatione
1395 3729 1703 3791 consistit.
1743 3729 1904 3790 Dici-

397 3837 501 3890 tur
527 3828 711 3889 enim
755 3827 959 3909 imago
1000 3827 1182 3908 quasi
1224 3827 1501 3907 imitago.
1536 3828 1623 3889 De
1656 3827 1903 3889 ratione

396 3934 613 3989 autem
658 3924 1033 3987 imitationis
1073 3931 1221 3986 sunt
1259 3925 1387 3987 duo
1421 3924 1902 3998 consideranda,

400 4024 707 4087 videlicet
738 4022 803 4083 id
834 4022 899 4084 in
941 4040 1068 4104 quo
1096 4030 1193 4083 est
1232 4022 1525 4095 imitatio,
1561 4031 1622 4084 et
1662 4040 1736 4083 ea
1766 4042 1906 4104 quae

401 4140 467 4184 se
515 4121 855 4184 imitantur
897 4139 1010 4183 seu
1054 4138 1327 4201 quorum
1372 4139 1572 4181 unum
1623 4119 1909 4181 imitatur

2015 3135 2229 3197 finitio
2260 3154 2512 3217 quoque
2555 3136 2849 3217 imaginis
2880 3157 3074 3219 quam
3114 3146 3367 3200 sanctus
3401 3157 3509 3221 po-

2014 3234 2106 3294 nit
2142 3234 2440 3307 HilariuS‚
2475 3234 2714 3309 dicem,
2749 3236 2959 3317 Imago
2998 3243 3094 3297 est
3133 3236 3273 3317 ejus
3307 3237 3398 3299 rei
3429 3237 3508 3298 ad

2012 3350 2206 3413 quam
2249 3332 2650 3412 imaginatur,
2683 3334 2928 3414 species
2974 3334 3373 3409 indifferenti,
3407 3336 3511 3397 da-

2012 3437 2117 3491 tur
2154 3448 2269 3511 per
2307 3448 2582 3491 causam.
2619 3430 2755 3492 Non
2795 3432 2968 3493 enirn
3008 3434 3255 3514 species
3298 3433 3406 3495 illa
3443 3433 3508 3494 in

2014 3545 2139 3607 qua
2184 3527 2263 3588 fit
2312 3528 2602 3603 imitati0,
2655 3536 2751 3591 est
2801 3530 3008 3611 imago
3052 3548 3065 3592 ε
3111 3531 3240 3593 imo
3299 3532 3506 3612 imago

2012 3633 2308 3687 causatur
2343 3645 2419 3688 ex
2463 3626 2896 3689 indifferentia
2935 3629 3193 3709 speciei.
3231 3630 3406 3691 Unde
3447 3637 3510 3691 et

2013 3723 2122 3784 alii
2151 3724 2394 3797 dicunt,
2429 3726 2638 3805 Imago
2676 3733 2772 3786 est
2814 3744 3025 3787 rerum
3065 3725 3506 3789 differentium

2014 3822 2234 3883 cadem
2276 3822 2564 3903 qualitaS.
2601 3822 2748 3895 Quae
2792 3823 2983 3884 etiarn
3023 3823 3368 3905 descriptio
3406 3825 3511 3887 da-

2018 3928 2121 3980 tur
2164 3940 2278 4002 per
2316 3939 2592 3995 causam,
2626 3921 2776 4002 quia
2817 3921 3022 4003 imago
3062 3940 3190 3984 non
3227 3932 3323 3985 est
3360 3942 3513 4005 qua-

2023 4018 2186 4091 litas,
2221 4020 2329 4081 sed
2371 4020 2591 4081 relatio
2622 4019 2688 4080 in
2728 4020 3030 4101 qualitate
3072 4021 3349 4083 fundata.
3386 4021 3512 4083 Nec

2022 4124 2117 4178 est
2175 4116 2527 4191 circulatio,
2585 4136 2784 4199 quum
2842 4118 3098 4191 dicitur,
3152 4120 3363 4201 Imago
3419 4128 3515 4181 est

402 4220 602 4282 aliud.
636 4220 828 4281 Porro
870 4218 933 4279 id
974 4218 1042 4279 in
1081 4236 1209 4299 quo
1246 4219 1347 4279 vel
1387 4225 1679 4299 respectu
1720 4218 1907 4299 cujus
1941 4222 1987 4282 D
2020 4214 2161 4294 ejus
2205 4215 2294 4276 rei
2337 4216 2415 4277 ad
2455 4233 2645 4296 quam
2686 4215 3104 4296 imaginatur3
3135 4218 3246 4280 sed
3287 4225 3382 4280 est
3423 4218 3512 4280 ibi

404 4328 501 4381 est
532 4316 830 4390 imitatio,
864 4324 960 4377 est
990 4315 1262 4397 qualitas
1292 4316 1526 4398 aliqua,
1562 4336 1674 4379 seu
1707 4316 1910 4379 forma

408 4435 521 4497 per
554 4416 819 4477 modum
860 4413 1185 4495 qualitatis
1224 4412 1603 4494 significata.
1640 4414 1799 4476 Hinc
1830 4415 1908 4476 de

407 4514 655 4577 ratione
706 4512 1001 4593 imaginis
1051 4518 1147 4573 est
1188 4512 1563 4574 similitudo.
1614 4512 1739 4574 Nec
1790 4512 1909 4574 hoc

408 4611 679 4685 sufficit,
730 4611 843 4673 sed
898 4616 1147 4692 oportet
1193 4611 1363 4691 quod
1420 4610 1504 4671 sit
1550 4610 1909 4691 adaequatio

406 4710 625 4793 aliqua
676 4708 743 4770 in
785 4708 1156 4789 hujusmodi
1200 4708 1505 4789 qualitate
1554 4708 1909 4770 secundum

408 4808 832 4890 quantitatem
862 4815 972 4868 aut
1003 4806 1479 4887 proportionem
1510 4824 1523 4868 ε
1561 4813 1629 4867 ut
1659 4807 1725 4867 in
1760 4805 1913 4867 ima·

407 4907 557 4986 gine
609 4924 805 4988 parva
854 4912 950 4967 est
992 4904 1318 4986 proportio
1374 4904 1651 4985 partium
1699 4904 1777 4965 ad
1824 4904 1915 4965 in-

412 5006 621 5068 vicem
669 5004 839 5067 sicut
888 5003 953 5065 in
1003 5022 1071 5064 re
1122 5020 1349 5083 magna
1397 5002 1583 5083 cujus
1640 5022 1911 5084 parvum

410 5104 570 5167 illud
600 5110 804 5165 exstat
834 5102 1062 5183 imago.
1091 5101 1237 5163 Ideo
1269 5100 1528 5181 ponitur
1556 5100 1915 5182 adaequatio

412 5202 495 5264 in·
526 5200 909 5264 definitione
972 5198 1292 5280 imaginiS,
1345 5218 1546 5280 quum
1604 5198 1846 5260 dicitur
1899 5216 1913 5260 :

412 5301 624 5381 Imago
670 5306 769 5362 est
810 5298 905 5361 rei
946 5298 1025 5360 ad
1073 5315 1209 5359 rem
1256 5296 1707 5379 coaequandam
1760 5296 1919 5359 indi·

2021 4312 2504 4375 circumlocutio
2562 4314 2966 4394 exemplariS,
3018 4323 3081 4376 et
3139 4302 3398 4397 ponitur
3451 4317 3517 4378 in

2021 4411 2259 4473 virtute
2300 4411 2600 4473 dictionis
2645 4412 2852 4475 unius.

2105 4509 2168 4571 Si
2227 4517 2440 4571 autem
2494 4510 2855 4591 objiciatur,
2911 4513 3082 4593 quod
3140 4522 3426 4576 creatura
3482 4532 3520 4575 a

2021 4608 2149 4669 Deo
2205 4607 2398 4669 distat
2444 4626 2516 4670 ac
2575 4608 2796 4671 deficit
2854 4609 3129 4685 infinite,
3181 4630 3330 4693 ergo
3387 4631 3516 4675 non

2020 4705 2214 4768 habet
2243 4725 2391 4769 cum
2421 4708 2548 4769 Deo
2579 4708 2860 4789 speciem
2892 4709 3386 4773 indifferentem.
3423 4712 3523 4773 Di·

2024 4805 2320 4878 cendum,
2354 4805 2524 4886 quod
2557 4807 3058 4888 unumquodque
3087 4816 3396 4889 quantum
3429 4818 3519 4871 at-

2025 4903 2214 4983 tingit
2261 4904 2338 4965 ad
2389 4904 2697 4967 rationem
2747 4904 3216 4979 indifferentiae,
3271 4914 3516 4969 tantum

2023 5002 2278 5081 attingit
2307 5003 2384 5063 ad
2418 5002 2725 5065 rationem
2755 5002 3072 5083 imaginiS,
3106 5012 3169 5065 et
3207 5013 3466 5068 econtra
3502 5024 3515 5068 ε

2030 5100 2354 5162 invenitur
2389 5088 2603 5162 autern
2642 5101 2872 5181 gradus
2913 5101 3322 5182 perfectionis
3367 5105 3520 5167 ima-

2028 5198 2214 5279 ginis.
2269 5197 2514 5259 Dicitur
2563 5216 2836 5278 namque
2885 5200 3264 5282 quandoque
3312 5202 3522 5284 imago

2032 5296 2316 5371 alteriuS,
2369 5295 2434 5358 id
2487 5295 2555 5358 in
2602 5313 2731 5378 quo
2782 5295 3105 5361 invenitur
3153 5299 3396 5382 aliquid
3445 5302 3526 5366 si-
