4359 6250
901 494 1125 550 QUAEST.
1170 496 1190 540 l
1229 495 1244 540 ἒ
1291 495 1376 540 AN
1419 493 1914 542 PRAEDESTmA'rlo
1957 495 2048 542 SIT
2089 493 2233 549 Qum
2275 493 2555 542 cneum(
2598 497 2709 542 vm.
2752 497 3099 544 mensuum

3432 477 3547 543 511

444 663 619 725 circa
646 664 769 728 hoc
808 663 1060 729 fortiter
1091 665 1316 747 arguit.
1353 666 1825 747 consequenter
1857 665 1948 727 in·
1980 663 2031 728 A
2058 671 2209 726 nato
2247 672 2539 746 respectu
2584 666 2767 747 cujus
2811 674 2927 741 est,
2961 668 3081 730 hoc
3118 675 3216 729 est
3258 685 3333 728 ex
3376 673 3553 748 parte

445 762 606 846 cipit
654 763 734 826 de
777 764 1220 846 reprobatione
1265 772 1554 839 tractare,
1596 765 1676 827 de
1712 783 1838 846 qua
1881 765 1947 832 in

445 863 740 944 sequenti
787 862 1042 944 plenius
1086 870 1408 925 tractatur.

763 1189 1235 1264 QUAESTIO
1304 1190 1636 1254 PRIMA

541 1461 658 1521 Am
715 1459 1022 1541 quaeritur
1077 1459 1308 1542 primo,
1357 1461 1488 1527 An
1541 1459 1946 1541 praedesti-

566 1561 790 1625 natio
844 1559 954 1624 sit
998 1559 1191 1639 quid
1247 1561 1604 1626 creatum
1646 1559 1782 1626 vel
1830 1561 1946 1626 ln·

445 1660 832 1739 creatum,
863 1665 926 1718 et
966 1656 1042 1718 de
1077 1656 1404 1719 intellectu
1445 1656 1947 1738 descriptionum

448 1755 670 1838 ipsiuS.

2059 763 2379 825 connotati
2438 763 2728 828 effectus
2790 765 3275 830 PraedestinatiO.
3312 765 3552 848 quippe

2058 862 2266 943 quoad
2308 862 2567 924 modum
2607 862 3034 945 significandi,
3068 871 3165 927 est
3204 863 3383 946 quasi
3426 881 3554 925 me-

2058 959 2238 1021 dium
2276 959 2443 1022 inter
2481 961 2681 1022 Deum
2724 961 3278 1044 praedestinantem
3319 968 3381 1023 et
3421 980 3555 1023 cre-

2058 1067 2305 1119 aturam
2353 1059 2885 1140 praedestinatam,
2928 1059 3193 1142 ipsaque
3234 1060 3555 1142 praedesti-

2058 1157 2233 1219 natio
2280 1157 2436 1218 dicit
2484 1156 2925 1221 habitudinem
2978 1159 3090 1222 Dei
3140 1160 3555 1241 proponentis

2057 1255 2302 1318 salvare
2333 1256 2411 1317 ad
2451 1255 2845 1319 salvandum.
2881 1258 3041 1319 Hinc
3083 1258 3556 1341 praedestinatio

2060 1373 2186 1416 non
2247 1355 2505 1436 ponit-ur
2564 1355 2627 1418 in
2692 1356 3137 1437 praedestinato
3198 1358 3551 1419 secundum

2058 1453 2228 1534 quod
2279 1453 2415 1535 ipse
2458 1461 2551 1516 est
2596 1455 2886 1517 diversus
2938 1455 2999 1517 in
3044 1463 3267 1518 natura
3313 1475 3350 1518 a
3398 1475 3555 1538 prae-

2059 1551 2435 1626 destinante,
2468 1553 2780 1616 exsistens
2830 1553 2895 1616 in
2945 1555 3205 1637 proprio
3250 1574 3410 1629 esse,
3444 1555 3553 1617 sed

2061 1659 2249 1732 prout
2296 1658 2392 1712 est
2439 1651 2505 1713 in
2554 1652 2821 1714 scientia
2870 1652 3218 1732 Creatoris3
3254 1661 3317 1714 et
3366 1663 3553 1736 prout

2059 1749 2152 1811 sic
2196 1750 2259 1812 in
2304 1750 2431 1812 Deo
2473 1757 2590 1825 est,
2624 1759 2721 1812 est
2761 1770 2899 1813 esse
2942 1751 3142 1814 ideale
3180 1761 3244 1814 et
3283 1754 3553 1816 creatrix

527 1854 792 1916 Videtur
834 1855 1002 1937 quod
1047 1855 1130 1916 sit
1174 1855 1325 1937 quid
1377 1861 1677 1917 creatum.
1715 1855 1944 1929 Primo,
1985 1850 2031 1911 B
2060 1849 2357 1922 essentia,
2382 1867 2507 1911 non
2539 1857 2763 1912 natura
2792 1859 3000 1912 creata
3034 1867 3047 1912 :
3082 1868 3230 1932 ergo
3261 1852 3427 1933 quod
3460 1851 3553 1914 sic

445 1953 600 2035 quia
651 1973 766 2035 per
824 1962 1032 2016 creata
1089 1953 1493 2028 describitur,
1545 1962 1613 2017 ut
1663 1961 1834 2036 patet
1884 1955 1948 2018 in

445 2053 988 2135 descriptionibus
1038 2053 1200 2133 ejus,
1245 2073 1442 2135 quum
1495 2053 1730 2115 dicitur
1780 2055 1948 2135 quod

445 2153 530 2213 sit
584 2151 962 2235 praeparatio
1018 2153 1252 2232 gratias.
1307 2187 1383 2200 «-
1435 2152 1746 2227 Secundo,
1799 2153 1950 2235 quia

445 2250 817 2312 denominat
848 2250 1200 2312 formaliter
1230 2257 1581 2312 creaturam
1619 2268 1632 2312 :
1661 2267 1810 2331 ergo
1839 2250 1949 2312 ali-

447 2348 604 2430 quid
635 2349 818 2430 ponit
848 2349 913 2410 in
943 2349 1379 2422 ea.—Terti0,
1405 2369 1602 2430 quum
1637 2349 1802 2423 dico,
1824 2349 1946 2411 Iste

445 2456 542 2508 est
575 2447 1337 2530 praedestinatuS,aliquid
1371 2447 1536 2510 reale
1569 2447 1948 2529 praedicatur

445 2546 526 2607 de
571 2547 734 2628 ipso,
768 2545 1066 2608 videlicet
1108 2546 1521 2627 praedicatum
1559 2553 1861 2609 creatum.

525 2645 595 2706 ln
644 2644 1010 2727 oppositum
1059 2651 1176 2718 est,
1219 2644 1522 2726 quoniam
1562 2645 1729 2706 sicut
1776 2663 1945 2708 crea·

443 2745 535 2807 tio
577 2744 688 2804 Dei
734 2743 964 2816 activa,
1010 2751 1106 2804 est
1158 2744 1427 2824 ipsemet
1471 2744 1635 2806 Deus
1680 2761 1943 2823 creans3

443 2843 534 2904 ita
577 2842 1050 2924 praedestinatio
1093 2842 1320 2915 activa,
1357 2849 1454 2903 est
1495 2842 1660 2904 Deus
1708 2843 1944 2925 praede-

445 2941 711 3003 stinanS.

534 3139 713 3202 Circa
758 3139 892 3202 haec
937 3138 1138 3201 multa
1179 3140 1406 3222 quaerit
1451 3139 1766 3203 Albertus.
1816 3141 1942 3203 Pri·

451 3256 582 3312 mo,
654 3238 733 3300 ad
808 3239 975 3320 quod
1047 3238 1412 3301 divinorum
1486 3239 1942 3301 attributorum

448 3338 923 3420 praedestinatio
963 3338 1276 3421 pertineat
1317 3358 1428 3401 seu
1475 3339 1832 3401 reducatur.
1869 3340 1944 3401 Et

448 3438 792 3519 respondet
855 3454 868 3500 :
933 3436 1406 3500 Praedestinatio
1464 3437 1542 3499 ad
1610 3437 1942 3499 scientiam

445 3534 816 3598 effectivam
864 3554 978 3597 seu
1023 3535 1367 3617 practicam
1414 3535 1710 3616 pertinet,
1747 3545 1808 3598 et
1852 3536 1944 3599 sic

443 3634 690 3715 aliquid
728 3633 999 3696 includit
1037 3633 1320 3696 scientias
1353 3641 1414 3695 et
1454 3633 1696 3715 aliquid
1727 3634 1946 3696 volun-

446 3733 633 3811 tatis3
663 3739 730 3793 et
767 3732 919 3813 quia
957 3731 1224 3793 scientia
1262 3750 1336 3793 ac
1365 3730 1658 3794 voluntas
1693 3732 1945 3793 inflam-

447 3838 626 3892 mant
675 3830 1026 3911 potentiam
1071 3830 1148 3891 ad
1193 3830 1531 3911 agendum,
1565 3830 1806 3893 idcirco
1854 3831 1946 3893 in-

445 3929 648 3990 cludit
677 3937 742 3990 et
771 3928 1013 4010 aliquid
1045 3930 1362 4011 potentiae.
1399 3929 1518 3991 Sed
1557 3929 1822 3991 scientia
1850 3937 1947 3991 est

445 4027 688 4089 directe
719 4026 798 4089 de
829 4026 1069 4089 ratione
1099 4033 1289 4108 atque
1328 4028 1602 4089 essentia
1631 4027 1808 4109 ejus3
1841 4046 1950 4090 vo-

444 4126 658 4188 luntas
688 4143 842 4187 vero
879 4132 940 4186 et
982 4125 1262 4206 potentia
1302 4124 1537 4187 habent
1574 4144 1640 4187 se
1671 4144 1785 4207 per
1816 4144 1946 4188 mo-

2061 1946 2323 2028 ponitur
2360 1947 2530 2010 circa
2566 1967 2737 2022 eum,
2772 1967 2895 2011 non
2936 1949 3351 2031 distinguitur
3388 1969 3425 2011 a
3462 1950 3553 2012 di-

2060 2045 2209 2107 vina
2238 2047 2533 2119 essentia,
2567 2047 2676 2109 sed
2707 2055 2802 2109 est
2844 2047 2981 2129 ipsa
3009 2048 3283 2110 essentia
3314 2049 3551 2123 divina,

2059 2151 2122 2204 et
2172 2143 2629 2225 cointelligitur
2674 2154 3001 2229 respectus
3048 2146 3126 2208 ad
3176 2166 3309 2209 rem
3360 2166 3553 2230 quam

2059 2242 2225 2304 Deus
2269 2242 2636 2324 operabitur
2677 2243 2741 2304 in
2783 2243 3015 2307 futuro.
3050 2279 3131 2292 -
3160 2245 3366 2318 Quum
3406 2264 3557 2327 ergo

2059 2340 2205 2421 quis
2245 2341 2482 2402 dicitur
2523 2342 3025 2422 praedestinatus,
3061 2360 3186 2405 non
3232 2343 3554 2424 significa-

2060 2447 2161 2500 tur
2194 2439 2281 2502 ibi
2313 2440 2563 2522 passive
2594 2441 2717 2503 nisi
2747 2443 2953 2524 quoad
2985 2443 3243 2505 modum
3273 2451 3335 2505 et
3366 2462 3557 2525 quan-

2061 2543 2195 2600 tum
2245 2539 2324 2600 ad
2374 2557 2509 2614 nOS,
2554 2546 2616 2601 et
2660 2558 2786 2602 non
2835 2541 3186 2603 secundum
3239 2560 3392 2603 rem.
3446 2541 3555 2603 Est

2057 2637 2296 2698 etenim
2342 2656 2565 2699 sensus
2598 2654 2612 2700 :
2646 2639 2767 2700 Iste
2806 2647 2903 2700 est
2941 2639 3445 2722 praedestinatuS,
3489 2640 3551 2701 id

2057 2743 2149 2796 est
2203 2736 2509 2817 praevisus
2558 2744 2654 2798 est
2702 2736 2968 2816 salvari3
3019 2744 3081 2799 et
3130 2738 3193 2820 ly
3243 2738 3551 2820 praevisus

2056 2853 2185 2896 non
2215 2835 2395 2916 ponit
2422 2834 2663 2916 aliquid
2695 2837 2864 2917 quod
2895 2837 2979 2898 sit
3005 2845 3181 2898 extra
3209 2837 3553 2918 praeviden·

2057 2941 2209 3006 tem,
2243 2934 2536 3015 quamvis
2577 2915 2770 3016 ponat
2810 2943 3171 3017 respectum
3201 2937 3407 3018 quoad
3442 2936 3551 2997 ali-

1981 3039 2024 3102 C
2056 3032 2209 3113 quid
2254 3032 2422 3113 quod
2464 3031 2528 3093 in
2573 3032 2790 3095 futuro
2832 3033 2970 3095 erit.
3005 3034 3165 3096 Hinc
3210 3033 3315 3095 tali
3365 3035 3554 3097 modo

2055 3129 2462 3212 significandi
2511 3132 2716 3194 active
2756 3140 2818 3193 et
2861 3133 3133 3214 passive,
3176 3132 3422 3195 sufficit
3464 3133 3555 3195 di-

2054 3230 2321 3291 versitas
2365 3230 2627 3293 rationis
2672 3251 2813 3313 quse
2858 3240 2953 3294 est
2996 3232 3161 3295 inter
3211 3233 3557 3315 praeviden-

2059 3336 2184 3390 tem
2216 3336 2281 3390 et
2311 3330 2653 3411 praevisum
2686 3348 2812 3392 non
2852 3331 2915 3393 in
2947 3350 3036 3406 se,
3070 3332 3179 3394 sed
3216 3332 3279 3394 in
3311 3332 3553 3396 ratione

2055 3446 2170 3489 sua
2219 3428 2429 3502 ideali,
2467 3428 2530 3490 in
2574 3447 2701 3510 qua
2744 3428 2866 3491 fuit
2906 3429 2987 3491 ab
3028 3439 3281 3493 aeterno.
3318 3466 3397 3477 --
3424 3432 3552 3494 Nec

2056 3524 2267 3588 simile
2316 3534 2413 3588 est
2459 3545 2660 3608 quum
2709 3527 2963 3603 dicitur,
3012 3530 3177 3591 Deus
3227 3538 3417 3604 creat,
3464 3539 3547 3605 et,

2055 3626 2223 3687 Deus
2254 3626 2689 3707 praedestinat:
2711 3626 2861 3707 quia
2890 3628 3059 3708 quod
3089 3628 3339 3703 dicitur,
3356 3636 3547 3703 creat,

2057 3741 2185 3785 non
2217 3724 2515 3786 convenit
2545 3724 2673 3787 Deo
2704 3724 2827 3787 nisi
2858 3744 2935 3787 ex
2968 3732 3284 3807 tempore3
3313 3726 3551 3790 idcirco

2057 3841 2185 3886 non
2236 3830 2410 3886 notat
2460 3831 2705 3886 tantum
2766 3832 3124 3906 respectum
3180 3826 3259 3888 ad
3307 3834 3550 3889 creatu·

2058 3940 2215 3995 ram,
2270 3922 2378 3983 sed
2438 3920 2743 3984 effectum
2802 3940 3054 4004 quoque
3115 3924 3182 3986 in
3240 3932 3545 3988 creatura.

2058 4021 2233 4084 Unde
2290 4040 2487 4103 quum
2548 4021 2804 4097 dicitur,
2856 4022 3021 4084 Deus
3082 4024 3553 4104 praedestinavit

2056 4120 2311 4183 Petrum
2360 4127 2469 4182 aut
2516 4120 2801 4194 Paulum,
2839 4138 2965 4183 non
3008 4130 3259 4184 notatur
3298 4123 3420 4185 nisi
3462 4142 3555 4186 re-

444 4224 600 4286 dum
633 4224 1092 4305 proprietatum
1134 4223 1356 4305 ipsiuS‚
1392 4224 1744 4286 secundum
1775 4226 1945 4306 quod
1977 4229 2026 4290 D
2060 4228 2316 4302 spectus
2363 4220 2442 4281 ad
2494 4226 2867 4295 creaturam,
2918 4239 3035 4283 nec
3084 4221 3263 4303 ponit
3310 4223 3554 4305 aliquid

444 4322 742 4386 voluntas
791 4322 1118 4383 concernit
1168 4322 1231 4383 id
1281 4323 1449 4403 quod
1501 4322 1775 4405 practice
1826 4323 1945 4385 sci-

440 4429 570 4494 tur,
605 4429 667 4483 et
701 4422 984 4503 potentia
1014 4420 1172 4482 illud
1203 4422 1371 4503 quod
1402 4420 1701 4485 effective
1733 4440 1947 4504 prose-

444 4521 686 4603 quitur.

527 4618 822 4682 Secundo
859 4619 1107 4701 quaerit,
1142 4618 1296 4700 quid
1336 4618 1417 4680 sit
1451 4619 1940 4700 praedestinatiO.

445 4715 525 4779 Et
571 4717 915 4798 respondet
966 4734 979 4780 :
1033 4717 1502 4780 Praedestinatio
1559 4725 1656 4779 est
1703 4718 1946 4799 aliquid

444 4815 826 4889 increatum,
862 4816 948 4877 ita
976 4816 1146 4897 quod
1177 4816 1311 4877 sive
1341 4822 1631 4877 sumatur
1660 4834 1737 4878 ex
1769 4824 1945 4899 parte

445 4914 981 4997 praedestinantiS,
1008 4914 1144 4976 sive
1173 4932 1250 4975 ex
1284 4921 1460 4995 parte
1493 4915 1943 4996 praedestinati,

445 5031 574 5075 non
605 5020 702 5075 est
744 5012 866 5074 nisi
908 5012 1180 5094 ipsemet
1219 5012 1404 5074 Deus,
1441 5012 1504 5074 Si
1542 5031 1819 5095 namque
1850 5033 1950 5076 su-

445 5120 661 5175 matur
701 5118 1012 5193 quantum
1051 5112 1129 5173 ad
1172 5111 1235 5173 id
1275 5112 1444 5193 quod
1484 5119 1580 5173 est
1626 5113 1948 5195 praedesti-

447 5211 643 5284 natio,
677 5208 840 5272 nihil
871 5228 949 5271 ex
981 5216 1266 5291 tempore
1299 5209 1480 5291 ponit
1512 5209 1574 5271 in
1608 5210 1858 5292 aliqu03
1887 5219 1950 5273 et

449 5308 506 5373 si
533 5308 919 5395 quandoque
951 5306 1258 5370 effectum
1300 5307 1486 5370 habet
1519 5308 1585 5370 in
1626 5309 1948 5391 praedesti-

2059 4326 2237 4379 extra
2277 4319 2499 4379 Deum.

2139 4416 2349 4478 Tertio
2392 4416 2618 4497 quaerit
2658 4417 2735 4480 de
2781 4416 3265 4481 definitionibus
3316 4418 3552 4502 praede-

2058 4514 2439 4589 stinationiS,
2500 4535 2641 4596 quae
2702 4516 2917 4579 multae
2972 4526 3139 4580 sunt.
3196 4518 3330 4582 Una
3386 4528 3482 4582 est
3536 4538 3549 4583 :

2056 4614 2529 4677 Praedestinatio
2570 4622 2667 4676 cst
2706 4615 3103 4699 praescient-ia
3144 4623 3205 4679 et
3246 4636 3555 4700 praepara-

2055 4713 2146 4775 tio
2190 4712 2653 4775 beneficiorum
2704 4712 2939 4794 quibus
2990 4714 3345 4778 certissime
3396 4717 3551 4779 libe-

2057 4820 2277 4875 rantur
2307 4813 2697 4894 quicumque
2733 4810 3103 4874 liberantur.
3140 4813 3428 4876 Secunda
3456 4822 3553 4877 est

2056 4912 2395 4993 Augustini
2446 4911 2511 4972 in
2559 4910 2724 4972 libro
2772 4910 2849 4972 de
2902 4910 3049 4972 Fide
3097 4912 3174 4973 ad
3227 4912 3479 4974 Petrum
3532 4930 3547 4976 ε

2058 5009 2523 5074 Praedestinatio
2552 5016 2648 5071 est
2686 5009 2974 5089 gratuita}
3012 5009 3370 5072 donationis
3400 5030 3555 5092 prae·

2058 5108 2318 5194 paratio.
2366 5108 2572 5171 Tertia
2618 5116 2715 5170 est
2756 5107 3093 5189 Augustini
3145 5108 3209 5169 in
3260 5107 3425 5171 libro
3473 5109 3551 5173 do

2059 5208 2607 5272 Praedestinatione
2639 5206 3012 5269 Sanctorum
3040 5223 3053 5268 :
3082 5206 3552 5271 Praedestinatio

2059 5315 2156 5371 est
2195 5306 2591 5390 propositum
2637 5304 3019 5386 miserendi3
3052 5312 3115 5367 et
3152 5305 3306 5369 item
3341 5324 3355 5369 :
3392 5306 3553 5371 Prae-
