4359 6250
142 3862 232 3920 Sap.
247 3880 300 3917 xi.
311 3872 380 3914 21.

649 535 736 581 AN
779 535 933 582 DBUS
975 537 1181 583 Possrr
1220 535 1572 583 Pnonucmm
1611 536 1874 592 ALIQtJon
1916 537 2231 584 mmmmm
2271 537 2691 584 MAGNITUDINE
2732 535 2852 583 Am·
2892 535 3296 584 mrl'rttnmn
3402 513 3519 581 581

497 704 674 779 Quod
714 705 807 769 sic
837 705 1107 769 videtur.
1133 708 1363 783 Prim0,
1389 708 1539 790 quia
1567 708 1644 770 de
1674 708 1914 771 ratione
1945 707 1996 770 A
2025 709 2207 770 decet
2245 727 2453 790 neque
2500 708 2803 792 possibile
2846 714 2961 782 est,
2995 707 3299 770 effectum
3346 705 3525 768 Crea-

413 803 790 884 quantitatis
831 805 1146 868 continuae
1189 813 1284 868 est
1319 806 1600 888 aliquam
1643 807 1914 868 extensi-

410 918 604 963 onem
650 901 886 964 habere
920 921 934 967 :
971 920 1121 984 ergo
1163 922 1290 985 quo
1330 905 1573 987 aliquid
1614 904 1915 985 grandius

409 1007 508 1062 est
549 1007 740 1082 atque
777 1001 1123 1074 extensiuS,
1157 1019 1232 1064 eo
1272 1003 1414 1084 plus
1456 1002 1580 1065 sibi
1620 1003 1916 1065 convenit

409 1097 577 1161 ratio
633 1100 1004 1180 quantitatis
1067 1117 1082 1163 ε
1143 1100 1392 1181 corpori
1448 1119 1597 1182 ergo
1659 1100 1913 1162 infinito

411 1196 694 1258 maxime
741 1198 1064 1279 competit.
1110 1234 1191 1244 ——
1239 1200 1548 1274 Secundo,
1603 1197 1912 1281 quidquid

411 1296 980 1358 contradictionem
1026 1315 1152 1359 non
1196 1297 1506 1379 implicat,
1548 1299 1677 1360 Deo
1719 1297 1916 1378 possi-

409 1392 544 1456 bile
583 1402 684 1456 est
716 1411 732 1455 ε
765 1395 874 1456 sed
909 1413 1048 1457 esse
1087 1413 1318 1477 corpus
1359 1396 1528 1458 mole
1559 1395 1910 1466 infinitum,

408 1509 541 1554 non
587 1493 892 1574 implicat.

494 1591 804 1654 Similiter
833 1593 1004 1673 quod
1038 1611 1176 1654 esse
1206 1593 1409 1655 valeat
1443 1591 1787 1655 multitudo
1819 1611 1916 1655 ac-

407 1697 482 1752 ·tu
513 1689 787 1764 infinita,
803 1692 896 1754 sic
925 1690 1372 1774 persuadetur:
1393 1691 1648 1775 Species
1680 1710 1910 1764 rerum,

409 1787 638 1850 saltem
711 1787 1174 1868 generabilium
1244 1797 1306 1850 et
1371 1789 1910 1871 corruptibilium,

2023 807 2144 870 tori
2175 807 2449 889 aequari3
2488 807 2848 870 manifestat
2876 815 3088 868 tamen
3118 807 3285 868 Deus
3314 804 3527 866 infini-

2024 914 2217 968 tatem
2259 914 2446 987 prout
2476 915 2762 968 creatura
2792 924 3015 988 capere
3055 912 3279 986 potest.
3314 905 3522 978 Quum

2023 1005 2197 1067 enim
2237 1005 2453 1068 divina
2492 993 2773 1086 potentia
2810 1003 3057 1065 dicatur
3094 1002 3368 1074 infinita,
3401 1002 3522 1063 hoc

2023 1108 2120 1164 est
2177 1103 2537 1185 tripliciter,
2595 1102 2913 1174 videlicet,
2969 1098 3520 1163 interminabilita-

2025 1207 2086 1262 te
2132 1201 2505 1274 durationiS,
2560 1200 2987 1262 immensitate
3034 1198 3291 1279 vigoriS‚
3334 1215 3521 1278 gene-

2025 1299 2268 1361 ralitate
2318 1306 2381 1360 et
2428 1299 2885 1361 numerositate
2942 1314 3205 1359 suorum
3256 1295 3521 1358 effectu-

2023 1415 2156 1458 um.
2208 1396 2491 1458 Primum
2542 1395 2984 1459 manifestatur
3031 1413 3145 1476 per
3191 1392 3521 1455 infinitum

2024 1495 2379 1568 duratione,
2424 1496 2595 1578 quod
2643 1501 2739 1557 est
2787 1495 3047 1556 finitum
3090 1500 3257 1566 actu,
3304 1491 3521 1553 infini-

2024 1602 2160 1656 tum
2203 1593 2503 1675 potentia.
2541 1594 2903 1655 Secundum
2938 1591 3379 1654 manifestatur
3407 1608 3522 1672 per

2024 1693 2409 1754 creationem
2451 1711 2527 1754 ex
2571 1691 2794 1764 nihilo,
2838 1691 2951 1752 ubi
2992 1697 3089 1752 est
3137 1688 3391 1751 infinita
3432 1688 3523 1750 di-

2025 1789 2257 1853 stantia
2293 1789 2459 1852 inter
2487 1789 2834 1852 terminum
2868 1809 2905 1851 a
2936 1806 3062 1869 quo
3097 1794 3160 1849 et
3190 1787 3270 1850 ad
3304 1805 3517 1868 quem,

409 1886 984 1949 communicabiles
1026 1895 1175 1947 sunt
1214 1886 1560 1949 individuis
1603 1887 1912 1966 infinitis;
1951 1891 1999 1953 B
2028 1897 2286 1970 propter
2312 1888 2745 1952 omnimodam
2777 1885 3342 1969 improportionem
3374 1885 3523 1966 ipsi-

408 1984 791 2046 continuum
833 2002 1083 2066 quoque
1123 1983 1446 2047 divisibile
1477 1993 1570 2047 est
1602 1985 1667 2047 in
1703 1994 1914 2067 partes

409 2082 718 2144 infinitas.
733 2082 1115 2163 Hujusmodi
1145 2100 1294 2164 ergo
1323 2083 1621 2164 potentiae
1651 2092 1918 2165 possunt

409 2180 488 2241 ad
532 2187 746 2241 actum
792 2178 1034 2254 reduci,
1061 2187 1126 2240 et
1165 2179 1621 2242 inconveniens
1663 2181 1914 2242 nullum

409 2283 734 2357 sequetur.
766 2312 850 2322 —
876 2278 1057 2350 item,
1083 2276 1356 2340 infinitae
1385 2285 1535 2340 sunt
1563 2279 1807 2360 species
1837 2278 1914 2340 fi-

405 2392 714 2454 gurarum
747 2381 810 2436 et
837 2393 1268 2442 numerorum.
1288 2375 1541 2449 RursuS,
1560 2377 1912 2439 secundum

407 2472 804 2534 Avicennam
844 2480 907 2534 et
943 2473 1321 2553 Algazelem‚
1355 2473 1419 2535 in
1465 2473 1564 2535 his
1608 2493 1749 2556 quae
1785 2492 1912 2536 non

407 2577 562 2630 sunt
589 2569 1012 2632 essentialiter
1041 2569 1471 2644 subordinata‚
1499 2572 1590 2632 nil
1620 2571 1915 2653 prohibet

405 2683 548 2728 esse
589 2666 1070 2729 multitudinem
1115 2667 1446 2730 actualiter
1488 2667 1826 2731 infinitam.

491 2862 586 2925 Ad
636 2863 772 2925 haec
821 2863 947 2926 duo
995 2863 1436 2926 Bonaventura
1484 2883 1608 2925 una
1655 2882 1910 2946 respon-

407 2961 592 3024 sione
623 2962 964 3042 respondet
997 2981 1010 3026 :
1044 2961 1379 3025 Infinitum
1421 2968 1564 3024 actu
1598 2963 1762 3024 Deus
1796 2983 1912 3025 nec

2027 2006 2100 2048 us
2133 2005 2257 2049 non
2289 2005 2427 2048 esse
2456 1987 2534 2048 ad
2565 2005 2722 2048 esse.
2757 1985 3039 2048 Tertium
3079 1983 3523 2046 manifestatur

2027 2085 2091 2148 in
2149 2093 2243 2148 tot
2300 2085 2648 2147 effectuum
2710 2083 3147 2166 productione,
3210 2082 3296 2144 ita
3350 2083 3522 2164 quod

2024 2205 2281 2268 semper
2332 2185 2533 2268 possit
2577 2186 2654 2247 ad
2705 2183 3258 2246 innumerabiliter
3314 2183 3516 2264 plura.

2025 2285 2168 2348 Haec
2210 2284 2667 2346 Bonaventura.

2104 2383 2293 2445 Porro
2322 2382 2592 2444 Thomas
2632 2380 2697 2442 in
2738 2381 2988 2462 Scripto
3018 2378 3399 2460 quaestiones
3439 2378 3521 2441 is-

2022 2490 2116 2544 tas
2165 2499 2290 2544 non
2338 2487 2571 2554 movet,
2604 2481 2713 2543 sed
2758 2481 2823 2542 in
2866 2479 3079 2560 prima
3124 2485 3300 2560 parte
3338 2479 3519 2541 Sum-

2024 2600 2165 2654 mae,
2191 2579 2462 2662 septima
2493 2579 2858 2661 quaestione.
2884 2579 3089 2660 Atque
3117 2577 3195 2640 ad
3224 2577 3516 2658 primam,

2022 2677 2341 2749 videlicet,
2374 2696 2453 2738 an
2498 2677 2664 2738 Deus
2706 2675 2913 2738 facere
2956 2683 3146 2757 queat
3188 2674 3519 2737 infinitum

2020 2782 2165 2838 actu
2216 2775 2568 2837 secundum
2619 2774 3149 2855 magnitudinem,
3182 2772 3522 2855 respondet

2023 2873 2193 2955 quod
2241 2873 2416 2935 aliud
2463 2880 2559 2934 est
2604 2891 2743 2935 esse
2791 2871 3117 2934 infinitum
3166 2871 3519 2934 secundum

2023 2971 2388 3044 essentiam,
2454 2979 2517 3033 et
2579 2971 2931 3034 secundum
2991 2969 3518 3051 magnitudinem.

404 3058 564 3123 facit
601 3078 720 3121 nec
759 3058 965 3123 facere
1007 3067 1235 3143 potest,
1270 3061 1421 3142 quia
1460 3077 1578 3121 nec
1617 3062 1915 3124 convenit
1951 3064 1994 3129 C
2025 3070 2179 3133 Dato
2218 3069 2389 3131 enim
2430 3069 2596 3151 quod
2637 3075 2802 3131 esset.
2830 3068 3086 3151 aliquod
3126 3085 3357 3150 corpus
3395 3086 3524 3130 ma-

405 3160 538 3222 sibi
577 3178 696 3223 nec
735 3168 1055 3223 creaturae.
1093 3161 1249 3234 Sibi,
1284 3162 1568 3243 inquam,
1603 3179 1731 3223 non
1771 3180 1916 3225 con-

405 3256 608 3329 venit,
651 3258 804 3338 quia
850 3277 1048 3340 quum
1101 3258 1184 3319 sit
1221 3277 1472 3320 summe
1515 3258 1740 3332 bonus»,
1785 3278 1912 3321 non

405 3362 621 3437 potest
663 3354 870 3417 facere
914 3356 1038 3418 nisi
1082 3354 1320 3419 bonum
1367 3376 1382 3421 ε
1425 3374 1574 3437 ergo
1618 3375 1745 3420 non
1789 3358 1910 3420 nisi

407 3472 546 3515 rem
581 3453 663 3515 ad
699 3472 766 3515 se
794 3453 1168 3517 ordinatam.
1203 3455 1538 3537 Quumque
1572 3457 1725 3518 ordo
1756 3476 1912 3539 prae-

407 3559 728 3633 supponat
779 3570 1144 3627 numerum,
1196 3560 1258 3614 et
1307 3572 1612 3615 numerus
1663 3573 1915 3616 mensu-

409 3668 571 3724 ram,
609 3648 762 3729 quia
801 3666 930 3711 non
972 3650 1346 3712 ordinantur
1382 3652 1457 3713 ad
1503 3652 1744 3733 aliquid
1787 3651 1912 3713 nisi

409 3754 768 3820 numerata,
802 3766 919 3809 nec
962 3757 1381 3811 numerantur
1428 3750 1549 3811 nisi
1607 3750 1911 3829 limitata3

411 3845 556 3908 ideo
599 3864 861 3907 necesse
903 3844 1026 3907 fuit
1065 3846 1281 3908 omnia
1323 3845 1464 3909 fieri
1512 3847 1576 3909 in
1621 3867 1909 3922 numero,

410 3944 695 4026 pondere
739 3952 801 4005 et
843 3962 1159 4007 mensura.
1203 3944 1331 4007 Nec
1379 3946 1569 4007 etiam
1617 3947 1914 4009 convenit

409 4049 740 4112 creaturae,
774 4043 851 4103 de
883 4041 1068 4123 cujus
1103 4042 1344 4105 ratione
1383 4050 1478 4105 est
1508 4044 1740 4106 habere
1774 4064 1913 4107 esse

410 4139 887 4222 participatum,
923 4147 1378 4203 contractatum
1419 4149 1483 4203 et
1513 4142 1854 4205 limitatum
1894 4162 1908 4206 τ

2023 3168 2357 3249 gnitudine
2404 3167 2755 3241 infinitum,
2800 3174 2871 3229 ut
2916 3166 3080 3247 ignis
3128 3174 3234 3228 aut
3279 3185 3407 3239 aer,
3441 3173 3529 3228 ta-

2027 3284 2172 3327 men
2203 3265 2478 3327 essentia
2507 3264 2647 3345 ejus
2677 3272 2843 3327 esset
2866 3266 2945 3326 ad
2978 3272 3213 3326 certam
3244 3262 3526 3345 speciem

2019 3355 2463 3436 determinata,
2496 3370 2559 3424 et
2598 3382 2711 3445 per
2750 3380 3143 3443 consequens
3184 3361 3394 3443 ipsum
3434 3380 3527 3423 es-

2024 3469 2119 3524 set
2149 3461 2501 3523 secundum
2533 3460 2873 3522 essentiam
2909 3479 3089 3522 suam
3128 3459 3409 3521 finitum.
3444 3494 3525 3505 --

2025 3561 2339 3622 Concesso
2394 3559 2605 3639 itaque
2656 3558 2824 3639 quod
2884 3558 3059 3619 nulla
3107 3564 3393 3619 creatura
3440 3558 3524 3619 sit

2024 3658 2281 3720 infinita
2312 3656 2664 3719 secundum
2698 3655 3061 3727 essentiam,
3092 3656 3300 3717 adhuc
3331 3661 3523 3718 restat

2024 3756 2369 3838 inquirere,
2401 3774 2482 3816 an
2522 3754 2738 3835 aliqua
2775 3752 2860 3815 sit
2888 3761 2997 3815 aut
3025 3772 3163 3816 esse
3194 3753 3394 3834 possit
3426 3772 3519 3816 se-

2023 3855 2304 3916 cundum
2335 3852 2838 3933 magnitudinem
2871 3851 3141 3913 infinita.
3176 3850 3517 3913 Sciendum

2021 3970 2172 4032 ergo
2202 3951 2371 4032 quod
2404 3966 2634 4032 corpus
2666 3950 2834 4032 quod
2866 3958 2960 4011 est
2990 3949 3358 4031 magnitudo
3387 3967 3525 4030 per-

2021 4050 2209 4123 fecta,
2253 4047 2594 4130 dupliciter
2643 4048 2939 4121 sumitur,
2982 4054 3200 4130 utpote
3235 4067 3249 4111 t
3285 4047 3522 4110 mathe-

2024 4147 2275 4219 matice,
2311 4153 2499 4228 prout
2530 4145 2594 4206 in
2626 4164 2702 4207 eo
2730 4145 3049 4227 quantitas
3083 4145 3216 4208 sola
3252 4145 3519 4207 attendi-

406 4239 565 4301 alias
608 4245 775 4299 esset
819 4257 1016 4319 purus
1058 4245 1255 4299 actus,
1292 4239 1368 4300 Et
1409 4239 1575 4301 sicut
1615 4260 1742 4303 una
1784 4260 1910 4303 non
1942 4244 1993 4307 D
2027 4255 2125 4309 tur
2145 4264 2162 4325 ;
2194 4254 2258 4307 et
2288 4244 2439 4306 item
2474 4242 2843 4305 naturaliter
2872 4262 2983 4305 seu
3016 4244 3298 4325 physice,
3332 4250 3521 4325 prout

409 4343 620 4418 potest
669 4354 808 4399 esse
849 4336 1104 4398 infinita
1154 4337 1590 4417 magnitudine
1628 4348 1738 4401 aut
1776 4359 1913 4421 per-

411 4435 712 4507 fectione,
776 4434 864 4495 ita
918 4452 1036 4496 nec
1094 4434 1312 4497 multae
1372 4454 1639 4499 numero
1691 4456 1704 4499 :
1762 4438 1912 4519 quia

409 4550 674 4595 necesse
721 4537 820 4593 est
861 4531 1000 4593 illas
1049 4531 1264 4613 plures
1311 4532 1389 4594 ad
1441 4553 1630 4595 unam
1676 4543 1914 4597 creatu-

408 4649 546 4692 ram
591 4628 848 4707 reduci;
883 4630 992 4691 sed
1033 4628 1288 4691 infinita
1317 4631 1395 4692 ad
1433 4630 1692 4693 finitum
1734 4634 1915 4695 redu-

407 4729 491 4803 ci,
526 4735 624 4790 est
655 4726 1070 4808 impossibile.
1107 4727 1281 4801 Quod
1313 4736 1527 4792 autem
1559 4731 1915 4795 necessario

406 4826 800 4897 reducantur
835 4825 914 4887 ad
951 4844 1176 4901 unum,
1211 4834 1384 4908 patet
1418 4845 1432 4889 τ
1467 4829 1617 4909 quia
1659 4848 1916 4892 necesse

410 4932 509 4986 est
551 4941 789 5005 ponere
832 4924 1294 4989 ordinationem
1338 4926 1403 4987 in
1443 4927 1748 4988 creaturis
1787 4946 1914 4989 non

409 5030 662 5084 tantum
697 5021 775 5082 ad
808 5021 1155 5095 Deum,sed
1185 5022 1375 5084 etiam
1409 5024 1484 5085 ad
1519 5042 1584 5085 se
1617 5024 1912 5087 invicem.

407 5156 493 5167 -
521 5118 589 5182 Si
629 5125 844 5181 autem
885 5118 1246 5199 objiciatur,
1279 5122 1449 5203 quod
1492 5122 1657 5184 Deus
1693 5123 1921 5186 debeat

413 5216 806 5280 infinitatem
841 5235 1022 5279 suam
1053 5216 1484 5281 demonstrare
1513 5220 1921 5301 producendo

417 5314 751 5377 infinitum
800 5313 1106 5377 effectum
1142 5334 1155 5379 :
1194 5315 1559 5392 dicendum,
1593 5319 1762 5399 quod
1803 5339 1920 5382 nec

2023 4344 2088 4405 in
2129 4361 2204 4405 eo
2243 4342 2722 4405 considerantur
2760 4341 2967 4405 forma
3003 4350 3190 4423 atque
3232 4342 3515 4404 materia.

2021 4442 2196 4516 Quod
2244 4449 2456 4502 autem
2503 4460 2732 4523 corpus
2781 4441 3065 4503 naturale
3114 4448 3386 4524 nequeat
3426 4460 3521 4505 es-

2023 4559 2090 4601 se
2130 4538 2568 4619 magnitudine
2613 4538 2963 4613 infinitum,
2994 4546 3240 4602 constat
3278 4558 3356 4602 ex
3397 4539 3519 4602 hoc

2023 4637 2194 4719 quod
2242 4636 2321 4698 ad
2372 4636 2643 4698 formam
2690 4635 2830 4716 ejus
2888 4637 3367 4701 substantialem
3427 4657 3521 4699 se-

2025 4742 2258 4818 quatur
2292 4734 2611 4816 quantitas
2651 4734 3068 4796 determinata
3107 4736 3171 4797 in
3211 4736 3417 4815 majus
3456 4743 3519 4797 et

2027 4834 2091 4896 in
2131 4833 2366 4905 minu3‚
2400 4831 2565 4893 sicut
2600 4830 2688 4893 ait
2718 4830 3135 4912 Philosophus
3170 4849 3183 4893 :
3219 4832 3517 4894 Omnium

2027 4938 2249 4992 natura
2292 4928 2717 4992 constantium
2763 4936 2935 4991 certa
2974 4935 3071 4991 est
3120 4948 3416 4992 mensura
3458 4938 3521 4992 et

2027 5027 2188 5090 ratio
2237 5027 2711 5107 magnitudinis.
2755 5028 2842 5089 De
2888 5045 3151 5109 corpore
3193 5045 3343 5090 vero
3390 5048 3521 5091 ma-

2026 5123 2371 5186 thematico
2426 5131 2522 5184 est
2576 5124 2797 5185 eadem
2857 5125 3033 5187 ratio,
3086 5126 3291 5198 Quum
3344 5126 3519 5189 enim

2031 5240 2155 5284 non
2190 5228 2401 5303 posset.
2427 5239 2566 5283 esse
2596 5220 2721 5282 nisi
2752 5220 2872 5282 sub
2899 5221 3114 5303 aliqua
3143 5221 3367 5298 forma,
3393 5224 3519 5287 for-

2033 5339 2137 5382 ma
2173 5326 2386 5382 autem
2421 5319 2638 5401 quanti
2677 5319 2742 5381 in
2778 5329 3089 5402 quantum
3123 5321 3516 5403 hujusmodi,
