4359 6250
772 401 793 420 ·
871 458 993 522 382

1516 477 1579 522 IN
1619 477 1839 524 LIBRUM
1884 478 1902 523 1
1946 475 2431 522 SENTENTIARUM.
2473 492 2556 504 -
2595 477 2746 522 Dts'r.
2794 477 2960 522 XXXV
2982 477 3010 539 3
3042 477 3265 533 QUAEST.
3311 478 3334 524 1

870 646 1041 708 entia
1080 656 1144 709 et
1186 647 1602 729 dispositione
1649 647 2027 710 continetur.
2064 647 2366 709 Memoria
2395 643 2448 708 A
2477 645 2768 708 videatur
2806 666 2924 710 nec
2955 647 3192 730 scripta
3230 648 3334 722 sit,
3369 655 3612 710 constat
3643 647 3814 729 quod
3847 664 3974 708 non

868 762 1123 826 quoque
1154 763 1279 808 non
1316 753 1831 820 connumeratur,
1866 764 1945 808 ne
1978 763 2077 806 res
2109 745 2366 806 videan-

868 850 972 904 tur
1002 844 1111 906 Dei
1154 845 1619 927 praescientiam
1660 844 2076 926 praecessisse.
2111 879 2192 887 —
2219 843 2363 904 Haec

868 941 1241 1004 Alexander.

949 1042 1035 1103 De
1078 1040 1179 1103 his
1221 1041 1761 1104 Antisiodorensis
1806 1039 1871 1102 in
1916 1040 2200 1113 Summa,
2237 1039 2365 1120 pri-

870 1157 973 1201 mo
1019 1139 1201 1214 libro,
1239 1146 1504 1202 testatur
1536 1157 1550 1201 ε
1586 1139 1759 1202 Scire
1807 1139 1939 1210 Dei,
1983 1137 2364 1219 quandoque

867 1237 1104 1299 dicitur
1131 1238 1506 1320 approbare,
1531 1244 1593 1300 et
1624 1237 1711 1298 ita
1742 1237 1861 1298 scit
1892 1243 2135 1297 tantum
2167 1235 2364 1313 bona3

871 1335 1191 1398 interdum
1225 1335 1541 1417 accipitur
1572 1353 1686 1417 pro
1717 1334 1994 1416 simplici
2028 1334 2272 1401 notitia,
2307 1341 2369 1394 et

872 1435 960 1498 ita
1009 1437 1173 1498 Deus
1217 1435 1338 1496 scit
1382 1434 1546 1497 bona
1588 1442 1652 1496 et
1695 1433 1876 1495 mala.
1922 1433 1986 1495 Si
2031 1449 2180 1513 ergo
2223 1431 2366 1512 quis

870 1541 1089 1614 arguat
1129 1533 1222 1594 sic
1257 1550 1270 1594 :
1306 1534 1480 1595 Scire
1519 1533 1629 1594 Dei
1669 1540 1766 1594 est
1802 1550 1940 1594 esse
1986 1530 2225 1613 ipsius;
2257 1530 2367 1591 sed

872 1632 1037 1693 Deus
1072 1631 1192 1693 scit
1221 1631 1437 1693 omnia
1471 1650 1485 1693 ε
1518 1648 1668 1710 ergo
1697 1638 1793 1691 est
1822 1630 2054 1692 omnia.
2090 1629 2368 1710 Respon-

873 1729 1174 1803 dendum‚
1209 1729 1377 1811 quod
1413 1748 1540 1792 non
1578 1729 1888 1809 sequitur,
1922 1727 2226 1809 quoniam
2257 1725 2372 1786 sci-

2476 743 2559 804 sit
2590 743 2654 806 in
2685 746 2920 818 anima,
2955 747 3064 808 sed
3095 747 3236 828 ejus
3266 747 3654 828 oppositum.
3685 745 3830 808 Haec
3861 743 3980 807 An-

2477 843 2932 906 tisiodorensis.

2555 941 2714 1002 Hinc
2745 941 3014 1004 Thomas
3042 943 3376 1004 disseruit:
3397 942 3760 1005 Secundum
3793 940 3980 1003 B.Di-

2477 1039 2770 1122 onysium
2821 1039 2986 1102 libro
3032 1041 3110 1102 de
3159 1040 3407 1103 Divinis
3457 1039 3855 1112 nominibuS,
3897 1058 3977 1101 ex
4003 1057 4250 1108 macir-1.

2478 1138 2782 1199 creaturis
2823 1139 2899 1200 ad
2943 1138 3056 1200 Dei
3096 1139 3524 1220 cognitionem
3569 1138 3978 1200 ascendimus

2479 1255 2592 1318 per
2636 1238 3076 1311 remotionem,
3112 1257 3224 1320 per
3268 1238 3725 1312 causalitatem,
3757 1245 3822 1300 et
3865 1255 3983 1318 per·

2478 1335 2892 1397 eminentiam
2929 1355 2942 1399 ε
2977 1355 3248 1417 quarum
3279 1336 3582 1418 quaelibet
3609 1336 3688 1398 ad
3719 1335 3832 1398 Dei
3865 1335 3984 1397 sci-

2479 1433 2715 1494 entiam
2762 1450 2876 1495 nos
2920 1433 3198 1496 deducit.
3243 1435 3450 1496 Prima
3499 1433 3695 1515 igitur
3737 1434 3843 1495 via
3883 1443 3984 1495 est

2482 1549 2596 1612 per
2643 1532 3082 1605 remotionem,
3133 1552 3259 1614 qua
3306 1551 3564 1596 omnem
3623 1532 3988 1616 potentiali·

2483 1636 2676 1690 tatem
2735 1638 2798 1692 et
2855 1630 3364 1693 materialitatem
3419 1650 3456 1692 a
3509 1632 3638 1693 Deo
3696 1647 3985 1692 remove-

2485 1746 2626 1790 mus
2663 1747 2676 1791 :
2711 1747 2787 1790 ex
2820 1748 2947 1810 quo
2984 1730 3260 1803 elicitur,
3293 1731 3462 1811 quod
3503 1730 3640 1812 ipse
3681 1730 3766 1791 sit
3801 1737 3986 1790 actus

872 1845 961 1900 re,
995 1826 1152 1888 dicit
1191 1834 1549 1908 respectum
1593 1833 2017 1907 connotatque
2060 1824 2366 1886 effectum
2405 1826 2452 1890 B
2485 1846 2703 1908 puruS,
2735 1835 2800 1888 et
2830 1827 3032 1890 forma
3070 1836 3354 1911 separata
3395 1829 3461 1890 in
3502 1847 3570 1890 se
3599 1827 3980 1890 subsistens,

872 1925 937 1986 in
970 1935 1274 1987 creatura.
1299 1961 1380 1970 —
1409 1925 1485 1987 Et
1516 1925 1567 1986 si
1600 1933 1818 1987 contra
1857 1924 1977 1986 hoc
2010 1943 2228 1985 rursus
2259 1922 2370 1984 ob·

868 2023 1077 2103 jicias,
1109 2023 1409 2106 quoniam
1451 2023 1542 2085 sic
1588 2025 1752 2086 Deus
1798 2040 1923 2085 non
1962 2028 2368 2103 cognosceret

876 2123 1040 2185 mala
1090 2124 1314 2205 culpae,
1365 2131 1475 2184 aut
1524 2130 1689 2184 esset
1736 2140 1925 2183 causa
1971 2137 2230 2196 eorum3
2280 2119 2370 2180 di-

872 2221 1168 2293 cendum,
1203 2222 1371 2303 quod
1417 2221 1601 2294 scire,
1635 2221 1713 2282 de
1754 2221 1880 2282 Deo
1917 2219 2154 2280 dicitur
2189 2218 2370 2298 juxta

872 2319 1359 2383 similitudinem
1421 2321 1487 2381 in
1545 2318 1963 2391 naturalibuS,
2016 2317 2081 2379 in
2130 2315 2368 2398 quibus

872 2419 1137 2480 scientia
1164 2427 1262 2481 est
1290 2417 1662 2481 assimilatio
1702 2417 2061 2480 intellectus
2100 2416 2177 2478 ad
2209 2435 2364 2478 rem.

871 2517 1047 2579 Unde
1102 2535 1303 2599 quum
1361 2516 1629 2578 verbum
1689 2517 1837 2588 hoc,
1891 2514 2032 2589 scit,
2084 2514 2370 2577 divinam

870 2615 1157 2696 designet
1197 2615 1539 2678 essentiam
1582 2621 1651 2675 ut
1688 2613 2035 2695 exemplar,
2072 2613 2371 2694 quemad-

874 2714 1133 2775 modum
1174 2713 1527 2775 secundum
1556 2711 2006 2793 Augustinum,
2041 2710 2207 2773 visio
2244 2729 2371 2792 qua

872 2812 1124 2874 videtur
1170 2812 1543 2884 coloratum,
1589 2818 1686 2873 est
1734 2812 1944 2891 imago
1990 2807 2251 2872 colorati
2303 2809 2370 2870 in

872 2910 1058 2973 oculo
1093 2910 1292 2992 (quod
1342 2909 1476 2972 sive
1525 2927 1639 2991 per
1680 2909 2021 2971 essentiam
2072 2908 2209 2969 sive
2257 2925 2370 2989 per

2483 1925 2558 1986 Et
2595 1925 2718 1987 tale
2763 1945 2876 1987 ens
2915 1934 3164 2008 oportet
3201 1945 3338 1989 esse
3381 1926 3830 1989 intellectualis
3871 1945 3985 1988 na-

2481 2029 2658 2096 turae,
2701 2032 2764 2085 et
2805 2043 2943 2086 esse
2993 2025 3202 2087 sciens
3246 2042 3260 2086 τ
3304 2045 3451 2087 nam
3501 2024 3668 2087 sicut
3718 2025 3986 2086 materia

2481 2131 2578 2184 est
2620 2123 3124 2203 particulationis
3169 2123 3584 2207 principium,
3626 2133 3689 2186 et
3734 2123 3984 2185 intelle·

2482 2221 2824 2283 ctualitatis
2863 2241 2937 2284 ac
2978 2222 3517 2303 intelligibilitatis
3563 2222 3985 2304 impedimen-

2481 2327 2640 2392 tum,
2674 2320 2766 2381 sic
2804 2318 3026 2384 formae
3064 2321 3333 2384 debetur
3373 2320 3886 2401 intelligibilitas,
3919 2327 3984 2381 et

2483 2417 2620 2500 ipsa
2666 2426 2764 2480 est
2812 2420 3232 2499 cognoscendi
3281 2419 3695 2502 principium.
3742 2454 3824 2464 —
3873 2419 3984 2481 Se-

2481 2517 2690 2579 cundo
2736 2524 2910 2598 patet
2956 2517 3126 2579 idem
3177 2537 3288 2599 per
3335 2518 3507 2580 viam
3558 2517 3980 2580 causalitatiS.

2481 2613 2679 2677 Omne
2721 2633 2914 2696 agens
2958 2635 2996 2678 a
3037 2623 3264 2679 natura
3312 2616 3503 2678 habet
3553 2617 3982 2679 intentionem

2481 2731 2554 2774 ac
2600 2713 2988 2776 desiderium
3048 2714 3220 2777 finis.
3272 2715 3418 2777 'l'ale
3466 2723 3680 2778 autem
3731 2715 3986 2778 deside-

2482 2811 2650 2874 rium
2709 2813 3009 2894 praecedit
3056 2814 3346 2896 quaedam
3396 2814 3676 2895 cognitio
3733 2813 3988 2896 praesti—

2485 2916 2666 2972 tuens
2717 2911 2807 2972 rei
2858 2909 3056 2972 finem
3106 2929 3179 2972 ac
3223 2912 3501 2992 dirigens
3550 2912 3614 2973 in
3655 2913 3983 2974 eumdem.

875 3027 1131 3071 causam
1182 3007 1639 3088 intelligatur);
1692 3014 1937 3070 constat
1984 3006 2154 3087 quod
2205 3006 2370 3067 Deus
2408 3010 2453 3074 C
2485 3007 2604 3070 Sed
2655 3007 2724 3070 in‘
2769 3009 3155 3090 quibusdam
3215 3009 3332 3072 ista
3381 3010 3659 3091 cognitio
3708 3029 3836 3073 non
3889 3019 3991 3073 est

875 3107 1092 3172 omnia
1134 3106 1255 3170 scit
1293 3106 1758 3189 quodammodo
1802 3112 2060 3188 propter
2099 3125 2230 3168 suae
2271 3124 2375 3167 ex-

876 3206 1295 3289 emplaritatis
1335 3206 1696 3286 imaginem.
1732 3205 1937 3286 Atque
1967 3224 2043 3266 ex
2083 3205 2203 3267 hoc
2245 3222 2374 3265 mo-

879 3307 959 3368 do
1002 3304 1408 3386 significandi
1457 3322 1585 3386 quo
1629 3304 1792 3365 scire
1841 3302 2161 3383 significat
2212 3303 2372 3364 divi—

879 3423 1027 3467 nam
1064 3404 1406 3466 essentiam
1457 3412 1524 3464 ut
1567 3402 1913 3483 exemplar,
1956 3408 2257 3463 connotat
2307 3401 2371 3461 in

879 3502 1187 3565 creaturis
1248 3500 1491 3583 aliquid
1554 3517 1682 3582 quo
1742 3518 2068 3562 summum
2130 3499 2372 3561 bonum

880 3600 1227 3663 imitantur.
1265 3600 1384 3662 Sed
1425 3599 1663 3661 malum
1696 3598 2098 3679 cognoscitur
2129 3617 2245 3679 per
2272 3617 2374 3660 ex-

878 3700 1124 3781 emplar
1172 3699 1271 3761 sui
1319 3698 1619 3781 oppositi,
1662 3697 1828 3759 sicut
1868 3705 1932 3759 et
1974 3697 2221 3760 caecitas
2271 3714 2373 3759 co-

877 3798 1205 3879 gnoscitur
1254 3816 1367 3879 per
1414 3814 1603 3858 suum
1652 3796 2038 3877 oppositum.
2091 3795 2270 3867 Quod
2317 3795 2372 3855 si

880 3896 1215 3979 obieceris,
1248 3895 1410 3974 Ergo
1452 3895 1619 3956 Deus
1666 3912 1791 3955 non
1837 3892 2161 3973 cognoscit
2211 3892 2375 3953 mala

881 4014 995 4078 per
1022 4012 1125 4074 se;
1158 3994 1679 4074 distinguendum
1705 3992 2047 4074 :quoniam
2077 3990 2132 4053 si
2165 3990 2228 4074 ly
2253 4010 2377 4068 per

879 4115 943 4155 se
985 4092 1365 4156 determinet
1411 4091 1679 4154 verbum
1728 4092 2045 4168 coynoscit
2091 4090 2157 4151 in
2205 4107 2376 4152 com-

2486 3106 2828 3188 conjuncta
2870 3107 2960 3169 rei
3008 3107 3286 3170 tendenti
3333 3108 3398 3170 in
3442 3106 3644 3171 finem
3685 3127 3699 3171 :
3745 3108 3990 3172 idcirco

2483 3212 2730 3287 oportet
2772 3206 2942 3287 quod
2986 3206 3294 3287 dirigatur
3341 3226 3455 3288 per
3496 3207 3754 3289 aliquod
3801 3208 3990 3289 prius

2483 3320 2710 3384 agens;
2760 3303 2928 3365 sicut
2976 3304 3201 3384 sagitta
3251 3312 3543 3367 movetur
3591 3306 3668 3367 ad
3721 3306 3986 3387 signum

2483 3420 2560 3463 ex
2603 3401 2952 3463 directione
2995 3402 3369 3483 sagittantis.
3407 3404 3482 3465 Et
3525 3404 3612 3465 ita
3653 3410 3858 3467 exstat
3919 3405 3992 3466 in

2484 3499 2782 3562 omnibus
2821 3519 2963 3581 quae
3001 3508 3194 3582 agunt
3235 3520 3350 3583 per
3391 3502 3834 3565 necessitatem
3879 3522 3996 3565 na-

2485 3605 2952 3679 turae‚quorum
2983 3601 3266 3680 operatio
3294 3600 3716 3663 determinata
3742 3608 3838 3663 est
3870 3620 3995 3682 per

2489 3696 2882 3758 intellectum
2940 3696 3218 3779 aliquem
3278 3698 3717 3762 instituentem
3777 3700 3994 3781 ipsam

2488 3801 2798 3857 naturam.
2853 3795 3027 3857 Unde
3087 3797 3440 3860 secundum
3499 3797 3992 3879 Philosophum,

2488 3910 2648 3975 opus
2698 3899 2938 3955 naturae
2997 3902 3093 3955 est
3150 3911 3311 3976 opus
3370 3894 3805 3977 intelligentiae
3855 3915 3996 3959 non

2486 3990 2774 4052 errantis
2811 3990 3068 4072 Oportet
3110 4010 3259 4072 ergo
3301 3995 3474 4074 quod
3523 3994 3803 4076 primum
3853 4012 3996 4057 non

2486 4096 2627 4169 agat
2675 4106 2788 4169 per
2837 4089 3276 4151 necessitatem
3327 4098 3570 4155 naturae
3622 4109 3637 4154 z
3689 4092 3840 4174 quia
3889 4093 3996 4155 sic

880 4192 1205 4275 paratione
1252 4190 1330 4252 ad
1381 4189 1783 4271 suppositum
1825 4189 1995 4270 quod
2044 4196 2139 4249 est
2185 4189 2372 4261 ὓθιιε,
2407 4190 2458 4252 D
2486 4187 2867 4267 dirigeretur
2913 4187 2994 4249 ab
3042 4188 3258 4270 aliquo
3308 4189 3506 4270 priori
3558 4190 3994 4271 intelligente,

881 4290 974 4351 sic
1005 4288 1329 4370 cognoscit
1357 4286 1572 4349 omnia
1600 4304 1715 4368 per
1744 4305 1833 4360 εθ,
1868 4286 2019 4368 quia
2050 4304 2163 4367 per
2194 4304 2375 4347 suam

879 4388 1223 4451 essentiam
1274 4385 1597 4466 cognoscit
1644 4384 1958 4467 quidquid
2016 4384 2376 4466 cognoscit3

882 4486 937 4548 si
967 4494 1182 4548 autem
1212 4485 1274 4568 ly
1298 4504 1421 4561 per
1448 4504 1513 4544 se
1541 4483 1921 4546 determinet
1951 4483 2379 4565 cognitionem

885 4604 1001 4667 per
1030 4582 1569 4665 comparationem
1598 4582 1677 4643 ad
1708 4600 1844 4643 rem
1874 4581 2121 4655 scitam,
2154 4600 2379 4644 verum

884 4691 982 4745 est
1022 4682 1201 4756 illud,
1234 4680 1530 4743 videlicet
1572 4680 1741 4760 quod
1781 4681 1947 4742 Deus
1985 4698 2113 4743 non
2152 4696 2379 4761 cogno-

884 4783 1007 4845 scit
1052 4781 1218 4844 mala
1260 4798 1374 4862 per
1418 4797 1503 4841 εθ.
1541 4778 1953 4858 Cognoscitur
1996 4786 2210 4840 autem
2257 4798 2384 4841 ma-

887 4881 1020 4943 lum
1068 4898 1182 4962 per
1226 4876 1648 4961 privat-ionem
1698 4876 1847 4938 boni
1893 4877 2014 4938 hoc
2058 4876 2268 4949 modo,
2312 4884 2384 4937 ut

884 4981 940 5043 si
973 4979 1135 5042 visio
1174 4995 1301 5040 non
1331 4984 1427 5039 est
1458 4975 1570 5037 ubi
1610 4994 1748 5037 esse
1780 4974 2059 5047 deberet,
2093 4974 2384 5055 sequitur

887 5079 1057 5161 quod
1102 5076 1191 5139 ibi
1236 5076 1319 5138 sit
1364 5074 1631 5139 caecitas.
1668 5073 1876 5136 Simili
1922 5074 2133 5147 modo,
2179 5073 2233 5134 si
2278 5072 2384 5135 bo-

889 5178 1053 5241 nitas
1096 5182 1263 5237 esset
1307 5174 1373 5235 in
1416 5172 1652 5247 anima,
1685 5172 1974 5254 sequitur
2018 5172 2189 5253 quod
2233 5172 2386 5233 scri·

890 5284 998 5358 pta
1026 5280 1193 5337 esset
1222 5274 1289 5335 in
1329 5272 1493 5337 libro
1523 5272 1669 5334 vitae
1702 5290 1715 5335 :
1751 5271 1817 5333 in
1851 5288 1979 5352 quo
2008 5289 2212 5352 quum
2255 5288 2384 5333 non

2489 4304 2607 4347 nec
2648 4292 2814 4347 esset
2852 4286 3154 4367 primum.
3201 4287 3346 4368 Agit
3388 4305 3540 4369 ergo
3585 4307 3698 4369 per
3739 4287 4000 4353 intelle-

2489 4391 2663 4445 ctum
2705 4391 2768 4445 et
2812 4384 3227 4459 voluntatem,
3261 4393 3326 4447 et
3369 4384 3458 4447 ita
3499 4394 3596 4448 est
3645 4386 3870 4449 sciens,
3905 4423 4002 4434 ——

2490 4482 2698 4543 Tertia
2725 4480 2831 4543 via
2869 4500 2982 4564 per
3009 4482 3425 4545 eminentiam
3464 4484 3600 4547 haec
3637 4492 3732 4547 est
3765 4504 3779 4548 :
3813 4488 4000 4567 quod

2492 4578 2816 4642 invenitur
2857 4580 2923 4641 in
2961 4579 3256 4661 pluribus
3299 4582 3653 4644 secundum
3697 4582 3894 4663 magis
3927 4594 4002 4647 et

2493 4678 2727 4752 minuS,
2762 4687 2950 4760 prout
2991 4678 3183 4740 alicui
3229 4680 3764 4763 appropinquant,
3795 4699 3998 4763 opor-

2491 4784 2582 4839 tet
2613 4778 2678 4839 in
2709 4777 2925 4859 aliquo
2966 4777 3246 4859 perfecte
3275 4785 3339 4839 et
3367 4779 3644 4841 maxime
3685 4780 3996 4843 inveniri.

2492 4875 2793 4938 Videmus
2822 4884 3058 4951 autem,
3077 4878 3246 4958 quod
3276 4886 3515 4959 quanto
3543 4878 3755 4960 aliqua
3783 4879 4004 4959 primo

2492 4974 2624 5036 enti
2657 4974 2856 5054 magis
2889 4976 3341 5057 propinquant,
3363 4983 3537 5038 tanto
3567 4977 4000 5041 excellentius

2493 5073 2921 5154 cognitionem
2961 5073 3342 5156 participant
3375 5093 3389 5136 :
3425 5084 3496 5137 ut
3523 5076 3814 5138 homines
3860 5096 4004 5141 ma-

2493 5173 2590 5254 gis
2648 5192 2840 5255 quam
2898 5171 3106 5245 bruta,
3157 5180 3222 5233 et
3267 5174 3476 5254 angeli
3536 5176 3734 5257 magis
3789 5196 4002 5259 quam

2495 5271 2806 5334 homines.
2841 5270 3014 5333 Unde
3045 5277 3290 5332 constat
3317 5273 3488 5352 quod
3527 5273 3692 5335 Deus
3730 5291 3862 5339 non
3895 5294 4002 5341 so-
