4359 6250
707 506 794 553 AN
833 507 1062 554 unnim
1105 505 1179 552 ΕΤ
1219 505 1528 552 benamu
1571 504 1707 552 SINT
1747 505 2341 553 PRAEDEsrmATtoms
2385 505 2459 552 ΕΤ
2498 505 2975 552 REPRoBAnoNts
3016 505 3213 552 CAUSA

3390 485 3506 550 541

413 678 748 761 potissime
777 681 861 742 sit
889 681 968 742 de
997 678 1132 742 fine
1167 696 1181 741 ε
1215 697 1341 742 non
1372 679 1544 740 enim
1579 678 1644 741 in
1677 676 1906 740 mediis
1936 675 1988 740 A
2018 676 2192 739 nulla
2243 695 2411 750 vero,
2454 696 2647 759 quare
2694 677 2905 760 potius
2955 676 3151 739 istum
3199 694 3391 759 quam
3441 674 3514 736 il-

413 777 540 839 illis
589 779 812 841 divina
858 778 1082 861 pietaS,
1115 777 1424 860 perfectio
1471 785 1530 839 et
1582 777 1907 839 beatitudo

413 876 654 939 relucet
688 877 992 959 plenarie,
1025 896 1233 958 neque
1265 884 1392 939 tam
1426 876 1610 958 plene
1643 877 1808 938 sicut
1841 877 1903 937 in

412 975 550 1057 ipsa
580 977 1164 1056 praedestinatorum
1194 974 1665 1038 beatificatione
1697 983 1758 1036 et
1787 975 1910 1056 glo-

410 1074 503 1137 ria
545 1083 1004 1137 consummata.

507 1271 779 1354 insuper
836 1273 1060 1335 Scotus
1120 1273 1290 1334 circa
1346 1273 1480 1336 haec
1540 1272 1908 1355 inquisitive

411 1371 724 1452 procedit,
759 1391 1020 1434 narrans
1065 1370 1338 1454 qualiter
1379 1372 1772 1453 Augustinus
1816 1371 1910 1432 in-

411 1470 666 1532 terdum
712 1469 917 1551 ipsam
961 1469 1160 1533 fidem
1201 1488 1392 1552 quam
1437 1469 1602 1532 Deus
1647 1469 1710 1531 in
1756 1488 1910 1551 prae-

411 1568 746 1631 destinatis
811 1569 1125 1650 praevidit,
1189 1567 1389 1631 sensit
1450 1587 1589 1630 esse
1652 1587 1910 1630 causam

411 1685 524 1728 seu
591 1666 903 1730 rationem
967 1666 1538 1750 praedestinationis
1599 1675 1908 1748 quantum

409 1765 486 1826 ad
516 1765 738 1844 gratiae
779 1765 1220 1844 collationem3
1253 1767 1362 1828 sed
1405 1766 1524 1827 hoc
1566 1765 1702 1848 ipse
1745 1766 1808 1827 in
1842 1765 1911 1826 li-

2019 775 2170 836 lum.
2208 777 2381 838 Unde
2412 785 2475 839 et
2506 777 2570 838 in
2601 795 2769 840 caeco
2807 784 2954 838 nato
2984 775 3269 838 Christus
3310 773 3509 837 solam

2017 874 2346 955 perhibuit
2392 875 2699 938 rationem
2752 894 2866 937 cur
2913 882 3097 937 natus
3146 874 3228 936 sit
3281 892 3507 947 caecuS,
3539 889 3802 994 eagannax,

2017 980 2328 1052 quatenus
2359 990 2550 1055 opera
2581 974 2689 1036 Dei
2731 981 2793 1036 et
2832 972 3033 1054 gloria
3071 972 3211 1053 ejus
3246 971 3515 1034 manife-

2017 1078 2336 1132 starentur
2385 1072 2451 1134 in
2502 1071 2629 1134 illo.
2685 1072 2915 1152 Sicque
2976 1071 3141 1133 Deus
3200 1069 3513 1152 permittit

2018 1168 2162 1231 fieri
2197 1170 2381 1243 mala,
2415 1189 2496 1233 ne
2526 1171 2815 1252 quaedam
2857 1169 3022 1231 bona
3063 1168 3511 1250 impediantur,

2018 1267 2150 1330 imo
2209 1277 2278 1330 ut
2335 1269 2649 1331 eveniant.
2702 1269 2831 1331 Nec
2889 1270 2955 1331 in
3014 1267 3114 1329 his
3162 1269 3293 1351 agit.
3350 1270 3516 1332 Deus

2020 1374 2239 1429 contra
2282 1367 2621 1446 justitiam,
2671 1368 2823 1450 quia
2872 1370 3031 1431 nulli
3084 1371 3373 1434 absolute
3422 1375 3519 1430 est

2021 1466 2287 1528 debitor.

2102 1565 2330 1627 Contra
2360 1565 2543 1628 istam
2587 1567 2967 1648 positionem
3000 1569 3259 1651 quidam
3299 1569 3391 1630 sic
3425 1587 3519 1630 ar-

2020 1663 2158 1744 guit
2192 1681 2205 1724 :
2239 1664 2463 1727 Nullus
2495 1664 2781 1728 defectus
2814 1667 3019 1750 culpae
3048 1676 3155 1730 aut
3188 1687 3393 1750 poenae
3423 1672 3519 1729 est

2022 1782 2136 1844 per
2177 1781 2247 1824 36
2294 1763 2371 1824 de
2416 1764 2807 1846 perfectione
2859 1766 3164 1841 universi,
3202 1784 3351 1848 ergo
3400 1784 3517 1827 nec

412 1861 528 1924 bro
569 1862 1106 1925 Retractationum
1147 1864 1488 1937 revocavit,
1521 1881 1598 1926 eo
1641 1865 1810 1945 quod
1848 1872 1911 1926 et
1949 1864 1995 1927 B
2023 1881 2137 1942 per
2179 1880 2247 1923 se
2290 1862 2639 1944 requiritur
2675 1864 2752 1926 ad
2798 1865 3374 1928 manifestationem
3413 1863 3519 1926 bo-

409 1959 575 2021 fides
615 1959 700 2021 sit
739 1961 981 2041 donum
1021 1962 1154 2034 Dei,
1185 1970 1246 2023 et
1287 1961 1559 2023 effectus
1599 1962 1718 2023 sub
1757 1980 1912 2043 prae-

414 2058 838 2121 destinatione
877 2045 1374 2141 comprehensus
1418 2079 1492 2120 ac
1537 2060 1786 2122 cadens,

493 2155 733 2218 Deinde
775 2156 1108 2238 subjungit
1140 2175 1153 2218 :
1187 2157 1481 2238 Magister
1519 2176 1670 2221 vero
1709 2158 1774 2219 in
1817 2157 1913 2219 lit-

416 2262 550 2316 tera
589 2254 827 2316 sentire
857 2255 1130 2328 videtur,
1166 2256 1336 2337 quod
1365 2256 1626 2319 omnino
1660 2255 1910 2318 nullum

416 2353 496 2414 sit
523 2353 832 2415 meritum
873 2353 1445 2435 praedestinationis
1480 2361 1588 2416 aut
1619 2354 1914 2436 reproba-

415 2451 630 2525 tioniS‚
663 2460 728 2514 et
767 2452 1064 2514 innititur
1102 2452 1586 2516 auctoritatibus
1626 2453 1910 2534 Apostoli

413 2558 474 2612 ct
519 2550 882 2630 Augustini.
936 2551 1111 2625 Quod
1160 2569 1311 2614 vero
1358 2551 1752 2632 Augustinus
1800 2551 1910 2612 ali-

413 2648 564 2711 cubi
613 2649 724 2723 ait,
769 2649 1389 2731 praedestinationem
1437 2651 1514 2712 de
1563 2651 1914 2714 occultissi-

415 2749 538 2810 mis
583 2747 824 2810 meritis
855 2748 1095 2820 venire,
1130 2749 1411 2812 insinuat
1447 2749 1528 2811 ab
1559 2749 1915 2830 Augustino

414 2853 825 2908 retractatum
870 2845 934 2907 in
975 2846 1193 2908 simili.
1231 2883 1304 2893 -
1338 2848 1566 2910 Contra
1601 2849 1768 2930 quod
1807 2847 1916 2910 ob-

413 2943 557 3023 jicit
595 2943 856 3025 quidam
886 2943 1126 3018 doctor,
1161 2945 1310 3026 quia
1345 2965 1537 3028 super
1565 2946 1915 3028 Epistolam

2021 1958 2238 2020 nitatis
2279 1959 2511 2022 divinae
2545 1977 2559 2022 ε
2591 1970 2655 2023 et
2695 1980 2843 2042 ergo
2884 1981 3011 2026 non
3051 1970 3147 2026 est
3190 1961 3399 2024 simile
3439 1962 3517 2023 de

2021 2054 2405 2118 differentiis
2446 2076 2657 2120 rerum
2699 2060 2765 2122 in
2806 2079 2945 2123 esse
2984 2061 3257 2122 naturali
3292 2067 3355 2122 et
3385 2077 3517 2120 mo-

2021 2156 2156 2218 rali.
2190 2191 2271 2201 —
2307 2157 2486 2230 Item,
2534 2158 2612 2219 ad
2656 2157 3235 2222 manifestationem
3282 2158 3517 2220 divinae

2017 2254 2282 2334 justitiae
2312 2255 2639 2318 sufficeret
2670 2257 2991 2320 damnatio
3021 2258 3402 2321 daemonum.
3436 2289 3520 2301 -

2021 2353 2282 2427 RursuS,
2323 2370 2445 2415 non
2488 2364 2751 2436 apparet
2789 2356 2958 2437 quod
3000 2356 3164 2418 Deus
3206 2374 3284 2417 ex
3314 2355 3518 2416 inten-

2023 2451 2193 2513 tione
2225 2451 2369 2514 fieri
2401 2452 2563 2514 sinat
2598 2461 2855 2535 peccata
2885 2461 2955 2515 ut
2988 2453 3211 2536 puniat
3239 2471 3313 2514 ea
3336 2470 3351 2514 z
3372 2469 3522 2534 quo-

2024 2549 2193 2611 niam
2246 2568 2373 2612 non
2422 2551 2675 2612 videtur
2721 2552 2891 2633 quod
2942 2569 3055 2634 per
3098 2551 3519 2613 intentionem

2023 2647 2404 2730 cujusquam
2434 2649 2561 2710 sint
2592 2649 2735 2730 plus
2768 2649 3193 2730 permittenda
3220 2649 3366 2711 fieri
3397 2667 3522 2710 ma-

2024 2747 2081 2807 la
2110 2765 2303 2827 quam
2335 2746 2963 2828 facienda,quoniam
2995 2747 3245 2809 nullum
3278 2747 3519 2808 malum

2024 2844 2229 2926 culpae
2261 2844 2363 2907 vel
2402 2863 2607 2926 poenae
2648 2852 2851 2927 potest
2893 2864 3032 2908 esse
3074 2864 3187 2928 per
3217 2865 3283 2908 36
3316 2846 3521 2908 inten-

2026 2951 2160 3004 tum
2194 2943 2260 3004 in
2291 2951 2600 3025 quantum
2636 2944 2893 3006 malum.
2917 2981 2997 2989 —
3024 2945 3149 3007 Nec
3181 2953 3277 3008 est
3308 2945 3519 3007 simile

418 3042 496 3103 ad
545 3042 859 3104 Romanos
911 3042 1169 3125 scripsit
1216 3043 1606 3125 Augustinus
1662 3045 1914 3127 quando
1951 3046 1994 3110 C
2025 3042 2102 3103 de
2135 3041 2398 3103 materia
2428 3043 2599 3104 nuda
2628 3050 2691 3105 et
2719 3042 2797 3106 de
2827 3043 3096 3107 diversis
3127 3043 3516 3127 suppositis:

416 3140 542 3204 fuit
573 3140 924 3223 presbyter,
945 3142 1230 3203 nondum
1261 3142 1642 3224 episcopus3
1676 3144 1912 3206 librum

418 3259 571 3303 vero
608 3239 900 3301 Lxxxllt
942 3239 1395 3314 Quaestionum,
1431 3242 1496 3302 in
1540 3259 1667 3323 quo
1705 3249 1916 3305 aucto—

421 3340 570 3401 ritas
617 3338 728 3399 illa
775 3337 1066 3411 habetur,
1097 3338 1252 3400 fecit
1295 3338 1430 3419 jam
1479 3340 1707 3421 praesul
1759 3341 1913 3404 effe-

419 3444 578 3499 ctuS.
607 3435 772 3517 Ergo
803 3454 930 3499 non
960 3436 1214 3498 videtur
1242 3437 1411 3518 quod
1441 3446 1774 3500 retractato
1805 3439 1916 3501 illo

418 3534 615 3598 verbo
664 3534 810 3597 libri
861 3534 1117 3616 prioriS,
1161 3542 1454 3597 retractet
1501 3536 1714 3618 aliqua
1766 3537 1916 3599 libri

419 3633 791 3717 posterioris
851 3651 865 3694 ε
923 3633 1223 3714 quoniam
1283 3642 1619 3697 retractare
1675 3636 1914 3697 dictum

424 3733 602 3815 prius
645 3732 900 3814 quando
951 3732 1164 3794 minus
1209 3731 1470 3807 sciebat,
1513 3751 1639 3795 non
1683 3742 1780 3795 est
1828 3752 1920 3795 re-

427 3838 692 3892 tractare
731 3830 975 3891 dictum
1017 3830 1331 3911 prolatum
1372 3832 1688 3912 posterius
1721 3852 1918 3913 quan-

425 3930 504 3991 do
537 3927 684 4009 plus
713 3928 920 3989 scivit.
956 3927 1075 3989 Sed
1109 3928 1276 3989 istud
1316 3938 1762 4008 argumentum
1793 3948 1919 3993 non

426 4026 594 4107 cogit
627 4042 642 4087 ε
677 4026 980 4107 quoniam
1025 4025 1172 4087 licet
1213 4026 1390 4108 prius
1430 4026 1684 4108 scripsit
1719 4047 1919 4090 unum

428 4124 666 4186 librum
722 4142 914 4204 quam
974 4123 1194 4198 alium,
1247 4124 1441 4185 simul
1501 4131 1712 4186 tamen
1770 4126 1919 4188 fecit

2027 3140 2176 3223 quia
2226 3140 2292 3202 in
2340 3141 2603 3203 materia
2646 3142 2997 3204 secundum
3040 3162 3107 3205 36
3147 3161 3273 3205 non
3314 3150 3523 3224 potest

2023 3260 2162 3302 6336
2193 3240 2528 3321 dispositio
2558 3240 2751 3313 varia,
2780 3242 2889 3303 sed
2923 3242 2987 3302 in
3019 3241 3387 3304 hominibus
3418 3260 3523 3324 po-

2026 3347 2146 3400 tcst
2186 3358 2261 3400 ex
2302 3338 2592 3401 libertate
2629 3338 2895 3400 arbitrii.
2929 3374 3011 3385 —
3038 3339 3213 3412 Quod
3252 3358 3403 3403 vero
3433 3340 3522 3402 ait

2025 3437 2385 3518 Apostolus,
2419 3437 2616 3510 Quam
2657 3436 3331 3519 incomprehensibilia
3371 3446 3521 3500 sunt
3548 3454 3813 3503 nemun-,aa

2023 3534 2268 3615 judicia
2305 3535 2447 3596 Dei!
2492 3542 2573 3609 et,
2607 3536 2702 3597 An
2743 3552 2869 3597 non
2913 3535 3105 3597 habet
3142 3543 3518 3617 potestatem
3547 3551 3814 3604 maman.

2028 3633 2307 3713 figulus?
2345 3652 2418 3694 ac
2463 3632 2823 3695 consimilia
2867 3651 2881 3695 :
2922 3633 3083 3695 dicit
3128 3634 3246 3695 iste
3296 3653 3519 3696 secun-

2027 3731 2183 3793 dum
2218 3731 2524 3805 Glossam‚
2558 3731 2677 3793 hoc
2712 3749 2839 3793 non
2878 3731 3114 3794 dixisse
3144 3732 3520 3814 Apostolum

2029 3850 2106 3893 ex
2139 3830 2353 3910 inopia
2390 3829 2653 3891 rationis
2684 3830 3037 3903 reddendae‚
3070 3831 3179 3892 sed
3219 3832 3295 3893 ad
3327 3830 3523 3913 repri-

2033 3928 2337 3990 mendum
2381 3926 2861 4008 inquisitionem
2902 3927 3289 4009 culpabile-m
3329 3937 3524 3991 teme-

2031 4026 2235 4089 ritatis
2279 4027 2590 4088 humanae.

2111 4127 2234 4187 Iste
2282 4143 2431 4206 ergo
2480 4124 2862 4206 positionem
2922 4123 3379 4205 praeinductam
3434 4126 3527 4189 sic

426 4222 664 4283 librum
720 4220 1254 4283 Retractationum
1283 4240 1300 4301 3
1363 4229 1641 4305 tuncque
1701 4224 1924 4287 habuit
1953 4231 2002 4293 D
2033 4224 2401 4305 reprobanS,
2436 4222 2591 4284 dicit
2629 4222 2831 4297 aliter,
2864 4230 2927 4283 et
2966 4223 3058 4284 sic
3092 4240 3107 4284 ε
3141 4224 3334 4286 Actus
3375 4224 3532 4286 divi-

425 4321 647 4383 ambos
698 4320 893 4383 libros
943 4320 1084 4383 illos
1133 4320 1356 4394 editos,
1398 4328 1461 4382 et
1507 4322 1711 4403 potuit
1756 4322 1924 4385 dicta

427 4418 490 4480 in
535 4436 662 4480 uno
704 4417 868 4480 libro
907 4426 1243 4481 retractare
1285 4418 1348 4479 in
1389 4418 1530 4480 aliis
1571 4420 1706 4481 sive
1747 4421 1924 4501 prius

427 4517 560 4579 sive
601 4517 918 4599 posterius
957 4516 1164 4578 editis.
1199 4516 1374 4579 Unde
1409 4524 1468 4577 et
1512 4517 1722 4597 primo
1762 4517 1925 4580 libro

425 4615 988 4688 Retractationum,
1032 4614 1312 4695 capitulo
1365 4614 1552 4676 tertio
1599 4616 1687 4676 ait
1735 4632 1749 4676 ε
1799 4615 1926 4678 Nec

426 4714 680 4776 assidue
724 4713 1142 4795 repetendum
1184 4721 1276 4775 est
1321 4713 1489 4794 quod
1533 4713 1729 4775 semel
1779 4714 1925 4776 inde

428 4813 580 4875 dixi.

505 4910 800 4992 Amplius
859 4909 1116 4983 dicitur,
1179 4910 1347 4990 quod
1407 4910 1572 4972 Deus
1630 4918 1928 4992 operatur

430 5010 597 5071 circa
648 5016 968 5069 creaturas
1018 5008 1152 5070 solo
1202 5007 1602 5088 beneplacito
1647 5009 1928 5071 volunta-

432 5108 534 5179 tis,
578 5114 646 5167 ut
697 5105 842 5167 inde
891 5122 1020 5167 non
1074 5105 1157 5166 sit
1202 5105 1326 5167 alia
1375 5106 1532 5168 ratio
1584 5115 1694 5168 aut
1742 5125 1932 5169 causa

432 5205 702 5287 petenda
737 5220 750 5265 :
787 5204 876 5265 ita
913 5211 1147 5278 tamen,
1183 5204 1352 5286 quod
1396 5205 1596 5286 possit
1637 5205 1796 5268 ratio
1839 5224 1932 5268 as-

433 5302 670 5384 signari
715 5320 830 5365 cur
867 5302 1177 5383 quosdam
1220 5301 1413 5383 elegit
1451 5310 1515 5363 et
1563 5321 1688 5366 non
1737 5303 1929 5384 alios3

2034 4342 2154 4384 nus
2195 4328 2399 4403 potest
2444 4321 2788 4402 dupliciter
2829 4321 3214 4384 considerari
3250 4339 3263 4384 :
3298 4322 3526 4405 primo,

2035 4429 2104 4483 ut.
2143 4429 2237 4483 est
2279 4440 2316 4481 a
2355 4421 2483 4482 Deo
2520 4426 2781 4500 agente3
2814 4421 3114 4495 secundo,
3150 4428 3337 4504 prout
3370 4421 3529 4484 reci-

2034 4520 2209 4602 pitur
2253 4518 2315 4580 in
2358 4518 2617 4599 aliquod
2656 4537 2936 4599 passum,
2970 4538 3082 4581 seu
3124 4527 3194 4581 ut
3234 4519 3531 4582 termina-

2037 4626 2138 4679 tur
2195 4617 2273 4678 ad
2340 4616 2600 4699 aliquod
2664 4616 3008 4697 objectum.
3073 4618 3282 4679 Primo
3343 4619 3531 4680 modo

2036 4716 2211 4777 nulla
2258 4723 2353 4777 est
2398 4715 2558 4777 ratio
2599 4715 2866 4778 actionis
2917 4716 3168 4790 divinae,
3203 4736 3409 4799 neque
3460 4726 3531 4779 ut

2035 4814 2212 4888 sinis,
2246 4814 2369 4875 nisi
2409 4814 2657 4876 bonitas
2688 4831 2836 4892 sua;
2870 4832 3076 4895 neque
3108 4821 3177 4874 ut
3208 4814 3526 4891 efficienS,

2037 4911 2161 4973 nisi
2212 4910 2502 4973 voluntas
2551 4930 2682 4972 sua.
2737 4911 3027 4973 Secundo
3078 4910 3265 4972 modo
3322 4918 3530 4992 potest

2037 5008 2199 5071 ratio
2226 5008 2553 5089 assignari,
2584 5016 2841 5089 propter
2871 5026 3063 5090 quam
3096 5007 3340 5069 scilicet
3370 5008 3528 5071 illud

2037 5126 2150 5169 ens
2202 5107 2371 5169 circa
2420 5106 2587 5188 quod
2640 5114 2736 5167 est
2781 5104 2967 5179 acti0,
3023 5112 3093 5167 ut
3142 5113 3237 5167 est
3288 5124 3399 5167 ens
3449 5107 3529 5168 ad

2039 5204 2263 5279 finem,
2297 5204 2589 5285 congruit
2620 5203 2757 5265 fini.
2790 5238 2869 5248 -
2899 5204 2977 5265 Et
3006 5204 3174 5286 quod
3204 5203 3419 5285 aliqua
3448 5203 3529 5266 sit

2043 5304 2203 5366 ratio
2235 5303 2378 5365 talis
2418 5321 2494 5365 ex
2527 5310 2703 5384 parte
2742 5302 2907 5365 entis
2947 5303 3024 5364 ad
3063 5302 3291 5378 finem,
3324 5310 3528 5366 osten-
