4359 6250
605 517 903 572 QUALITER
944 521 1139 567 OMNIA
1181 520 1316 566 SINT
1357 519 1420 565 IN
1463 519 1580 566 ΒΕΘ
1623 519 1941 566 inflamma
1981 520 2180 576 ATQUE
2224 521 2615 581 CAUSALITER,
2658 524 2731 569 m·
2772 523 2917 580 Qun)
2960 525 3053 570 SIT
3094 523 3238 569 IDEA

3357 502 3478 570 405

379 684 590 768 primo
632 689 848 754 'rimaei
893 709 907 754 ε
952 691 1131 754 Certe
1175 690 1443 754 dubium
1487 709 1614 753 non
1658 698 1751 752 est
1793 691 1870 753 ad
1901 691 1952 755 Α
1979 700 2147 754 esset
2191 693 2377 755 realis
2426 693 2647 757 relatio
2696 693 2997 757 idealium
3048 693 3365 756 rationum
3414 700 3479 756 et

380 787 736 867 cujusmodi
761 790 1128 872 exemplum
1155 789 1670 853 animadverterit
1696 809 1874 851 mun-

379 885 524 948 dani
555 887 766 969 operis
800 888 1218 952 fundamenta
1251 887 1645 951 constituens
1679 887 1868 962 DeuS,

378 992 592 1048 utrum
639 987 714 1048 ad
761 987 1166 1050 immutabile
1214 993 1716 1069 perpetuamque
1762 986 1872 1048 ob-

377 1083 586 1147 tinens
615 1087 1186 1168 proprietatem,an
1213 1087 1290 1149 ad
1316 1086 1556 1148 sactum
1581 1094 1643 1147 et
1667 1085 1872 1148 elabo-

379 1191 604 1246 ratum.
645 1185 798 1247 Nam
840 1185 894 1248 si
935 1187 1035 1268 (ut
1067 1186 1327 1268 quidem
1364 1185 1488 1264 est)
1526 1184 1872 1266 pulchritu-

378 1283 524 1346 dine
557 1284 1046 1366 incomparabili
1079 1285 1356 1347 mundus
1387 1290 1504 1358 est,
1527 1282 1872 1366 opifexque

377 1388 437 1444 et
466 1380 808 1446 fabricator
835 1383 977 1463 ejus
1007 1392 1100 1446 est
1130 1385 1432 1464 optimuS,
1457 1380 1868 1464 perspicuum

376 1480 452 1542 fit
491 1482 660 1563 quod
700 1481 884 1562 juxta
926 1483 1188 1546 sincerae
1229 1491 1418 1564 atque
1458 1482 1873 1544 incommuta-

379 1580 524 1642 bilis
555 1582 962 1662 proprietatis
992 1582 1380 1664 exemplum,
1416 1580 1636 1643 mundi
1667 1580 1750 1642 sit
1782 1579 1873 1640 in-

379 1678 594 1741 stituta
641 1679 907 1743 molitio.
961 1680 1316 1743 Avicebron
1366 1697 1620 1762 quoque
1672 1678 1870 1741 Plato-

381 1779 558 1841 nicus
598 1778 666 1840 in
707 1779 873 1843 libro
907 1780 1123 1843 Fontis
1157 1779 1302 1842 vitae
1341 1778 1596 1852 fatetur,
1629 1777 1870 1839 Patrem

1979 791 2058 851 ad
2105 792 2377 872 cognita,
2424 800 2486 854 et
2529 811 2643 874 per
2686 811 3081 874 consequens
3126 792 3312 854 realis
3353 791 3479 854 dis-

1980 887 2209 951 tinctio
2256 909 2476 952 earum
2519 890 2600 952 ab
2646 890 2943 953 invicem.
2986 891 3311 964 Praeterea,
3354 909 3480 972 qua

1981 987 2225 1050 ratione
2256 997 2469 1051 essent
2500 990 2564 1051 in
2595 990 2723 1051 Deo
2754 989 3099 1051 relationes
3122 996 3371 1051 aeternae
3400 990 3479 1050 ad

1982 1085 2197 1148 omnia
2237 1087 2509 1166 cognita,
2544 1087 2680 1169 pari
2720 1087 2963 1150 ratione
3001 1088 3079 1149 ad
3120 1086 3335 1148 omnia
3374 1104 3481 1148 vo-

1983 1183 2095 1246 lita
2139 1192 2207 1246 ut
2249 1186 2492 1248 volita:
2536 1193 2599 1248 et
2642 1193 2795 1248 tunc
2838 1186 2962 1250 illae
3006 1185 3341 1247 relationes
3382 1205 3478 1247 es-

1981 1291 2122 1345 sent
2164 1285 2386 1357 realeS,
2423 1284 2724 1366 quoniam
2766 1286 2931 1347 Deus
2972 1284 3149 1366 prius
3178 1284 3316 1346 vult
3354 1283 3478 1348 alia

1979 1400 2018 1444 a
2057 1401 2126 1444 se
2170 1403 2365 1465 quam
2410 1383 2718 1465 intelligat
2762 1403 2829 1446 se
2872 1384 3037 1446 velle
3078 1402 3171 1446 ea.

2063 1479 2245 1544 Circa
2266 1481 2450 1543 istam
2474 1481 2887 1563 quaestionem
2913 1482 3284 1552 notandum,
3307 1482 3477 1563 quod

1981 1579 2057 1640 ad
2117 1578 2616 1642 intelle-ctionem
2673 1579 2948 1661 alicujus
3006 1579 3128 1640 tria
3181 1579 3481 1642 videntur

1980 1695 2381 1749 concurrere,
2424 1677 2689 1753 scilicet,
2731 1678 3051 1758 objectum
3089 1677 3480 1760 cognoscibi-

1981 1775 2061 1850 le,
2110 1776 2248 1858 ipse
2290 1776 2675 1850 intellectuS‚
2720 1785 2783 1838 et
2826 1777 2985 1838 ratio
3029 1777 3473 1858 cognoscendi.

380 1877 822 1940 universorum
867 1879 1069 1940 Deum
1113 1877 1329 1940 omnia
1372 1877 1554 1957 juxta
1599 1875 1868 1938 verbum
1906 1873 1953 1936 B
1980 1873 2229 1936 Ponunt
2269 1891 2418 1955 ergo
2456 1873 2654 1956 aliqui
2700 1873 3035 1936 relationes
3078 1882 3342 1938 aeternas
3385 1893 3480 1936 es·

381 1976 546 2038 intus
586 1983 968 2058 conceptum
1001 1976 1226 2058 egisse.
1259 2011 1339 2021 -
1370 1977 1460 2037 Ex
1499 1974 1734 2057 quibus
1773 1992 1868 2036 os-

346 2075 678 2148 stenditur,
719 2076 920 2137 Deum
965 2075 1032 2136 in
1075 2093 1288 2136 rerum
1334 2073 1748 2156 productione
1791 2073 1868 2134 ad

382 2174 720 2236 increatam
771 2183 834 2236 et
881 2174 1243 2237 aeternalem
1293 2192 1507 2236 rerum
1561 2172 1870 2234 rationem

380 2273 992 2354 similitudinemque
1031 2272 1395 2354 prospicere
1425 2291 1440 2334 ε
1474 2290 1616 2352 quaa
1649 2268 1872 2332 simili-

383 2373 528 2436 tudo
565 2391 639 2434 ac
674 2371 835 2434 ratio
871 2379 966 2432 est
1001 2370 1218 2432 divina
1257 2369 1552 2442 essentia,
1587 2368 1870 2450 primum

379 2478 438 2533 et
479 2470 922 2532 immediatum
964 2468 1196 2532 divinae
1244 2468 1568 2550 objectum
1611 2466 1872 2549 cogniti-

380 2570 536 2643 onis,
577 2586 706 2631 non
751 2587 850 2630 res
893 2567 1190 2630 creabilis
1232 2574 1343 2628 aut
1383 2575 1609 2629 creata.

453 2751 530 2811 At
559 2766 712 2810 vero
741 2747 963 2810 Scotus
995 2753 1201 2809 movet
1235 2746 1397 2807 hanc
1429 2745 1865 2827 quaestionem,

377 2848 592 2910 Utrum
642 2847 710 2908 in
761 2845 886 2908 Deo
934 2845 1064 2907 sint
1111 2844 1446 2908 relationes
1495 2851 1743 2906 aeternae
1789 2842 1866 2903 ad

375 2948 582 3008 omnia
631 2944 884 3008 scibilia
931 2952 1001 3006 ut
1048 2942 1466 3026 quidditative
1514 2941 1780 3022 cognita.

1980 1991 2046 2034 se
2078 1972 2144 2034 in
2177 1973 2307 2035 Deo
2344 1973 2421 2034 ad
2458 1973 2583 2035 alia
2611 1981 2744 2036 a‘se
2783 1974 3033 2054 cognita
3072 1973 3349 2056 simplici
3383 1973 3476 2036 in-

1979 2071 2351 2150 telligentia,
2389 2079 2451 2133 et
2491 2073 2660 2154 quod
2701 2072 2827 2135 illae
2865 2072 3201 2134 relationes
3242 2071 3371 2134 sint
3411 2072 3477 2133 in

1979 2170 2198 2232 divina
2242 2170 2518 2234 essentia
2564 2178 2632 2232 ut
2679 2177 2775 2233 est
2822 2171 2985 2233 ratio
3031 2170 3474 2251 cognoscendi,

1981 2276 2241 2350 propter
2264 2269 2383 2330 hoc
2408 2269 2577 2350 quod
2610 2268 2770 2330 nihil
2798 2275 2894 2331 est
2920 2269 3078 2331 ratio
3105 2285 3481 2349 cognoscen-

1980 2367 2044 2429 di
2083 2367 2289 2449 plura,
2324 2374 2509 2448 prout
2552 2366 2711 2428 rat-io
2751 2366 2861 2428 illa
2896 2366 3341 2448 appropriatur
3368 2366 3479 2428 ali-

1979 2480 2105 2546 quo
2149 2463 2335 2525 modo
2374 2463 2501 2525 illis
2540 2463 2833 2545 pluribus
2872 2463 3141 2546 objectis
3182 2464 3469 2546 cognitis,

1980 2562 2152 2636 Quod
2196 2561 2387 2623 etiam
2429 2561 2867 2637 confirmatur,
2902 2563 3053 2645 quia
3092 2562 3368 2643 cognitio
3398 2563 3477 2625 fit

1980 2679 2093 2742 per
2151 2660 2361 2722 simile
2415 2679 2429 2722 :
2481 2678 2631 2741 ergo
2686 2661 2995 2724 rationem
3054 2660 3474 2742 cognoscendi

1978 2765 2227 2840 oportet
2283 2757 2516 2820 habere
2572 2758 2853 2840 aliquam
2912 2758 3233 2842 propriam
3292 2759 3475 2822 ratio:-

1977 2875 2126 2918 nem
2181 2856 2626 2919 similitudinis
2679 2858 2756 2918 ad
2812 2857 3157 2937 cognitum.
3215 2857 3475 2939 Propter

1977 2954 2166 3016 istam
2210 2955 2803 3018 determinationem
2847 2963 2911 3018 et
2950 2955 3473 3018 assimilationem

454 3046 718 3108 Videtur
755 3043 925 3126 quod
965 3042 1058 3105 sic
1100 3059 1115 3104 ε
1159 3043 1309 3125 quia
1347 3041 1699 3103 secundum
1743 3041 1866 3102 Au·
1899 3049 1942 3112 C
1978 3053 2243 3116 rationis
2284 3053 2704 3135 cognoscendi
2736 3054 2815 3114 ad
2846 3052 3193 3136 objectum,
3226 3071 3472 3136 ponun-

376 3143 722 3225 gustinum,
783 3141 940 3203 ideae
997 3147 1147 3202 sunt
1213 3139 1434 3202 formae
1491 3146 1740 3201 aeternae
1800 3138 1865 3200 in

381 3250 584 3305 mente
625 3240 844 3303 divina
885 3260 900 3303 ε
947 3247 1009 3302 et
1047 3257 1172 3302 non
1213 3237 1540 3311 absolutae,
1583 3254 1733 3317 ergo
1771 3256 1865 3298 re-

378 3340 708 3423 spectivae;
740 3346 805 3399 et
833 3355 960 3400 non
994 3337 1119 3400 nisi
1149 3337 1226 3399 ad
1257 3337 1381 3399 alia
1410 3355 1447 3398 a
1477 3355 1543 3398 se
1577 3344 1644 3397 ut
1683 3336 1864 3416 quid-

377 3440 630 3503 ditative
681 3436 932 3519 cognita
986 3454 999 3497 ε
1053 3454 1200 3517 ergo
1249 3435 1727 3515 distinguuntur
1774 3455 1867 3497 se-

379 3539 652 3603 cundum
686 3534 1163 3597 distinctionem
1195 3534 1472 3596 illorum.
1506 3534 1686 3607 Item,
1719 3534 1864 3595 Avi-

379 3656 572 3701 cenna
620 3643 844 3699 octavo
891 3633 1332 3715 Me'taphysicae
1389 3652 1518 3695 suae
1576 3632 1864 3694 concedit

378 3736 438 3798 in
465 3736 592 3798 Deo
629 3752 772 3797 esse
803 3731 1175 3794 relationem
1207 3731 1318 3792 Dei
1351 3737 1419 3791 ut
1452 3730 1864 3811 intelligentis

373 3838 446 3897 ad
476 3835 716 3898 formas
747 3832 1118 3895 intellectas.
1144 3831 1467 3905 Praeterea,
1493 3830 1658 3893 Deus
1689 3831 1864 3893 novit

372 3934 664 3996 distincte
703 3930 827 3993 alia
860 3949 896 3991 a
931 3948 1020 4003 se,
1057 3937 1121 3991 et
1157 3947 1284 3991 non
1325 3928 1448 3991 nisi
1491 3947 1604 4011 per
1643 3929 1864 3991 distin-

373 4040 498 4095 ctas
526 4030 804 4093 rationes
837 4027 1281 4109 cognoscendi,
1314 4034 1378 4089 et
1408 4026 1532 4089 illae
1563 4046 1688 4091 non
1722 4046 1864 4109 pos-

372 4136 513 4192 sunt
569 4146 710 4191 esse
769 4126 1092 4189 absolutas.
1140 4125 1454 4207 AmpliuS,
1511 4126 1862 4187 secundum

1973 3160 2080 3214 tur
2137 3153 2473 3215 relationes
2531 3160 2781 3216 aeternae
2839 3161 3142 3233 tanquam
3199 3152 3473 3217 rationes

1974 3252 2470 3314 determinantes
2502 3252 2843 3313 essent-iam
2874 3259 2946 3313 ut
2974 3260 3070 3313 est
3100 3252 3260 3314 ratio
3290 3251 3474 3314 intel÷

1975 3349 2237 3429 ligendi,
2289 3357 2353 3410 et
2401 3356 2472 3411 ut
2521 3348 2659 3431 ipsa
2706 3349 2981 3412 essentia
3038 3349 3119 3411 sit
3176 3348 3475 3411 distincte

1975 3447 2207 3510 similis
2256 3447 2526 3529 objectis
2582 3448 2872 3529 cognitis.
2926 3484 3008 3494 —
3053 3448 3177 3510 Alii
3226 3448 3468 3522 dicunt,

1975 3548 2145 3628 quod
2192 3545 2531 3607 relationes
2576 3545 2701 3607 illae
2744 3553 2893 3607 sunt
2934 3546 3000 3608 in
3042 3546 3317 3608 essentia
3360 3546 3472 3609 Dei

1975 3652 2044 3706 ut
2083 3651 2178 3707 est
2216 3644 2541 3726 objectum
2582 3644 2930 3724 cognitum,
2963 3644 3133 3724 quod
3172 3643 3470 3725 intelligi-

1973 3751 2078 3806 tur
2107 3743 2371 3806 omnino
2402 3742 2610 3824 prima
2641 3741 3069 3804 intellectione
3114 3749 3184 3803 ut
3214 3742 3468 3823 penitus

1974 3841 2441 3904 indistinctum.
2477 3841 2711 3901 Verum
2760 3840 2837 3901 ad
2882 3839 3001 3901 hoc
3048 3847 3119 3901 ut
3161 3840 3469 3921 intelliga-

1973 3949 2077 4002 tur
2119 3958 2235 4021 per
2273 3958 2412 4001 eam
2458 3945 2767 4011 creatura,
2813 3936 3171 4000 intellectus
3210 3938 3467 4000 divinus

1976 4045 2301 4120 comparat
2342 4036 2545 4119 ipsam
2596 4034 2938 4098 essentiam
2994 4035 3203 4117 primo
3253 4036 3467 4116 cogni-

1975 4145 2125 4209 tam,
2151 4136 2230 4198 ad
2267 4142 2618 4198 creaturam
2661 4133 2781 4195 sub
2818 4132 3061 4195 ratione
3093 4132 3462 4196 imitabilis:

372 4228 816 4309 Augustinum,
848 4223 1064 4287 Omnia
1093 4224 1157 4286 in
1189 4225 1314 4287 Deo
1345 4233 1490 4287 sunt
1522 4225 1652 4287 Vita
1687 4246 1700 4289 :
1735 4244 1862 4289 non
1893 4236 1943 4297 D
1973 4235 2196 4316 sieque
2237 4233 2649 4313 intelligendo
2695 4231 3035 4295 essentiam
3080 4239 3151 4292 ut
3193 4230 3469 4295 imitabi-

371 4326 497 4388 vita
551 4333 784 4398 creata,
836 4324 946 4385 sed
1006 4322 1294 4386 creatrix.
1348 4324 1522 4397 Quod
1582 4342 1708 4386 non
1767 4332 1864 4387 est

373 4443 591 4487 verum
625 4422 944 4504 loquendo
987 4423 1065 4483 de
1104 4421 1374 4501 objectis
1414 4422 1766 4485 formaliter
1796 4424 1861 4485 in

375 4542 461 4596 se,
493 4539 642 4603 ergo
673 4521 751 4583 de
783 4520 1134 4583 rationibus
1168 4519 1322 4601 ipsis
1352 4520 1748 4585 formalibus.
1783 4559 1865 4568 —

377 4620 592 4683 Contra
638 4636 654 4681 :
699 4626 880 4681 actus
923 4626 1130 4681 rectus
1173 4627 1270 4682 est
1311 4627 1456 4682 ant-e
1502 4628 1714 4682 actum
1768 4642 1863 4684 re-

373 4718 630 4793 flexum,
692 4734 844 4798 ergo
910 4717 1075 4779 Deus
1142 4718 1322 4799 prius
1381 4718 1678 4800 intelligit
1739 4721 1864 4783 alia

375 4837 557 4899 quam
600 4816 916 4897 intelligat
953 4835 1020 4878 se
1062 4816 1416 4897 intelligere
1451 4836 1464 4880 :
1503 4836 1651 4898 ergo
1691 4820 1744 4881 si
1785 4820 1865 4881 is-

373 4923 448 4978 tae
490 4915 826 4978 relationes
868 4920 1080 4977 essent
1122 4914 1186 4976 in
1231 4915 1380 4988 De0,
1426 4924 1638 4978 essent
1681 4916 1744 4979 in
1789 4935 1864 4980 eo

373 5032 446 5073 ex
489 5020 712 5073 natura
755 5010 871 5084 rei,
913 5018 975 5073 et
1024 5028 1148 5073 non
1202 5028 1316 5093 per
1361 5019 1574 5074 actum
1624 5014 1864 5076 intelle-

376 5119 510 5171 ctus
578 5110 1038 5172 considerant-is
1104 5109 1277 5172 illam
1341 5111 1858 5175 intellectionem.

377 5207 546 5279 Quod
591 5217 804 5270 autem
848 5208 915 5269 in
958 5208 1088 5271 Deo
1127 5217 1220 5271 est
1269 5226 1346 5271 ex
1396 5218 1621 5272 natura
1665 5211 1754 5273 rei
1802 5218 1865 5273 et

379 5323 502 5368 non
535 5314 605 5368 ut
637 5306 982 5387 cognitum,
1015 5315 1109 5369 est
1141 5308 1308 5369 reale
1342 5326 1356 5371 :
1391 5309 1611 5391 sicque
1642 5309 1705 5371 in
1738 5311 1866 5372 Deo

1976 4333 2123 4403 lem,
2169 4331 2468 4413 intelligit
2518 4338 2871 4393 creaturam
2925 4348 3039 4412 per
3088 4330 3245 4392 illud
3292 4330 3467 4413 obje-

1974 4438 2147 4491 ctum
2203 4430 2483 4511 primum
2534 4427 2653 4491 sub
2698 4428 2807 4490 tali
2859 4427 3163 4490 relatione
3205 4428 3467 4492 rationis

1973 4528 2066 4591 sic
2110 4528 2599 4589 consideratum.
2647 4562 2725 4572 —
2767 4526 2874 4589 Est
2918 4534 2980 4588 et
3022 4527 3209 4589 tertia
3246 4526 3467 4609 opinio

1973 4645 2217 4709 ponens
2260 4626 2384 4688 alia
2424 4626 2732 4707 quaedam.

2053 4725 2243 4788 Porro
2282 4729 2500 4786 contra
2538 4721 3012 4784 conclusionem
3052 4722 3115 4784 in
3152 4742 3278 4804 qua
3316 4740 3465 4785 con-

1975 4825 2255 4893 cordant,
2288 4821 2585 4883 videlicet
2620 4820 2787 4900 quod
2832 4818 2955 4881 illae
2995 4820 3329 4883 relationes
3370 4841 3465 4883 ra-

1973 4920 2164 4982 tionis
2205 4927 2355 4981 sunt
2393 4917 2751 4980 necessario
2785 4916 3093 4998 ponendae
3130 4923 3199 4976 ut
3228 4926 3466 4979 creatu-

1973 5038 2058 5081 τω
2100 5017 2398 5080 distincte
2445 5016 2879 5095 intelligantur
2918 5034 2955 5077 a
2996 5014 3143 5088 Deo,
3180 5015 3467 5094 arguitur

1975 5115 2183 5197 primo
2214 5116 2305 5177 sic
2326 5113 2649 5177 :Rationes
2681 5112 2805 5175 illae
2836 5120 2982 5175 sunt
3006 5111 3466 5193 cognoscibiles

1972 5213 2052 5275 ab
2097 5214 2423 5275 intellectu
2469 5211 2706 5283 divin0‚
2754 5229 2968 5291 quaero
3008 5229 3158 5293 ergo
3200 5231 3327 5293 qua
3370 5232 3465 5275 ra-

1974 5311 2146 5374 tione
2192 5307 2630 5391 cognoscendi.
2676 5307 2738 5369 Si
2782 5306 2923 5369 aliis
2965 5310 3317 5374 rationibus
3360 5311 3468 5375 de-
