4359 6250
1354 522 1528 567 unnn
1570 522 1592 567 1
1633 522 2114 569 sauram-unum.
2159 542 2242 553 —
2283 526 2435 571 msr.
2481 525 2635 570 xxm
3423 500 3541 564 149

441 684 824 749 charismata
875 690 1244 768 gratiarum,
1298 710 1410 771 per
1459 691 1938 774 contemplatio·
1968 692 2018 754 A
2051 700 2118 753 ut
2163 701 2331 764 sunt,
2375 694 2490 767 Qui
2534 702 2650 767 est,
2693 702 2755 755 et
2794 712 3025 756 nomen
3070 700 3538 773 tetragramma-

443 803 592 845 nem
625 785 776 847 doni
817 788 1164 869 sapientiae,
1201 810 1314 871 per
1343 797 1595 871 raptum
1628 800 1690 851 et
1723 792 1938 873 mysti-
2048 800 2178 859 ton,
2241 800 2429 874 atque
2488 792 2749 865 Adonai,
2814 811 2953 872 quae
3012 793 3184 853 omni
3248 799 3537 873 respectu

445 900 534 945 cae
567 883 896 967 theologiae
927 886 1260 961 visionem,
1288 906 1626 969 possumus
1657 891 1939 970 quotidie
2049 892 2126 953 ad
2168 899 2520 953 creaturam
2562 892 2832 963 secluso,
2868 898 3241 971 competunt
3285 890 3428 953 Deo.
3465 891 3541 952 Et

169 1000 248 1053 cs.
289 1004 414 1042 tom.
447 981 898 1065 propinquare,
943 990 1130 1066 prout
1173 986 1296 1047 hoc
1337 1005 1528 1067 supra
1572 987 1803 1049 clarius
1845 996 1940 1052 est
2049 988 2309 1070 praefata
2350 989 2827 1071 perfectionalia
2868 989 3203 1070 praedicata
3236 1007 3363 1051 non
3394 1008 3539 1052 con-

115 1061 419 1175 {fffflssf'c
445 1100 840 1162 expressum.
2049 1087 2315 1149 veniunt
2340 1088 2644 1149 creaturis
2676 1088 2799 1149 nisi
2830 1106 2907 1147 ex
2936 1086 3329 1168 aliquantula
3358 1088 3542 1169 parti-

215 1165 230 1175 ’
531 1180 618 1241 Ex
668 1180 856 1242 dictis
913 1182 1106 1244 etiam
1167 1183 1506 1245 innotescit
1560 1183 1637 1245 ad
1691 1184 1942 1266 objecta
2049 1185 2365 1267 cipatione
2404 1193 2467 1247 et
2510 1185 2863 1247 imitatione
2902 1184 3183 1247 veritatis
3226 1192 3289 1247 et
3326 1204 3537 1248 essen-

445 1278 695 1341 solutio.
2047 1285 2150 1347 tiae
2180 1304 2306 1365 qua
2342 1293 2489 1346 sunt
2525 1284 2589 1345 in
2625 1285 2773 1357 Deo,
2794 1292 2863 1345 ut
2892 1284 3083 1345 etiam
3114 1284 3173 1345 S.
3200 1283 3535 1366 Dionysius
3603 1301 3663 1345 ne
3684 1301 3823 1346 osvin.

3560 1378 3827 1420 nom.cap.v.

163 2081 234 2124 ne
255 2081 414 2125 Divin-

117 2158 246 2187 κιαι.
277 2159 384 2201 cap.

525 1377 818 1460 Amplius
849 1380 1019 1441 circa
1048 1380 1182 1442 haec
1213 1381 1436 1462 quaerit
1467 1382 1838 1454 Alexander,
1858 1402 1937 1444 an

445 1477 612 1539 Deus
643 1476 725 1539 sit
754 1497 791 1540 a
821 1478 1004 1540 nobis
1037 1479 1445 1541 nominabilis
1476 1480 1613 1542 sine
1646 1489 1937 1562 respectu

444 1582 508 1636 et
557 1578 1031 1657 comparatione
1089 1577 1167 1638 ad
1219 1585 1590 1640 creaturam.
1644 1578 1722 1639 Et
1767 1586 1940 1641 tenet

445 1674 614 1755 quod
664 1692 814 1748 non,
860 1676 1212 1756 praesertim
1251 1684 1559 1757 quantum
1610 1677 1685 1739 ad
1736 1677 1939 1739 homi-

443 1790 594 1832 nem
626 1772 1062 1834 nominantem
1089 1793 1103 1836 :
1132 1780 1195 1834 et
1225 1774 1302 1835 ad
1334 1773 1452 1835 hoc
1483 1774 1742 1835 adducit
1769 1793 1936 1855 quae-

2046 1382 2443 1464 apertissime
2474 1383 2675 1445 docet.
2711 1383 2829 1444 Sed
2862 1390 2924 1444 et
2954 1382 3377 1445 Damascenus
3409 1383 3534 1464 pri-

2049 1499 2153 1544 mo
2191 1480 2357 1543 libro
2395 1480 2647 1554 fatetur,
2681 1482 2849 1561 quod
2892 1480 3232 1561 paternitas
3271 1488 3335 1542 et
3372 1479 3534 1543 filia-

2047 1579 2136 1641 tio
2195 1599 2309 1660 per
2366 1580 2543 1661 prius
2601 1587 2664 1641 et
2722 1579 3107 1641 eminentius
3167 1587 3537 1661 competunt

2049 1677 2176 1739 Deo
2223 1697 2414 1759 quam
2460 1678 2649 1739 rebus
2694 1678 2937 1739 creatis.
2972 1677 3204 1739 Verum
3249 1678 3326 1740 de
3369 1698 3537 1760 quae-

2049 1777 2253 1838 stione
2298 1776 2417 1837 ista
2458 1783 2845 1857 pertranseo,
2883 1776 3183 1856 quoniam
3228 1794 3419 1857 supra
3462 1777 3539 1838 de

444 1870 590 1931 dam
637 1869 896 1943 motiva,
934 1870 1230 1933 videlicet
1271 1871 1422 1953 quia
1469 1890 1594 1934 non
1641 1872 1936 1955 intelligi·
1972 1882 2020 1946 Β
2050 1895 2123 1938 ea
2163 1874 2415 1956 plenius
2458 1881 2553 1935 est
2596 1881 2951 1935 tractatum.

445 1976 550 2029 tur
587 1968 712 2029 nisi
755 1969 818 2029 in
852 1970 1320 2052 comparatione
1357 1972 1435 2033 ad
1469 1980 1843 2045 creaturam,
1877 1980 1938 2035 et

444 2067 595 2147 quia
625 2067 684 2129 S.
722 2067 1060 2151 Dionysius
1097 2076 1161 2130 et
1190 2069 1614 2131 Damascenus
1644 2069 1942 2133 videntur

443 2165 566 2227 hoc
611 2165 846 2228 dicere.
879 2203 960 2212 —
997 2167 1067 2228 In
1118 2168 1506 2231 contrarium
1557 2176 1704 2229 sunt
1742 2169 1942 2231 multa

443 2282 616 2325 nunc
647 2264 1028 2339 introducta,
1061 2266 1361 2348 quoniam
1394 2266 1682 2347 quaedam
1715 2285 1940 2330 conve-

443 2362 630 2423 niunt
662 2363 790 2425 Deo
816 2363 1060 2445 absque
1091 2364 1462 2425 habitudine
1493 2364 1570 2425 ad
1602 2372 1826 2425 creata.
1855 2364 1940 2426 Ea

441 2478 696 2542 quoque
733 2481 878 2543 quae
917 2460 1296 2543 simpliciter
1338 2461 1674 2542 loquend0‚
1711 2462 1938 2525 melius

439 2566 538 2621 est
575 2558 810 2621 habere
842 2566 904 2620 et
937 2560 1142 2621 inesse
1182 2578 1372 2641 quam
1414 2560 1653 2633 deesse,
1689 2568 1758 2621 ut
1799 2579 1938 2642 per-

437 2656 804 2719 fectionalia
860 2657 1184 2729 attributa,
1237 2676 1314 2720 ex
1363 2664 1588 2719 natura
1647 2658 1735 2720 rei
1790 2678 1938 2721 vere

437 2764 502 2817 et
547 2756 724 2837 prius
767 2763 956 2836 atque
997 2755 1342 2837 perfectius
1387 2756 1774 2818 conveniunt
1812 2759 1938 2820 Deo

441 2874 636 2936 quam
690 2855 997 2916 creaturis
1043 2872 1056 2915 :
1103 2864 1172 2916 ut
1219 2874 1393 2926 esse„
1424 2854 1660 2929 vivere,
1709 2856 1938 2917 intelli-

437 2971 608 3033 gere,
649 2952 924 3027 bonitaS,
963 2953 1216 3027 veritaS,
1261 2954 1482 3015 virtuS.
1529 2954 1604 3015 Et
1647 2955 1936 3036 quamvis

2145 1973 2379 2047 Quaerit
2443 1972 2595 2034 item
2656 1973 2732 2034 de
2790 1972 2911 2034 hoc
2975 1972 3113 2034 loco
3171 1971 3538 2045 RicharduS,

2051 2080 2265 2134 utrum
2310 2070 2567 2133 nomina
2610 2089 2723 2151 per
2764 2070 2941 2152 prius
2984 2069 3348 2150 significent
3386 2070 3543 2131 divi-

2049 2190 2196 2231 nam
2237 2167 2678 2241 substantiam,
2714 2187 2905 2249 quam
2938 2175 3317 2248 conceptum
3348 2187 3540 2249 quem

2051 2268 2201 2329 facit
2260 2266 2619 2329 intellectus
2678 2274 2892 2328 noster
2940 2266 3017 2327 de
3068 2265 3193 2328 illa.
3249 2266 3325 2328 Et
3374 2266 3541 2328 circa

2049 2367 2168 2429 hoc
2221 2365 2421 2427 multa
2470 2364 2833 2427 conscribit.
2887 2366 3094 2427 Potest
3140 2371 3353 2427 autem
3404 2366 3539 2428 haec

2049 2464 2315 2545 quaestio
2377 2463 2616 2525 moveri
2678 2463 3104 2536 communiuS,
3156 2482 3235 2523 an
3295 2463 3537 2525 scilicet

2049 2580 2282 2625 nomen
2332 2563 2779 2643 quodcumque
2830 2580 2942 2642 per
2992 2561 3169 2642 prius
3218 2560 3540 2641 significet

2049 2661 2138 2722 rei
2186 2668 2589 2741 conceptum,
2634 2678 2714 2720 au
2765 2677 2899 2720 rem
2953 2658 3176 2739 ipsam.
3220 2657 3423 2739 Atque
3469 2666 3539 2719 ut

2049 2759 2242 2821 refert
2282 2759 2652 2830 RicharduS,
2686 2758 2763 2819 de
2796 2757 2915 2819 hoc
2950 2758 3091 2819 duae
3130 2764 3377 2819 exstant
3408 2757 3540 2837 opi-

2049 2858 2271 2921 niones
2310 2876 2323 2919 :
2360 2876 2505 2931 una,
2540 2857 2710 2938 quod
2752 2873 2985 2918 nomen
3024 2874 3139 2937 per
3167 2854 3344 2937 prius
3375 2854 3537 2916 desi-

2046 2962 2198 3036 gnet
2227 2962 2640 3035 conceptum3
2673 2953 2817 3029 alia,
2850 2954 3020 3035 quod
3052 2971 3164 3034 per
3195 2952 3371 3033 prius
3402 2970 3536 3013 rem

435 3070 770 3132 nunquam
821 3050 1064 3133 aliquid
1111 3050 1340 3114 fuisset
1389 3058 1669 3113 creatum
1729 3071 1936 3134 neque
1973 3056 2016 3119 C
2049 3053 2271 3136 ipsam.
2309 3052 2656 3115 Richardus
2697 3068 2848 3114 vero
2893 3069 3017 3113 non
3057 3051 3309 3112 videtur
3350 3068 3417 3111 se
3458 3050 3537 3111 ad

439 3150 809 3222 creandum,
845 3157 1058 3211 tamen
1098 3150 1232 3212 haec
1265 3169 1410 3212 vere
1450 3169 1522 3212 ac
1555 3152 1810 3232 proprie
1845 3171 1937 3212 es-

436 3256 580 3309 sent
627 3246 691 3308 in
739 3248 889 3319 Deo,
933 3255 996 3308 et
1039 3255 1248 3309 essent
1297 3249 1566 3329 ipsemet
1609 3250 1792 3311 Deus.
1829 3249 1934 3311 Os-

433 3353 692 3406 tensum
726 3353 822 3406 est
852 3363 1106 3426 quoque
1145 3347 1312 3427 quod
1355 3347 1648 3428 quamvis
1689 3355 1936 3410 natura-

437 3444 518 3504 lis
552 3451 768 3505 nostra
799 3443 1074 3524 cognitio
1116 3443 1344 3526 incipit
1374 3464 1411 3506 a
1440 3447 1687 3520 creatis,
1724 3453 1934 3508 tamen

436 3561 518 3603 ex
568 3541 1036 3623 supernaturali
1083 3551 1146 3604 et
1196 3543 1413 3604 divina
1471 3544 1933 3606 illuminatione

439 3639 641 3700 multa
669 3640 749 3701 de
776 3640 901 3702 Deo
933 3639 1344 3702 innotuerunt
1375 3641 1760 3702 hominibus
1777 3643 1800 3703 Ι
1805 3661 1936 3722 pse-

437 3757 565 3820 que
607 3739 774 3800 Deus
813 3757 928 3820 per
959 3739 1246 3819 quaedam
1288 3739 1548 3800 nomina
1586 3739 1708 3801 sibi
1748 3758 1825 3800 ex
1867 3759 1933 3802 se

435 3845 500 3898 et
527 3856 603 3898 ex
633 3855 751 3898 sua
778 3844 1003 3898 natura
1032 3837 1286 3918 proprie
1311 3844 1374 3899 et
1406 3837 1684 3919 perfecte
1716 3856 1936 3900 conve-

435 3935 700 4009 nientia,
729 3933 1158 3998 manifestavit
1189 3955 1255 3998 se
1286 3936 1498 4018 ipsum
1530 3937 1929 4000 hominibus:

2045 3153 2323 3234 aliquam
2365 3152 2589 3213 harum
2620 3151 2995 3232 opinionum
3031 3149 3343 3211 divertere
3379 3167 3392 3212 ε
3427 3149 3535 3210 sed

2046 3250 2307 3313 omnino
2365 3256 2627 3331 apparet
2683 3249 2854 3330 quod
2918 3266 3150 3311 nomen
3210 3247 3417 3328 primo
3474 3254 3539 3308 et

2048 3348 2486 3430 principaliter
2543 3365 2677 3409 rem
2741 3347 2942 3428 ipsam
3003 3345 3364 3426 significet3
3418 3362 3536 3406 nec

2045 3445 2228 3508 aliter
2257 3445 2510 3507 videtur
2550 3445 2740 3508 homo
2769 3444 3005 3530 esse-in
3046 3443 3536 3525 praedicamento

2046 3543 2436 3616 substantiae,
2471 3561 2588 3604 nec
2631 3543 2708 3604 de
2754 3541 3098 3603 individuis
3141 3558 3326 3621 posse
3365 3558 3538 3602 vera-

2045 3642 2204 3704 citer
2255 3641 2605 3724 praedicari,
2654 3659 2851 3722 quum
2903 3646 3247 3720 conceptus
3298 3637 3404 3699 ille
3455 3637 3537 3699 sit

2045 3739 2606 3802 accidenS.Verum
2634 3738 2709 3800 de
2735 3743 3125 3819 perscrutata
3152 3736 3345 3816 hujus
3375 3755 3541 3816 quae-

2045 3839 2267 3901 stionis
2325 3836 2849 3900 determinatione
2903 3835 3007 3896 hic
3064 3842 3335 3909 transeo,
3387 3834 3537 3916 quia

2045 3956 2162 3998 nec
2202 3937 2439 3998 directe
2482 3934 2670 3997 habet
2713 3933 2816 3996 hic
2860 3934 3089 3996 locum.

1342 4331 2164 4442 DISTINCTIO
2268 4330 2640 4440 XXIII

509 4652 590 4714 A.
626 4655 728 4714 De
765 4655 897 4714 hoc
933 4656 1236 4716 nomine
1271 4657 1462 4728 quod
1496 4655 1605 4716 est
1633 4668 1963 4726 persona
1995 4674 2020 4713 .·
2051 4657 2241 4728 quod
2276 4669 2499 4728 quum
2534 4659 2933 4717 secundum
2967 4657 3463 4719 substantiam

671 4761 996 4834 dicatur,
1023 4762 1274 4824 tamen
1297 4763 1730 4836 pluraliter,
1755 4776 1904 4825 non
1932 4763 2451 4838 sinqulariter,
2479 4767 2557 4826 in
2585 4779 2878 4826 summa
2912 4765 3298 4836 accipitur.

705 5079 1144 5144 substantiam
1191 5081 1272 5144 de
1308 5081 1448 5144 Deo
1496 5079 1824 5160 dicuntur,
1865 5081 2284 5162 singulariter
2318 5083 2382 5144 et
2426 5099 2558 5146 non
2608 5083 2947 5165 pluraliter
2991 5083 3070 5148 de
3112 5081 3421 5146 omnibus
3467 5083 3536 5147 in

437 4963 1112 5265 PRAEDICTIS
1161 4963 1603 5044 adjiciendum
1659 4965 1779 5043 est,
1841 4965 2019 5045 quod
2079 4983 2287 5046 quum
2352 4967 2574 5030 omnia
2636 4967 2907 5030 nomina
2960 4983 3106 5048 quae
3173 4967 3535 5031 secundum

703 5213 970 5262 summa
1007 5197 1308 5260 dicantur
1343 5197 1664 5278 personiS,
1705 5197 1779 5260 ut
1815 5215 2013 5278 supra
2059 5198 2396 5262 ostensum
2446 5201 2575 5280 est3
2616 5200 2713 5261 est
2750 5199 2969 5262 tamen
3016 5215 3223 5261 unum
3268 5216 3535 5280 nomen,

430 5316 692 5384 scilicet
731 5332 1036 5396 persona,
1078 5312 1258 5395 quod
1294 5314 1652 5378 secundum
1693 5299 2127 5378 substantiam
2165 5315 2407 5378 dicitur
2448 5316 2527 5378 de
2566 5314 2842 5396 singulis
2866 5315 3189 5396 personiS,
3216 5317 3282 5380 et
3316 5316 3539 5399 plura-
