4359 6250
185 1385 228 1427 De
245 1385 354 1428 Divin-

157 1461 237 1491 ηοω.
253 1461 282 1492 e.
297 1462 354 1490 τιι.

592 516 892 572 Quantum
932 516 1125 563 ouum
1170 517 1306 564 SINT
1349 517 1413 562 IN
1455 517 1572 563 DEO
1615 517 1938 562 lotz-:Aurum
1977 516 2174 572 ATQL'B
2218 515 2609 576 cAL'SALITmt,
2652 518 2725 562 ET
2765 517 2909 574 omn
2952 518 3045 562 sn·
3086 517 3229 563 mm

3340 499 3461 562 395

375 689 424 750 si
481 687 688 750 unitas
744 687 1130 768 cognitivam
1193 686 1454 749 haberet
1512 685 1861 768 potentiam
1893 686 1942 748 A
1971 687 2140 767 quod
2181 686 2569 766 cognitivum
2602 689 2771 769 quod
2810 688 2891 750 sit
2924 687 3280 750 similitudo
3310 686 3460 769 ipsi-

377 805 483 868 per
529 805 718 867 quam
780 793 1175 849 converteret
1235 804 1302 847 se
1361 804 1555 866 super
1611 803 1701 856 se,
1755 802 1861 845 co-

375 892 694 964 gnosceret
739 903 1038 946 numeros
1083 903 1323 946 omnes.
1368 883 1598 964 Sicque
1641 882 1860 944 dicunt

376 1001 506 1044 esse
549 981 611 1044 in
655 983 804 1056 Dee,
839 981 1140 1064 quoniam
1183 1001 1383 1063 quum
1429 981 1594 1043 Deus
1635 980 1862 1042 habeat

380 1081 670 1142 virtutem
717 1081 1006 1142 omnium
1057 1079 1496 1161 productivum
1540 1086 1602 1141 et
1651 1079 1860 1160 perie-

381 1185 472 1240 cte
501 1187 840 1260 cognoscat
877 1179 1189 1248 eamdem,
1223 1177 1428 1240 noscit
1462 1196 1684 1240 omnes
1715 1195 1862 1240 suos

379 1275 662 1338 effectus.
715 1277 891 1350 Quod
939 1285 1000 1338 et
1053 1277 1112 1338 S.
1166 1275 1538 1358 Dionysium
1587 1277 1862 1338 sensisse

379 1374 720 1448 affirmant,
749 1394 948 1456 quum
988 1374 1148 1436 dixit
1188 1375 1358 1455 quod
1398 1375 1563 1436 Deus
1605 1393 1730 1436 non
1771 1394 1862 1436 εθ-

381 1477 651 1538 cundum
703 1476 908 1538 ideam
960 1475 1068 1537 sed
1119 1475 1472 1536 secundum
1519 1494 1710 1536 unam
1760 1494 1861 1536 ex-

380 1575 680 1638 cellentiae
730 1593 986 1636 causam
1045 1581 1275 1636 cuncta
1327 1574 1668 1654 cognoscit.
1719 1574 1862 1636 Herc

377 1681 578 1736 autem
610 1673 845 1755 positio
874 1681 1038 1736 stare
1066 1690 1194 1735 non
1226 1672 1411 1735 valet.
1446 1671 1676 1746 Primo,
1708 1690 1862 1754 quo-

377 1773 536 1835 niam
569 1773 736 1835 Deus
777 1790 906 1835 non
945 1771 1268 1853 cognoscit
1305 1791 1421 1852 per
1458 1770 1856 1834 collationem

1973 805 2065 847 us.
2101 786 2291 848 Porro
2340 787 2406 848 in
2448 787 2575 850 Deo
2622 795 2721 850 est
2759 806 3124 862 econverso,
3159 788 3462 871 quoniam

1972 885 2132 946 ratio
2162 886 2581 967 cognoscendi
2614 893 2707 948 est
2736 887 2991 960 veritaS,
3018 896 3081 949 et
3113 887 3462 967 cognitum,

1972 983 2217 1045 scilicet
2248 1003 2347 1046 res
2380 991 2605 1054 creata,
2639 991 2735 1045 est
2773 984 3127 1047 similitudo
3158 985 3462 1048 veritatis,

1975 1082 2049 1142 Et
2111 1082 2411 1163 quoniam
2478 1082 2635 1143 ratio
2698 1084 3116 1162 cognoscendi
3181 1083 3472 1147 consistit

1975 1180 2185 1260 primo
2231 1179 2293 1241 in
2341 1179 2477 1260 ipsa
2526 1181 2813 1252 veritate,
2849 1181 2991 1243 ideo
3040 1182 3198 1244 ratio
3247 1201 3474 1262 cogno-

1975 1278 2191 1339 scendi
2246 1279 2309 1339 in
2353 1278 2481 1340 Deo
2524 1298 2775 1341 summe
2824 1289 2919 1341 est
2961 1281 3327 1361 expressiva
3361 1298 3375 1342 t
3409 1289 3473 1343 et

1975 1376 2126 1457 quia
2154 1377 2325 1458 quod
2357 1377 2631 1439 maxime
2664 1379 2987 1459 exprimit,
3007 1378 3469 1460 perfectissime

1973 1474 2283 1536 assimilat
2324 1476 2647 1556 cognitum
2690 1476 3035 1557 cognitioni
3074 1476 3472 1539 assimilatio-

1976 1593 2056 1634 ne
2096 1573 2533 1652 convenienti3
2566 1575 2717 1636 hinc
2754 1575 2985 1636 veritas
3024 1593 3101 1636 ex
3140 1575 3259 1638 hoc
3298 1575 3467 1657 quod

1975 1671 2127 1752 facit
2157 1689 2557 1752 cognoscere,
2590 1681 2685 1734 est
2725 1673 3077 1736 similitudo
3105 1674 3470 1755 expressiva

1974 1778 2032 1832 et
2077 1770 2234 1832 idea.
2272 1771 2389 1832 Sed
2429 1771 2785 1833 econtrario
2828 1780 2921 1833 est
2971 1772 3034 1834 in
3078 1772 3285 1846 nobis,
3319 1791 3471 1854 quo-

377 1871 743 1933 deveniendi
800 1890 838 1932 a
885 1869 1202 1952 principio
1249 1870 1328 1931 ad
1379 1868 1856 1951 principiatum,
1899 1873 1945 1934 B
1976 1869 2146 1930 niam
2203 1887 2277 1930 eo
2326 1869 2465 1950 ipso
2516 1869 2685 1950 quod
2738 1877 2833 1931 est
2892 1870 3266 1943 similitudO,
3319 1870 3471 1932 facit

375 1971 476 2032 scd
520 1970 756 2032 intuitu
798 1968 1097 2051 simplici.
1135 1968 1445 2043 Secundo,
1480 1967 1632 2049 quia
1671 1985 1861 2030 omne

377 2085 754 2149 cognoscens
789 2067 854 2128 in
886 2074 1192 2148 quantum
1227 2065 1619 2146 hujusmodi,
1651 2064 1861 2127 simile

376 2175 462 2228 est
492 2165 905 2247 cognoscibili
932 2182 946 2226 :
971 2182 1122 2246 ergo
1151 2165 1341 2226 habet
1373 2164 1860 2227 similitudinem

377 2265 530 2346 ejus,
565 2264 664 2325 vel
707 2263 918 2347 ipsum
963 2271 1059 2326 est
1101 2263 1454 2325 similitudo
1495 2263 1685 2324 illius.
1721 2264 1863 2326 Ter-

379 2363 478 2432 tio,
537 2363 840 2444 quoniam
904 2361 1112 2424 omnis
1176 2379 1561 2442 cognoscens
1626 2361 1862 2422 idcirco

377 2461 664 2524 distincte
724 2460 1039 2543 producit,
1089 2459 1240 2542 quia
1290 2459 1586 2522 distincte
1636 2477 1861 2539 cogno-

376 2561 508 2632 scit,
533 2577 659 2622 non
690 2578 1035 2622 econverso
1061 2577 1075 2620 :
1098 2577 1248 2639 ergo
1278 2558 1436 2620 ratio
1472 2558 1860 2640 producendi

379 2677 494 2720 non
544 2665 640 2720 est
699 2658 860 2719 ratio
912 2655 1352 2738 cognoscendi.
1408 2657 1660 2729 Quarto,
1711 2655 1862 2736 quia

377 2757 656 2837 quaedam
698 2757 1021 2836 cognoscit
1061 2775 1201 2836 quae
1241 2753 1318 2816 ab
1352 2754 1490 2835 ipso
1527 2773 1654 2816 non
1689 2760 1856 2815 sunt.

373 2891 445 2900 —
475 2855 632 2917 Hinc
661 2864 755 2917 est
787 2853 911 2916 alia
940 2853 1192 2935 positio,
1217 2853 1568 2915 secundum
1602 2853 1861 2914 Sanctos

377 2961 554 3034 atque
607 2952 1041 3033 philosophoS‚
1094 2952 1261 3034 quod
1317 2951 1480 3013 Deus
1541 2950 1863 3031 cognoscit

1974 1984 2372 2046 cognoscere.

2057 2065 2144 2126 Ex
2206 2065 2304 2126 his
2364 2065 2699 2128 solvuntur
2756 2067 3025 2147 objecta.
3077 2069 3243 2130 Deus
3299 2067 3472 2131 enim

1974 2163 2319 2246 cognoscit,
2354 2164 2571 2245 dirigit
2619 2173 2681 2227 et
2725 2166 2967 2246 regulat
3009 2186 3075 2228 se
3120 2186 3234 2249 per
3278 2168 3471 2239 ideaS,

1975 2282 2100 2325 non
2143 2262 2323 2345 quasi
2369 2281 2483 2344 per
2522 2262 2763 2344 aliquid
2810 2265 3062 2326 realiter
3099 2265 3471 2327 distinctum

1971 2381 2008 2422 a
2039 2381 2152 2424 sua
2192 2361 2467 2422 essentia
2500 2379 2515 2423 ε
2552 2361 2681 2423 imo
2722 2381 2836 2423 sua
2874 2362 3149 2424 essentia
3184 2370 3278 2424 est
3309 2363 3473 2424 veri-

1974 2467 2066 2520 tas
2099 2459 2325 2540 prima,
2361 2460 2520 2522 ratio
2552 2479 2823 2532 summa,
2855 2461 3200 2541 exemplar,
3224 2460 3471 2542 species

1973 2563 2036 2618 et
2095 2557 2254 2618 idea.
2317 2557 2647 2620 Pluralitas
2706 2576 2959 2640 quoque
3020 2567 3083 2620 et
3146 2558 3473 2621 distinctio

1975 2655 2257 2717 idearum
2294 2675 2418 2718 non
2460 2658 2715 2737 derogat
2755 2656 3149 2738 simplicitati
3185 2656 3418 2720 divinae
3454 2675 3467 2718 :

1974 2754 2126 2835 quia
2169 2755 2519 2816 attenditur
2579 2773 2771 2836 penes
2821 2763 3074 2817 causata
3130 2763 3193 2816 et
3244 2755 3469 2827 ideata,

1975 2870 2091 2913 nec
2145 2851 2324 2933 ponit
2375 2851 2806 2914 diversitatem
2861 2853 2924 2914 in
2977 2853 3125 2924 Dee,
3178 2871 3297 2915 nec
3347 2872 3473 2915 una

1976 2949 2115 3010 idea
2155 2950 2410 3012 realiter
2446 2959 2542 3013 est
2581 2951 2879 3013 distincta
2916 2951 2995 3013 ab
3034 2951 3172 3014 alia.
3210 2988 3290 2996 —
3330 2952 3473 3015 Haec

379 3071 481 3132 per
510 3051 704 3125 ideaS,
736 3057 800 3112 et
841 3050 1032 3112 habet
1073 3050 1135 3111 in
1177 3067 1242 3112 se
1284 3049 1737 3111 similitudines
1769 3067 1862 3110 re·
1901 3053 1943 3115 C
1975 3047 2430 3110 Bonaventura.

377 3151 614 3223 rum‚in
645 3149 882 3232 quibus
913 3168 1040 3211 non
1073 3156 1319 3211 tantum
1353 3149 1490 3231 ipse
1521 3148 1858 3229 cognoscit,

375 3248 476 3309 sed
523 3249 714 3310 etiam
769 3247 1088 3309 intuentes
1135 3266 1282 3309 eum
1319 3264 1524 3328 :quas
1569 3246 1864 3308 similitu-

375 3346 545 3409 dines
609 3366 724 3409 seu
791 3346 1066 3408 rationes
1130 3346 1417 3407 nominat
1471 3345 1861 3426 Augustinus

377 3444 536 3507 ideas
575 3454 638 3507 et
677 3464 898 3507 causas
939 3443 1399 3526 primordiales,
1435 3443 1578 3506 Idea
1621 3443 1862 3525 quippe

375 3552 625 3605 vocatur
655 3543 1011 3605 similitudo
1057 3544 1143 3605 rei
1177 3543 1462 3624 cognitae.
1499 3542 1862 3605 Similitudo

376 3650 576 3704 autem
638 3643 983 3725 dupliciter
1040 3642 1293 3705 dicitur.
1356 3642 1586 3717 Primo,
1643 3660 1864 3703 secun-

376 3741 518 3803 dum
551 3742 1059 3805 convenientiam
1095 3742 1366 3805 duorum
1402 3742 1464 3804 in
1500 3741 1715 3822 aliquo
1747 3750 1864 3803 ter-

379 3840 458 3901 tio
489 3858 504 3902 τ
536 3850 598 3903 et
628 3842 761 3903 haec
801 3840 1158 3903 similitudo
1198 3848 1293 3903 est
1331 3841 1681 3903 secundum
1725 3839 1862 3901 uni-

375 3940 780 4001 vocationem.
817 3940 1130 4013 Secundo‚
1167 3948 1352 4021 prout
1395 3958 1590 4000 unum
1629 3938 1864 4000 dicitur

375 4036 720 4100 similitudo
765 4038 1026 4101 alterius
1080 4055 1094 4100 ε
1145 4058 1284 4119 quae
1331 4037 1687 4098 similitudo
1735 4054 1861 4097 non

377 4137 692 4199 concernit
733 4136 1245 4199 convenientiam
1291 4135 1355 4198 in
1387 4134 1660 4217 quodam
1695 4152 1864 4196 com-

379 4235 572 4307 muni,
612 4234 914 4317 quoniam
956 4234 1312 4297 similitudo
1355 4253 1421 4295 se
1467 4234 1603 4315 ipsa
1643 4239 1739 4295 est
1781 4232 1863 4293 si·
1897 4235 1945 4296 D
1979 4230 2332 4311 praesertim
2386 4230 2449 4291 in
2502 4230 2711 4312 primo
2763 4238 3003 4293 motore
3048 4248 3061 4292 ε

377 4331 561 4405 milis,
589 4350 724 4394 non
776 4332 978 4393 tertio.
1015 4332 1246 4413 Sicque
1297 4338 1584 4393 creatura
1631 4329 1866 4391 dicitur

377 4430 721 4493 similitudo
753 4430 888 4503 Dei,
922 4430 1023 4491 vel
1053 4448 1399 4493 econverso
1433 4446 1447 4491 :
1481 4438 1544 4491 et
1574 4429 1660 4490 ita
1689 4429 1862 4489 simi-

379 4525 570 4591 litudo
599 4537 692 4591 est
736 4528 895 4591 ratio
936 4528 1378 4610 cognoscendi,
1410 4537 1472 4590 et
1508 4526 1866 4608 appellatur

380 4625 529 4689 idea.
563 4628 1013 4689 Verumtamen
1054 4626 1236 4688 aliter
1271 4634 1364 4689 est
1408 4626 1471 4688 in
1513 4625 1719 4697 nobis,
1751 4624 1863 4687 ali-

377 4730 590 4805 terque
649 4725 712 4787 in
780 4725 926 4787 Deo,
991 4726 1058 4786 In
1123 4723 1304 4787 nohis
1371 4742 1646 4805 namque
1705 4722 1864 4784 ratio

379 4820 787 4901 cognoscendi
819 4827 912 4881 est
945 4820 1313 4894 similitudo,
1333 4830 1394 4882 et
1427 4820 1632 4904 ipsum
1663 4820 1866 4902 cogni-

377 4924 508 4978 tum
539 4927 634 4980 est
671 4918 904 4981 veritas
939 4934 953 4979 ε
989 4916 1140 4999 quia
1181 4917 1244 4978 in
1285 4918 1469 4980 nobis
1507 4929 1603 4981 est
1641 4918 1866 4981 simili-

379 5015 524 5079 tudo
552 5024 811 5098 accepta
840 5036 877 5078 a
916 5016 1106 5079 rebus
1149 5023 1210 5077 et
1245 5015 1574 5096 impressa,
1609 5025 1866 5099 propter

381 5114 493 5177 hoc
542 5118 706 5197 quod
757 5116 1121 5178 intellectus
1172 5123 1384 5177 noster
1426 5122 1716 5196 respectu
1767 5136 1865 5179 co-

379 5213 533 5293 gniti
573 5223 667 5276 est
710 5214 1058 5297 possibiliS,
1091 5222 1156 5276 et
1203 5231 1328 5278 non
1371 5221 1548 5276 actus
1599 5233 1796 5297 purus
1845 5232 1858 5276 :

384 5310 613 5374 idcirco
657 5320 906 5394 oportet
955 5312 1124 5393 quod
1171 5312 1250 5374 sit
1299 5312 1362 5375 in
1407 5320 1550 5374 actu
1595 5331 1709 5395 per
1755 5312 1865 5373 ali-

2055 3147 2215 3208 Hinc
2258 3148 2529 3210 Thomas
2574 3166 2588 3210 :
2631 3150 3198 3224 Quemadmodum,
3242 3149 3471 3232 inquit,

1977 3244 2199 3307 formae
2267 3246 2638 3309 artificiales
2708 3246 2945 3309 habent
3010 3248 3244 3329 duplex
3312 3267 3472 3321 esse,

1978 3363 2177 3405 unum
2240 3344 2307 3405 in
2366 3353 2510 3406 actu
2571 3346 2948 3435 secundum·
2973 3348 3141 3428 quod
3203 3355 3351 3409 sunt
3410 3346 3475 3408 in

1979 3441 2263 3516 materia,
2299 3442 2471 3505 aliud
2506 3442 2569 3503 in
2604 3444 2884 3525 potentia
2922 3446 3273 3507 secundum
3306 3446 3475 3526 quod

1977 3548 2125 3602 sunt
2157 3540 2222 3602 in
2255 3549 2467 3603 mente
2498 3541 2787 3615 artificiS‚
2823 3559 2946 3603 non
2989 3541 3053 3601 in
3088 3542 3335 3623 passiva
3367 3561 3474 3624 po-

1978 3640 2196 3713 tentia,
2257 3640 2366 3702 sed
2430 3639 2637 3701 activa
2656 3656 2672 3718 3
2726 3639 2819 3701 sic
2876 3638 3097 3701 formae
3158 3640 3474 3703 naturales

1977 3738 2213 3800 habent
2256 3738 2599 3818 dupliciter
2641 3757 2801 3811 esse,
2836 3745 2905 3799 ut
2947 3737 3098 3799 dicit·
3148 3738 3477 3800 Commen-

1977 3844 2138 3899 tator
2197 3837 2536 3899 undecimo
2594 3836 3035 3919 Metaphysicae
3089 3853 3101 3897 ε
3156 3855 3353 3896 unum
3408 3836 3468 3896 in

1977 3944 2143 4008 actu,
2177 3935 2529 3997 secundum
2562 3936 2731 4016 quod
2764 3945 2910 3997 sunt
2943 3934 3007 3995 in
3041 3934 3267 4007 rebus3
3299 3935 3469 3997 aliud

1980 4033 2040 4094 in
2093 4033 2301 4095 activa
2354 4034 2653 4113 potentia,
2706 4034 3057 4095 secundum
3108 4024 3276 4115 quod
3326 4042 3475 4095 sunt

1981 4132 2044 4193 in
2106 4130 2458 4193 motorihus
2520 4131 2796 4204 orbium,
2850 4139 2916 4193 ut
2977 4132 3111 4213 ipse
3162 4133 3360 4214 ponit,
3412 4140 3475 4194 et

3108 4231 3247 4293 loco
3290 4230 3474 4311 cujus

1978 4328 2289 4401 dicamuS,
2326 4328 2389 4389 in
2424 4329 2571 4391 Deo,
2607 4327 2765 4390 Hinc
2798 4328 3158 4410 philosophi
3192 4346 3476 4389 commu-

1977 4426 2144 4488 niter
2192 4426 2434 4499 dicunt,
2470 4426 2639 4508 quod
2689 4428 2903 4489 omnia
2951 4434 3099 4489 sunt
3150 4427 3213 4488 in
3266 4435 3477 4489 mente

1978 4524 2112 4597 Dei,
2166 4525 2333 4586 sicut
2389 4524 2731 4587 artificiata
2789 4525 2853 4586 in
2912 4532 3125 4587 mente
3184 4524 3471 4587 artificis,

1978 4623 2121 4685 ldeo
2160 4623 2397 4685 formas
2441 4642 2653 4685 rerum
2698 4624 2761 4685 in
2803 4624 2929 4686 Deo
2968 4624 3342 4685 exsistentes
3374 4641 3478 4684 vo-

1977 4742 2196 4784 camus
2229 4722 2422 4795 ideaS,
2456 4742 2599 4804 quae
2628 4730 2779 4783 sunt.
2809 4722 2973 4782 sicut
3004 4720 3224 4783 formae
3253 4739 3473 4801 opera-

1977 4821 2138 4883 tivae.
2184 4820 2358 4882 Unde
2409 4819 2665 4881 divinus
2718 4819 3051 4900 Dionysius
3102 4819 3327 4899 quinto
3375 4837 3472 4880 ca-

1976 4920 2183 5002 pitulo
2230 4920 2308 4981 de
2360 4918 2603 4980 Divinis
2655 4916 3025 4980 nominibus
3076 4916 3341 4997 loquens
3390 4917 3469 4977 de

1974 5018 2133 5080 ideis
2169 5035 2183 5079 :
2222 5015 2639 5097 Exemplaria‚
2674 5014 2781 5087 ait,
2816 5014 3089 5075 dicimus
3130 5012 3470 5074 substanti-

1974 5114 2130 5177 ficas
2171 5115 2612 5176 exsistentium
2657 5113 2928 5175 rationes
2972 5112 3035 5173 in
3068 5112 3195 5173 Deo
3230 5111 3467 5173 unifor-

1975 5213 2163 5275 miter
2195 5212 2891 5293 praeexsistente3,quas
2918 5208 3256 5291 Theologia
3285 5220 3471 5273 vocat

1975 5308 2535 5393 praedesinitioneS,
2586 5318 2645 5371 et
2706 5308 2953 5371 divinas
3005 5309 3312 5371 et-bonas
3364 5328 3470 5373 vo-
