4359 6250
804 478 926 544 520

1475 501 1538 548 IN
1578 501 1801 547 Lunum
1843 501 1862 546 Ι
1905 499 2390 546 ΒΕΝΤΕΝΤῙΑΒῘΙΜ.
2436 517 2517 529 --
2557 501 2711 547 Dlsr.
2756 501 2875 564 1L3
2920 501 3143 558 QUAEST.
3192 503 3236 549 11

802 669 1349 752 proportionatum
1413 670 1740 733 communi
1805 671 1994 733 statui
2059 678 2301 734 naturae
2330 669 2383 732 A
2414 671 2573 746 nari,
2621 671 2925 754 quoniam
2976 673 3161 735 multi
3206 682 3475 757 possunt
3518 674 3749 737 salvari
3797 675 3917 757 qui

800 767 1031 830 accidit
1079 775 1149 829 ut
1196 767 1264 830 in
1312 767 1630 850 pluribus,
1672 777 1736 831 et
1782 769 2000 832 deficit
2051 769 2131 831 ab
2181 769 2301 832 hoc

799 865 969 928 bono
1012 875 1083 928 ut
1126 867 1192 929 in
1244 867 1672 949 paucioribus.
1715 869 1962 932 Bonum
2007 886 2156 932 vero
2200 887 2303 930 ex-

800 965 1031 1027 cedens
1063 960 1470 1029 communem
1511 975 1743 1029 statum
1787 976 2024 1030 naturae
2059 966 2303 1029 inveni-

799 1070 902 1124 tur
950 1073 1019 1126 ut
1055 1065 1122 1126 in
1170 1065 1600 1147 paucioribuS,
1633 1074 1696 1129 et
1735 1065 2021 1129 defectus
2060 1066 2142 1127 ab
2180 1065 2301 1127 hoc

799 1161 968 1226 bon‘o
1009 1171 1078 1224 ut
1120 1163 1185 1225 in
1227 1164 1520 1246 pluribus
1555 1182 1568 1225 t
1604 1166 1771 1227 sicut
1799 1165 2092 1230 videmus
2130 1164 2301 1245 quod

801 1260 1016 1343 plures
1047 1269 1196 1324 sunt
1224 1263 1335 1344 qui
1366 1263 1798 1326 sufficientem
1835 1262 2070 1325 habent
2098 1263 2305 1325 scien-

799 1361 955 1423 tiam
994 1363 1071 1424 ad
1111 1362 1395 1442 regimen
1426 1363 1571 1425 vitae
1606 1383 1756 1436 suae,
1792 1362 2121 1445 pauciores
2150 1379 2303 1424 vero

801 1458 912 1541 qui
955 1460 1073 1523 hac
1118 1460 1384 1523 scientia
1431 1469 1668 1536 carent,
1712 1461 1822 1543 qui
1866 1468 1928 1523 et
1972 1460 2149 1523 stulti
2197 1477 2304 1522 vo—

801 1567 1060 1638 cantur3
1104 1559 1473 1640 paucissimi
1505 1578 1655 1621 vero
1685 1567 1832 1621 sunt
1863 1565 2154 1641 respectu
2190 1557 2301 1619 ali-

800 1675 1006 1732 orum,
1039 1659 1150 1740 qui
1185 1659 1263 1720 ad
1296 1657 1798 1738 intelligibilium
1841 1676 2055 1719 rerum
2097 1657 2301 1720 scien-

799 1756 953 1816 tiam
1016 1755 1385 1838 pertingunt
1435 1756 1836 1838 profundam.
1892 1756 2098 1830 Quum
2150 1773 2301 1836 ergo

2412 788 2741 852 nunquam
2773 770 3201 845 salvabuntur‚
3218 782 3589 856 certumque
3619 783 3717 836 est
3745 774 3921 856 quod

2413 868 2631 931 nullus
2669 870 3018 933 salvabitur
3054 870 3180 935 nisi
3229 873 3733 953 praedestinatus.
3770 873 3921 936 Haec

2413 965 2781 1030 RicharduS.

2493 1066 2799 1129 Praeterea
2855 1068 3109 1130 videtur
3166 1068 3445 1132 breviter
3506 1088 3693 1153 posse
3759 1070 3917 1140 dici,

2413 1164 2583 1244 quod
2633 1165 2947 1248 quidquid
2996 1167 3078 1228 sit
3136 1167 3214 1229 de
3262 1166 3727 1250 omnipotentia
3774 1168 3918 1242 Dei,

2414 1282 2721 1326 numerus
2766 1265 3357 1346 praedestinatorum
3402 1274 3531 1328 tam
3576 1275 3789 1330 certus
3836 1268 3922 1330 de

2412 1358 2580 1424 facto
2619 1369 2735 1434 est,
2770 1365 2938 1445 quod
2976 1365 3195 1446 augeri
3234 1382 3360 1427 non
3402 1365 3603 1448 possit
3640 1385 3761 1428 nec
3798 1365 3924 1428 mi-

2414 1459 2526 1520 nui
2562 1477 2577 1521 ε
2610 1467 2674 1522 et
2711 1461 2831 1523 hoc
2871 1481 2946 1523 ex
2990 1460 3439 1526 informatione
3479 1463 3825 1545 Scripturae
3854 1473 3925 1526 et

2413 1575 2490 1618 ex
2524 1559 2906 1623 revelatione
2938 1561 3050 1623 Dei
3092 1560 3159 1623 in
3200 1561 3547 1644 Scripturis
3588 1563 3921 1644 cognosci-

2417 1675 2578 1718 mus,
2640 1657 2945 1721 Absolute
3002 1667 3217 1722 autem
3277 1660 3615 1743 loquendo,
3666 1662 3922 1725 seclusa

2414 1755 2942 1820 determinatione
2991 1758 3103 1821 Dei
3149 1759 3282 1840 jam
3333 1759 3519 1834 facta,
3570 1779 3699 1822 non
3756 1769 3923 1844 puto

798 1855 1114 1917 beatitudo
1134 1863 1367 1918 aeterna
1397 1854 1479 1918 sit
1506 1856 1757 1937 penitus
1789 1854 2296 1937 supernaturaliS,
2337 1855 2386 1918 B
2413 1852 2789 1934 ambiguum
2858 1856 3015 1937 quin
3082 1857 3489 1939 omnipotens
3544 1859 3711 1921 Deus
3770 1877 3921 1941 pos·

797 1954 1055 2036 vitaque
1098 1955 1314 2035 gratiae
1357 1955 1618 2017 excedat
1659 1973 1917 2017 omnem
1964 1954 2299 2018 hominum

799 2061 1067 2132 statum3
1098 2053 1240 2117 ideo
1268 2053 1598 2136 pauciores
1629 2062 1778 2116 sunt
1809 2053 1917 2135 qui
1951 2053 2295 2116 salvantur.

800 2152 877 2214 Et
916 2153 982 2214 in
1021 2153 1144 2215 hoc
1186 2152 1624 2215 misericordia
1665 2151 1776 2215 Dei
1820 2151 2303 2213 commendatur

796 2259 987 2332 atque
1034 2249 1295 2324 relucet,
1339 2250 1508 2331 quod
1554 2251 1778 2313 saltem
1829 2251 2075 2332 aliquos
2120 2250 2185 2311 in
2233 2249 2302 2310 il-

800 2349 926 2411 lam
967 2349 1237 2411 salutem
1280 2349 1468 2429 erigit
1505 2368 1578 2410 ac
1620 2348 1933 2430 perducit,
1966 2369 2002 2410 a
2036 2368 2162 2430 qua
2200 2349 2302 2409 de-

797 2447 1029 2510 ficiunt
1058 2447 1318 2529 plurimi
1351 2448 1701 2509 secundum
1729 2465 2136 2508 communem
2167 2465 2306 2508 cur-

798 2564 943 2608 sum
973 2554 1035 2608 et
1068 2545 1547 2608 inclinationem
1579 2546 1998 2608 naturae.Haec
2029 2545 2298 2608 Thomas

799 2644 1058 2706 ibidem.

876 2743 1228 2807 Richardus
1260 2744 1520 2805 demum
1556 2742 1727 2804 circa
1759 2742 1895 2806 haec
1931 2741 2152 2804 recitat
2184 2741 2297 2804 ali-

797 2861 980 2905 orum
1025 2842 1395 2924 positioneS,
1429 2849 1493 2904 et
1535 2841 1768 2924 partim
1817 2841 2294 2914 Bonaventurae,

798 2941 1030 3022 partim
1065 2940 1339 3021 Magistri
1379 2939 1443 3001 in
1477 2939 1720 3018 littera3
1752 2941 1922 3002 etde
1958 2938 2076 3001 ista
2109 2946 2299 3000 mate-

2414 1951 2497 2014 sit
2540 1953 2747 2015 adhuc
2789 1953 3284 2017 innumerabilia
3327 1955 3531 2018 millia
3574 1957 3917 2020 hominum

2413 2058 2475 2112 et
2505 2052 2877 2132 angelorum
2909 2071 3241 2136 procreare
3280 2074 3423 2136 quae
3456 2075 3788 2138 nunquam
3817 2066 3922 2120 est

2412 2157 2762 2224 creaturuS‚
2797 2170 2939 2232 quae
2968 2159 3097 2214 tam
3130 2152 3195 2214 in
3227 2160 3357 2216 toto
3386 2172 3580 2235 quam
3613 2153 3680 2215 in
3710 2162 3916 2237 parte,

2415 2246 2731 2328 loquendo
2768 2249 3051 2324 divisim,
3084 2251 3287 2332 possit
3324 2251 3587 2314 salvare.

2494 2347 2672 2409 Circa
2722 2349 2857 2411 haec
2909 2348 3134 2411 scribit
3178 2350 3477 2414 Albertus
3528 2368 3543 2412 ε
3592 2350 3917 2414 Numerus

2412 2445 3003 2526 praedestinatorum
3060 2449 3229 2530 apud
3286 2449 3488 2511 Deum
3547 2457 3759 2511 certus
3814 2458 3918 2512 est

2411 2550 2681 2625 utroque
2749 2546 2959 2620 modo,
3020 2553 3194 2628 puta,
3262 2544 3617 2609 formaliter
3680 2565 3917 2610 secun·

2409 2641 2563 2703 dum
2604 2643 3024 2723 quantitatem
3062 2643 3425 2720 discretam,
3466 2652 3533 2707 et
3570 2646 3915 2708 materiali·

2411 2747 2507 2802 ter
2545 2750 2856 2823 quantum
2896 2744 2971 2805 ad
3019 2743 3350 2825 supposita
3392 2763 3407 2808 ε
3448 2743 3634 2806 aliter
3677 2745 3918 2827 imper·

2410 2839 2577 2901 fecta
2613 2848 2803 2922 atque
2840 2840 3132 2904 fallibilis
3170 2851 3338 2904 esset
3368 2843 3480 2905 Dei
3511 2843 3797 2906 scientia.
3833 2844 3916 2906 Et

2408 2938 2573 3000 sicut
2621 2939 2967 3021 dupliciter
3016 2949 3225 3003 certus
3274 2949 3370 3004 est
3428 2943 3635 3023 quoad
3686 2962 3915 3004 nume-

797 3039 894 3100 ria
942 3039 1269 3101 recitative
1319 3039 1493 3121 loqui
1543 3039 1796 3102 videtur
1854 3039 2054 3120 magis
2103 3057 2297 3120 quam
2334 3035 2377 3100 C
2408 3056 2574 3111 rum,
2610 3038 2695 3100 ita
2724 3038 3067 3120 dupliciter
3096 3046 3306 3102 certus
3346 3048 3442 3103 est
3478 3049 3791 3123 quantum
3826 3043 3913 3103 ad

796 3138 1120 3201 assertive.
1164 3138 1441 3221 Apparet
1486 3146 1695 3201 tamen
1746 3139 1914 3220 quod
1963 3138 2133 3200 viam
2184 3138 2298 3201 Bo-

799 3245 1166 3299 naventurae
1197 3237 1261 3299 in
1295 3236 1394 3299 his
1427 3237 1626 3317 magis
1660 3236 2301 3319 insequitur.—Con·

799 3334 1088 3398 formiter
1118 3336 1195 3398 ad
1225 3335 1641 3417 quaestionem
1673 3335 1858 3409 hanc,
1882 3354 1962 3397 an
1992 3354 2299 3397 numerus

801 3434 1390 3517 praedestinatorum
1442 3434 1645 3516 possit
1691 3434 1929 3515 augeri,
1972 3433 2299 3496 recitative

801 3532 1141 3615 respondet
1187 3549 1200 3593 :
1247 3532 1342 3594 Ad
1389 3532 1554 3593 hanc
1603 3531 1961 3614 (inquiens)
2007 3532 2301 3615 quaestio-

799 3650 948 3694 nem
997 3631 1257 3713 quidam
1317 3630 1722 3711 respondent,
1775 3630 1946 3711 quod
1993 3648 2300 3691 numerus

800 3730 1392 3812 praedestinatorum
1451 3747 1578 3792 non
1642 3737 1849 3811 potest
1905 3728 2122 3811 augeri
2180 3748 2300 3791 nec

801 3829 1022 3903 minui,
1037 3829 1320 3891 dicentes
1351 3828 1591 3891 nullum
1623 3829 2140 3911 praedestinatum
2169 3846 2304 3910 pos-

800 3946 868 3989 se
907 3945 1035 3990 non
1080 3926 1536 4009 praedestinari,
1570 3935 1633 3989 et
1676 3926 1928 3989 nullum
1972 3944 2100 3988 non
2143 3946 2303 4009 prae-

800 4026 1186 4088 destinatum
1245 4043 1430 4107 posse
1480 4025 1934 4107 praedestinari.
1989 4026 2079 4087 Ad
2129 4026 2300 4107 quod

800 4124 1073 4205 allegant
1122 4124 1293 4205 quod
1344 4124 1408 4185 in
1460 4123 1623 4186 libro
1670 4125 1748 4186 de
1796 4124 2197 4188 correctione
2239 4132 2302 4186 et

2410 3146 2851 3200 numerantem
2878 3139 3069 3220 :quia
3101 3139 3165 3201 in
3196 3140 3751 3221 praedestinatione
3780 3142 3913 3204 duo

2410 3243 2580 3311 sunt,
2632 3235 2898 3311 scilicet,
2960 3238 3227 3301 scientia
3283 3245 3377 3301 tot
3433 3240 3913 3321 praedestinato-

2412 3353 2577 3408 rum,
2629 3343 2692 3396 et
2738 3335 3031 3397 voluntas
3080 3344 3174 3398 tot
3221 3336 3526 3399 salvandi.
3568 3338 3712 3401 Haec
3757 3358 3915 3402 vero

2412 3431 2703 3495 voluntas
2734 3433 2845 3496 Dei
2880 3434 3143 3516 respicit
3181 3435 3425 3517 aliquid
3464 3435 3529 3499 in
3569 3454 3761 3518 opere
3799 3456 3915 3501 no-

2410 3538 2542 3593 stro
2575 3549 2590 3593 :
2625 3532 2778 3613 quia
2806 3531 2945 3595 vult
2973 3541 3064 3595 tot
3094 3534 3323 3596 salvari
3353 3543 3509 3615 quot
3537 3534 3699 3599 bene
3730 3538 3916 3599 usuri

2412 3638 2561 3692 sunt
2600 3630 2799 3710 gratia
2840 3630 2921 3693 ab
2962 3631 3097 3713 ipso
3134 3632 3446 3708 donanda,
3490 3652 3609 3696 nec
3651 3634 3915 3716 plures3

2412 3736 2475 3790 et
2511 3728 2565 3791 si
2610 3730 2825 3810 plures
2863 3738 3075 3792 essent·
3112 3729 3277 3793 bene
3317 3732 3496 3794 usuri
3532 3732 3733 3813 gratia
3776 3732 3911 3807 illa,

2414 3837 2567 3889 tunc
2614 3828 2697 3889 ab
2743 3836 2979 3891 aeterno
3016 3829 3325 3892 voluisset
3363 3830 3579 3912 plures
3616 3838 3679 3893 et
3718 3832 3917 3895 modo

2412 3926 2605 3989 vellet
2649 3927 2865 4009 plures
2908 3927 3158 3993 salvari.
3193 3928 3337 3990 Haec
3378 3927 3696 3992 Albertus.

2490 4025 2562 4087 In
2611 4025 2711 4087 his
2746 4026 2959 4088 verbis
3010 4044 3137 4089 non
3180 4034 3351 4089 recte
3392 4044 3615 4089 sonare
3655 4027 3917 4090 videtur

2412 4124 2577 4205 quod
2609 4122 2716 4198 ait,
2751 4123 2814 4185 Si
2856 4123 3071 4205 plures
3111 4124 3273 4186 bene
3312 4125 3491 4187 usuri
3528 4133 3743 4188 esse-nt
3768 4146 3913 4207 gra-

803 4223 1002 4303 gratia
1051 4222 1332 4304 loquitur
1380 4223 1770 4303 Augustinus
1815 4242 1828 4286 :
1874 4224 2096 4286 Certus
2146 4242 2303 4306 prae-
2333 4224 2384 4287 D
2415 4223 2501 4284 tia
2529 4222 2663 4297 Dei,
2697 4221 2777 4283 ab
2807 4229 3043 4286 aeterno
3072 4222 3380 4286 voluisset
3418 4232 3481 4286 et
3514 4242 3686 4286 nunc
3716 4224 3917 4287 vellet

804 4320 1263 4382 destinatorum
1297 4328 1393 4383 est
1427 4340 1754 4395 numeruS,
1788 4320 1897 4403 qui
1932 4340 2049 4384 nec
2083 4321 2301 4402 augeri

805 4424 1014 4499 potest
1055 4436 1173 4480 nec
1224 4418 1448 4479 minui.
1483 4419 1600 4480 Pro
1639 4437 1767 4500 quo
1810 4418 2064 4482 videtur
2107 4418 2300 4481 etiam

803 4516 965 4578 ratio
998 4516 1290 4578 militare.
1324 4516 1482 4578 Nam
1514 4517 1670 4578 certi
1709 4537 1931 4579 sumus
1963 4518 2132 4599 quod
2173 4535 2301 4579 non

803 4614 1020 4696 plures
1059 4611 1681 4695 praedestinabuntur
1713 4635 1904 4697 quam
1947 4615 2028 4677 ab
2065 4622 2303 4678 aeterno

802 4711 1231 4794 praedestinati
1263 4720 1414 4774 sunt
1448 4732 1461 4775 ε
1496 4712 1574 4775 de
1605 4733 1730 4794 qua
1761 4732 1828 4775 re
1859 4732 1983 4776 non
2015 4732 2302 4776 essemus

800 4811 979 4885 certi,
1013 4810 1066 4874 si
1107 4811 1274 4874 Deus
1319 4818 1532 4893 posset
1570 4812 1784 4894 plures
1829 4811 2296 4894 praedestinare.

797 4909 922 4972 Alii
971 4909 1214 4983 dicunt,
1260 4909 1430 4990 quod
1480 4928 1784 4972 numerus
1835 4910 2304 4991 praedestinato-

799 5028 940 5070 rum
983 5014 1192 5089 potest
1229 5006 1443 5088 augeri
1481 5027 1495 5070 :
1530 5008 1832 5089 quoniam
1873 5006 2040 5069 sicut
2080 5007 2304 5069 dicunt

799 5105 1318 5188 praedestinatum
1359 5124 1543 5188 posse
1575 5123 1703 5167 non
1744 5105 2178 5187 praedestinari
2210 5106 2303 5167 di-

800 5204 990 5266 visim
1029 5204 1422 5286 accipiendo,
1458 5222 1584 5266 non
1617 5203 2050 5283 conjunctim3
2095 5203 2180 5265 ita
2210 5204 2304 5266 di-

805 5311 958 5366 cunt
1015 5320 1142 5364 non
1200 5303 1675 5385 praedestinatos
1735 5319 1920 5386 posse
1977 5304 2301 5388 praedesti-

2413 4321 2629 4403 plures
2658 4320 2908 4383 salvari.
2937 4321 3067 4382 Hoc
3098 4340 3373 4402 namque
3403 4322 3657 4384 videtur
3684 4341 3917 4385 sonare

2411 4436 2485 4479 ac
2525 4417 2580 4479 si
2618 4425 2853 4480 aeterna
2891 4417 3238 4499 praefinitio
3274 4437 3347 4480 ac
3387 4428 3559 4481 certa
3597 4420 3706 4482 illa
3732 4428 3917 4483 aeter-

2413 4516 2575 4578 nalis
2607 4516 3183 4597 praedeterminatio
3220 4518 3474 4579 numeri
3509 4518 3920 4599 praedestina-

2412 4623 2623 4677 torum
2663 4615 3050 4695 dependeret
3089 4634 3165 4677 ex
3206 4616 3541 4696 temporali
3582 4636 3700 4679 usu
3741 4616 3918 4682 bono

2412 4714 2607 4776 creati
2657 4713 2842 4776 liberi
2886 4714 3156 4788 arbitrii,
3204 4721 3268 4776 et
3310 4714 3491 4797 quasi
3536 4716 3703 4778 Deus
3748 4718 3919 4800 sapi-

2412 4813 2598 4876 entiae
2629 4812 2901 4875 infinitae
2932 4831 3057 4876 non
3088 4813 3573 4875 determinasset
3598 4814 3771 4876 hunc
3800 4835 3921 4878 nu-

2414 4930 2663 4973 merum
2712 4911 2776 4973 in
2828 4930 2895 4974 se
2944 4910 3085 4992 ipso
3129 4910 3438 4973 absolute.
3482 4910 3771 4993 Denique
3818 4913 3917 4975 di-

2413 5018 2583 5073 recte
2632 5010 3138 5092 simpliciterque
3199 5010 3536 5092 loquend0,
3589 5029 3719 5074 non
3770 5011 3917 5075 ideo

2414 5108 2841 5191 praedestinati
2890 5116 3039 5170 sunt
3087 5108 3198 5189 qui
3250 5108 3679 5189 praedestinati
3732 5118 3909 5186 sunt,

2410 5206 2563 5288 quia
2612 5205 2771 5267 bene
2825 5206 3003 5268 usuri
3061 5214 3235 5268 erant
3294 5206 3497 5286 gratia
3543 5206 3653 5268 Dei
3706 5225 3721 5270 :
3778 5208 3911 5272 imo

2411 5313 2687 5377 econtra,
2703 5304 2856 5387 quia
2883 5304 3334 5387 praedestinati,
3356 5304 3497 5378 ideo
3526 5303 3689 5369 bene
3720 5314 3909 5371 utun-
