4359 6250
1252 514 1337 558 AN
1382 514 1571 560 maso
1615 513 1959 561 commun
2004 514 2133 558 som
2176 512 2332 558 rimo
2377 513 2438 558 ιΝ
2480 514 2706 559 mvms
3418 491 3537 556 277

429 699 633 742 unum
671 681 1085 763 principium,
1120 682 1207 744 ita
1236 682 1318 744 sit
1350 682 1558 762 imago
1596 683 1928 745 amborum
1962 683 2013 745 Α
2044 689 2184 744 ctus
2213 699 2340 743 non
2371 689 2630 744 vocatur
2661 681 2888 762 image,
2923 699 3050 743 non
3081 681 3335 744 videtur
3363 681 3539 763 peni·

428 787 737 860 tanquam
787 781 976 844 unius
1021 781 1323 862 principii
1370 781 1493 856 sui,
1528 781 1934 863 quemadmo-

424 878 585 939 dum
618 879 810 941 homo
838 887 1100 941 vocatur
1128 879 1321 942 totius
1352 880 1677 942 Trinitatis
1708 881 1927 960 imago.

425 975 750 1050 Secundo,
780 977 1081 1059 quoniam
1114 996 1240 1040 non
1271 987 1369 1040 est
1398 979 1603 1060 major
1632 979 1791 1041 ratio
1820 998 1935 1040 cur

427 1092 561 1136 non
606 1075 861 1138 valeant
908 1094 1047 1138 esse
1094 1077 1281 1138 unius
1334 1078 1547 1160 plures
1600 1077 1930 1158 imagineS,

426 1191 627 1254 quam
693 1174 863 1255 quod
930 1174 1040 1235 uni
1102 1175 1229 1236 sint
1294 1175 1509 1257 plures
1572 1176 1814 1238 similes
1872 1184 1935 1238 et

426 1271 711 1353 aequales
756 1290 771 1333 :
818 1291 965 1334 nam
1014 1273 1183 1355 quod
1234 1274 1345 1334 uni
1397 1282 1546 1336 sunt
1596 1274 1809 1356 plures
1858 1275 1937 1336 si-

429 1368 621 1430 miles
672 1379 735 1430 et
792 1369 1088 1452 aequaleS,
1140 1379 1236 1432 est
1295 1390 1410 1452 per
1457 1371 1933 1436 distinctionem

428 1467 839 1530 relationum.
872 1503 953 1513 —
992 1467 1151 1531 Hinc
1192 1469 1534 1531 dicendum
1580 1489 1725 1532 cum
1767 1471 1931 1546 aliis,

430 1565 603 1647 quod
652 1566 947 1647 quamvis
980 1567 1323 1631 ,diversitas
1364 1566 1625 1630 rationis
1670 1568 1935 1631 attribu-

432 1671 643 1725 torum
680 1682 805 1725 non
846 1663 1129 1726 sufficiat
1159 1665 1237 1727 ad
1277 1666 1752 1728 distinctionem
1796 1685 1935 1748 pro-

432 1762 799 1824 cessionum
850 1761 1109 1836 realem,
1160 1762 1405 1825 sufficit
1456 1771 1664 1826 tamen
1715 1766 1792 1827 ad
1841 1765 1933 1827 di-

2042 787 2145 842 tus
2195 779 2546 854 refutanda,
2582 780 2732 861 quia
2779 788 2842 842 et
2890 779 3088 862 aliqui
3136 780 3348 861 magni
3395 799 3536 843 eam

2042 877 2384 959 assignant.

2122 977 2299 1039 Unde
2344 984 2406 1038 et
2448 977 2714 1038 Petrus:
2751 976 2840 1038 Ex
2885 975 3090 1039 tribus
3139 977 3282 1057 (ait)
3330 977 3538 1038 causis

2043 1074 2364 1154 colligitur
2396 1093 2590 1156 quare
2628 1075 2800 1137 solus
2832 1075 3026 1136 Filius
3056 1075 3305 1137 dicatur
3333 1075 3540 1156 imago

2045 1173 2107 1234 in
2150 1174 2406 1236 diviniS.
2454 1175 2606 1248 Una,
2639 1193 2716 1236 ex
2757 1181 2933 1254 parte
2973 1173 3112 1254 ejus
3155 1192 3193 1235 a
3230 1191 3356 1255 quo
3397 1191 3537 1255 pro-

2043 1271 2212 1332 cedit
2247 1289 2260 1332 :
2296 1271 2447 1352 quia
2486 1271 2681 1333 Filius
2725 1271 3010 1354 procedit
3037 1271 3117 1333 ab
3158 1289 3306 1344 unc,
3341 1271 3538 1353 Spiri-

2044 1377 2147 1431 tus
2178 1370 2444 1432 Sanctus
2475 1387 2512 1431 a
2540 1370 2826 1448 duobus3
2860 1389 3060 1432 unum
3091 1378 3304 1432 autem
3335 1370 3535 1450 magis

2046 1469 2632 1549 repraesentativum
2673 1474 2878 1549 potest
2919 1487 3058 1530 esse
3098 1469 3310 1542 uniuS,
3342 1487 3536 1550 quam

2045 1585 2246 1627 unum
2316 1567 2610 1640 duorum,
2673 1565 3024 1648 praesertim
3094 1566 3159 1628 in
3225 1574 3534 1648 quantum

2044 1672 2194 1726 sunt
2241 1665 2387 1727 duo,
2425 1665 2732 1736 Secunda,
2766 1684 2842 1726 ex
2890 1673 3066 1746 parte
3111 1665 3282 1727 modi
3327 1683 3539 1746 proce·

2044 1762 2234 1824 dendi
2271 1780 2285 1824 :
2318 1763 2620 1844 quoniam
2667 1762 2862 1824 Filius
2913 1763 3199 1844 procedit
3241 1782 3356 1844 per
3403 1782 3537 1825 mo-

164 1877 227 1928 r‘f.
246 1881 275 1918 ι.
292 1877 403 1929 xlx,
434 1879 650 1921 versas
683 1860 973 1923 notiones
1004 1879 1235 1932 earum,
1255 1869 1324 1923 ut
1352 1862 1586 1924 dictum
1617 1871 1709 1925 est
1742 1883 1934 1945 supra
1970 1869 2017 1932 B
2046 1861 2198 1922 dum
2231 1867 2492 1934 naturae,
2527 1861 2800 1942 Spiritus
2831 1860 3096 1923 Sanctus
3131 1880 3244 1943 per
3275 1862 3534 1924 modum

146 1939 405 1992 “⁴⁹³⁰'‘¹⁸·
433 1958 847 2020 distinctione
896 1960 1143 2022 decima
1192 1960 1395 2023 tertia.
1445 1962 1591 2024 Ideo
1639 1965 1931 2043 quamvis

432 2056 713 2138 Spiritus
754 2057 1020 2120 Sanctus
1058 2077 1173 2120 sua
1214 2059 1617 2140 processione
1660 2061 1933 2142 accipiat

428 2155 717 2217 divinam
767 2162 1079 2230 naturam,
1118 2164 1330 2218 tamen
1381 2177 1580 2238 quum
1630 2177 1745 2219 sua
1792 2177 1933 2240 pro-

427 2253 634 2315 cessio
676 2271 805 2316 non
846 2253 929 2314 sit
969 2273 1081 2335 per
1120 2255 1381 2317 modum
1422 2263 1682 2330 naturae,
1716 2264 1778 2318 et
1820 2275 1933 2337 per

424 2369 829 2432 consequens
881 2369 1007 2413 non
1056 2351 1305 2414 dicatur
1347 2353 1565 2428 Filius,
1598 2355 1691 2416 sic
1736 2355 1930 2416 Filius

424 2469 503 2512 ex
534 2449 783 2512 ratione
812 2457 876 2511 et
908 2450 1095 2512 modo
1124 2469 1253 2513 suae
1288 2452 1709 2532 processionis
1742 2452 1930 2514 habet

424 2549 599 2630 quod
630 2547 717 2609 sit
745 2547 977 2629 image,
1008 2555 1073 2610 et
1104 2548 1171 2610 in
1201 2556 1512 2630 quantum
1544 2551 1828 2632 procedit
1862 2559 1929 2612 ut

428 2646 651 2720 Filius,
686 2646 992 2728 quoniam
1036 2646 1233 2708 Filius
1276 2647 1641 2710 nominatur
1683 2667 1760 2710 ex
1810 2650 1928 2712 hoc

425 2745 600 2825 quod
632 2744 826 2806 habet
856 2751 1145 2806 naturam
1175 2745 1394 2820 Patris,
1428 2753 1491 2807 et
1521 2745 1587 2807 in
1618 2754 1926 2828 quantum

426 2842 721 2923 procedit
751 2848 819 2904 ut
844 2842 1146 2917 Verbum,
1168 2862 1315 2906 nam
1344 2843 1613 2905 verbum
1646 2853 1741 2906 est
1769 2865 1930 2926 quae-

422 2941 573 3002 dam
624 2940 983 3004 similitudo
1032 2942 1123 3004 rei
1180 2941 1515 3004 intellectae
1571 2943 1635 3004 in
1688 2943 1929 3007 intelle-

2045 1959 2426 2037 voluntatis3
2476 1960 2742 2022 intentio
2789 1967 3000 2021 autem
3050 1967 3288 2022 naturae
3337 1959 3536 2040 magis

2044 2057 2121 2118 de
2165 2076 2234 2120 se
2273 2057 2474 2119 tendit
2513 2058 2592 2119 ad
2631 2057 3175 2132 assimilationem,
3210 2077 3402 2139 quam
3442 2059 3536 2120 in-

2042 2154 2243 2217 tentio
2291 2156 2656 2218 voluntatis
2700 2155 2928 2230 Tertia,
2971 2174 3046 2218 ex
3097 2157 3338 2219 ratione
3387 2157 3538 2220 alte-

2042 2273 2186 2314 rum
2237 2253 2628 2334 producendi
2678 2270 2692 2314 ε
2740 2253 2893 2334 quia
2942 2253 3148 2335 imago
3190 2254 3538 2317 attenditur

2042 2351 2320 2414 maxime
2379 2351 2549 2413 circa
2605 2351 2982 2414 exteriorem
3043 2351 3533 2431 habitudinem3

2043 2449 2239 2510 Filius
2279 2457 2491 2510 autem
2532 2448 2828 2511 convenit
2869 2468 3016 2510 cum
3057 2450 3234 2511 Patre
3275 2466 3400 2512 non
3439 2468 3534 2512 so-

2044 2546 2175 2608 lum
2229 2547 2293 2608 in
2355 2546 2641 2609 interiori
2699 2547 2994 2621 essentia,
3048 2547 3159 2608 sed
3215 2547 3408 2609 etiam
3469 2548 3534 2610 in

2042 2643 2416 2706 habitudine
2465 2644 2767 2726 principii
2810 2645 2887 2706 ad
2935 2645 3124 2707 aliam
3174 2664 3532 2727 personam,

2041 2741 2340 2804 videlicet
2387 2743 2466 2804 ad
2515 2743 2824 2824 Spiritum
2873 2743 3195 2805 Sanctum.
3247 2743 3392 2806 Haec
3439 2751 3538 2806 est

2042 2840 2202 2902 ratio
2245 2840 2539 2901 Richardi
2582 2840 2660 2902 de
2700 2840 2758 2902 S.
2797 2840 3066 2902 Victore.
3110 2841 3254 2904 Haec
3294 2842 3531 2904 Petrus,

2121 2938 2472 3001 Concordat
2500 2939 2869 3012 RicharduS‚
2894 2946 2957 3000 et
2986 2939 3160 3001 addit
3189 2941 3357 3021 quod
3389 2940 3540 3002 ima·

422 3046 553 3099 ctu.
578 3037 857 3119 Spiritus
889 3039 1154 3100 Sanctus
1184 3047 1397 3101 autem
1428 3058 1555 3102 non
1588 3040 1779 3102 habet
1809 3042 1928 3104 hoc
1968 3045 2010 3108 C
2040 3055 2119 3117 go
2162 3037 2588 3098 communiter
2627 3045 2881 3118 sumpta
2917 3038 3230 3120 accipitur
3269 3037 3335 3099 in
3379 3038 3537 3100 divi·

420 3156 501 3200 ex
534 3138 781 3199 ratione
812 3156 942 3200 suae
973 3138 1419 3219 processioniS‚
1456 3140 1606 3220 quia
1645 3141 1931 3221 procedit

420 3242 496 3297 ut
553 3253 753 3298 amor.
806 3236 953 3298 Ideo
1010 3236 1177 3299 sicut
1234 3255 1361 3299 non
1419 3236 1655 3299 dicitur
1707 3237 1925 3312 Filius,

420 3334 725 3415 quamvis
756 3334 1029 3415 accipiat
1059 3354 1173 3396 sua
1205 3336 1607 3416 processione
1638 3345 1927 3399 naturam

420 3432 628 3495 Patris
648 3450 665 3509 ;
702 3432 787 3494 ita
817 3451 933 3495 nec
976 3432 1203 3513 imago,
1238 3434 1532 3514 quamvis
1568 3434 1930 3497 similitudi-

422 3550 581 3593 nem
632 3529 861 3592 habeat
908 3550 1057 3593 curn
1104 3532 1302 3594 Patre.
1348 3531 1493 3595 Haec
1544 3532 1813 3595 Thomas
1863 3533 1929 3596 in

424 3628 703 3709 Scripta.

508 3726 703 3789 Porro
736 3725 799 3788 in
842 3726 1051 3808 prima
1090 3734 1267 3808 parte
1306 3727 1605 3801 Summae,
1639 3728 1931 3809 quaestio-

196 3846 335 3887 aaz.
424 3845 507 3888 ne
572 3824 897 3887 tricesima
952 3825 1175 3906 quinta
1239 3842 1253 3887 :
1315 3826 1612 3888 Doctores
1667 3826 1933 3909 (inquit.)

424 3924 795 3987 Graecorum
862 3924 1287 3985 communiter
1344 3925 1565 3986 dicunt
1621 3924 1929 4007 Spiritum

422 4023 735 4085 Sanctum
794 4040 933 4083 esse
990 4022 1332 4102 imaginem
1386 4022 1582 4084 Patris
1641 4042 1715 4084 ac
1764 4024 1928 4097 Filii,

422 4122 600 4183 sicut
632 4119 829 4181 Filius
870 4118 1078 4199 imago
1116 4128 1211 4181 est
1250 4121 1467 4183 Patris.
1504 4121 1800 4183 Doctores
1832 4141 1934 4183 ve-

2041 3136 2141 3197 nis
2196 3135 2295 3197 vel
2355 3134 2562 3197 solum
2621 3136 3062 3211 essentialiter,
3115 3136 3362 3199 scilicet
3420 3155 3536 3219 pro

2040 3233 2258 3295 divina
2314 3234 2610 3308 essentia,
2660 3234 2762 3296 vel
2812 3234 3234 3315 essentialiter
3281 3244 3344 3298 et
3393 3255 3535 3318 per-

2042 3331 2343 3393 sonaliter
2385 3331 2600 3407 simul,
2647 3332 2944 3395 videlicet
2994 3351 3110 3415 pro
3153 3334 3396 3397 unitate
3438 3353 3534 3396 es-

2040 3430 2260 3493 sentiae
2290 3436 2354 3492 et
2381 3428 2663 3491 trinitate
2693 3448 3128 3511 personarum,
3153 3433 3228 3494 ad
3261 3451 3532 3514 quarum

2041 3528 2463 3592 imitationem
2507 3528 2674 3591 facta
2716 3536 2812 3591 est
2854 3531 3180 3593 rationalis
3225 3540 3529 3594 creatura.

2042 3626 2240 3690 Graeci
2290 3634 2525 3701 autem,
2577 3628 2859 3689 dicentes
2908 3630 3078 3710 quod
3133 3630 3342 3711 imago
3393 3630 3534 3692 Filii

2041 3734 2137 3788 est
2181 3726 2456 3809 Spiritus
2501 3726 2790 3800 SanctuS,
2823 3727 3149 3808 accipiunt
3191 3728 3536 3810 imaginem

2043 3825 2211 3906 large
2245 3842 2360 3907 pro
2397 3824 2570 3886 omni
2614 3842 2680 3885 re
2720 3825 3027 3905 producta
3064 3825 3143 3888 ab
3182 3822 3320 3889 alio'
3347 3828 3414 3889 in
3455 3828 3536 3889 si-

2042 3924 2472 3986 militudinem
2513 3922 2902 3986 substantiae.
2940 3924 3058 3987 Sed
3103 3925 3334 4007 positio
3373 3926 3534 3989 Lati-

2040 4042 2270 4086 norum
2321 4030 2416 4085 est
2462 4023 2961 4097 convenientior,
2996 4025 3148 4106 quia
3190 4024 3534 4107 Scripturis

2042 4122 2448 4184 conformior.
2495 4122 2638 4184 Haec
2681 4121 3048 4184 RicharduS.

424 4236 498 4281 ro
528 4217 738 4279 Latini
772 4217 889 4280 soli
922 4218 1081 4279 Filio
1118 4218 1475 4280 attribuunt
1514 4236 1746 4281 nomen
1779 4220 1931 4284 ima·
1962 4225 2011 4286 D
2129 4221 2436 4283 Praeterea
2490 4220 2650 4282 ratio
2708 4239 2833 4302 qua
2890 4221 3158 4284 Thomas
3219 4222 3537 4305 improbat

422 4316 624 4397 giniS,
660 4316 810 4397 quia
840 4315 961 4378 hoc
992 4334 1116 4377 non
1158 4317 1482 4379 invenitur
1510 4317 1573 4378 in
1607 4318 1933 4399 Scriptura

424 4414 743 4477 canonica
786 4414 907 4476 nisi
959 4415 1037 4476 de
1087 4415 1267 4489 Filio,
1302 4416 1379 4477 de
1429 4434 1555 4498 quo
1606 4416 1806 4479 fertur
1854 4419 1930 4480 ad

186 4536 393 4585 (zema,
426 4514 860 4587 ColossenSeS,
894 4513 1009 4586 Qui
1042 4520 1137 4575 est
1168 4514 1376 4594 imago
1409 4515 1517 4577 Dei
1549 4515 1929 4595 invisibilis3

152 4602 380 4711 'Em-¹⁸3·
423 4620 489 4675 et
522 4611 607 4673 ad
638 4610 954 4686 HebraeoS,
988 4612 1105 4685 Qui
1136 4632 1335 4693 quum
1368 4612 1451 4674 sit
1481 4614 1782 4695 splendor
1810 4615 1935 4695 glo-

423 4711 541 4773 riae
588 4717 652 4771 et
696 4709 905 4791 figura
944 4709 1314 4773 substantiae
1352 4710 1512 4791 ejuS.
1554 4712 1629 4772 Et
1676 4732 1930 4775 causam

424 4808 627 4888 hujus
695 4807 957 4889 quidam
1024 4808 1369 4888 assignant,
1434 4810 1714 4873 dicentes
1783 4812 1935 4893 qnia

427 4906 733 4987 imaginis
764 4924 893 4968 non
922 4914 1018 4967 est
1050 4904 1277 4987 imago,
1312 4908 1507 4969 Filius
1538 4916 1750 4970 autem
1784 4908 1934 4971 ima-

425 5022 511 5086 go
541 5012 655 5066 est.
694 5004 815 5067 Sed
859 5003 980 5066 hoc
1020 5003 1179 5065 nihil
1221 5012 1315 5067 est
1347 5007 1599 5087 quando
1641 5025 1767 5069 non
1810 5007 1936 5068 itur

428 5104 499 5165 in
548 5102 899 5163 infinitum.
946 5102 1091 5165 Haec
1132 5102 1200 5164 in
1248 5103 1527 5165 Summa.

521 5202 975 5263 Verumtamen
1008 5200 1166 5264 ratio
1208 5201 1315 5264 illa
1349 5222 1541 5283 quam
1572 5203 1841 5266 Thomas
1872 5204 1937 5265 in

450 5298 697 5381 Scripto
726 5299 1200 5380 redarguit,cur
1228 5300 1471 5363 scilicet
1502 5301 1769 5384 Spiritus
1798 5302 1945 5364 San-

2041 4319 2210 4400 quod
2254 4318 2451 4399 aliqui
2496 4318 2717 4381 dicunt
2762 4318 2904 4381 ideo
2944 4320 3174 4382 Filium
3217 4321 3344 4383 dici
3385 4322 3536 4384 ima-

2040 4418 2254 4498 ginem
2300 4417 2496 4478 Patris
2543 4417 2740 4497 magis
2785 4437 2978 4499 quam
3028 4418 3338 4501 Spiritum
3387 4420 3536 4483 San-

2042 4524 2239 4589 ctum,
2272 4517 2574 4597 quoniam
2606 4516 2801 4578 Filius
2842 4518 3138 4580 convenit
3179 4538 3324 4581 cum
3354 4520 3533 4582 Patre

2041 4615 2106 4676 in
2138 4615 2416 4686 notione,
2452 4622 2670 4696 utpote
2703 4616 2767 4677 in
2800 4618 3124 4679 communi
3161 4618 3526 4700 spiratione,

2041 4732 2166 4776 non
2199 4714 2449 4775 videtur
2479 4714 2720 4776 idonea.
2756 4714 3000 4796 Allegat
3038 4716 3210 4778 enim
3240 4718 3533 4799 Augusti-

2040 4831 2196 4874 num
2255 4831 2448 4893 supra
2495 4813 2798 4875 vicesima
2855 4814 3262 4877 distinctione
3317 4816 3528 4878 dicen-

2042 4917 2194 4983 tem,
2229 4910 2397 4991 quod
2447 4911 2798 4973 secundum
2849 4912 3531 4996 relationem‘originis

2042 5025 2169 5069 non
2202 5006 2548 5069 attenditur
2579 5008 2643 5069 in
2675 5008 2911 5070 divinis
2941 5010 3316 5085 similitudo,
3335 5031 3537 5093 aequa-

2047 5106 2210 5179 litas,
2265 5104 2720 5168 dissimilitudo
2776 5114 2884 5168 aut
2942 5106 3354 5188 inaequalitas.
3415 5110 3536 5173 Sed

2047 5204 2436 5285 Augustinus
2477 5221 2603 5264 non
2644 5204 2800 5265 dicit
2835 5204 2956 5266 hoc
2995 5204 3085 5266 ibi
3118 5224 3236 5267 nec
3265 5207 3441 5283 alibi,
3475 5219 3536 5272 et

2052 5303 2105 5365 si
2154 5301 2393 5365 alieubi
2445 5301 2532 5363 ait
2582 5302 2723 5376 hoc,
2777 5320 2902 5365 non
2951 5312 3162 5367 tamen
3203 5304 3296 5388 fad
3345 5307 3539 5372 istum

3585 4757 3628 4799 p.
3650 4747 3728 4788 276
3741 4742 3804 4786 θ’.
