4359 6250
890 475 970 540 34
1524 495 1588 540 m
1631 495 1852 540 uanum
1894 495 1916 540 1
1959 495 2441 540 εΕΝΤΕΝτῐΑΒυΜ.
2488 512 2569 521 -
2612 495 2765 539 msr.
2812 494 2982 556 xvn3
3026 495 3249 550 QnAEs'r.
3296 495 3359 540 vt

889 673 959 724 ut
997 664 1290 743 numeri3
1332 665 1440 726 sed
1487 665 1910 728 intensionem
1957 673 2019 726 et
2066 664 2382 726 remissio·
2412 663 2459 726 Α
2494 663 2662 725 tibus
2702 664 3105 745 simplicibus
3136 674 3198 726 et
3229 665 3621 746 compositiS,
3658 665 3884 746 primis
3924 674 3990 726 et

887 781 1032 823 nem
1065 763 1374 825 virtutum
1406 772 1594 844 atque
1628 763 1977 826 formarum
2013 763 2240 825 asserit
2272 762 2381 824 fie-

890 861 941 921 ri
982 860 1334 922 secundum
1381 880 1518 922 esse
1563 863 1866 943 ipsarum.
1901 899 1981 906 —
2020 863 2192 922 Hanc
2234 877 2383 922 vero

883 958 1252 1039 opinionem
1287 959 1733 1041 multipliciter
1764 959 2140 1041 fortiterque
2176 959 2385 1040 impu-

886 1065 1037 1138 gnat
1095 1058 1772 1140 Durandusstnsuper
1829 1059 1983 1138 quid
2033 1058 2203 1119 circa
2250 1057 2383 1119 haec

886 1157 1163 1217 sentiant
1192 1157 1513 1230 Albertus,
1546 1157 1855 1218 Henricus
1885 1165 1949 1219 et
1977 1157 2108 1230 alii,
2145 1157 2211 1219 in
2244 1174 2383 1238 pro-

888 1271 1073 1315 cessu
1117 1254 1374 1336 patebit.

969 1450 1441 1530 Consequenter
1484 1469 1634 1531 ergo
1683 1451 2052 1526 videndum,
2106 1452 2386 1524 Qualiter

887 1549 1114 1611 caritas
1160 1557 1464 1628 augeatur
1511 1569 1622 1610 seu
1668 1549 2052 1623 intendatur,
2093 1569 2173 1610 an
2218 1549 2385 1611 scili-

887 1655 986 1709 cet
1018 1666 1132 1728 per
1170 1646 1556 1708 additionem
1600 1648 1746 1709 novi
1785 1647 2015 1728 gradus
2055 1656 2164 1709 aut
2207 1666 2383 1710 novae

885 1764 998 1806 seu
1030 1744 1452 1827 superadditae
1483 1745 1784 1819 caritatiS,
1820 1745 1920 1806 vel
1965 1764 2077 1826 per
2118 1745 2384 1808 additio-

2492 761 2807 823 secundiS.
2872 762 3211 834 Qualitates
3280 781 3556 844 namque
3617 763 3989 844 compositae

2492 879 2604 922 seu
2657 860 2951 923 secundae
3010 862 3428 923 intenduntur
3484 863 3837 924 secundum
3894 863 3989 924 in—

2492 959 2848 1020 tensionem
2878 959 3256 1040 qualitatum
3290 960 3664 1041 primarum‚
3699 968 3769 1022 ut
3798 979 3991 1042 sapor

2493 1064 2555 1117 et
2603 1057 2837 1118 sanitas
2886 1059 3237 1119 secundum
3291 1059 3716 1120 intensionem
3758 1059 3990 1121 caloris

2494 1163 2556 1216 et
2604 1154 2882 1236 frigoris,
2926 1155 3214 1218 humoris
3255 1165 3318 1218 et
3360 1157 3683 1218 siccitatis
3720 1157 3992 1230 Qualita-

2494 1262 2588 1315 tes
2618 1261 2831 1314 autem
2864 1253 3089 1334 primae
3120 1263 3183 1316 et
3213 1254 3539 1336 simplices
3573 1255 3993 1317 intenduntur

2494 1370 2571 1412 ex
2616 1352 2825 1413 causis
2870 1352 3025 1421 suiS,
3070 1359 3287 1434 utpote
3331 1371 3409 1414 ex
3452 1361 3678 1433 agente
3722 1361 3785 1415 et
3834 1354 3991 1415 reci-

2494 1450 2728 1530 piente.
2764 1450 2972 1530 Agens
3016 1451 3188 1512 enim
3232 1451 3504 1512 intendit
3544 1451 3845 1512 reducere
3889 1471 3995 1533 pa·

2495 1547 2657 1608 tiens
2706 1547 2783 1608 de
2836 1548 3117 1628 potentia
3160 1549 3226 1609 in
3264 1556 3476 1610 actum
3522 1569 3653 1612 suae
3694 1549 3993 1611 similitu-

2493 1645 2683 1718 dinis,
2731 1654 3041 1726 quantum
3095 1647 3391 1727 potuerit.
3440 1647 3987 1720 Quemadmodum

2492 1751 2705 1804 autem
2742 1760 2868 1805 non
2909 1743 3186 1804 calidum
3226 1753 3322 1805 est
3360 1747 3643 1826 potentia
3682 1746 3985 1818 calidum,

885 1862 1033 1905 nem
1082 1844 1393 1918 essentiae,
1435 1852 1544 1905 aut
1589 1863 1701 1926 per
1745 1843 2270 1907 confortationem
2320 1853 2381 1906 et
2418 1845 2464 1907 B
2494 1842 2585 1903 sic
2630 1843 2842 1904 minus
2883 1841 3161 1903 calidum
3210 1851 3306 1904 est
3350 1843 3416 1904 in
3456 1844 3741 1924 potentia
3777 1864 3988 1927 respe-

885 1942 1238 2005 firmiorem
1283 1942 1734 2004 radicationem
1781 1942 2129 2004 dumtaxat.

973 2039 1189 2120 Itaque
1250 2039 1418 2100 circa
1477 2038 1597 2100 hoc
1657 2038 1880 2099 scribit
1931 2038 2200 2101 Thomas
2261 2040 2380 2102 hoc

885 2136 1024 2199 loco
1056 2155 1069 2197 :
1107 2137 1341 2198 Eorum
1373 2137 1485 2217 qui
1519 2145 1765 2218 ponunt
1803 2136 2130 2198 caritatem
2173 2156 2383 2199 essen-

884 2234 1120 2296 tialiter
1157 2233 1374 2314 augeri
1415 2233 1604 2306 dicta,
1640 2233 1704 2294 in
1746 2233 1900 2295 duas
1943 2233 2221 2304 redeunt,
2251 2230 2382 2311 opi-

886 2333 1126 2394 nioneS.
1172 2332 1305 2393 Una
1353 2339 1470 2404 est,
1517 2331 1684 2412 quod
1734 2340 2001 2412 augetur
2048 2350 2162 2412 per
2210 2328 2383 2391 addi—

886 2430 1124 2492 tionem
1185 2430 1465 2491 caritatis
1524 2430 1601 2491 ad
1661 2430 2008 2491 caritatem.
2063 2429 2203 2490 Alia
2260 2435 2376 2500 est,

885 2529 1055 2610 quod
1093 2536 1359 2609 augetur
1401 2547 1515 2609 per
1556 2528 1981 2590 intensionem
2025 2527 2377 2588 secundum

883 2645 1210 2689 accessum
1261 2626 1338 2688 ad
1391 2627 1757 2698 terminum,
1806 2626 1868 2687 id
1909 2634 2005 2687 est
2049 2626 2126 2686 ad
2179 2623 2381 2706 perfe-

883 2725 1160 2787 ctionem
1211 2723 1489 2786 caritatis
1535 2741 1548 2784 :
1595 2732 1658 2784 et
1712 2724 1775 2784 in
1827 2723 1946 2785 hoc
1999 2723 2158 2784 redit
2210 2722 2378 2804 quod

883 2824 1081 2904 aliqui
1121 2823 1344 2884 dicunt
1383 2822 1710 2884 caritatem
1754 2822 1969 2902 augeri
2016 2841 2128 2904 per
2168 2821 2381 2883 multi-

884 2922 1291 3002 plicationem
1352 2921 1451 2982 sui
1523 2921 1587 2982 in
1648 2921 1864 2982 anima
1919 2921 2086 2982 sicut
2144 2920 2253 2981 lux
2312 2921 2379 2981 in

2493 1946 2598 1999 ctu
2630 1940 2969 2002 calidioris.
2992 1941 3150 2002 Hinc
3180 1941 3348 2003 sicut
3372 1961 3487 2022 per
3510 1942 3822 2005 calorem*
3843 1943 3987 2005 effi·
4020 1953 4289 2008 cnr-³⁵0·
4339 1959 4340 2014 ξ

2492 2037 2658 2097 citur
2704 2037 2781 2098 de
2832 2055 2959 2100 non
3009 2038 3214 2101 calido
3273 2039 3572 2115 calidum,
3626 2059 3752 2103 non
3811 2041 3985 2123 quod
4014 2018 4291 2121 cffiffum
4339 2021 4340 2064 3

2494 2144 2764 2216 ponatur
2824 2135 2912 2196 ibi
2970 2136 3205 2217 aliquis
3266 2138 3457 2212 calor,
3509 2138 3618 2201 sed
3678 2141 3985 2221 quoniam

2492 2233 2662 2296 calor
2700 2233 2812 2314 qui
2852 2241 2947 2295 est
2993 2235 3054 2296 in
3108 2236 3409 2316 potentia,
3455 2237 3519 2298 in
3568 2245 3781 2299 actum
3832 2239 3987 2300 edu-

2492 2332 2698 2408 citur;
2733 2332 2819 2393 ita
2856 2350 3110 2413 quoque
3150 2333 3437 2396 efficitur
3475 2336 3675 2416 magis
3706 2336 3987 2398 calidum

2494 2447 2608 2510 per
2637 2429 2954 2491 actionem
2987 2430 3197 2504 calidi,
3234 2432 3301 2492 in
3342 2441 3651 2512 quantum
3692 2434 3991 2495 educitur

2492 2527 2664 2588 calor
2711 2528 2823 2608 qui
2875 2529 3039 2589 inest
3088 2537 3159 2590 ut
3205 2537 3384 2591 actus
3435 2530 3869 2612 imperfectus,
3922 2533 3987 2594 in

2494 2624 2800 2705 maJ‘orem
2849 2625 3307 2707 perfectionem
3352 2629 3788 2712 majoremque
3832 2631 3993 2692 assi-

2494 2723 2889 2786 milationem
2919 2725 3183 2805 agentis
3218 2726 3393 2800 Quod
3425 2729 3736 2809 contingit
3765 2747 3993 2791 secun-

2490 2823 2645 2884 dum
2694 2824 2864 2904 quod
2917 2825 3200 2905 potentia
3256 2825 3545 2906 subjecta
3603 2835 3698 2889 est
3744 2829 3915 2890 actui
3970 2846 3984 2890 :

2489 2941 2633 3003 quae
2661 2923 2966 3003 quoniam
2998 2933 3308 3004 quantum
3342 2925 3407 2986 in
3438 2945 3506 2987 se
3536 2936 3632 2988 est-
3666 2928 3745 2989 ad
3788 2927 3988 2990 multa

883 3038 1046 3080 aere.
1083 3020 1356 3081 Primam
1397 3026 1608 3080 autem
1653 3019 2031 3099 positionem
2074 3018 2383 3098 intellige·
2416 3015 2459 3078 C
2491 3037 2557 3080 se
2588 3019 2798 3092 habet,
2834 3020 3033 3100 magis
3064 3028 3174 3082 aut
3204 3022 3416 3084 minus
3452 3025 3831 3086 terminatur
3866 3024 3988 3086 sub

886 3137 952 3179 re
986 3136 1252 3199 nequeo,
1288 3117 1438 3199 quia
1469 3118 1533 3179 in
1565 3117 1740 3180 omni
1768 3117 2090 3179 additione
2131 3125 2380 3199 oportet

885 3216 1238 3296 intelligere
1270 3216 1396 3277 duo
1428 3215 1698 3287 diversa,
1733 3234 2006 3296 quorum
2040 3234 2241 3276 unum
2277 3215 2382 3277 ad-

885 3315 1058 3376 ditur
1086 3314 1288 3375 alteri.
1325 3314 1388 3375 Si
1418 3332 1568 3394 ergo
1597 3314 1724 3375 sint
1755 3314 1844 3375 ibi
1885 3315 2024 3376 duae
2063 3314 2377 3387 caritateS‚

885 3422 995 3475 aut.
1032 3412 1344 3474 differunt
1382 3413 1615 3494 specie,
1649 3420 1760 3473 aut
1801 3430 2065 3474 numero
2108 3420 2373 3474 tantum.

885 3512 1020 3573 Non
1061 3510 1295 3592 specie,
1329 3530 1530 3592 quum
1574 3528 1794 3572 omnes
1843 3510 2134 3572 caritates
2177 3511 2243 3571 in
2284 3530 2382 3572 ea-

885 3610 1030 3671 dem
1090 3610 1303 3691 specie
1363 3617 1508 3670 sunt
1569 3609 1844 3670 virtutis
1899 3608 2026 3671 Nec
2085 3628 2377 3683 numer0‚

885 3728 1084 3790 quum
1127 3709 1256 3771 sint
1297 3710 1360 3771 in
1400 3708 1624 3771 eodem
1667 3706 1956 3787 subjecto
1993 3725 2006 3769 ε
2043 3726 2168 3769 non
2207 3708 2380 3769 enim

885 3816 1152 3889 possunt
1202 3809 1417 3889 plures
1475 3808 1696 3871 formae
1744 3806 2166 3868 accidentales
2216 3807 2382 3888 ejus-

883 3908 1029 3968 dem
1081 3906 1316 3987 speciei
1362 3906 1426 3967 in
1479 3907 1700 3967 eodem
1751 3922 2020 3966 numero
2059 3924 2198 3966 esse
2238 3905 2383 3967 sub-

883 4004 1074 4084 jecto,
1111 4003 1460 4085 praesertim
1502 4003 1722 4065 formae
1761 4002 2088 4076 absolutae,
2125 4021 2250 4065 non
2292 4022 2382 4063 re-

887 4101 1112 4164 lativae.
1151 4100 1443 4162 Provenit
1479 4100 1671 4180 igitur
1701 4100 1933 4181 positio
1967 4100 2087 4161 ista
2116 4119 2193 4161 ex
2223 4100 2382 4161 falsa

2491 3126 2635 3180 actu
2670 3117 2799 3193 illo,
2836 3118 2936 3181 vel
2978 3119 3129 3200 quia
3165 3130 3433 3201 augetur
3470 3121 3673 3185 virtus
3717 3124 3984 3204 agentiS,

2492 3217 2658 3278 sicut
2706 3236 2781 3277 ex
2833 3217 3283 3298 conjunctione
3333 3219 3615 3301 plurium
3661 3221 3989 3285 luminari-

2494 3334 2603 3376 um
2655 3315 3007 3377 intenditur
3054 3315 3479 3397 illuminatio;
3532 3319 3634 3380 vel
3682 3339 3758 3381 ex
3809 3330 3987 3402 parte

2492 3414 2793 3487 materiae,
2837 3416 3191 3476 secundum
3236 3418 3405 3496 quod
3450 3416 3735 3479 efficitur
3778 3437 3989 3480 susce-

2492 3512 2781 3593 ptibilior
2816 3522 2994 3575 actus
3034 3513 3207 3575 illius
3243 3534 3256 3577 :
3291 3517 3829 3596 quemadmodum
3879 3536 3988 3579 aer

2492 3618 2729 3692 quanto
2780 3611 2924 3691 plus
2971 3618 3356 3697 attenuatur,
3408 3621 3583 3676 tanto
3640 3614 3719 3676 fit
3778 3634 3987 3677 susce-

2492 3708 2779 3790 ptibilior
2816 3708 3098 3770 luminis.
3134 3709 3413 3774 Intensio
3449 3720 3663 3775 autem
3704 3714 3985 3775 caritatis

2492 3823 2619 3867 non
2664 3806 2973 3887 contingit
3015 3826 3092 3868 ex
3131 3808 3249 3870 hoc
3290 3810 3459 3891 quod
3499 3810 3702 3873 virtus
3740 3813 3984 3892 agentis

2492 3903 2896 3979 fortificetur,
2940 3906 3049 3967 sed
3096 3914 3342 3968 tantum
3386 3927 3463 3969 ex
3504 3909 3625 3972 hoc
3664 3912 3833 3991 quod
3883 3931 3987 3973 na-

2491 4012 2632 4064 tura
2682 4004 3019 4084 recipienS‚
3072 4024 3214 4086 quae
3268 4015 3578 4087 quantum
3640 4009 3705 4070 in
3764 4028 3833 4072 se
3889 4018 3987 4072 est

2491 4102 2831 4182 quamdam
2884 4102 3073 4164 habet
3120 4103 3583 4186 dispersionem
3632 4110 3985 4171 secundum

889 4197 1338 4279 imaginatione
1379 4216 1504 4277 qua
1554 4198 1878 4277 imaginati
1926 4205 2074 4258 sunt
2121 4197 2380 4278 quidam
2411 4198 2461 4258 D
2492 4201 2661 4280 quod
2711 4208 2806 4262 est
2860 4200 2923 4261 in
2973 4203 3256 4282 potent-ia
3298 4203 3375 4264 ad
3425 4205 3629 4284 plura,
3675 4208 3874 4288 magis
3910 4227 3987 4270 ac

887 4302 1293 4376 augmentum
1326 4294 1602 4356 caritatis
1632 4295 1709 4356 ad
1743 4296 2002 4356 modum
2036 4295 2380 4376 corporalis

888 4394 1234 4475 augmenti,
1273 4394 1336 4454 in
1369 4411 1496 4474 quo
1525 4393 1602 4454 fit
1633 4393 2003 4473 quantitatis
2028 4395 2105 4455 ad
2136 4394 2383 4474 quanti-

890 4502 1082 4555 tatem
1112 4491 1368 4553 additio.
1400 4492 1546 4552 Ideo
1576 4491 1739 4564 dico,
1767 4492 1934 4572 quod
1966 4492 2121 4553 dum
2153 4492 2379 4553 caritas

887 4598 1174 4671 augetur,
1227 4590 1319 4651 nil
1367 4590 1622 4651 additur
1673 4589 1782 4677 ibi,
1841 4590 2377 4670 quemadmodum

887 4696 950 4751 et
979 4688 1398 4768 Philosophus
1437 4695 1661 4767 quarto
1691 4688 1915 4749 asserit.
1945 4688 2375 4769 physicorum,

886 4786 1057 4870 quod
1105 4785 1345 4866 aliquid
1396 4784 1679 4846 efficitur
1727 4786 1926 4865 magis
1979 4785 2198 4846 album
2252 4806 2378 4847 ma-

885 4888 1062 4967 gisve
1113 4884 1412 4957 calidum,
1459 4902 1584 4945 non
1629 4903 1741 4965 per
1784 4883 2171 4946 additionem
2213 4884 2381 4946 albe-

885 4985 1055 5047 dinis
1103 4991 1212 5046 aut
1255 4982 1504 5054 caloriS,
1551 4982 1660 5043 sed
1711 4981 2010 5063 quoniam
2061 4983 2380 5062 quantitas

887 5082 1398 5165 praeinexsistens
1449 5080 1800 5143 intenditur
1848 5081 2203 5141 secundum
2242 5100 2381 5162 pro-

887 5181 1308 5262 pinquitatem
1347 5179 1425 5240 ad
1466 5178 1830 5240 terminum.
1863 5214 1944 5222 —-
1973 5178 2258 5259 Denique
2291 5180 2383 5241 in-

888 5280 1091 5342 tensio
1122 5279 1241 5341 ista
1271 5278 1694 5340 diversimode
1735 5278 1961 5339 accidit
2006 5278 2072 5338 in
2112 5278 2381 5359 qualita—

2495 4299 2693 4378 magis
2763 4307 3154 4380 praeparatur
3207 4302 3286 4362 ad
3353 4304 3569 4382 gratiae
3640 4307 3987 4387 susceptio-

2492 4415 2663 4468 nem,
2700 4405 2889 4478 prout
2937 4416 3014 4458 ex
3065 4408 3364 4480 praetacta
3416 4402 3823 4465 multitudine
3873 4424 3987 4466 seu

2493 4494 2863 4557 confusione
2915 4498 3415 4577 potentialitatis,
3458 4501 3523 4561 in
3574 4520 3775 4563 unum
3814 4504 3989 4565 colli-

2490 4592 2663 4672 gitur
2703 4613 2814 4674 per
2848 4594 3245 4675 operationes
3285 4597 3519 4677 quibus
3548 4600 3626 4661 ad
3657 4601 3983 4664 caritatem

2492 4691 2962 4771 suscipiendam
3014 4702 3423 4774 praeparatur,
3466 4706 3535 4758 ut
3576 4699 3818 4762 dictum
3863 4710 3977 4764 est.

2490 4790 2636 4851 Ideo
2695 4790 2753 4851 S.
2818 4791 3154 4873 Dionysius
3214 4793 3571 4874 profectum
3630 4800 3979 4863 sanctitatis
4082 4824 4159 4869 ne
4204 4828 4329 4871 neci.

2490 4906 2744 4968 semper
2774 4889 3063 4969 designat.
3095 4909 3209 4971 per
3236 4891 3377 4965 hoc,
3412 4894 3579 4974 quod
3616 4904 3712 4958 est
3742 4916 3819 4957 ex
3852 4899 3980 4960 vita
4009 4884 4149 4993 {22⁸2
4164 4904 4331 4946 ‘'⁸¹³³‘-

2493 4986 2719 5066 partita
2753 4987 2817 5047 in
2849 4988 3044 5049 vitam
3077 4989 3320 5051 unitam
3353 4997 3983 5073 consurgere—Un-
4068 4980 4083 4999 ’
4152 4984 4167 4995 ’

2492 5085 2567 5145 de
2615 5092 2785 5166 patet
2826 5085 2993 5166 quod
3041 5088 3319 5148 caritatis
3358 5101 3769 5169 augmentum
3810 5095 3983 5156 simi-

2492 5181 2550 5242 le
2602 5189 2697 5242 est
2746 5192 3089 5263 augmento
3143 5186 3527 5248 naturalium
3577 5190 3979 5269 qualitatum,

2494 5280 2785 5360 quamvis
2846 5280 3101 5342 differat
3158 5282 3298 5364 ejus
3356 5284 3534 5366 origo
3589 5286 3670 5348 ab
3728 5289 3983 5355 illarum
