4359 6250
539 788 559 808 ·
570 785 688 828 alias
708 784 769 827 ibi

576 1808 710 1852 unu.
732 1808 788 1850 de

520 1871 744 1919 Trinitatis.

523 1935 597 1977 lib.
619 1946 663 1984 ιι,
681 1946 725 1976 n.
743 1935 783 1976 ⁹.

806 462 927 528 354
1699 478 1872 524 unm
1913 478 1932 522 ι
1976 475 2458 524 smmi-(runnu.
2505 491 2586 503 —
2627 474 2778 519 msr.
2825 473 3020 518 mm

810 655 1268 733 determinent,
1298 670 1429 716 non
1478 653 1624 716 ideo
1671 653 1888 733 potest
1925 651 2079 729 dici,
2107 649 2286 730 quod
2323 648 2548 711 divina
2577 647 2859 710 essentia
2895 647 2960 708 et
3005 645 3268 726 generet
3310 644 3375 707 et
3403 643 3767 724 generetur,
3807 641 3923 703 vel

815 770 993 852 quod
1026 770 1253 833 eadem
1292 788 1395 833 res
1432 770 1520 832 sit
1556 763 1719 831 sibi*
1752 768 1945 831 Pater
1982 769 2045 830 et
2084 767 2317 829 Filius.
2360 765 2461 828 Ita
2497 766 2672 828 enim
2713 763 3076 844 proprietas
3114 761 3505 825 determinat
3541 775 3924 842 personam,

816 888 892 951 ut
933 886 1055 950 hac
1091 886 1486 968 proprietate
1534 885 1911 965 hypostasis
1942 885 2029 948 sit
2066 900 2406 964 generanS,
2441 883 2506 945 et
2552 881 2667 943 illa
2701 880 2832 943 alia
2866 879 3242 960 hypostasis
3283 879 3371 941 sit
3406 878 3626 958 genita
3667 897 3682 937 :
3723 876 3790 939 et
3827 876 3932 936 ita

816 1018 948 1064 non
996 1001 1173 1064 idem
1218 1001 1485 1082 generat
1530 1002 1595 1063 et
1637 1000 2005 1082 generatur,
2056 998 2172 1062 sed
2218 997 2382 1061 alter
2417 997 2721 1060 alterum.

1117 1233 1202 1296 H.
1256 1237 1625 1303 Quoeritur
1671 1238 2027 1310 quomodo
2071 1233 2581 1306 proprietates
2619 1233 2929 1305 poss-unt
2973 1245 3128 1293 esse
3175 1233 3255 1293 in
3302 1231 3608 1303 natura,

1676 1352 1760 1412 ut
1804 1351 2057 1413 tamen
2103 1364 2282 1412 eam
2326 1363 2476 1413 non
2522 1348 3037 1412 determinent.

948 1563 1077 1628 Sed
1115 1562 1281 1626 forte
1326 1579 1603 1644 quaereS,
1637 1579 1845 1643 quum
1878 1563 1979 1625 hae
2026 1563 2458 1643 proprietates
2506 1578 2639 1624 non
2676 1561 2933 1642 possint
2969 1577 3112 1624 esse
3161 1560 3229 1622 in
3268 1559 3565 1640 personis
3603 1558 3764 1639 quin
3809 1573 3934 1619 eas

790 1681 1271 1759 determinent,
1314 1679 1646 1760 quomodo
1684 1680 1754 1741 in
1795 1679 2021 1741 divina
2056 1679 2340 1743 essentia
2377 1695 2520 1742 esse
2556 1677 2835 1759 possint,
2868 1677 2960 1740 ita
2996 1678 3230 1740 utnon
3275 1694 3423 1740 eam
3459 1674 3925 1738 determinent.

812 1795 1203 1876 Respondeo
1252 1795 1369 1858 tibi
1421 1797 1487 1858 et
1525 1796 1632 1858 hic
1676 1812 1829 1858 cum
1882 1795 2133 1858 Hilario
2178 1814 2192 1855 :
2236 1795 2374 1876 Ego
2413 1795 2659 1873 nescio,
2699 1811 2836 1856 non
2889 1793 3192 1874 requir03
3225 1792 3342 1856 sed
3391 1789 3777 1855 consolabor
3813 1807 3931 1852 me

813 1910 1054 1973 tamen.
1096 1910 1487 1992 Archangeli
1538 1911 1860 1990 nesciunt,
1902 1911 2136 1992 Angeli
2197 1927 2328 1974 non
2375 1910 2744 1988 audierunt,
2803 1909 3046 1973 saecula
3105 1926 3240 1972 non
3286 1910 3532 1986 tenent,
3593 1906 3932 1987 Propheta

812 2041 946 2088 non
998 2026 1226 2105 sensit,
1266 2025 1627 2107 Apostolus
1682 2043 1816 2089 non
1871 2026 2320 2106 interrogavit,
2352 2026 2564 2089 Filius
2612 2027 2752 2106 ipse
2800 2043 2934 2089 non
2984 2025 3210 2089 edidit.
3254 2024 3480 2088 Cesset
3529 2040 3682 2104 ergo
3735 2022 3934 2085 dolor

813 2141 1262 2222 querelarum3
1312 2159 1443 2204 non
1512 2143 1698 2222 putet
1762 2142 1960 2205 homo
2020 2159 2141 2205 sua
2208 2141 2640 2222 intelligentia
2699 2141 3140 2222 generationis
3196 2141 3681 2204 sacramentum
3728 2155 3932 2219 posse

812 2257 1147 2337 consequi.
1181 2257 1497 2321 Absolute
1535 2260 1754 2321 tamen
1793 2258 2256 2339 intelligendus
2295 2260 2394 2320 est
2430 2256 2626 2320 Pater
2663 2259 2728 2320 et
2765 2257 2976 2320 Filius
3014 2258 3079 2320 et
3116 2257 3402 2337 Spiritus
3439 2255 3738 2319 Sanctus.
3781 2255 3934 2318 Stat

814 2373 886 2436 in
912 2374 1037 2436 hoc
1066 2373 1193 2436 fine
1224 2374 1655 2456 intelligentia
1682 2375 2053 2438 verborum.
2088 2375 2206 2436 Est
2243 2373 2455 2436 Filius
2483 2391 2522 2436 a
2558 2373 2776 2451 Patre,
2809 2374 2926 2454 qui
2956 2375 3055 2436 est
3085 2372 3464 2453 unigenitus
3493 2371 3575 2434 ab
3606 2371 3929 2453 ingenito,

568 2511 591 2583 .'
646 2508 741 2551 zm.
766 2521 792 2551 a
820 2491 1164 2572 progenies
1218 2507 1257 2553 a
1303 2491 1594 2571 parente,
1635 2508 1809 2554 unus
1864 2490 1946 2553 ab
1993 2507 2127 2554 uno
2150 2485 2216 2569 *3
2262 2507 2394 2553 non
2444 2491 2677 2552 natura
2720 2490 3001 2553 Deitatis
3047 2489 3176 2552 alia
3226 2489 3291 2552 et
3328 2489 3479 2568 alia,
3525 2489 3683 2569 quia
3730 2487 3932 2550 ambo

539 2583 636 2614 nvo

525 2632 635 2675 lbid.
656 2646 701 2675 n.
728 2636 790 2676 io.

819 2624 1051 2669 unum.
1096 2607 1237 2670 Hoc
1276 2607 1595 2670 credendo
1625 2608 1864 2688 incipe,
1906 2623 2233 2687 percurre,
2275 2606 2551 2687 persiste
2585 2625 2599 2666 :
2635 2605 2756 2669 etsi
2784 2623 2916 2668 non
2951 2607 3420 2686 perventurum
3449 2605 3678 2684 sciam,
3707 2605 3934 2666 tamen

820 2723 1195 2804 gratulabor
1256 2722 1729 2804 profecturum.
1784 2722 1912 2795 Qui
1975 2723 2151 2786 enim
2226 2723 2333 2804 pie
2391 2722 2647 2785 infinita
2701 2723 3142 2803 prosequitur,
3197 2722 3322 2784 etsi
3377 2738 3511 2784 non
3565 2721 3929 2801 contingat,

820 2838 1174 2918 aliquando
1203 2839 1423 2902 tamen
1473 2839 1770 2920 proficiet
1822 2837 2229 2918 prodeundo.
2271 2838 2399 2902 Sed
2436 2855 2518 2900 ne
2568 2839 2631 2901 te
2668 2838 2918 2900 inseras
2958 2837 3024 2900 in
3062 2837 3228 2899 illud
3264 2838 3591 2900 secretum
3640 2837 3705 2899 et
3739 2853 3934 2899 arca-

531 2972 636 3016 ιιιω.
658 2985 702 3015 ιι.
726 2977 791 3016 u.
821 2971 984 3016 num
1022 2953 1445 3033 inopinabilis
1472 2954 1859 3033 nativitatiS,
1900 2955 2075 3016 nete
2113 2954 2490 3034 immergas,
2523 2970 2855 3016 summam
2884 2953 3334 3034 intelligentiae
3378 2952 3936 3033 comprehendere

550 3206 683 3250 Pron.
695 3218 749 3247 xx

529 3270 598 3312 27.

822 3084 1230 3149 praesumens
1260 3089 1277 3151 3
1327 3069 1441 3133 sed
1481 3069 1772 3151 intellige
1819 3068 2506 3150 incomprehensibilia
2543 3086 2706 3133 esse.
2742 3105 2830 3114 --
2860 3069 2984 3132 His
3022 3067 3300 3148 aliisque
3339 3068 3569 3132 multis
3597 3067 3940 3131 evidenter

754 3218 794 3255 v,
826 3183 1214 3264 ostenditur,
1236 3185 1457 3257 „nobis
1520 3185 1895 3249 nullatenus
1950 3186 2143 3249 licere
2204 3186 2614 3267 majestatem
2670 3187 3088 3267 perscrutari,
3133 3186 3247 3265 jus
3298 3203 3538 3267 ponere
3593 3186 3934 3266 potestati,

825 3298 1095 3361 modum
1145 3300 1676 3364 circumscribere
1721 3300 2001 3363 infinito.

988 3530 1042 3594 I.
1097 3534 1364 3600 Quibus
1409 3534 1979 3598 auetoritatibus
2024 3536 2447 3607 opinionem
2489 3549 2733 3608 suam,
2783 3536 3066 3597 scilieet
3109 3539 3302 3611 quod
3342 3535 3774 3607 proprietas

1538 3652 1796 3713 Patris
1839 3654 1953 3713 vel
2004 3653 2175 3712 Filii
2222 3666 2372 3714 non
2416 3652 2516 3713 sit
2563 3654 2776 3725 Deus,
2829 3652 3196 3715 muniant.

957 3861 1428 3927 Verumtamen
1464 3864 1759 3927 nondum
1788 3864 2114 3926 desistunt
2152 3863 2582 3944 impatientiae
2621 3863 2858 3943 spiritu
2895 3863 3146 3943 agitati,
3179 3862 3294 3926 sed
3325 3862 3702 3942 opinionem
3739 3880 3942 3926 suam

826 3977 1025 4040 etiam
1062 3977 1450 4041 Sanctorum
1488 3979 1988 4042 auctoritatibus
2018 3978 2278 4041 munire
2315 3979 2655 4057 conantur,
2696 3978 2938 4059 quibus
2968 3978 3308 4041 ostendere
3338 3978 3592 4058 volunt,
3632 3980 3944 4059 proprie—

826 4092 1028 4154 tatem
1067 4109 1199 4174 qua
1238 4093 1433 4156 Pater
1470 4096 1570 4157 est
1609 4094 1825 4173 Pater,
1863 4096 1926 4157 et
1956 4093 2422 4175 proprietatem
2453 4110 2584 4173 qua
2639 4093 2850 4156 Filius
2897 4096 2996 4155 est
3032 4092 3266 4173 Filius,
3307 4110 3440 4156 non
3479 4110 3620 4156 esse
3659 4094 3878 4156 Deum
3919 4114 3938 4156 τ

787 4266 797 4277 .
826 4208 909 4272 ad
946 4209 1072 4271 hoc
1100 4208 1483 4273 inducentes
1512 4209 1709 4272 verba
1738 4210 2093 4289 Augustini
2122 4226 2321 4290 super
2348 4209 2537 4271 illum
2576 4209 2796 4272 locum
2823 4208 3097 4288 Psalmi,
3121 4210 3205 4271 Et
3243 4227 3375 4271 non
3405 4210 3504 4272 est
3539 4210 3936 4290 substantia,

761 4325 920 4393 „ita
954 4324 1233 4387 dicentis
1275 4343 1289 4383 :
1332 4324 1512 4387 Deus
1559 4324 1736 4387 enim
1786 4325 2090 4405 quaedam
2141 4323 2510 4387 substantia
2547 4326 2665 4386 est.
2721 4324 2908 4387 Unde
2956 4325 3154 4388 etiam
3207 4325 3276 4387 in
3314 4325 3442 4389 fide
3481 4325 3798 4389 catholica
3835 4328 3944 4389 sic

828 4439 1229 4501 aedificamur
1264 4440 1339 4500 ut
1374 4438 1696 4517 dicamUS,
1740 4439 2003 4502 Patrem
2064 4441 2129 4502 et
2183 4438 2429 4502 Filium
2477 4442 2541 4501 et
2585 4439 2906 4519 Spiritum
2957 4440 3270 4505 Sanctum
3323 4442 3524 4503 unius
3581 4458 3722 4504 esse
3773 4440 3944 4503 sub-

825 4554 1106 4617 stantiae.
1150 4553 1326 4628 Quid
1373 4556 1473 4617 est
1530 4555 1729 4617 unius
1782 4554 2165 4617 substantiae
2197 4554 2228 4615 ἱ)
2275 4554 2612 4634 Quidquid
2659 4555 2758 4618 est
2801 4556 2994 4618 Pater
3031 4556 3207 4635 quod
3257 4556 3439 4619 Deus
3485 4559 3608 4635 est,
3643 4557 3765 4619 hoc
3831 4560 3942 4619 est

824 4669 1059 4749 Filius,
1100 4669 1227 4734 hoc
1282 4672 1381 4735 est
1436 4671 1722 4752 Spiritus
1771 4672 2069 4734 SanctuS.
2105 4670 2328 4743 Quum
2379 4671 2598 4734 autem
2652 4672 2847 4734 Pater
2897 4673 3018 4750 est,
3059 4689 3192 4735 non
3239 4671 3404 4735 illud
3455 4675 3555 4736 est
3609 4673 3785 4755 quod
3825 4674 3937 4737 vel

824 4802 956 4867 quo
996 4787 1095 4849 est
1136 4806 1151 4846 ε
1192 4786 1388 4850 Pater
1424 4788 1602 4850 enim
1642 4804 1772 4849 non
1819 4787 1900 4849 ad
1938 4804 2008 4850 se
2052 4787 2167 4851 sed
2205 4788 2288 4850 ad
2328 4786 2575 4850 Filium
2613 4786 2890 4864 dicitur;
2921 4788 3004 4849 ad
3059 4805 3128 4851 se
3166 4789 3387 4851 autem
3435 4788 3616 4852 Deus
3663 4790 3932 4852 dicitur.

822 4902 920 4965 Eo
972 4901 1175 4983 igitur
1211 4902 1389 4982 quod
1429 4903 1532 4966 vel
1571 4920 1703 4983 quo
1757 4903 1937 4965 Deus
1975 4904 2095 4982 est,
2137 4902 2507 4965 substantia
2553 4904 2673 4965 est.
2723 4904 2803 4964 Et
2846 4903 3003 4983 quia
3048 4902 3344 4983 ejusdem
3391 4904 3774 4969 substantiae
3829 4908 3940 4969 est

823 5018 1057 5098 Filius,
1090 5018 1320 5098 procul
1348 5018 1550 5081 dubio
1582 5020 1647 5081 et
1675 5018 1885 5081 Filius
1914 5020 2014 5081 est
2050 5019 2251 5081 DeuS.
2285 5016 2374 5079 At
2402 5034 2556 5081 vero
2595 5018 2773 5097 quod
2808 5018 3004 5080 Pater
3041 5020 3160 5097 est,
3184 5020 3342 5099 quia
3376 5037 3508 5083 non
3545 5020 3936 5084 substantive

824 5134 945 5213 est,
987 5134 1103 5197 sed
1157 5133 1435 5197 refertur
1485 5133 1568 5196 ad
1622 5133 1893 5213 Filium,
1934 5150 2066 5196 non
2113 5134 2209 5196 sic
2255 5133 2540 5196 dicimus
2587 5134 2831 5196 Filium
2880 5134 3144 5197 Patrem
3201 5152 3365 5215 esse,
3417 5136 3589 5198 sicut
3648 5135 3940 5200 dicimus

822 5248 1072 5313 Filium
1103 5249 1317 5313 Deum
1359 5268 1523 5314 esse.
1560 5251 1661 5312 Ex
1698 5251 1804 5313 his
1842 5249 2057 5314 verbis
2094 5250 2450 5330 significari
2487 5250 2736 5328 dicunt,
2770 5249 2949 5330 quod
2985 5250 3349 5331 proprietas
3376 5251 3592 5315 Patris
3629 5252 3736 5316 vel
3773 5269 3935 5333 pro-
