4359 6250
978 519 1065 568 AN
1103 519 1328 568 CERTUS
1369 520 1444 568 ΕΤ
1485 519 1872 568 mumulus
1916 519 2010 566 SIT
2049 519 2332 568 Nummus
2374 521 2972 569 PRAEnEsTmATonuu

3396 502 3513 568 521

421 697 526 754 tur
561 691 767 774 gratia
805 691 941 766 Dei,
975 692 1198 756 saltem
1238 691 1537 755 finaliter.
1573 693 1738 754 Deus
1767 707 1918 773 ergo
1947 690 1998 754 A
2026 709 2155 753 non
2204 691 2333 754 sint
2381 692 2564 755 facta.
2618 692 2737 756 Sed
2796 692 3268 776 praedestinatio
3322 693 3519 775 hujus

419 791 486 853 in
517 811 584 854 se
615 791 760 873 ipso
789 790 1370 875 praedeterminavit
1406 791 1642 874 quibus
1671 798 1736 853 et
1765 798 1920 872 quot

417 891 684 952 daturus
723 897 894 953 esset
933 889 1200 972 gratiam
1243 898 1308 952 et
1351 910 1538 952 usum
1575 890 1718 971 ejus
1751 889 1917 952 salu-

418 988 619 1052 brem.
655 989 800 1072 Ipse
836 1007 1094 1072 quoque
1131 987 1428 1052 Albertus
1470 989 1574 1050 hic
1615 996 1920 1071 protesta-

417 1095 542 1160 tur,
585 1088 758 1170 quod
808 1089 1281 1170 praedestinatio
1327 1095 1426 1150 est
1473 1106 1662 1150 causa
1703 1087 1922 1169 gratiae

418 1186 486 1247 in
529 1185 737 1249 libero
776 1186 1061 1249 arbitrio.

499 1285 837 1348 Durandus
884 1286 1080 1348 etiam
1126 1285 1214 1348 ait
1269 1285 1376 1348 hic
1431 1306 1444 1350 :
1494 1285 1922 1348 lntallibititas

417 1382 708 1446 scientiae
756 1402 882 1466 qua
928 1384 1095 1446 Deus
1137 1384 1260 1446 scit
1303 1401 1644 1446 numerum
1688 1385 1925 1466 praede-

417 1481 826 1556 stinatorum,
878 1500 1006 1544 non
1067 1490 1164 1544 est
1221 1482 1568 1545 necessitas
1615 1483 1924 1565 simplici·

419 1587 538 1652 ter,
585 1578 698 1641 sed
738 1599 816 1642 ex
859 1580 1247 1654 conditione,
1289 1588 1360 1642 ut
1403 1587 1572 1662 patet
1615 1599 1693 1643 ex
1736 1580 1924 1643 dictis

417 1679 500 1740 de
559 1678 1057 1760 praecognitione
1115 1678 1624 1760 contingentium
1676 1678 1923 1741 futuro-

417 1797 586 1839 rum.
636 1777 800 1840 Hinc
847 1795 974 1840 non
1019 1784 1118 1840 est
1161 1777 1638 1840 concedendum
1682 1775 1924 1858 simpli-

2027 789 2456 871 praedestinati
2509 791 2757 853 transiit
2804 791 2869 853 in
2914 791 3329 873 praeteritum,
3370 792 3523 874 quia

2027 888 2503 970 praedestinavit
2544 891 2737 953 istum
2780 891 2861 953 ab
2902 898 3140 954 aeterno
3181 910 3196 955 :
3239 909 3391 973 ergo
3428 899 3525 954 est

2028 986 2413 1068 simpliciter
2452 988 2907 1064 necessarium,
2948 1008 3067 1052 nec
3109 997 3317 1072 potest
3358 991 3524 1053 Deus

2029 1103 2157 1147 non
2223 1086 2723 1167 praedestinasse.
2783 1123 2864 1133 —-
2918 1089 3243 1162 Praeterea,
3302 1088 3356 1150 si
3418 1106 3525 1171 po-

2031 1190 2154 1246 test
2204 1184 2690 1265 praedestinatus
2734 1185 3043 1260 damnari,
3088 1185 3209 1248 hoc
3253 1204 3380 1248 non
3427 1193 3525 1248 est

2033 1281 2157 1344 nisi
2219 1301 2334 1364 per
2386 1291 2601 1345 actum
2664 1303 2794 1346 suae
2852 1284 3125 1366 propriae
3181 1303 3254 1347 ae
3306 1284 3525 1348 liberae

2033 1379 2380 1442 voluntatis
2437 1399 2453 1444 ε
2514 1400 2663 1462 ergo
2725 1401 2841 1464 per
2898 1391 3112 1445 actum
3180 1383 3527 1446 voluntatis

2033 1487 2259 1542 creatae
2318 1488 2531 1562 posset
2591 1481 2887 1563 impediri
2945 1489 3124 1544 actus
3182 1481 3529 1544 voluntatis

2032 1578 2284 1641 divinae.

2115 1677 2211 1738 Ad
2243 1677 2659 1759 quaestionem
2693 1679 2854 1742 hanc
2883 1680 3325 1762 respondetur,
3358 1680 3531 1763 quod

2035 1775 2509 1857 praedestinatio
2539 1777 2795 1860 proprie
2834 1785 3090 1860 sumpta
3127 1778 3285 1840 dicit
3313 1786 3530 1841 actum

417 1875 602 1950 citer,
637 1875 1124 1938 Praedestinatus
1155 1875 1503 1938 salvabitur
1539 1875 1918 1948 necessarie,
1959 1877 2008 1940 B
2037 1874 2381 1938 voluntatis
2422 1875 2678 1948 divinae,
2722 1876 3023 1938 videlicet
3064 1877 3530 1940 ordinationem

414 1975 526 2036 sed
559 1974 683 2036 sub
715 1974 1080 2037 conditione
1117 1993 1232 2037 seu
1271 1973 1822 2049 determinatione,
1858 1973 1922 2036 in

415 2079 734 2154 quantum
776 2072 1282 2153 praedestinatus,
1320 2072 1442 2135 hoc
1480 2079 1575 2135 est
1619 2072 1685 2134 in
1731 2091 1921 2135 sensu

415 2171 818 2252 composit03
867 2179 932 2233 et
985 2179 1082 2233 est
1139 2171 1484 2234 necessitas
1535 2188 1924 2252 consequen—

414 2269 542 2342 tiae,
579 2287 709 2332 non
739 2270 1210 2352 consequentis.
1242 2259 1324 2316 ’-
1353 2270 1417 2332 Si
1456 2277 1670 2332 aute-m
1707 2269 1800 2331 sic
1830 2289 1924 2331 ar-

413 2375 646 2448 guatur
701 2387 716 2432 :
770 2367 1093 2449 Quidquid
1141 2369 1308 2432 Deus
1356 2388 1638 2452 unquam
1688 2368 1918 2451 potuit,

414 2466 628 2529 adhuc
657 2473 904 2548 potest3
936 2466 1046 2528 sed
1078 2465 1283 2548 potuit
1313 2483 1442 2530 non
1471 2467 1924 2550 praedestinare

415 2564 498 2628 ab
529 2571 770 2628 aeterno
799 2582 960 2645 quos
991 2565 1502 2647 praedestinavit:
1535 2583 1686 2647 ergo
1715 2572 1923 2648 potest

418 2681 526 2726 eos
585 2681 759 2725 nune
819 2678 946 2725 non
1011 2663 1479 2744 praedestinare.
1541 2664 1918 2738 Dicendum,

417 2761 590 2843 quod
639 2761 810 2824 Deus
867 2779 1198 2842 nunquam
1249 2762 1456 2843 potuit
1509 2779 1636 2825 non
1687 2763 1922 2845 praede-

415 2860 656 2922 stinare
697 2879 890 2942 quem
931 2859 1427 2941 praedestinavit,
1457 2867 1566 2922 aut
1597 2859 1920 2943 praedesti-

415 2977 568 3022 nare
608 2977 804 3040 quem
848 2976 977 3021 non
1019 2956 1514 3039 praedestinavit,
1545 2957 1920 3041 accipiendo

2032 1973 2365 2037 electionis
2414 1973 2689 2056 alicujus
2733 1983 3036 2038 creaturae
3082 1976 3531 2040 intellectualis

2033 2071 2134 2132 vel
2173 2071 2499 2134 rationalis
2539 2090 2653 2154 per
2688 2072 3081 2135 voluntatem
3123 2074 3406 2137 divinam
3449 2075 3527 2138 ad

2031 2169 2297 2250 gratiam
2336 2177 2401 2232 et
2427 2169 2717 2251 gloriam,
2752 2171 3047 2252 quamvis
3084 2171 3286 2255 accipi
3330 2173 3529 2254 possit

2031 2286 2149 2350 pro
2175 2267 2425 2330 actione
2455 2268 2816 2332 intellectus
2846 2270 3313 2334 concomitante
3342 2271 3527 2334 istam

2030 2365 2427 2429 electionem.
2482 2367 2558 2428 Et
2606 2367 2775 2430 sicut
2822 2368 2887 2430 in
2945 2368 3227 2449 generali
3283 2369 3527 2432 dictum

2029 2472 2128 2527 est
2164 2464 2244 2526 de
2285 2464 2574 2527 libertate
2611 2474 2677 2528 et
2714 2465 3147 2548 contingentia
3185 2468 3529 2533 voluntatis

2029 2563 2263 2626 divinae
2310 2572 2601 2646 respectu
2650 2582 3205 2648 quorumcumque
3251 2567 3530 2649 objecto-

2029 2681 2174 2724 rum
2206 2661 2729 2725 secundariorum
2768 2663 3168 2746 specialium,
3202 2665 3290 2727 ita
3315 2665 3530 2729 dicen-

2028 2761 2183 2825 dum
2213 2769 2311 2823 est
2340 2768 2631 2843 respectu
2662 2761 2857 2843 hujus
2887 2762 3125 2844 objecti
3153 2765 3525 2840 secundarii,

2027 2860 2194 2924 velle
2240 2859 2391 2923 huic
2432 2860 2701 2942 gratiam
2742 2869 2808 2923 et
2847 2862 3133 2943 gloriam.
3169 2899 3249 2910 —
3278 2865 3369 2926 Ex
3407 2865 3526 2928 hoc

2029 2959 2193 3032 dico,
2228 2960 2399 3042 quod
2432 2967 2691 3041 propter
2721 2959 2831 3022 illa
2860 2980 3001 3042 quae
3042 2961 3342 3043 praedicta
3380 2971 3530 3026 sunt

413 3057 484 3120 in
541 3075 737 3120 sensu
788 3055 1164 3139 composit0,
1218 3055 1338 3119 hoc
1387 3063 1482 3118 est
1531 3075 1646 3140 pro
1694 3056 1917 3119 eodem
1956 3063 2001 3129 C
2033 3057 2096 3120 in
2126 3058 2249 3120 alia
2281 3057 2654 3140 quaestione,
2689 3059 2857 3140 quod
2888 3059 3053 3123 Deus
3088 3061 3531 3143 contingenter

412 3164 704 3239 tempore
754 3156 856 3219 vel
916 3174 1032 3238 pro
1087 3155 1306 3237 aliquo
1355 3174 1526 3218 nunc
1580 3173 1594 3218 :
1644 3173 1918 3237 quorum

411 3275 616 3318 unum
655 3254 929 3318 includit
968 3253 1033 3316 in
1075 3273 1142 3316 re
1183 3252 1772 3327 contradictionem,
1807 3254 1919 3316 ali-

409 3355 499 3416 ud
542 3353 728 3436 ponit
767 3354 832 3415 in
873 3352 1002 3415 Deo
1045 3351 1487 3415 mutationem.
1530 3350 1920 3433 Accipiendo

409 3461 630 3515 autem
690 3451 952 3513 divisim
1007 3459 1072 3513 et
1119 3451 1197 3513 de
1247 3458 1557 3533 potestate
1605 3450 1916 3525 absoluta,

411 3552 584 3615 Deus
617 3558 824 3633 potest
860 3569 1034 3613 nunc
1075 3549 1525 3631 praedestinare
1565 3568 1758 3633 quem
1792 3568 1918 3613 non

413 3648 894 3733 praedestinavit
956 3668 970 3712 :
1033 3648 1184 3730 quia
1250 3649 1372 3711 hoc
1441 3667 1648 3731 posse,
1709 3649 1916 3711 solum

413 3750 722 3831 importat
753 3747 1112 3811 libertatem
1151 3746 1262 3809 Dei
1305 3754 1596 3828 respectu
1637 3747 1780 3811 talis
1811 3748 1919 3810 ob-

408 3848 590 3931 jecti.
626 3847 742 3910 Per
781 3846 916 3910 haec
959 3864 1110 3909 vero
1153 3863 1278 3908 non
1319 3844 1566 3907 tollitur
1604 3847 1918 3909 certitudo

413 3945 1014 4031 praedestinationiS,
1076 3965 1218 4027 quae
1275 3942 1538 4026 ponitur
1597 3943 1662 4005 in
1724 3963 1915 4007 sensu

411 4044 791 4127 composito.
839 4044 986 4107 Haec
1027 4044 1380 4105 Durandus.

493 4142 727 4207 Contra
763 4142 950 4223 cujus
990 4140 1261 4204 verbum
1301 4142 1470 4224 quod
1504 4140 1616 4215 ait,
1655 4140 1918 4204 Sumen-

2031 3158 2440 3238 praedestinat
2498 3156 2685 3219 illum
2742 3177 2933 3239 quem
2994 3160 3402 3241 praedestinat
3464 3171 3529 3225 et

2030 3262 2235 3337 potest
2274 3274 2400 3318 non
2444 3255 2916 3337 praedestinare,
2954 3275 3079 3319 non
3120 3258 3289 3339 quod
3333 3259 3527 3323 simul

2030 3353 2230 3435 possit
2268 3354 2459 3418 ambo
2499 3354 2813 3437 opposita,
2846 3374 2965 3417 nec
2998 3357 3380 3432 successive,
3414 3359 3525 3420 sed

2028 3450 2218 3513 ambo
2254 3452 2514 3515 divisim
2554 3452 2621 3514 in
2662 3452 2923 3515 instanti
2962 3454 3331 3517 aeternitatis
3374 3473 3389 3518 :
3432 3456 3525 3519 sic

2031 3549 2094 3612 in
2145 3550 2471 3632 proposito
2515 3550 2681 3625 dico,
2715 3551 2885 3633 quod
2926 3551 3045 3615 iste
3083 3552 3194 3634 qui
3234 3561 3332 3615 est
3367 3574 3524 3636 prae-

2027 3649 2400 3724 destinatus,
2434 3658 2643 3733 potest
2672 3650 2978 3712 damnari.
3010 3651 3149 3715 Non
3178 3652 3349 3714 enim
3386 3671 3527 3736 pro-

2029 3756 2171 3831 pter
2220 3748 2841 3830 praedestinationem
2892 3756 2987 3811 est
3033 3748 3327 3813 voluntas
3384 3752 3525 3834 ejus

2027 3845 2406 3909 confirmata
2450 3864 2466 3909 t
2514 3846 2655 3909 ideo
2696 3853 2907 3929 potest
2948 3864 3211 3930 peccare
3253 3858 3317 3911 et
3358 3851 3530 3913 dam·

2025 3944 2183 4006 nari.
2231 3944 2547 4017 Quantum
2588 3962 2741 4007 vero
2782 3944 2861 4007 ad
2906 3944 3198 4027 logicam,
3243 3949 3527 4030 proposi·

2025 4043 2114 4106 tio
2159 4043 2484 4126 proposita
2527 4062 2641 4125 per
2684 4044 3213 4127 compositionem
3259 4054 3324 4109 et
3363 4046 3525 4109 divi-

2024 4141 2268 4204 sionem
2309 4147 2405 4203 est
2442 4141 2945 4222 distinguenda:
2987 4150 3177 4225 atque
3221 4144 3286 4207 in
3330 4164 3519 4208 sensu

408 4242 493 4303 do
521 4240 805 4314 divisim,
829 4240 995 4302 Deus
1027 4246 1234 4321 potest
1263 4259 1434 4301 nunc
1465 4238 1914 4322 praedestinare
1943 4246 1994 4308 D
2025 4240 2379 4323 composito
2415 4239 2649 4302 falsum
2689 4248 2787 4302 est
2824 4242 3340 4323 praedestinatum
3381 4262 3523 4355 pos-

407 4358 608 4423 quem
640 4357 768 4401 non
802 4337 1295 4420 praedestinavit,
1322 4346 1526 4420 potest
1557 4338 1652 4400 sic
1683 4338 1912 4419 objici:

407 4437 885 4502 Praedestinatio
922 4444 1018 4498 est
1055 4444 1236 4499 actus
1277 4436 1342 4498 in
1372 4436 1547 4500 Deo
1530 4456 1912 4511 immanens,

407 4544 483 4598 ut
523 4535 732 4618 patuit
767 4553 978 4616 supra.
1015 4534 1135 4597 Sed
1177 4534 1574 4616 impossibile
1613 4542 1733 4609 est,
1776 4554 1916 4598 esse

409 4636 480 4698 in
517 4635 649 4697 Deo
689 4641 904 4695 actum
945 4632 1400 4695 immanentem
1444 4634 1520 4695 de
1561 4652 1749 4697 nove.

491 4733 800 4796 Praeterea
833 4730 1058 4793 Scotus
1087 4730 1316 4812 quaerit
1343 4729 1471 4804 hic,
1507 4738 1722 4794 utrum
1757 4751 1912 4814 prae-

411 4831 768 4895 destinatus
817 4829 1020 4911 possit
1068 4828 1374 4891 damnari.
1427 4828 1691 4893 Videtur
1741 4831 1912 4913 quod

409 4948 564 5005 non,
605 4929 760 5011 quia
801 4947 991 4992 omne
1035 4928 1426 5010 praeteritum
1467 4936 1564 4991 est
1605 4930 1914 5013 simplici-

411 5038 510 5091 ter
565 5026 1021 5090 necessarium.
1077 5026 1248 5089 Unde
1307 5034 1486 5089 sexto
1544 5028 1912 5092 Ethicorum

410 5128 502 5190 ait
537 5124 964 5207 Philosophus
998 5142 1014 5187 :
1056 5124 1186 5187 Hoc
1223 5124 1359 5188 solo
1396 5124 1684 5207 privatur
1723 5128 1908 5200 Deus,

412 5224 696 5306 ingenita
725 5223 936 5286 facere
966 5241 1110 5303 quae
1138 5221 1303 5285 facta
1333 5230 1502 5297 sunt,
1525 5224 1586 5285 id
1611 5227 1908 5307 est,quod

413 5340 538 5391 non
585 5329 798 5404 potest
849 5320 1056 5383 iacere
1105 5328 1176 5382 ut
1220 5339 1295 5383 ea
1342 5341 1484 5403 quae
1531 5321 1697 5385 facta
1741 5332 1910 5400 sunt,

2023 4358 2091 4401 se
2139 4338 2447 4401 damnari.
2501 4337 2571 4400 ln
2618 4358 2811 4401 sensu
2860 4358 3113 4451 quoque
3160 4324 3517 4418 divisionis,

2023 4444 2172 4500 sunt
2214 4438 2355 4501 duae
2396 4437 2806 4519 categoricae3
2850 4446 2913 4501 et
2959 4438 3024 4501 in
3069 4458 3193 4502 una
3230 4442 3520 4504 enuntia-

2024 4545 2127 4599 tur
2174 4538 2252 4599 de
2310 4535 2525 4617 aliqua
2582 4555 2853 4617 persona
2910 4536 3326 4601 beatificabili
3382 4559 3521 4604 esse

2024 4633 2567 4717 praedestinatum,
2599 4641 2662 4697 et
2705 4635 2771 4697 in
2815 4636 2939 4698 alia
2982 4653 3167 4719 posse
3208 4638 3515 4700 damnari.

2023 4734 2100 4795 Et
2142 4733 2347 4796 ambae
2395 4741 2545 4797 sunt
2591 4753 2757 4797 verae
2795 4735 2873 4797 de
2913 4735 3137 4798 eodem
3177 4734 3467 4816 subjecto
3500 4757 3515 4801 :

2023 4851 2150 4895 non
2192 4832 2334 4894 ideo
2374 4832 2543 4913 quod
2583 4831 2775 4894 simul
2815 4832 3059 4914 possint
3101 4852 3238 4895 esse
3267 4836 3519 4916 opposi-

2023 4938 2106 5005 ta,
2148 4950 2268 4992 nec
2310 4930 2454 4993 ideo
2495 4928 2645 5011 quia
2689 4947 2890 4991 unum
2936 4929 3135 5011 possit
3174 4933 3515 4995 succedere

2022 5028 2227 5101 alteri,
2278 5028 2429 5110 quia
2476 5027 2542 5089 in
2595 5026 2945 5090 aeternitate
2998 5036 3095 5090 est
3147 5035 3510 5111 utrumque,

2023 5128 2133 5190 sed
2195 5128 2261 5189 in
2316 5132 2626 5209 quantum
2686 5124 2905 5187 divina
2950 5126 3171 5190 volitio
3228 5127 3514 5191 conside-

2023 5234 2199 5288 ratur
2260 5233 2329 5287 ut
2390 5223 2765 5286 naturaliter
2826 5224 3002 5306 prior
3066 5224 3335 5287 transitu
3397 5243 3515 5290 suo

2023 5341 2219 5406 super
2254 5323 2410 5385 illud
2449 5321 2773 5403 objectum
2811 5321 2980 5403 quod
3022 5330 3119 5384 est
3156 5322 3357 5404 gratia
3400 5342 3512 5387 seu
