4359 6250
889 462 1008 529 172
1406 488 1470 533 m
1511 488 1732 534 mamm
1776 490 1796 533 ι
1838 489 2321 535 εΕΝΤΕΝτιΑΒυΜ.
2366 508 2446 518 -
2488 492 2639 537 msr.
2685 492 2833 537 xxiv
2876 492 3126 554 sumtu
3170 493 3391 547 omnsr.
3441 496 3461 539 1

885 660 1236 741 multiplex
1278 660 1343 725 et
1384 660 1835 741 numerabilis,
1875 662 2031 743 quia
2067 663 2327 725 trinitas
2366 663 2465 726 est
2509 664 2712 726 trium
2758 665 3001 729 unitas.
3046 667 3213 729 Ecce
3258 667 3578 731 unitatem
3626 667 3787 730 dicit
3836 685 3985 731 esse

885 778 1308 857 singularem,
1349 780 1414 841 et
1463 778 1820 841 trinitatem
1865 779 2303 860 multiplicem
2352 781 2417 842 et
2457 781 2954 845 numerabilem.
3000 782 3127 847 Sed
3180 783 3260 845 ad
3310 783 3436 847 hoc
3478 784 3783 862 dicimuS‚
3824 785 3989 865 quia

883 885 1282 965 singularem
1339 886 1588 967 accepit
1649 886 1821 948 sicut
1881 889 1945 949 et
2018 886 2128 948 alii
2194 887 2523 967 accipiunt
2571 904 2822 969 unum3
2874 890 3308 972 multiplicem
3365 909 3521 955 vero
3568 893 3635 957 et
3678 909 3989 955 numera-

882 1001 1107 1081 bilem,
1149 1002 1322 1065 sicut
1365 1002 1478 1063 alii
1525 1002 1752 1065 dicunt
1789 1004 2059 1066 trinum.

2403 1229 2455 1291 A
2562 1230 2653 1293 Ad
2688 1232 2806 1294 hoc
2835 1232 3190 1296 Alexander
3227 1238 3569 1318 respondet
3603 1254 3615 1298 :
3650 1237 3818 1300 Inter
3848 1258 3987 1301 om-

1450 1297 1808 1360 SUMMA
2484 1348 2596 1391 nes
2637 1328 2911 1392 unitates
2949 1351 3091 1412 quae
3130 1342 3393 1415 possunt
3423 1353 3562 1397 esse
3600 1344 3709 1397 aut
3746 1336 3985 1399 intelli-

907 1474 1512 1531 nlsrlucrloms
1560 1477 1960 1533 vicsssnllAE
2007 1478 2345 1543 QUARTAE
2482 1428 2567 1538 ssl’
2604 1448 2855 1491 summa
2884 1439 2945 1491 ‘³⁸
2978 1431 3255 1541 maxima
3293 1442 3387 1495 ‘³5²
3428 1434 3638 1497 unitas
3678 1436 3827 1515 Dei3
3863 1456 3987 1498 ¹120
4289 1494 4290 1523 Ν

2482 1546 2540 1587 ei
2574 1536 2883 1609 repugnat
2916 1529 3245 1610 pluralitas
3286 1550 3699 1613 personarum
3731 1542 3840 1595 aut
3870 1552 3983 1596 no·

4289 1724 4290 1753 l

2481 1625 2747 1688 tionum.
2794 1626 2871 1688 Et
2913 1630 3081 1709 quod
3124 1629 3378 1703 dicitur,
3422 1632 3591 1712 quod
3638 1632 3842 1713 maior
3884 1642 3985 1695 est

879 1725 1007 1889 IN
1037 1732 1166 1788 tota
1197 1726 1313 1787 hac
1345 1725 1752 1789 distinctione
1785 1728 2132 1809 inquiritur
2160 1738 2222 1790 et
2257 1736 2373 1791 tra·
2484 1726 2690 1786 unitas
2731 1725 2867 1788 sine
2902 1727 3261 1808 pluralitate
3301 1748 3491 1809 quam
3526 1749 3673 1791 cum
3716 1731 3981 1812 plurali-

979 1832 1205 1899 ctatur,
1240 1826 1512 1906 qualiter
1545 1827 1674 1889 Deo
1711 1827 2091 1889 conveniant
2123 1848 2199 1891 ea
2230 1848 2371 1910 quae-
2484 1832 2628 1897 tate,
2681 1824 3024 1887 dicendum
3083 1828 3254 1908 quod
3312 1828 3433 1889 boc
3482 1847 3707 1891 verum
3754 1838 3852 1892 est
3912 1831 3981 1892 in

876 1943 1215 1986 numerum
1252 1934 1316 1986 et
1354 1924 1784 1987 diversitatem
1823 1945 1896 1987 ac
1936 1928 2371 2009 multiplicita-
2482 1922 2673 1985 rebus
2718 1924 2965 1997 creatiS‚
3011 1942 3139 1986 non
3190 1925 3255 1987 in
3299 1926 3534 1989 divinis
3580 1944 3593 1988 :
3640 1928 3771 1990 imo
3811 1928 3985 1990 sicut

875 2034 1004 2086 tem
1057 2025 1421 2107 important,
1467 2034 1530 2087 et
1577 2026 1730 2107 quid
1783 2027 1846 2087 in
1895 2027 2130 2091 divinis
2177 2028 2371 2109 signi·
2483 2021 2790 2082 unitatem
2830 2042 3097 2085 summer
3128 2024 3425 2105 potentiae
3465 2025 3667 2105 magis
3704 2027 3987 2088 declarat

877 2123 1095 2197 ficent,
1146 2124 1420 2206 qualiter
1467 2124 1657 2186 etiam
1719 2144 1884 2188 unus
1933 2134 1996 2188 et
2044 2125 2254 2190 unitas
2304 2127 2371 2189 in
2482 2119 2824 2182 multitudo
2874 2128 3302 2183 creaturarum
3362 2130 3553 2203 atque
3602 2123 3982 2197 effectuum,

876 2223 1004 2285 Deo
1045 2222 1456 2304 accipiantur.
2481 2236 2672 2299 quam
2734 2218 2984 2298 unitas3
3036 2220 3123 2281 ita
3174 2220 3502 2302 pluralitas
3563 2240 3983 2303 personarum

2481 2318 2759 2399 amplius
2821 2318 3184 2381 manifestat
3231 2320 3541 2382 unitatem
3602 2321 3837 2385 divinae
3886 2342 3986 2385 es-

2405 2421 2452 2483 B
2482 2416 2724 2489 sentiae,
2755 2435 2946 2497 quam
2981 2417 3192 2479 unitas
3222 2435 3508 2499 personae
3538 2427 3647 2481 aut
3676 2420 3981 2483 notioniS.

1188 2550 1664 2623 QUAESTIO
1731 2553 2062 2617 PRIMA
2481 2516 2655 2577 Unde
2715 2516 3066 2577 secundum
3124 2516 3575 2597 Augustinum,
3626 2519 3792 2581 sicut
3840 2540 3985 2583 ver-

2481 2612 2637 2674 bum
2676 2613 2951 2675 declarat
2994 2614 3055 2674 id
3102 2615 3269 2696 quod
3319 2615 3589 2678 habetur
3628 2616 3696 2679 in
3739 2618 3981 2690 animo,

2481 2713 2573 2775 sic
2602 2713 2929 2795 pluralitas
2961 2732 3375 2795 personarum
3407 2716 3709 2779 virtutem
3740 2737 3812 2781 ac
3846 2722 3987 2781 uni-

1029 2814 1090 2876 Ic
1148 2815 1454 2896 quaeritur
1506 2816 1734 2899 primo,
1789 2818 1918 2882 An
1969 2817 2131 2883 Deo
2181 2832 2372 2886 vere
2480 2820 2673 2874 tatem
2722 2813 2954 2875 divinae
3013 2814 3235 2895 pandit
3282 2816 3590 2878 essentiae.
3643 2817 3861 2899 Itaque
3912 2820 3981 2881 in

1056 2926 1148 2980 ao
1191 2914 1512 2996 proprie
1555 2917 1958 2995 competat
1997 2918 2289 2985 unitas,
2482 2911 2601 2973 hoc
2653 2911 2863 2973 unitas
2911 2930 2983 2973 ac
3028 2912 3405 2994 simplicitas
3457 2914 3833 2979 universalis
3882 2937 3983 2979 es—

946 3012 1209 3074 Videtur
1237 3015 1407 3095 quod
1439 3014 2154 3095 non.Primo‚quoniam
2186 3017 2245 3079 S.
2271 3017 2372 3079 Di·
2482 3010 2701 3072 sen'tiae
2740 3009 2821 3071 ab
2861 3010 3101 3072 unitate
3142 3011 3373 3074 divinae
3412 3014 3701 3076 essentiae
3730 3014 3981 3091 deficit,

584 3110 1138 3193 oep.u,xm.0nysius
1204 3111 1266 3173 in
1332 3111 1495 3176 libro
1555 3112 1632 3175 de
1695 3112 1939 3176 Divinis
1999 3114 2371 3178 nominihus
2482 3110 2652 3191 quod
2700 3109 2993 3191 quamvis
3054 3118 3321 3193 utraque
3370 3114 3837 3176 communicata
3896 3116 3985 3178 sit

879 3215 1283 3290 protestatur,
1349 3212 1514 3292 quod
1584 3213 1749 3274 Deus
1816 3220 1912 3274 est
1971 3221 2116 3275 ante
2184 3231 2372 3277 omne
2483 3209 2799 3290 pluribuS‚
2834 3209 3213 3272 universalis
3254 3219 3465 3272 tamen
3506 3214 3779 3275 essentia
3816 3216 3985 3277 mul-

878 3327 1101 3382 unnm,
1135 3317 1198 3370 et
1229 3317 1372 3371 ante
1403 3327 1660 3372 omnem
1701 3311 2008 3372 unitatem
2050 3331 2122 3373 ac
2158 3312 2373 3374 multi·
2482 3307 2808 3389 tipli'catur
2870 3327 2941 3369 ac
3008 3317 3379 3370 numeratur
3444 3310 3509 3371 in
3578 3310 3677 3373 his
3743 3313 3986 3393 quibus

875 3407 1190 3482 tudinem,
1233 3415 1296 3471 et
1335 3416 1480 3470 ante
1524 3426 1778 3470 omnem
1825 3409 2254 3472 diversitatem
2299 3430 2371 3473 ao
2482 3405 3009 3477 communicatur,
3059 3407 3276 3468 divina
3322 3426 3474 3471 vero
3520 3411 3795 3472 essentia
3844 3432 3987 3492 per-

875 3505 1163 3567 ordinem
1197 3526 1210 3570 :
1245 3525 1395 3588 ergo
1424 3524 1551 3569 non
1583 3507 1878 3569 convenit
1911 3508 1968 3570 ei
1999 3528 2138 3570 esse
2169 3529 2371 3572 unum
2484 3511 2693 3565 manet
2736 3522 3003 3568 numero
3046 3524 3172 3566 una
3200 3513 3265 3567 et.
3294 3507 3514 3568 eadem
3555 3507 3622 3569 in
3664 3511 3979 3590 personis,

875 3612 984 3666 aut
1016 3605 1345 3667 unitatem.
1382 3642 1462 3650 —
1492 3607 1802 3677 Secund0‚
1838 3607 2136 3687 quoniam
2171 3627 2369 3669 unum
2409 3609 2451 3672 C
2483 3602 2790 3683 Denique,
2824 3602 3135 3684 quidquid
3179 3611 3275 3666 est
3321 3604 3384 3666 in
3430 3605 3684 3680 diviniS‚
3716 3607 3795 3669 ad
3842 3610 3987 3671 uni—

873 3702 1115 3784 aliquid
1175 3704 1544 3786 superaddit
1598 3705 1751 3775 enti,
1802 3705 2040 3786 alioqui
2102 3724 2228 3767 non
2280 3706 2371 3766 di·
2481 3707 2674 3762 tatem
2720 3701 3045 3763 reducitur
3084 3723 3157 3765 ac
3203 3703 3491 3765 refertur.
3531 3703 3688 3766 Nam
3730 3705 3981 3770 Patrem

874 3802 1301 3882 stingueretur
1338 3802 1418 3864 ab
1463 3821 1538 3864 eo
1573 3822 1586 3866 ε
1635 3803 1696 3864 in
1742 3803 2222 3885 simplicissimo
2264 3823 2371 3865 au-
2482 3817 2802 3879 generare,
2837 3800 2929 3861 nil
2972 3801 3142 3862 aliud
3182 3809 3277 3864 est
3320 3822 3507 3884 quam
3549 3803 3792 3865 Patre-m
3836 3824 3983 3868 esse

873 3909 1002 3961 tem
1043 3901 1170 3963 Deo
1201 3919 1326 3964 non
1363 3908 1457 3963 est
1487 3901 1744 3963 additio
1782 3937 1862 3946 —-
1893 3902 2123 3973 Tertio,
2161 3902 2371 3963 unitas
2482 3897 2763 3974 Patrem3
2803 3906 2867 3958 et
2906 3898 3147 3961 Patrem
3191 3919 3329 3962 esse
3367 3901 3635 3976 Patrem,
3670 3903 3761 3963 nil
3800 3903 3981 3967 aliud

873 4006 968 4060 est
1012 3998 1404 4080 principium
1455 3999 1730 4070 numeri,
1774 3999 2126 4060 secundum
2170 3998 2373 4061 Philo-
2482 4003 2578 4058 est
2606 4015 2797 4076 quam
2830 3996 3073 4059 Patrem
3105 4016 3275 4066 esse:
3303 4007 3365 4061 et
3395 3999 3639 4061 Patrem
3670 4021 3831 4074 esse,
3846 4021 3981 4066 non

874 4096 1178 4176 sophum3
1211 4102 1400 4177 atque
1432 4103 1502 4156 ut.
1530 4096 1704 4157 addit
1733 4096 2009 4170 Boetius,
2035 4097 2245 4159 unitas
2277 4105 2372 4159 est
2482 4095 2656 4156 aliud
2698 4102 2793 4156 est
2836 4114 3025 4176 quam
3072 4096 3290 4159 divina
3330 4098 3623 4160 essentia.
3670 4101 3841 4162 Idem
3888 4103 3985 4164 di-

875 4193 1156 4276 potentia
1196 4193 1406 4256 omnis
1450 4212 1754 4256 numerus
1800 4211 1813 4255 :
1862 4194 2099 4257 idcirco
2140 4203 2237 4258 est
2276 4215 2371 4258 re·
2484 4194 2753 4255 cendum
2789 4195 2865 4255 de
2898 4194 3055 4257 Filio
3083 4214 3157 4257 ac
3188 4196 3427 4278 Spiritu
3462 4197 3709 4261 Sancto.
3745 4200 3983 4282 Sicque

872 4291 1126 4354 duct-ive
1157 4291 1221 4352 in
1253 4309 1483 4372 genere
1514 4291 2086 4372 quantitat.iS,sicut
2117 4301 2180 4356 et
2212 4314 2369 4375 pun·
2482 4293 2697 4353 omnia
2728 4293 2848 4354 ista
2876 4300 2939 4354 et
2968 4310 3188 4355 omnes
3220 4293 3555 4358 relationes
3584 4316 3657 4358 ac
3687 4299 3986 4362 notiones

873 4398 1031 4452 ctus.
1068 4391 1197 4453 Deo
1235 4397 1446 4452 autem
1488 4407 1615 4451 non
1657 4391 1955 4453 convenit
1998 4393 2317 4472 quantitas
2354 4410 2367 4454 :
2482 4390 2558 4451 ad
2592 4390 2899 4452 unitatem
2936 4392 3326 4453 reducuntur
3354 4393 3666 4469 essentiae,
3689 4403 3879 4477 atque
3912 4407 3987 4459 ut

873 4507 1022 4569 ergo
1063 4507 1181 4550 nec
1225 4507 1548 4550 numerus.
1583 4524 1663 4533 -—-
1692 4489 1944 4562 Quarto,
1979 4509 2179 4551 unum
2221 4490 2373 4552 dici·
2485 4488 2741 4550 divinus
2799 4488 3136 4570 Dionysius
3197 4490 3499 4572 loquitur,
3554 4494 3987 4573 generationis
4063 4497 4290 4566 nentem

874 4593 978 4648 'tur
1018 4586 1364 4649 indivisum
1408 4587 1471 4648 in
1515 4605 1604 4660 se,
1638 4594 1702 4648 et
1742 4586 2018 4648 divisum
2060 4587 2139 4649 ab
2176 4588 2319 4650 aliis
2355 4609 2368 4652 :
2484 4586 2838 4648 fecunditas
2881 4587 3158 4649 declarat
3204 4589 3493 4654 essentiae
3536 4591 3863 4654 unitatem.
3900 4630 3988 4640 ——
4018 4585 4290 4638 ¹²⁰'”·⁶⁴¹¹·3

875 4686 1043 4747 unde
1083 4685 1338 4747 videtur
1377 4685 1546 4767 quod
1592 4703 1780 4747 omne
1824 4688 2023 4747 unum
2069 4686 2152 4748 sit
2197 4687 2261 4748 in
2307 4706 2372 4750 se
2482 4685 2641 4747 Hinc
2700 4685 2776 4746 ad
2835 4685 3191 4766 Eugenium
3252 4687 3416 4751 libro
3473 4689 3699 4770 quinto
3756 4693 3991 4755 scribit

875 4785 1307 4846 terminatum.
1344 4784 1511 4846 Deus
1551 4791 1764 4846 autem
1805 4783 1870 4845 in
1903 4803 1970 4846 se
2003 4785 2374 4847 intermina·
2405 4786 2455 4848 D
2484 4783 2839 4844 Bernartius
2874 4802 2887 4846 ε
2922 4784 3091 4845 Inter
3126 4784 3342 4847 omnia
3382 4806 3524 4868 quae
3568 4795 3737 4850 recte
3776 4809 3987 4853 unum

876 4890 979 4945 tus
1021 4889 1118 4945 est
1153 4900 1166 4943 :
1202 4899 1330 4944 non
1373 4899 1523 4962 ergo
1566 4889 1661 4944 est
1705 4901 1889 4944 unus.
2488 4882 2808 4954 dicuntur,
2860 4900 3071 4944 arcem
3133 4890 3306 4945 tenet
3364 4885 3574 4948 unitas
3633 4887 3986 4952 Trinitatis.

958 4983 1025 5043 In
1064 4981 1465 5048 ,contrarium
1525 4989 1674 5042 sunt
1732 4981 1891 5043 ratio
1951 4980 2257 5043 naturalis
2315 4989 2374 5043 et
2486 4979 2727 5062 Nempe
2760 4981 2824 5041 in
2855 4981 3155 5043 omnibus
3187 4981 3251 5043 in
3283 4982 3517 5064 quibus
3554 4987 3995 5051 communicat

880 5079 1222 5162 Scripturae.
1252 5079 1615 5152 auctoritas,
1651 5098 1849 5161 quum
1882 5079 2189 5142 naturalis
2220 5079 2377 5142 ratio
2490 5086 2777 5140 creatura
2812 5098 2957 5140 cum
2998 5079 3308 5155 creatore,
3344 5081 3598 5144 Creator
3630 5093 3993 5150 creaturam

885 5180 985 5258 (ut
1028 5177 1261 5260 patuit)
1301 5179 1691 5240 demonstret
1733 5178 1903 5259 quod
1948 5197 2114 5240 unus
2157 5177 2240 5240 sit
2283 5197 2385 5240 ve·
2491 5176 2737 5239 excedit
2784 5177 2850 5239 in
2896 5177 3225 5240 infinitum
3262 5197 3276 5240 ε
3312 5179 3453 5242 ideo
3492 5180 3658 5244 sicut
3699 5183 3763 5245 in
3808 5183 3996 5248 boni-

891 5296 1000 5339 rus
1041 5278 1225 5339 Deus.
2494 5283 2642 5350 tate,
2685 5283 2993 5357 potestate
3037 5285 3099 5339 et
3140 5276 3471 5360 sapientia,
3506 5279 3593 5342 ita
3634 5280 3699 5344 in
3743 5281 3999 5349 unitate
