4359 6250
642 520 733 566 AN
775 520 944 566 nomo
985 520 1122 567 smi:
1163 521 1580 567 namn-mna
1623 521 1794 567 scum
1835 519 2073 565 uma-r
2116 521 2178 565 m
2222 520 2345 566 nAc
2385 521 2527 565 vri-A
2572 521 2641 566 su
2684 520 2831 566 assa
2872 520 2934 566 m
2977 519 3273 566 marum
3431 499 3510 564 27

414 692 478 753 in
509 691 798 764 caritate,
826 691 1072 753 duabus
1102 692 1179 753 de
1208 691 1418 753 causis
1441 707 1456 752 ε
1479 709 1750 772 quarum
1784 708 1909 752 una
1937 689 1989 752 A
2021 709 2165 752 mus
2222 689 2513 764 effectuS‚
2568 692 2677 774 qui
2728 699 2825 752 est
2878 690 3261 763 illuminare,
3315 689 3513 770 magis

411 799 526 859 est,
563 791 874 871 quoniam
917 790 1210 871 quamvis
1253 790 1480 851 caritas
1529 807 1606 850 ex
1649 808 1763 850 sua
1807 808 1911 851 na-

411 896 552 951 tura
591 889 676 952 sit
706 889 888 952 valde
929 887 1398 970 cognoscibiliS,
1435 896 1650 969 utpote
1691 888 1907 948 lumen

412 987 734 1069 quoddam
782 995 846 1049 et
891 987 1322 1049 actualissima
1370 987 1594 1059 virtuS‚
1647 1004 1775 1048 non
1824 995 1909 1048 ta-

411 1108 561 1150 men
619 1086 808 1149 nobis
865 1087 957 1149 sic
1020 1086 1462 1149 manifestatur
1510 1093 1770 1167 propter
1821 1093 1911 1145 tu-

411 1186 692 1248 multum
739 1186 1270 1268 concupiscentiae
1313 1193 1376 1246 et
1416 1184 1784 1266 passionum
1824 1191 1911 1244 at-

411 1303 538 1366 que
600 1284 1113 1364 phantasmatum
1174 1283 1240 1344 in
1298 1282 1596 1344 cordibus
1653 1281 1904 1343 nostris,

411 1383 554 1444 Alia
611 1401 802 1445 causa
858 1389 975 1454 est,
1028 1382 1330 1463 quoniam
1378 1399 1556 1443 amor
1606 1380 1910 1442 naturalis

411 1480 780 1543 simillimos
842 1479 1032 1541 habet
1088 1478 1360 1541 effectus
1417 1488 1478 1541 et
1533 1489 1711 1541 actus
1763 1496 1907 1539 cum

411 1579 698 1641 caritate.

489 1678 818 1749 Praeterea,
871 1677 923 1738 si
975 1677 1119 1758 quis
1170 1677 1360 1739 instet
1411 1695 1424 1737 z
1474 1676 1680 1750 Quum
1738 1676 1910 1737 enim

412 1776 643 1837 caritas
691 1775 774 1836 sit
832 1775 1072 1848 lumen,
1123 1785 1186 1836 et
1241 1775 1457 1836 lumen
1508 1775 1798 1837 videatur
1844 1793 1910 1834 se

2020 790 2317 851 convenit
2346 790 2619 862 veritati,
2643 797 2771 852 tam
2804 798 3111 871 quantum
3134 789 3212 850 ad
3242 787 3517 870 expulsi-

2021 904 2206 949 onem
2239 887 2643 949 tenebrarum
2689 886 3084 949 infidelitatis
3114 905 3305 968 quam
3346 885 3515 966 igno-

2023 985 2277 1062 ran>tiae3
2310 985 2420 1046 sed
2452 992 2762 1065 quantum
2792 984 2871 1046 ad
2901 983 3341 1066 expulsionem
3372 1001 3515 1064 pec-

2022 1084 2166 1156 cati,
2220 1083 2389 1164 quod
2447 1083 2730 1144 nascitur
2776 1102 2852 1144 ex
2903 1091 3200 1163 corrupto
3248 1080 3509 1153 affectu,

2022 1181 2223 1263 magis
2274 1182 2572 1243 convenit
2619 1181 2887 1255 caritati,
2935 1180 3236 1262 quoniam
3287 1180 3513 1241 caritas
3577 1192 3806 1244 {Petam

2023 1280 2497 1342 multitudinem
2547 1281 2750 1360 operit
2808 1288 3230 1360 peccatorum.
3286 1279 3517 1340 Secun-
3572 1286 3584 1299 ·

2021 1379 2140 1440 dus
2179 1386 2391 1440 autem
2434 1377 2704 1439 effectus
2748 1378 2929 1452 luciS,
2974 1378 3085 1459 qui
3124 1385 3220 1438 est
3261 1376 3518 1438 latentia

2022 1477 2475 1545 demonstrare,
2522 1485 2688 1539 totus
2731 1485 2827 1538 est
2864 1477 3167 1538 veritatis.
3202 1476 3389 1537 Porro
3432 1474 3520 1535 ef-

2023 1577 2227 1638 fectus
2288 1577 2531 1650 tertiuS‚
2586 1577 2696 1658 qui
2755 1585 2851 1638 est
2905 1576 3249 1638 dissolvere
3307 1582 3370 1636 et
3424 1593 3522 1635 ca-

2025 1675 2316 1748 lefacere,
2361 1683 2527 1737 totus
2577 1682 2674 1736 est
2718 1675 3016 1736 caritatis
3054 1674 3323 1746 Quartus
3369 1690 3520 1734 vero

2023 1772 2295 1835 effectus
2338 1774 2637 1835 convenit
2666 1773 2915 1834 veritati
2948 1780 3011 1834 et
3043 1772 3287 1834 caritati
3324 1789 3337 1833 ε
3372 1791 3519 1833 nam

410 1875 576 1956 ipso,
619 1883 884 1955 apparet
931 1873 1099 1955 quod
1151 1881 1276 1934 tam
1329 1873 1555 1935 caritas
1606 1873 1907 1945 increata,
1949 1870 1994 1932 B
2025 1873 2192 1934 sieut
2239 1872 2470 1933 veritas
2530 1872 2947 1944 intellectum,
2998 1872 3089 1933 sic
3150 1871 3376 1934 caritas
3434 1871 3523 1932 fe-

408 1993 554 2054 quae
612 1981 708 2033 est
767 1971 1358 2053 splendidissimum
1419 1970 1660 2044 lumen,
1718 1990 1909 2053 quam

410 2071 644 2132 caritas
675 2077 905 2142 creata,
939 2089 1080 2151 quae
1119 2077 1214 2130 est
1247 2070 1678 2151 pulcherrima
1717 2088 1790 2130 ac
1823 2070 1913 2131 lu-

409 2169 742 2231 cidissima
769 2168 995 2241 virtuS‚
1029 2185 1143 2249 per
1171 2187 1238 2229 se
1270 2167 1437 2249 ipsas
1467 2174 1529 2228 et
1561 2168 1626 2230 in
1658 2186 1724 2228 se
1757 2169 1912 2249 ipsis

407 2286 527 2329 seu
571 2267 940 2328 immediate
984 2267 1319 2328 videantur
1361 2285 1397 2328 a
1445 2265 1631 2328 nobis
1676 2265 1741 2327 in
1783 2266 1914 2327 vita

409 2367 550 2427 hac.
583 2401 668 2410 —-
705 2363 781 2426 Et
819 2365 871 2427 si
917 2365 1165 2427 dicatur
1209 2365 1376 2447 quod
1421 2365 1759 2426 videantur
1801 2383 1915 2446 per

409 2464 710 2538 effectuS‚
751 2463 1057 2544 objicitur
1101 2464 1252 2544 quia
1301 2462 1392 2524 sic
1444 2471 1916 2543 cognoscuntur

410 2563 610 2624 etiam
653 2581 690 2624 a
731 2579 860 2623 non
905 2561 1289 2623 habentibus
1334 2561 1680 2623 caritatem.

494 2661 588 2722 Ad
643 2679 786 2742 quae
848 2659 1382 2740 respondendum,
1435 2659 1603 2741 quod
1653 2658 1913 2740 quidam

411 2760 512 2821 his
575 2756 933 2820 rationibus
996 2758 1172 2831 moti,
1235 2757 1456 2819 dicunt
1516 2759 1684 2839 quod
1749 2758 1914 2820 Deus

411 2877 588 2920 nunc
648 2876 762 2938 per
810 2856 1094 2936 speciem
1150 2875 1187 2916 a
1246 2855 1430 2917 nobis
1477 2855 1750 2928 videtur,
1805 2856 1915 2917 sed

409 2955 570 3018 adeo
601 2954 814 3016 tenuis
844 2963 908 3015 et
949 2953 1320 3034 imperfecta
1359 2961 1454 3015 est
1484 2954 1667 3027 visio,
1704 2961 1773 3013 ut
1813 2971 1918 3014 ne-

2026 1971 2260 2032 cundat
2302 1970 2627 2032 affectum.
2663 1971 2865 2042 —Ad
2909 1971 3261 2032 secundum
3312 1970 3521 2031 dicen-

2025 2071 2201 2142 dum,
2236 2069 2403 2151 quod
2435 2069 2801 2131 differentia
2830 2069 2939 2132 illa
2979 2077 3238 2132 actuum
3274 2077 3521 2129 natura-

2025 2168 2103 2230 lis
2134 2169 2367 2230 amoris
2400 2187 2473 2229 ac
2514 2168 2794 2230 caritatis
2836 2168 3081 2240 infusae,
3117 2167 3408 2249 quamvis
3443 2185 3521 2227 ex

2025 2285 2139 2328 sua
2178 2266 2619 2348 perceptibilis
2658 2267 2739 2328 sit
2780 2275 3024 2341 natura,
3058 2273 3270 2327 tamen
3309 2265 3390 2327 ob
3430 2265 3522 2326 ni-

2025 2366 2221 2426 miam
2256 2365 2745 2427 similitudinem
2776 2373 3033 2426 actuum
3070 2382 3314 2437 eorum,
3347 2371 3411 2425 et
3438 2363 3521 2427 ob

2024 2463 2180 2525 alias
2226 2481 2448 2525 causas
2490 2470 2687 2525 tactas
2728 2481 2799 2523 ac
2845 2463 3209 2542 tangendaS‚
3254 2479 3380 2523 non
3422 2481 3521 2523 va-

2028 2561 2233 2622 lemus
2279 2561 2806 2623 certitudinali‘ter
2852 2560 3017 2622 inter
3058 2578 3165 2623 eos
3208 2561 3521 2621 discerne-

2027 2679 2094 2721 re
2131 2660 2195 2721 in
2233 2661 2350 2722 hac
2383 2661 2527 2721 vita.
2561 2694 2642 2704 ——
2670 2660 2813 2721 Haec
2843 2658 3157 2720 Albertus.
3194 2658 3520 2720 Udalricus

2028 2759 2384 2821 concordat.

2106 2858 2412 2931 Quocirca
2456 2857 2873 2938 pensandum,
2908 2856 3077 2937 quod
3118 2856 3325 2937 prima
3364 2856 3521 2918 ratio

2029 2957 2136 3019 illa
2184 2956 2266 3018 ob
2318 2974 2507 3037 quam
2562 2954 2651 3015 ait
2694 2953 2986 3016 Albertus
3039 2972 3151 3016 nos
3205 2972 3330 3016 non
3385 2973 3523 3037 pos-

411 3061 608 3137 queat
651 3051 817 3114 visio
863 3052 1188 3134 appellari.
1226 3051 1345 3113 Sed
1388 3052 1508 3114 hoc
1550 3069 1680 3113 non
1729 3070 1918 3134 appa·
1956 3055 1998 3117 C
2029 3073 2096 3116 se
2138 3053 2491 3115 certissime
2536 3069 2915 3134 cognoscere
2960 3053 3095 3114 sine
3140 3053 3521 3115 revelatione

413 3162 532 3226 ret,
584 3152 713 3213 nisi
769 3152 983 3213 forsan
1033 3151 1098 3213 in
1152 3159 1358 3233 raptu,
1414 3151 1667 3232 quando
1726 3151 1918 3213 homo

413 3270 544 3314 non
595 3250 800 3311 utitur
842 3249 1168 3311 intellectu
1213 3268 1289 3310 ex
1339 3249 1778 3331 phantasmate
1821 3268 1920 3311 ac-

413 3350 717 3432 cipiente.
782 3347 927 3409 Ideo
992 3347 1147 3408 mihi
1207 3348 1459 3409 videtur
1518 3349 1687 3429 quod
1753 3348 1918 3409 Deus

413 3466 700 3530 praesens
734 3446 799 3508 in
841 3446 1054 3507 anima
1083 3446 1366 3507 cernitur
1397 3446 1461 3506 in
1501 3463 1615 3509 suo
1655 3444 1915 3520 effectu,

411 3547 526 3629 qui
557 3554 657 3608 est
694 3545 898 3626 gratia
937 3544 1120 3607 nobis
1161 3544 1324 3617 data,
1359 3552 1421 3605 et
1464 3545 1816 3626 praesertim
1855 3544 1918 3605 in

412 3646 703 3716 caritate,
738 3663 881 3725 quae
929 3642 1172 3724 optima
1213 3650 1276 3703 et
1324 3642 1550 3704 intima
1590 3650 1686 3703 est
1727 3642 1921 3704 virtu-

411 3752 580 3815 tum,
619 3750 814 3824 atque
862 3741 1194 3803 simillima
1242 3742 1480 3823 patriae,
1514 3741 1664 3822 quia
1711 3760 1920 3802 essen-

409 3841 656 3903 tialiter
707 3848 920 3902 manet
975 3840 1036 3901 in
1086 3840 1310 3921 patria,
1351 3839 1644 3920 quamvis
1696 3839 1919 3900 modus

409 3940 558 4022 ejus
592 3939 682 4001 ibi
713 3938 796 4000 sit
833 3938 1016 4001 alius,
1050 3974 1132 3982 —
1159 3937 1251 4000 Ad
1283 3936 1606 4017 objectum
1647 3954 1797 4017 ergo
1831 3936 1921 3997 di-

411 4040 720 4111 cendum,
747 4040 918 4120 quod
951 4039 1180 4100 caritas
1225 4038 1441 4098 lumen
1483 4046 1586 4099 est·
1609 4043 1918 4117 quantum

411 4139 492 4200 ad
538 4156 690 4199 suas
731 4137 1152 4219 operationes,
1193 4136 1477 4198 Effectus
1519 4143 1734 4197 autem
1784 4154 1922 4195 sen-

2029 3152 2199 3234 quod
2248 3171 2471 3213 sumus
2520 3152 2584 3213 in
2635 3152 2914 3223 caritate,
2964 3170 3089 3214 non
3140 3152 3390 3214 videtur
3438 3152 3523 3214 lo-

2031 3270 2177 3311 cum
2211 3249 2443 3311 habere
2485 3251 2551 3311 in
2581 3250 2735 3311 viris
2778 3250 3050 3311 heroicis
3086 3269 3159 3311 ac
3199 3249 3519 3331 perfectiS‚

2031 3348 2095 3409 in
2134 3348 2370 3429 quibus
2411 3348 2639 3409 sedatae
2679 3353 2827 3408 sunt
2868 3348 3214 3428 passioneS,
3249 3356 3311 3408 et
3345 3348 3525 3408 intel-

2033 3445 2232 3507 lectus
2274 3453 2371 3506 est
2414 3445 2785 3506 illustratus

2110 3544 2395 3625 Denique
2453 3543 2892 3604 Bonaventura
2943 3560 2956 3604 :
3012 3543 3370 3616 caritatem,
3434 3544 3525 3605 in-

2031 3644 2191 3724 quit,
2234 3643 2529 3723 cognosci
2570 3641 2879 3721 contingit
2915 3641 3271 3722 dupliciter.
3316 3642 3525 3704 Primo

2032 3742 2096 3802 in
2158 3741 2504 3803 universali
2554 3739 2709 3821 quid
2769 3739 2871 3811 sit,
2923 3747 2985 3800 et
3033 3739 3239 3819 qualis
3299 3739 3524 3801 debeat

2029 3859 2168 3901 esse
2205 3856 2219 3900 ε
2253 3846 2316 3900 et
2349 3840 2434 3900 ita
2465 3838 2760 3919 cognosci
2792 3844 2996 3919 potest
3024 3857 3060 3898 a
3089 3837 3347 3899 viatore.
3384 3838 3521 3900 Alio

2031 3938 2219 4000 modo
2250 3938 2316 3998 in
2348 3936 2633 4019 speciali,
2668 3936 2801 3998 sive
2835 3936 2900 3997 in
2942 3936 3059 3998 hoc
3090 3943 3199 3997 aut
3238 3936 3349 3997 illo
3377 3955 3524 4017 sup-

2031 4037 2237 4118 posito
2273 4052 2286 4095 :
2321 4044 2383 4096 et
2421 4035 2513 4096 sic
2553 4053 2762 4115 neque
2800 4035 2877 4095 de
2922 4053 2988 4095 se
3028 4053 3233 4115 neque
3276 4034 3353 4095 de
3397 4035 3520 4097 alio

2031 4141 2238 4217 potest
2295 4133 2485 4195 homo
2544 4152 2715 4194 nunc
2776 4132 3301 4194 cert'itudinaliter
3358 4134 3519 4195 scire

410 4236 627 4300 sibilis
661 4236 926 4298 luminis
969 4235 1306 4315 multiplex
1337 4242 1466 4313 est3
1503 4233 1612 4296 sed
1652 4239 1923 4315 quatuor
1951 4244 2000 4304 D
2031 4232 2199 4315 quod
2244 4231 2471 4293 habeat
2514 4232 2859 4292 caritatem.
2894 4231 3029 4293 Non
3072 4232 3149 4292 de
3193 4231 3337 4305 alio,
3371 4232 3521 4313 quia

411 4342 568 4398 sunt
599 4333 988 4416 principales
1018 4332 1158 4411 ejus
1197 4331 1488 4394 effectus.
1524 4330 1771 4393 Primus
1803 4338 1918 4401 est,

409 4432 740 4515 expellere
797 4430 1140 4509 tenebras3
1195 4431 1536 4503 secunduS,
1590 4429 1922 4493 ostendere

409 4551 562 4615 quae
593 4529 894 4602 latebant,
920 4530 1252 4612 potissime
1283 4536 1471 4611 prout
1499 4536 1595 4590 est
1627 4528 1693 4589 in
1723 4535 1923 4588 extre-

410 4631 640 4693 mitate
681 4628 1045 4711 perspicui3
1078 4627 1302 4689 tertius
1343 4636 1459 4699 est,
1493 4645 1572 4687 ex
1618 4625 1923 4707 multipli-

409 4728 668 4791 catione
727 4726 1050 4788 radiorum
1101 4741 1260 4807 quos
1317 4724 1645 4797 diffundit,
1699 4723 1924 4786 calefa-

410 4846 564 4889 cere
593 4834 784 4912 atque
814 4824 1201 4901 dissolvere;
1234 4831 1496 4906 quartus
1527 4822 1798 4885 effectus
1827 4830 1924 4884 est

407 4924 784 5007 specialiter
836 4924 1099 4985 luminis
1150 4922 1507 4985 coelestium
1556 4938 1918 5003 corporum,

411 5042 675 5086 movere
715 5026 780 5084 et
825 5040 1012 5103 agere
1057 5020 1134 5082 ad
1178 5020 1643 5102 generabilium
1687 5027 1751 5080 et
1793 5037 1924 5081 cor-

407 5120 830 5203 ruptibilium
887 5119 1392 5202 productionem.
1446 5119 1521 5180 Hi
1572 5126 1784 5180 autem
1836 5119 1924 5180 ef-

410 5220 628 5283 fectus
677 5217 1101 5301 spiritualiter
1145 5226 1517 5300 competunt
1566 5217 1812 5279 caritati
1862 5224 1925 5278 et

406 5316 696 5392 veritati,
728 5315 1156 5379 diversimode
1187 5323 1399 5378 tamen
1425 5314 1767 5397 :quoniam
1802 5316 1925 5397 pri-

2031 4340 2100 4392 ut
2141 4332 2230 4393 ait
2269 4330 2629 4411 Apostolus,
2662 4330 2816 4410 quid
2859 4338 3079 4410 agatur
3122 4330 3186 4392 in
3237 4330 3515 4404 homine,
3592 4350 3734 4395 lcor.
3762 4364 3805 4401 ιι,

2031 4430 2245 4492 nullus
2290 4429 2408 4491 scit
2452 4428 2574 4489 nisi
2618 4428 2879 4508 spiritus
2922 4428 3234 4507 hominis3
3268 4448 3385 4491 nec
3431 4430 3520 4491 in-
3547 4418 3614 4458 ¹¹·

2031 4528 2263 4591 teriora
2319 4528 2612 4589 sciuntur
2667 4526 2789 4588 nisi
2855 4545 2968 4608 per
3023 4527 3334 4589 exteriora
3390 4534 3522 4589 tan-

2029 4645 2222 4709 quam
2256 4644 2368 4707 per
2408 4625 2608 4706 signa,
2642 4644 2783 4706 quae
2823 4624 3117 4687 fallibilia
3154 4644 3319 4705 saepe
3351 4633 3517 4687 sunt.

2031 4761 2107 4771 -—
2159 4726 2247 4786 De
2294 4744 2361 4786 se
2414 4724 2551 4804 ipso
2601 4740 2854 4804 quoque
2902 4739 3030 4785 non
3080 4732 3285 4805 potest
3334 4724 3523 4785 homo

2031 4842 2146 4907 pro
2196 4831 2370 4886 certo
2418 4823 2579 4883 scire
2622 4822 2791 4903 quod
2837 4822 2918 4883 sit
2962 4822 3026 4883 in
3070 4824 3351 4895 caritate,
3385 4839 3526 4904 pro-

2033 4931 2173 5004 pter
2204 4929 2475 5004 quatuor
2506 4921 2780 4983 rationes
2816 4938 2829 4981 t
2865 4939 3135 5001 quarum
3178 4941 3303 4983 una
3335 4928 3524 5002 atque

2034 5020 2355 5103 praecipua
2397 5027 2493 5081 est
2537 5019 2770 5081 divinae
2818 5019 3267 5098 acceptationis
3320 5019 3527 5101 impli-

2034 5120 2218 5186 catio,
2264 5117 2566 5199 quoniam
2621 5116 2847 5177 caritas
2893 5134 3145 5196 semper
3186 5116 3527 5197 conjuncta

2033 5225 2128 5279 est
2165 5215 2384 5297 gratiae
2425 5223 2674 5295 gratum
2718 5213 2998 5285 facienti,
3033 5232 3173 5293 quae
3214 5214 3355 5277 ideo
3393 5234 3529 5297 gra-

2036 5322 2174 5376 tum
2206 5312 2447 5375 faciens
2481 5311 2734 5385 dicitur,
2765 5310 3066 5392 quoniam
3099 5311 3302 5375 reddit
3334 5313 3532 5376 homi-
