4359 6250
60 213 72 328 -r-ffl*
68 178 76 189 .-

883 464 1004 531 498
1501 481 1564 530 m
1605 481 1828 530 ιιιιιιιιιι
1869 485 1890 529 ι
1932 481 2415 530 snm-amulum.
2461 501 2543 510 —
2582 483 2735 529 msr.
2783 481 3012 547 xxx1x3
3054 479 3280 538 Quaesr.
3326 483 3371 528 11

887 655 1052 735 tiva3
1093 655 1215 717 alia
1259 663 1356 718 est
1401 654 1614 716 finalis
1663 653 2082 735 desperativa,
2125 673 2252 736 qua
2296 652 2386 714 in-
2418 651 2466 714 A
2497 672 2751 716 causam
2794 659 3101 734 ponentes
3137 670 3150 713 :
3185 671 3327 734 quae
3362 650 3581 733 opinio
3617 670 3654 713 a
3688 649 3997 732 posterio-

887 753 1285 836 corrigibiles
1336 753 1803 834 relinquuntur.
1852 752 2189 814 Derelictio
2238 769 2387 814 vero

885 853 1316 935 dispensativa
1345 852 1679 924 eruditiva,
1712 859 1809 913 est
1835 851 1911 912 ad
1943 850 2382 923 directionem,

885 951 1157 1012 salutem
1201 957 1264 1012 et
1307 950 1572 1032 gloriam
1617 949 1938 1031 patientis,
1972 949 2071 1009 vel
2115 949 2195 1011 ad
2237 949 2387 1010 alte-

884 1049 1018 1110 rius
1061 1049 1480 1112 imitationem
1519 1056 1708 1130 atque
1741 1049 2121 1131 profectum,
2156 1067 2269 1110 seu
2306 1048 2384 1110 ad

834 1200 836 1203 .
883 1147 1150 1228 gloriam
1211 1149 1340 1210 Dei.
1396 1149 1472 1210 Et
1522 1148 1685 1209 hanc
1742 1148 1972 1209 dividit
2021 1146 2087 1209 in
2137 1147 2383 1229 species

883 1253 1150 1328 septem.
1206 1246 1412 1308 Prima
1459 1253 1575 1320 est,
1627 1266 1826 1328 quum
1876 1246 2056 1308 Deus·
2093 1245 2386 1307 concedit

885 1344 1165 1406 incidere
1217 1344 1662 1418 calamitatem,
1715 1353 2028 1426 quatenus
2077 1344 2382 1405 virtutem

885 1442 950 1504 in
1000 1441 1257 1504 homine
1307 1442 1605 1504 latentem
1656 1443 1798 1505 aliis
1850 1442 2213 1504 manifestet
2256 1461 2270 1504 ε
2316 1448 2385 1502 ιιι

883 1541 948 1601 in
995 1539 1130 1603 Job.
1181 1540 1487 1614 Secunda,
1535 1541 1688 1603 dum
1740 1540 2030 1602 concedit
2080 1559 2384 1621 magnum

883 1638 1338 1702 inconveniens
1371 1639 1536 1714 fieri,
1565 1648 1633 1700 ut
1666 1659 1967 1720 magnum
1998 1645 2060 1700 et
2092 1638 2383 1700 mirabile

880 1755 1041 1819 opus
1087 1737 1471 1800 conveniens
1518 1739 1664 1800 inde
1707 1746 2008 1821 sequatur
2043 1755 2056 1799 :
2099 1744 2168 1798 ut
2212 1744 2385 1818 patet

2497 751 2674 814 ribus
2726 751 3123 834 philosophis
3174 750 3327 812 satis
3370 757 3466 812 est
3508 748 3885 832 improbata.
3918 784 4003 794 -

2493 850 2616 912 Alii
2653 858 3002 932 posuerunt
3034 849 3499 932 providentiam
3532 846 3643 910 Dei
3673 865 3815 910 esse
3844 865 4005 929 qua-

2496 948 2788 1010 rumdam
2853 967 3090 1022 rerum,
3152 965 3280 1010 non
3342 946 3651 1010 omnium.
3716 945 4003 1020 Quorum

2496 1047 2754 1128 quidam
2796 1047 3094 1108 dixerunt
3125 1045 3589 1128 providentiam
3632 1043 3744 1105 Dei
3786 1051 4005 1106 exten-

2496 1145 2560 1206 di
2601 1145 2678 1207 ad
2721 1145 2988 1227 species,
3023 1162 3149 1207 non
3187 1144 3265 1206 ad
3307 1143 3658 1217 individua,
3692 1142 3819 1205 nisi
3857 1161 4003 1224 quae

2497 1245 2853 1307 necessaria
2894 1250 3042 1306 sunt
3084 1244 3161 1306 ad
3212 1244 3687 1307 consistentiam
3731 1250 3797 1304 et
3836 1242 4007 1304 ordi·

2498 1361 2642 1404 nem
2687 1343 2967 1405 universi
3002 1329 3018 1404 'z
3052 1343 3201 1425 quia
3232 1343 3528 1404 dixerunt
3562 1342 3624 1403 id
3658 1341 3827 1423 quod
3870 1341 4004 1402 exit

2498 1459 2755 1502 cursum
2815 1460 3025 1516 suum,
3090 1442 3339 1522 legibus
3397 1440 3813 1523 providentia}
3870 1458 4003 1501 non

2496 1538 2789 1619 subesse3
2814 1541 2982 1602 unde
3012 1559 3084 1602 ea
3115 1561 3257 1623 quae
3290 1540 3657 1622 frequenter
3685 1537 4006 1600 deficiunt

2494 1655 2531 1698 a
2574 1655 2763 1698 cursu
2809 1639 3098 1700 ordinato
3145 1637 3451 1720 putabant
3502 1655 3627 1700 non
3670 1655 3809 1698 esse
3860 1655 4005 1718 pro-

2494 1737 2648 1810 visa,
2682 1744 2752 1798 ut
2797 1737 3203 1819 particularia
3248 1736 3639 1818 generabilia
3680 1743 3743 1798 et
3786 1753 4003 1798 corru-

882 1837 946 1898 in
987 1836 1219 1898 Christi
1260 1837 1598 1899 occisione.
1633 1837 1862 1912 Tertia,
1896 1837 2050 1898 dum
2092 1835 2384 1898 concedit
2418 1835 2465 1897 B
2496 1835 2766 1916 ptibilia.
2802 1837 2879 1898 Et
2909 1836 3027 1898 ista
3056 1836 3275 1919 opinio
3316 1835 3668 1918 imponitur
3695 1835 4003 1897 Aristote-

879 1936 1194 1998 virtuosos
1255 1937 1385 2017 pati
1443 1937 1727 2011 adversa,
1779 1955 1857 1997 ne
1914 1955 1951 1996 a
2010 1943 2180 1997 recta
2240 1953 2385 1998 con-

879 2033 1147 2096 scientia
1194 2043 1303 2096 aut
1351 2034 1428 2096 de
1479 2033 1705 2096 collata
1761 2034 1961 2115 gratia
2014 2034 2309 2096 excidant
2364 2053 2378 2097 :

878 2132 1045 2193 sicut
1076 2132 1142 2194 in
1172 2132 1379 2194 Paulo.
1406 2132 1656 2206 Quarta,
1683 2152 1882 2214 quum
1914 2132 2384 2214 derelinquitur

879 2229 1024 2312 quis
1066 2230 1146 2292 ad
1189 2237 1442 2312 tempus
1493 2230 1559 2292 in
1601 2229 2066 2292 afflictionibus
2108 2230 2187 2292 ad
2229 2230 2383 2293 alio-

880 2347 1023 2389 rum
1055 2328 1471 2391 directionem
1503 2335 1612 2390 aut
1643 2329 2128 2392 instructionem
2166 2347 2180 2390 :
2217 2337 2285 2390 ut
2318 2329 2382 2390 in

875 2427 1107 2489 Lazaro
1137 2428 1442 2491 ulceroso.
1481 2429 1731 2503 Quinta,
1765 2448 1964 2511 quum
1997 2427 2383 2509 relinquitur

875 2524 1022 2606 quis
1056 2525 1122 2587 in
1151 2527 1432 2588 adversis
1467 2527 1532 2588 in
1563 2526 1824 2588 alterius
1863 2526 2131 2607 gloriam
2166 2541 2180 2586 z
2216 2525 2381 2588 sicut

877 2623 943 2684 in
987 2642 1156 2688 caeco
1196 2633 1360 2688 nato.
1398 2626 1603 2699 Sexta,
1638 2625 1790 2686 dum
1833 2624 2205 2687 conceditur
2234 2623 2379 2706 quis

875 2723 1005 2802 pati
1065 2723 1144 2784 ad
1193 2723 1463 2785 aliorum
1525 2723 1754 2798 zelum,
1805 2722 2379 2785 inflammationem

871 2829 936 2882 et
997 2821 1447 2896 imitationem,
1509 2831 1822 2903 quatenus
1887 2821 2026 2900 ejus
2088 2820 2382 2902 exempla

872 2921 1168 2982 studeant
1213 2921 1449 2982 imitari
1485 2939 1498 2982 :
1536 2929 1605 2981 ut
1635 2921 1698 2982 in
1744 2921 2147 3003 martyribus.
2184 2920 2385 3002 Septi-

2496 1933 2562 2006 li,
2597 1935 2889 2016 quamvis
2920 1954 2999 1997 ex
3028 1935 3241 1998 verbis
3281 1935 3415 1997 suis
3444 1953 3743 2016 expresse
3774 1933 4001 1995 haberi

2494 2049 2619 2093 non
2652 2032 2874 2094 valeat.
2910 2033 3145 2095 Verum
3187 2033 3657 2097 Commentator
3698 2051 3855 2094 suus
3896 2050 4003 2095 ex-

2494 2147 2709 2210 presse
2751 2130 2931 2213 ponit
2968 2149 3109 2193 eam
3150 2131 3491 2193 undecimo
3526 2130 3995 2213 Metaphysicae.

2492 2227 2596 2289 Ait
2639 2248 2914 2311 namque
2950 2246 2963 2290 ε
3006 2230 3142 2292 Νοιι
3183 2237 3276 2292 est
3316 2229 3413 2292 fas
3455 2229 3719 2292 bonitati
3760 2228 4001 2290 divinae

2493 2325 2726 2389 habere
2758 2328 2835 2389 de
2866 2327 3295 2410 singularibus
3327 2327 3995 2398 sollicitudinem,nisi

2493 2425 2845 2488 secundum
2879 2426 3049 2508 quod
3078 2427 3723 2490 communicat-ionem
3756 2425 4001 2488 habent

2496 2523 2559 2584 in
2596 2532 2821 2587 natura
2850 2525 3199 2599 communi,
3234 2533 3304 2587 ut
3333 2525 3504 2607 quod
3542 2543 3771 2588 aranea
3804 2525 4000 2587 faciat

2496 2622 2708 2698 telam,
2742 2630 2806 2684 et
2843 2622 3212 2703 hujusmodi
3250 2625 3392 2687 alia.
3426 2625 3569 2688 Haec
3607 2633 3822 2686 autem
3862 2622 4001 2706 opi-

2495 2721 2603 2784 nio
2642 2721 2889 2803 perfida
2928 2721 3094 2784 tollit
3129 2723 3447 2803 judicium
3490 2723 3598 2786 Dei
3630 2724 3709 2786 de
3740 2722 3999 2784 actibus

2494 2819 2847 2882 hominum.
2880 2856 2961 2865 —
2998 2820 3159 2883 Hinc
3206 2821 3332 2884 alia
3377 2820 3500 2884 ruit
3538 2821 3779 2904 opinio,
3820 2822 3997 2904 quod

2491 2918 2657 2981 Deus
2690 2919 3151 3001 providentiam
3181 2921 3409 2983 habeat
3439 2921 3515 2983 de
3544 2920 3839 2984 omnibus
3865 2920 4001 3001 jam

875 3038 998 3092 ma,
1033 3019 1184 3080 dum
1226 3019 1596 3081 conceditur
1626 3018 1770 3101 quis
1813 3019 2092 3081 incidere
2124 3019 2188 3080 in
2222 3037 2383 3100 opus
2419 3022 2463 3085 C
2492 3017 2908 3098 praetactis‚et
2937 3019 3015 3081 de
3048 3019 3395 3082 individuis
3425 3019 3995 3093 hominum,etiam

873 3115 1212 3191 nefarium,
1267 3123 1335 3178 ut
1383 3136 1420 3178 a
1470 3115 1636 3180 malo
1687 3126 1944 3180 curetur
1994 3115 2190 3200 priori
2244 3136 2257 3179 ε
2314 3125 2384 3179 ιιι

876 3215 1028 3276 dum
1071 3215 1214 3297 quis
1253 3214 1330 3277 de
1363 3214 1709 3277 virtutibus
1753 3215 2207 3291 intumescenS,
2244 3235 2381 3298 per—

881 3313 1156 3375 mittitur
1204 3314 1269 3374 in
1319 3313 1807 3375 fornicationem
1870 3314 2173 3388 incidere,
2226 3334 2378 3397 qua-

875 3420 1058 3473 tenus
1100 3430 1213 3493 per
1254 3430 1470 3473 casum
1517 3430 1706 3473 suum
1749 3411 1960 3473 veniat
1998 3413 2062 3473 in
2105 3413 2379 3495 propriae

873 3528 1132 3571 sensum
1185 3509 1604 3583 infirmitatiS,
1645 3518 1708 3571 et
1759 3510 2134 3572 humilietur
2184 3510 2381 3572 confi-

872 3615 1205 3691 teaturque
1251 3608 1542 3671 Domino.
1577 3642 1660 3653 —-
1691 3608 2082 3690 Augustinus
2124 3627 2379 3691 quoque

870 3710 1159 3777 testatur,
1202 3704 1368 3787 quod
1421 3704 1630 3767 omnis
1681 3722 1867 3785 poena
1918 3724 2060 3786 quae
2109 3705 2172 3766 in
2226 3725 2381 3787 prae-

871 3802 1034 3864 senti
1080 3802 1416 3883 infligitur,
1449 3811 1560 3865 aut
1590 3802 1908 3883 infligitur
1941 3803 2017 3864 ad
2062 3804 2379 3885 purgatio-

872 3920 1044 3976 nem,
1076 3908 1185 3963 aut
1215 3902 1291 3963 ad
1324 3902 1830 3975 conversionem,
1865 3910 1973 3963 aut
2002 3904 2080 3964 ad
2120 3904 2377 3965 initium

873 4018 1080 4081 poenae
1123 4008 1390 4061 aeternae.
1434 4001 1580 4063 Ideo
1628 4000 1855 4063 asserit
1898 4001 2322 4063 Damascenus
2359 4021 2372 4065 :

874 4097 1132 4180 Oportet
1183 4099 1346 4161 scire
1395 4100 1561 4181 quod
1614 4118 1838 4163 omnes
1888 4102 2098 4163 tristes
2159 4120 2379 4183 super-

2491 3116 2845 3179 secundum
2906 3118 3319 3201 particulares
3377 3126 3558 3181 actus
3616 3137 3860 3182 eorum.
3920 3117 3999 3181 Et

2493 3216 2625 3279 haec
2683 3224 2779 3279 est
2829 3218 3059 3299 positio
3116 3218 3313 3280 Rabbi
3374 3217 3626 3302 MoysiS,
3678 3218 3997 3281 rationem

2491 3314 2871 3394 assignantis
2920 3316 3071 3398 quia
3130 3316 3194 3377 in
3244 3316 3530 3399 quolibet
3586 3315 3847 3379 homine
3896 3323 4001 3377 est

2493 3411 2939 3475 intellectualis
2980 3422 3222 3487 natura,
3258 3434 3371 3497 per
3409 3434 3601 3497 quam
3640 3414 4005 3497 apprehen-

2490 3509 2583 3570 dit
2628 3508 2895 3573 formam
2946 3512 3182 3593 speciei
3234 3512 3299 3573 in
3348 3523 3657 3594 quantum
3707 3520 3804 3575 est
3854 3532 4005 3594 spe-

2490 3608 2641 3681 cieS,
2696 3609 2800 3670 cui
2858 3616 2922 3670 et
2982 3610 3287 3672 rationem
3348 3610 3843 3673 universalitatis
3904 3619 4004 3673 at-

2487 3706 2714 3768 tribuit
2749 3724 2762 3769 :
2800 3707 2941 3769 ideo
2983 3725 3111 3770 non
3153 3708 3467 3770 deseritur
3508 3728 3544 3769 a
3588 3708 4003 3791 providentia

2489 3804 2623 3879 Dei,
2675 3826 2816 3888 quae
2865 3806 3102 3869 directe
3150 3814 3246 3869 est
3294 3808 3676 3889 specierum,
3720 3816 3785 3870 et
3834 3828 4003 3890 prae-

2488 3905 2707 3967 sertim
2739 3905 3039 3988 quoniam
3080 3906 3271 3968 homo
3302 3926 3416 3989 per
3445 3909 3851 3989 splendorem
3900 3909 4005 3971 in-

2487 4002 2779 4066 tellectus
2809 4004 3238 4066 communicat
3267 4004 3629 4087 aliqualiter
3658 4026 3807 4069 cum
3839 4007 4005 4070 sub-

2486 4102 2735 4163 stantiis
2766 4103 3245 4185 separatiS,quae
3268 4111 3332 4165 et
3360 4122 3474 4186 per
3502 4124 3569 4167 se
3598 4113 3663 4168 et
3686 4114 4003 4188 quantum

873 4197 1204 4259 ventiones
1241 4198 1335 4277 (id
1375 4204 1470 4260 est
1509 4197 1950 4279 adversitates)
1983 4201 2061 4261 ad
2104 4200 2373 4262 salutem
2407 4202 2456 4263 D
2484 4201 2563 4261 ad
2604 4200 2933 4263 individua
2971 4202 3205 4264 cadunt
3244 4202 3365 4264 sub
3408 4203 3825 4286 providentia.
3864 4206 4001 4269 Sed

876 4294 1251 4375 ingeruntur
1297 4295 1397 4357 his
1445 4295 1555 4378 qui
1611 4296 1677 4357 in
1731 4296 2078 4376 gratiarum
2127 4299 2375 4360 actione

875 4393 1236 4474 suscipiunt.
1276 4412 1402 4455 eaS.
1438 4395 1580 4456 Haec
1622 4394 2180 4459 AntisiodorensiS.

952 4491 1030 4553 At
1075 4510 1226 4554 vero
1269 4492 1538 4554 Thomas
1574 4512 1587 4557 ε
1620 4493 1764 4556 Haec
1803 4494 2070 4576 (inquit)
2107 4496 2374 4577 quaestio

873 4590 954 4653 ab
984 4591 1283 4655 omnibus
1317 4590 1448 4653 fere
1480 4591 1875 4673 sapientibus
1907 4594 2211 4657 ventilata
2238 4604 2370 4675 est;

875 4690 1114 4753 idcirco
1155 4698 1404 4772 oportet
1447 4688 1842 4752 diversorum
1885 4692 2234 4773 positiones
2279 4713 2371 4757 re-

877 4789 1104 4863 colere,
1157 4797 1469 4872 quatenus
1517 4788 1785 4869 abjectis
1832 4791 2152 4854 erroribus
2203 4793 2373 4855 viam

879 4908 1222 4970 sequamur
1263 4888 1566 4950 veritatis.

960 4986 1225 5060 Quidam
1271 4985 1466 5067 igitur
1509 4986 1972 5067 providentiam
2018 4987 2128 5050 Dei
2171 4990 2375 5052 totali-

880 5092 974 5147 ter
1011 5092 1341 5166 negarunt,
1374 5084 1658 5147 dicentes
1690 5086 1905 5148 omnia
1941 5105 2089 5149 casu
2129 5090 2373 5151 contin-

875 5202 1046 5264 gere,
1065 5184 1230 5245 sicut
1260 5183 1656 5246 Democritus
1687 5192 1750 5245 et
1780 5184 2023 5267 antiqui
2055 5188 2373 5250 naturales

876 5301 1130 5344 causam
1179 5288 1470 5362 agentem
1515 5291 1838 5364 neganteS,
1871 5291 1932 5345 et
1979 5285 2372 5349 materialem

2484 4299 2636 4380 quia
2678 4297 2895 4361 divina
2937 4300 3215 4381 cognitio
3262 4302 3590 4382 aequaliter
3632 4308 3729 4364 est
3770 4300 4007 4383 singu-

2486 4397 2715 4458 larium
2758 4404 2823 4459 et
2864 4398 3342 4481 universalium,
3377 4406 3441 4461 et
3476 4402 3619 4481 eJus
3658 4400 3768 4483 qui
3806 4419 4003 4463 sum-

2486 4514 2587 4557 me
2618 4496 2823 4558 bonus
2853 4504 2969 4570 est,
2992 4506 3087 4559 est
3116 4499 3331 4561 omnia
3359 4499 3651 4563 ordinare
3680 4500 3746 4562 in
3776 4499 4003 4565 finem

2484 4595 2835 4657 secundum
2880 4596 3049 4678 quod
3098 4604 3243 4659 nata
3290 4606 3475 4677 sunt;
3521 4598 4003 4667 inconveniens

2482 4701 2579 4755 est
2610 4694 3090 4776 particularium
3129 4715 3241 4758 seu
3281 4697 3701 4779 singularium
3738 4699 4005 4782 aliquo—

2484 4811 2625 4854 rum
2653 4794 3107 4875 providentiam
3136 4796 3265 4858 Deo
3295 4813 3421 4859 non
3452 4796 3812 4871 attribuere,
3828 4818 4007 4881 prae-

2482 4892 2701 4954 sertim
2732 4912 2932 4974 quum
2965 4893 3031 4954 in
3063 4893 3404 4975 Evangelio
3433 4896 3739 4959 Dominus
3768 4898 3997 4967 dicat:

2482 4991 2655 5053 Unus
2713 5010 3042 5073 passerum
3102 5010 3226 5055 non
3277 4994 3446 5056 cadit
3501 5014 3695 5077 super
3741 5004 4001 5063 terram
4066 5028 4223 5073 Mani.
4263 5045 4303 5085 ,ἦ

2480 5090 2618 5151 sine
2655 5090 2835 5152 Patre
2874 5090 3139 5165 coelesti,
3174 5091 3235 5153 id
3275 5100 3371 5154 est
3401 5092 3538 5156 sine
3578 5095 4005 5176 providentia
4036 5100 4109 5139 ²⁴³·

2480 5188 2641 5268 ejuS.
2692 5223 2775 5233 -
2818 5188 3102 5251 Aliorum
3164 5209 3313 5272 ergo
3360 5192 3594 5273 positio
3640 5201 3759 5268 est,
3804 5201 4001 5277 quod

2482 5287 2647 5349 Deus
2699 5288 3163 5369 providentiam
3210 5290 3499 5353 omnium
3553 5292 3799 5356 habeat.
3859 5296 4005 5363 Sed
