4359 6250
1115 501 1200 546 AN
1241 501 1498 547 emus
1538 501 1882 558 Aufinum,
1922 501 1995 546 m·
2036 501 2333 556 QuAuTan
2374 501 2665 557 Qniausvn
2706 502 2956 548 Aci-lars
3513 479 3594 546 39

485 668 768 749 septimo
815 669 1250 752 Physicorum‚
1300 671 1470 751 quod
1519 689 1593 731 ea
1641 689 1782 750 qum
1839 676 1988 731 sunt
2020 667 2070 729 A
2099 671 2389 750 sequitur
2418 671 2588 753 quod
2623 673 2799 734 nulla
2838 672 3041 734 forma
3076 672 3333 735 habebit
3361 672 3593 753 gradus

483 768 948 848 comparabilia
993 771 1344 831 secundum
1397 769 1593 850 magis
1643 776 1706 830 et
1751 769 1983 840 minus,

480 865 776 946 ejusdem
837 876 986 929 sunt
1033 868 1313 930 rationis.
1368 869 1518 930 Duae
1567 877 1779 929 autem
1840 876 1989 929 sunt

481 964 844 1046 opinioneS‚
885 984 1078 1047 penes
1118 967 1273 1048 quid
1314 966 1719 1030 attendantur
1756 967 1987 1046 gradus

481 1063 710 1126 formae
753 1065 1109 1126 secundum
1149 1083 1308 1146 quos
1348 1064 1554 1127 forma
1595 1065 1822 1146 recipit
1864 1083 1988 1126 ma-

479 1160 584 1240 gis
625 1169 690 1222 et
736 1161 969 1223 minuS.
1459 1237 1472 1244 -

569 1259 726 1321 Nam
774 1260 974 1342 aliqui
1013 1260 1236 1322 dicunt
1276 1262 1443 1342 quod
1495 1280 1620 1325 non
1665 1263 1987 1325 attendan-

483 1366 597 1419 tur
642 1359 994 1420 secundum
1044 1359 1408 1429 essentiam,
1463 1360 1575 1422 sed
1633 1361 1984 1421 secundum

482 1474 628 1517 esse
672 1473 686 1516 :
728 1457 897 1537 quod
948 1456 1218 1538 probant
1263 1458 1430 1519 sicut-
1475 1457 1606 1538 jam
1659 1458 1722 1519 in
1773 1457 1984 1519 verbis

481 1554 720 1634 AEgidii
765 1563 860 1616 est
911 1555 1268 1635 probatum.
1312 1556 1458 1618 Haec
1505 1564 1719 1618 autem
1767 1556 1985 1637 opinio

486 1653 556 1714 in
603 1651 817 1714 multis
847 1652 1086 1714 deficit.
1121 1654 1352 1729 Prim0,
1385 1655 1453 1716 in
1486 1655 1606 1716 hoc
1637 1655 1804 1735 quod
1841 1673 1985 1735 sup-

483 1751 670 1832 ponit
711 1751 918 1831 ipsum
957 1769 1097 1813 6556
1135 1752 1390 1814 realiter
1427 1753 1732 1832 distingui
1773 1751 1854 1814 ab
1891 1770 1984 1812 es-

2099 770 2453 831 secundum
2504 788 2641 831 esse
2694 771 2815 833 nisi
2877 772 3079 833 forma
3135 770 3591 844 substantialiS,

2099 867 2202 927 cui
2246 867 2365 929 soli
2410 868 2715 948 competit
2759 870 2905 930 dare
2950 887 3087 930 esse
3132 870 3397 931 actualis
3436 869 3597 930 exsi-

2098 966 2365 1027 stentiae.
2412 966 2529 1026 Sed
2574 965 2693 1028 hoc
2736 974 2828 1028 est
2874 967 3123 1029 veritati
3164 975 3227 1029 et
3267 967 3453 1029 dictis
3493 985 3595 1030 eo-

2099 1083 2241 1125 rum
2274 1065 2761 1126 contrarium.Si
2794 1064 2978 1126 detur
3007 1066 3596 1140 secundum,adhuc

2097 1162 2389 1243 sequitur
2435 1163 2603 1244 quod
2655 1162 2859 1225 forma
2913 1163 3346 1226 substantialis
3398 1166 3595 1246 possit

2098 1259 2380 1340 recipere
2414 1260 2611 1340 magis
2641 1269 2704 1323 et
2736 1261 2947 1322 minus
2978 1262 3331 1324 secundum
3364 1263 3595 1342 gradus

2097 1357 2161 1418 in
2202 1376 2340 1419 esse
2371 1358 2777 1433 exsistentiae,
2810 1360 2979 1421 sicut
3017 1359 3222 1422 forma
3248 1361 3596 1422 accidenta-

2095 1456 2193 1518 lis.
2230 1457 2390 1530 Quid
2434 1458 2606 1518 enim
2652 1457 2795 1538 plus
2835 1457 3044 1520 obstat
3082 1457 3185 1519 hic
3226 1476 3417 1540 quam
3458 1459 3593 1521 ibit

2095 1555 2218 1616 nisi
2257 1555 2425 1636 quod
2468 1574 2669 1617 unum
2707 1556 2791 1617 sit
2818 1574 2957 1617 esse
2986 1555 3389 1637 specificum‚
3420 1556 3593 1618 aliud

2093 1671 2245 1728 non,
2279 1654 2581 1735 quoniam
2621 1655 2873 1716 nullum
2911 1673 3050 1716 esse
3089 1655 3472 1718 exsistentiae
3500 1663 3597 1717 est

2095 1750 2493 1832 specificam.
2520 1751 2671 1814 Esse
2701 1752 2873 1814 enim
2910 1751 3310 1833 specificum,
3333 1761 3429 1814 est
3457 1771 3595 1814 esse

479 1851 731 1912 sentia:
755 1849 940 1929 cujus
970 1851 1337 1932 oppositum
1373 1851 1558 1913 multi
1589 1868 1704 1932 pro
1733 1851 1982 1912 verissi-
2018 1855 2065 1917 Β
2094 1850 2385 1912 essentiae
2408 1851 2577 1931 quod
2610 1851 2846 1913 indicat
2875 1851 3197 1929 definiti03
3218 1859 3283 1912 et
3306 1852 3427 1913 tale
3457 1871 3595 1913 6556

481 1966 597 2011 mo
625 1957 858 2012 tenent.
883 1985 964 1994 —-
984 1949 1270 2029 Denique
1299 1949 1471 2030 quod
1499 1949 1720 2010 dicunt
1749 1949 1980 2029 gradus

475 2047 726 2109 attendi
763 2048 1116 2110 secundum
1146 2065 1307 2120 esse,
1341 2065 1468 2110 non
1508 2047 1860 2108 secundum
1890 2066 1984 2108 es-

475 2147 779 2220 sentiam,
811 2154 922 2208 aut
953 2145 1332 2226 intelligitur
1359 2145 1530 2226 quod
1567 2146 1631 2206 in
1668 2144 1808 2227 ipso
1836 2153 1979 2206 actu

476 2245 738 2307 essendi
790 2253 858 2306 ut
897 2251 995 2306 est
1045 2244 1335 2326 quaedam
1384 2262 1505 2318 reS‚
1549 2251 1699 2305 sunt
1746 2243 1982 2305 diversi

475 2344 742 2426 graduS,
785 2344 952 2406 sicut
992 2343 1100 2404 alii
1145 2351 1392 2424 ponunt
1429 2343 1712 2405 diversos
1752 2342 1981 2423 gradus

481 2443 552 2504 in
609 2442 882 2504 essentia
931 2441 1188 2519 formae3
1238 2449 1348 2502 aut
1397 2440 1774 2521 intelligitur
1813 2440 1982 2522 quod

477 2561 620 2600 esse
651 2548 745 2601 est
785 2539 1075 2621 quaedam
1115 2557 1214 2600 res
1256 2539 1322 2600 in
1363 2558 1430 2601 se
1459 2539 1721 2600 omnino
1760 2539 1984 2600 indivi-

479 2636 720 2708 sibilis,
770 2637 880 2698 sed
943 2635 1344 2717 participatio
1391 2635 1530 2715 ejus
1581 2635 1646 2696 in
1697 2634 1984 2715 subjecto

481 2734 682 2796 habet
709 2734 1051 2816 quamdam
1085 2733 1480 2795 latitudinem
1511 2733 1841 2812 graduum.
1867 2733 1986 2795 Pri·

483 2853 670 2894 mum
710 2832 838 2894 dici
879 2851 1007 2894 non
1053 2839 1260 2913 potest
1301 2839 1560 2913 propter
1603 2831 1820 2892 multa.
1855 2831 1982 2893 Pri-

483 2948 619 3003 mo,
650 2931 804 3012 quia
839 2948 979 2992 esse
1017 2931 1096 2992 ad
1137 2930 1346 2990 minus
1386 2929 1676 3009 sequitur
1713 2928 1980 2991 formam

2094 1947 2472 2029 specificum
2502 1949 2610 2010 dat
2637 1949 2841 2012 forma
2878 1950 3286 2012 accidentalis
3318 1951 3383 2012 in
3416 1969 3598 2032 gene·

2094 2063 2160 2107 re
2209 2046 2577 2114 accidentis,
2620 2049 3157 2128 quemadmodum
3206 2048 3411 2111 forma
3456 2048 3599 2110 sub-

2093 2144 2406 2205 stantialis
2456 2144 2519 2206 in
2568 2163 2797 2226 genere
2848 2145 3238 2208 substantiae.
3280 2181 3361 2192 —-
3406 2147 3595 2210 Porro

2094 2242 2148 2304 si
2198 2243 2446 2304 dicatur
2494 2243 2662 2324 quod
2717 2252 2846 2305 tam
2894 2245 3168 2306 essentia
3216 2265 3406 2326 quam
3456 2265 3594 2308 esse

2095 2341 2176 2402 sit
2228 2359 2327 2402 res
2375 2342 2636 2404 omnino
2687 2342 3119 2416 indivisibilis,
3173 2360 3300 2406 non
3354 2343 3594 2406 habens

2095 2439 2326 2519 gradus
2368 2440 2723 2501 secundum
2762 2459 2851 2513 se,
2897 2442 3008 2502 sed
3050 2449 3299 2502 tantum
3345 2443 3595 2523 partici-

2097 2537 2308 2618 pative
2349 2556 2386 2598 a
2420 2536 2731 2617 subjecto,
2764 2547 2953 2619 prout
2990 2539 3179 2601 credo
3218 2558 3325 2602 eos
3363 2540 3593 2601 intelli-

2094 2653 2243 2716 gere
2281 2635 2397 2715 qui
2438 2635 2620 2697 istius
2664 2636 2983 2717 opinionis
3028 2639 3383 2700 consistunt
3416 2656 3429 2700 :
3465 2657 3592 2701 non

2095 2732 2267 2794 enim
2324 2741 2569 2814 ponunt
2614 2734 2870 2815 aliquod
2916 2754 3054 2796 esse
3101 2737 3484 2799 exsistentiae
3528 2736 3593 2799 in

2097 2849 2225 2894 uno
2275 2832 2607 2913 supposito
2655 2831 2778 2893 nisi
2830 2852 3030 2894 unum
3080 2833 3407 2895 dumtaxat
3453 2853 3591 2915 spe-

2096 2931 2215 3004 cie,
2249 2932 2419 3013 quod
2450 2939 2547 2993 est
2574 2950 2611 2993 a
2640 2931 2845 2994 forma
2881 2932 3301 2995 substantiali.
3336 2935 3593 3015 Propter

481 3029 589 3090 vel
623 3037 825 3090 totum
858 3028 1281 3109 compositum
1319 3027 1559 3090 ratione
1589 3027 1832 3102 formae,
1865 3029 1984 3090 sic·
2021 3033 2063 3094 C
2094 3030 2265 3111 quod
2297 3047 2497 3112 quum
2538 3039 2769 3111 negent
2800 3030 3070 3093 formam
3112 3031 3591 3095 substantialem

480 3138 556 3191 ut
608 3145 1030 3209 quaecumque
1089 3127 1344 3208 propria
1400 3125 1611 3207 passio
1670 3144 1783 3187 seu
1841 3144 1983 3207 pro-

481 3226 728 3310 prietas
755 3225 1046 3307 sequitur
1075 3225 1376 3306 speciem,
1409 3232 1563 3305 puta
1601 3224 1844 3285 risibile
1875 3224 1982 3286 ho-

483 3327 753 3388 minem.
789 3324 912 3386 Sed
951 3324 1018 3385 in
1057 3324 1268 3405 specie
1301 3331 1364 3385 et
1397 3322 1653 3405 propria
1691 3322 1982 3404 passione

479 3432 818 3505 nequeunt
857 3442 996 3485 esse
1029 3422 1258 3503 gradus
1299 3423 1364 3484 in
1406 3439 1534 3484 uno
1563 3422 1720 3502 quin
1759 3421 1886 3483 sint
1916 3422 1980 3483 in

477 3524 616 3586 alio
648 3542 662 3586 ε
695 3540 846 3603 ergo
885 3540 1004 3584 nec
1044 3520 1108 3582 in
1151 3519 1351 3583 forma
1382 3528 1445 3582 et
1477 3520 1542 3582 in
1577 3538 1715 3581 esse
1756 3519 1976 3601 ipsius.

479 3621 803 3694 Secundo,
853 3620 1007 3701 quia
1063 3618 1126 3680 id
1174 3619 1344 3700 quod
1402 3618 1815 3699 consequitur
1870 3617 1980 3679 ali-

479 3718 646 3801 quid
695 3718 902 3798 primo
950 3725 1014 3778 et
1062 3734 1176 3798 per
1221 3734 1310 3789 se,
1363 3734 1482 3778 nec
1529 3715 1828 3777 convenit
1873 3714 1980 3776 alii

479 3816 616 3879 nisi
647 3835 762 3897 per
791 3816 970 3888 illud,
1003 3815 1254 3877 videtur
1282 3815 1362 3875 ab
1395 3814 1504 3877 illo
1534 3812 1768 3876 habere
1802 3813 1982 3875 fixio-

479 3933 662 3982 nem,
699 3932 1060 3974 mensuram
1103 3920 1164 3975 et
1206 3912 1819 3974 determinationem.
1861 3911 1980 3972 Sed

479 4032 624 4073 esse
669 4011 1082 4091 consequitur
1127 4009 1418 4083 formam,
1461 4028 1578 4071 nec
1623 4017 1828 4091 potest
1869 4009 1980 4071 ali-

479 4111 592 4174 cui
647 4109 986 4173 convenire
1028 4108 1150 4171 nisi
1201 4127 1314 4190 per
1361 4127 1502 4170 eam
1547 4126 1560 4169 :
1604 4126 1754 4188 ergo
1793 4107 1977 4169 habet

2095 3129 2419 3209 suscipere
2469 3130 2671 3210 magis
2720 3138 2783 3191 et
2834 3130 3046 3191 minus
3102 3131 3453 3194 secundum
3501 3152 3595 3194 es—

2095 3226 2364 3287 sentiam
2415 3234 2477 3288 et
2527 3229 2879 3290 secundum
2938 3248 3098 3301 esse,
3151 3237 3213 3291 et
3263 3230 3424 3292 nulli
3484 3231 3589 3293 alii

2096 3323 2317 3385 formae
2359 3322 2629 3385 debetur
2666 3343 2805 3386 esse
2848 3326 3200 3388 secundum
3243 3344 3383 3407 eos3
3423 3329 3594 3391 vide-

2094 3428 2199 3481 tur
2239 3421 2408 3502 quod
2458 3438 2585 3483 non
2638 3421 2975 3484 intendunt
3014 3425 3183 3505 quod
3228 3425 3313 3486 sit
3349 3425 3592 3507 aliquid

2094 3538 2233 3581 esse
2271 3519 2561 3582 essentiae
2592 3520 2693 3581 vel
2732 3522 3115 3585 exsistentiae
3152 3524 3321 3603 quod
3364 3524 3594 3587 habeat

2093 3617 2348 3697 graduS‚
2392 3618 2501 3679 sed
2555 3618 2767 3699 ipsum
2812 3636 2949 3680 esse
2989 3628 3217 3682 vocant
3260 3620 3593 3702 participa·

2095 3715 2333 3777 tionem
2381 3735 2419 3778 a
2466 3716 2757 3796 subjecto
2807 3734 2920 3797 per
2968 3716 3175 3778 inesse
3231 3734 3245 3778 ε
3298 3718 3450 3799 quia
3491 3720 3592 3799 (ut

2094 3813 2344 3893 dicunt)
2384 3814 2731 3876 accidentis
2777 3832 2915 3876 esse
2956 3822 3053 3876 est
3101 3813 3328 3877 inesse.
3374 3817 3436 3878 Si
3485 3836 3591 3879 au-

2094 3921 2224 3974 tem
2254 3913 2389 3975 haec
2426 3912 2827 3994 participatio
2866 3912 3094 3993 recipit
3134 3914 3333 3993 magis
3366 3933 3440 3976 ac
3474 3916 3588 3977 mi-

2095 4030 2237 4083 nuS‚
2290 4010 2409 4072 hoc
2466 4018 2714 4091 oportet
2770 4028 2909 4071 6556
2968 4010 3229 4073 omnino
3277 4030 3354 4073 ex
3414 4021 3589 4094 parte

2094 4108 2367 4190 subjecti
2414 4128 2426 4171 :
2471 4108 2640 4190 quod
2682 4116 2746 4169 et
2790 4107 2911 4190 ipsi
2962 4108 3258 4171 fatentur.
3302 4110 3421 4172 Sed
3470 4111 3590 4174 hoc

479 4227 879 4281 mensuram,
923 4207 1229 4269 fixionem
1277 4214 1343 4269 et
1387 4206 1980 4268 determinationem
2013 4209 2063 4270 D
2093 4209 2427 4271 veritatem
2469 4224 2594 4269 non
2646 4207 2856 4279 habet,
2901 4208 3053 4288 quia
3089 4208 3382 4271 videmus
3422 4211 3589 4291 quod

477 4306 842 4369 secundum
905 4305 1194 4367 formam.
1260 4305 1434 4367 Unde
1493 4314 1755 4387 apparet
1813 4306 1983 4386 quod

479 4407 704 4488 ipsum
743 4423 882 4465 esse
920 4422 1048 4466 non
1087 4410 1276 4485 queat
1305 4402 1537 4465 habere
1569 4403 1981 4466 variationem

477 4504 842 4567 secundum
871 4503 1127 4583 graduS‚
1163 4502 1366 4565 forma
1393 4520 1520 4564 non
1552 4503 1808 4564 variata.
1843 4503 1984 4564 Ter-

479 4604 598 4677 tio,
634 4601 938 4684 quoniam
976 4608 1086 4662 aut
1117 4600 1462 4682 loquuntur
1495 4600 1572 4663 de
1603 4619 1740 4663 esse
1776 4620 1985 4661 essen-

477 4702 615 4773 ssae,
659 4708 766 4761 aut
809 4700 888 4761 de
931 4718 1070 4761 esse
1109 4698 1512 4762 exsistentiae.
1547 4698 1684 4761 Non
1722 4698 1800 4759 de
1845 4717 1984 4759 esse

475 4797 800 4870 essentiae,
841 4796 994 4878 quia
1040 4795 1160 4858 hoc
1200 4796 1452 4858 realiter
1491 4797 1661 4859 idem
1700 4805 1797 4858 est
1836 4815 1983 4857 cum

475 4896 765 4961 essentia
797 4913 810 4957 :
845 4894 1084 4956 idcirco
1123 4894 1177 4955 si
1219 4894 1283 4955 in
1326 4912 1452 4957 uno
1484 4903 1809 4975 ponuntur
1845 4914 1984 4975 gra-

477 4998 632 5067 duS,
663 5011 812 5074 ergo
858 4994 926 5054 in
968 4991 1112 5054 alio.
1159 4992 1224 5054 Si
1265 4992 1342 5053 de
1389 5010 1527 5054 6556
1574 4994 1980 5067 exsistentiae,

475 5102 598 5157 aut
638 5092 796 5154 illud
835 5100 933 5153 est
974 5110 1175 5152 unum
1221 5090 1288 5151 in
1329 5108 1712 5173 unoquoque
1755 5111 1985 5174 suppo-

479 5194 616 5256 sito
668 5191 852 5272 juxta
909 5188 1219 5252 unitatem
1279 5188 1500 5251 formae
1557 5188 1989 5254 substantialis

487 5291 596 5355 vel
656 5288 1090 5363 accidentalis,
1139 5296 1250 5351 aut
1297 5306 1444 5351 non.
1499 5288 1563 5351 Si
1612 5296 1707 5349 est
1763 5307 1986 5363 unum,

2093 4308 2456 4385 subjectum
2502 4324 2629 4368 uno
2667 4313 2857 4387 atque
2888 4306 3112 4369 eodem
3154 4308 3341 4369 modo
3381 4309 3588 4390 dispo-

2093 4406 2288 4467 situm
2332 4404 2560 4485 recipit
2603 4404 2872 4466 formam
2924 4405 3233 4469 intensius
3273 4416 3336 4467 et
3374 4408 3593 4469 remis-

2094 4503 2249 4574 sius,
2284 4502 2449 4563 sicut
2491 4520 2599 4563 aer
2644 4502 3047 4564 uniformiter
3091 4502 3457 4583 disposituS‚
3501 4506 3593 4567 in-

2093 4601 2337 4662 tensius
2382 4599 2781 4661 illuminatur
2821 4619 2858 4660 a
2900 4600 3031 4661 sole
3074 4619 3265 4681 quam
3308 4620 3346 4663 a
3389 4602 3557 4665 luna.

2174 4697 2706 4779 Respondendum
2751 4715 2901 4778 ergo
2940 4698 3017 4759 ad
3060 4698 3297 4761 motiva
3344 4718 3585 4763 eorum.

2093 4797 2335 4878 Nempe
2402 4813 2602 4876 quum
2669 4795 2891 4857 dicunt
2952 4797 3120 4876 quod
3191 4797 3410 4861 formae
3476 4819 3588 4861 seu

2096 4895 2341 4978 species
2392 4912 2604 4955 rerum
2654 4912 2721 4955 56
2770 4893 3006 4956 habent
3054 4903 3124 4957 ut
3172 4896 3445 4969 numeri,
3500 4914 3590 4957 re-

2097 4993 2445 5076 spondetur
2486 4992 2841 5073 tripliciter.
2876 4992 3104 5065 Primo,
3147 4995 3315 5074 quod
3362 4993 3590 5055 intelli-

2096 5092 2270 5174 gitur
2315 5091 2392 5152 de
2443 5090 2665 5152 formis
2714 5109 2750 5151 a
2802 5090 3063 5151 materia
3108 5090 3431 5171 separatis.
3486 5092 3589 5155 Se-

2099 5191 2331 5265 cunde,
2360 5188 2529 5271 quod
2559 5189 2637 5250 de
2668 5186 3190 5250 substantialibus
3222 5196 3589 5253 naturarum

2105 5290 2208 5352 vel
2239 5288 2600 5372 specierum
2632 5305 2745 5368 per
2775 5304 2879 5348 eas
2910 5286 3420 5361 constitutarum,
3444 5308 3593 5369 qua-
