4359 6250
1537 547 1738 594 urnum
1779 547 2002 593 monn
2041 544 2411 592 uovnmrun
3411 521 3532 588 469

425 725 534 780 aut
573 717 728 781 fidei
767 719 1170 794 documenta,
1204 719 1384 803 quasi
1426 719 1554 782 sint
1588 721 1728 782 (1οω
1763 718 1922 781 veri·
1951 715 2003 780 Α
2035 718 2537 800 pertranseundo
2594 717 2877 780 medium
2936 717 2988 780 si
3038 715 3198 789 vult,
3250 715 3351 778 vel
3402 731 3529 777 non

425 823 584 879 tates
615 817 740 879 sibi
771 817 1046 881 invicem
1079 819 1580 882 contrariae.lmo
1609 818 1920 900 quidquid

426 915 790 979 christ-ianae
828 916 983 978 fidei
1019 917 1269 980 veritati
1310 923 1641 1000 repugnat,
1673 916 1922 979 absolu-

425 1021 488 1076 te
539 1013 1045 1097 simpliciterque
1099 1017 1490 1079 censendum
1543 1024 1640 1078 est
1687 1014 1919 1078 falsum

423 1119 490 1173 et
530 1112 972 1193 denegandum
1019 1131 1137 1176 nec
1182 1113 1672 1176 defendendum.
1709 1113 1923 1176 Nihilo

423 1210 642 1273 minus
669 1219 728 1272 et
762 1211 1089 1274 Udalricus
1123 1213 1295 1273 hunc
1329 1212 1586 1274 modum
1625 1211 1921 1293 loquendi

425 1309 714 1390 magistri
762 1310 862 1372 sui
905 1310 1145 1372 Alberti
1197 1327 1656 1392 nonnunquam
1701 1309 1766 1370 in
1810 1327 1926 1370 sua

423 1407 718 1489 sequitur
765 1408 1048 1480 Summa,
1097 1407 1369 1470 dicendo
1411 1425 1426 1469 :
1469 1408 1598 1470 Hoc
1647 1414 1754 1469 aut
1805 1407 1924 1469 hoc

425 1525 650 1568 verum
687 1515 782 1568 est
812 1507 1164 1569 secundum
1203 1505 1670 1588 PeripateticoS,
1703 1525 1924 1588 quam-

425 1605 523 1666 vis
573 1605 927 1667 secundum
979 1605 1334 1687 Scripturas
1385 1613 1448 1666 et
1492 1604 1690 1666 fidem
1740 1604 1926 1666 aliter

423 1703 506 1766 sit
550 1703 914 1765 dicendum.

501 1803 632 1864 Hoc
672 1802 864 1864 etiam
907 1802 1384 1875 attendendum,
1419 1803 1586 1883 quod
1628 1800 1922 1863 Albertus

2035 816 2537 900 pertranseundo
2570 836 2583 880 :
2618 815 2921 898 quoniam
2968 814 3193 876 dieunt
3232 813 3529 894 angelum

2033 936 2160 980 non
2210 917 2459 986 esse‚in
2509 916 2649 979 loco
2698 915 2823 978 nisi
2870 933 2985 996 per
3030 931 3211 976 suam
3260 912 3531 995 operati-

2033 1036 2242 1080 onem.
2285 1015 2481 1096 Cujus
2530 1014 2851 1097 opinionis
2899 1013 3387 1075 fundamentum
3434 1018 3533 1073 est

2035 1116 2487 1199 improbatum.
2521 1115 2643 1177 Alii
2689 1115 2931 1187 dicunt,
2970 1113 3138 1194 quod
3182 1111 3323 1194 quia
3374 1131 3529 1193 prae-

2033 1216 2166 1278 cisa
2215 1215 2375 1277 ratio
2422 1213 2807 1276 exsistentiae
2854 1212 3061 1294 angeli
3114 1211 3179 1273 in
3227 1210 3533 1284 loco,·est

2033 1333 2148 1376 sua
2188 1313 2543 1375 simuleitas
2584 1331 2729 1373 cum
2774 1311 2912 1372 loco
2942 1310 3041 1372 vel
3082 1327 3229 1372 cum
3268 1327 3337 1370 re
3370 1307 3532 1369 exsi-

2035 1421 2239 1474 stente.
2274 1412 2339 1473 in
2384 1412 2543 1484 1060,
2576 1418 2766 1492 atque
2796 1417 2867 1470 ut
2899 1409 3019 1490 ipsi
3051 1409 3293 1482 dicunt,
3330 1408 3394 1470 in
3428 1425 3535 1469 vo-

2040 1510 2277 1572 luntate
2336 1517 2433 1573 est
2483 1509 2690 1589 angeli
2750 1508 2959 1570 facere
3018 1526 3085 1570 se
3134 1508 3325 1569 simul
3384 1526 3531 1568 cum

2037 1608 2176 1670 1060
2206 1610 2303 1671 vel
2346 1626 2511 1686 non;
2556 1608 2696 1670 ideo
2737 1606 2800 1668 in
2832 1606 3155 1669 voluntate
3194 1606 3399 1686 angeli
3438 1612 3535 1668 est

2035 1707 2305 1769 transire
2350 1708 2428 1769 de
2474 1708 2613 1769 loco
2654 1706 2733 1767 ad
2777 1705 2989 1766 locum
3035 1704 3535 1786 pertranseundo

2037 1805 2319 1868 medium
2354 1806 2454 1866 vel
2486 1823 2612 1867 non
2645 1802 3341 1886 pertranseund0,sicut
3370 1819 3537 1865 com-

421 1899 543 1963 hoc
605 1900 743 1963 loco
809 1899 900 1962 nil
963 1899 1245 1981 loquitur
1301 1900 1378 1961 de
1439 1908 1612 1963 motu
1671 1899 1923 1980 angelo·
1959 1901 2007 1964 B
2037 1905 2245 1985 placet
2282 1903 2360 1964 ei.
2397 1903 2517 1964 Sed
2562 1909 2779 1963 contra
2822 1902 2983 1963 hanc
3028 1899 3393 1982 opinionem
3439 1907 3536 1962 est

421 2019 564 2060 rum
607 2001 674 2060 in
713 1999 1060 2081 assumptis
1103 1998 1497 2080 corporibus
1541 1999 1698 2062 Nam
1739 2006 1800 2060 et
1845 1998 1923 2060 de

419 2095 542 2158 hoc
572 2094 698 2156 fuit
727 2095 1020 2176 specialis
1051 2095 1394 2176 opinioniS‚
1419 2095 1638 2156 dicens
1668 2094 1923 2175 angelos

422 2212 752 2275 nunquam
793 2211 1010 2255 revera
1041 2212 1366 2255 assumere
1397 2211 1682 2275 corpora,
1717 2212 1924 2275 neque

421 2292 504 2354 ab
543 2299 721 2354 extra
763 2291 828 2353 in
878 2291 1254 2373 corporibus
1304 2292 1398 2353 sic
1439 2291 1786 2374 assumptis
1830 2311 1923 2354 re-

421 2390 608 2453 aliter
661 2409 990 2472 apparere,
1039 2391 1150 2452 sed
1201 2391 1412 2472 potius
1469 2389 1924 2452 similitudines

423 2507 638 2550 rerum
675 2489 1044 2570 imprimere
1075 2489 1390 2563 sensibuS,
1417 2496 1488 2550 ut
1518 2488 1712 2552 refert
1743 2489 1924 2552 Udal-

425 2587 598 2649 ricus
645 2587 712 2648 in
758 2587 1020 2650 Summa
1064 2607 1198 2661 sua,
1241 2587 1406 2651 libro
1448 2595 1694 2670 quarto,
1738 2595 1927 2669 prout

425 2684 594 2748 libro
624 2687 927 2759 secund0‚
961 2687 1014 2748 si
1046 2687 1212 2748 Deus
1256 2686 1638 2767 praestiterit,
1673 2686 1924 2767 plenius

424 2784 738 2846 referetur
779 2792 843 2846 et
884 2784 1280 2847 discutietur.

506 2883 792 2965 Denique
819 2883 1227 2965 praeinductis
1264 2901 1339 2944 ex
1360 2882 1619 2945 Alberto
1642 2883 1720 2944 de
1747 2873 1926 2945 moti-

423 2983 546 3045 bus
577 2982 971 3062 angelorum,
1005 2987 1354 3044 consonant
1385 2982 1623 3063 scripta
1650 2980 1922 3043 Udalrici

2036 2001 2440 2065 communior
2495 2001 2826 2063 doctorum
2886 1999 3124 2081 opinio.
3178 1999 3324 2061 ldeo
3365 1999 3531 2072 (1ἰ60,

2035 2101 2206 2183 quod
2258 2101 2411 2162 dum
2470 2099 2733 2180 angelus
2792 2106 3083 2162 movetur
3129 2098 3207 2160 (16
3264 2098 3399 2160 1060
3456 2098 3533 2160 ad

2037 2200 2273 2273 locum,
2296 2207 2543 2281 oportet
2572 2217 2723 2260 eum
2758 2198 3023 2260 transire
3053 2216 3168 2279 per
3198 2197 3481 2258 medium
3516 2217 3531 2260 z

2037 2318 2163 2361 non
2200 2307 2409 2361 tamen
2443 2298 2642 2360 instar
2673 2296 3097 2378 corporalium
3130 2296 3537 2378 rerum,quia

2037 2417 2162 2461 non
2215 2403 2765 2461 commensuratur
2813 2394 3024 2457 medio
3066 2413 3185 2456 nec
3234 2400 3379 2455 actu
3428 2413 3535 2456 ne-

2037 2515 2162 2578 que
2197 2495 2493 2577 potentia.
2519 2493 2603 2538 —-'
2627 2493 2705 2555 At
2736 2509 2885 2555 vero
2917 2492 2995 2554 de
3024 2493 3165 2564 hoe,
3200 2491 3293 2554 An
3326 2500 3535 2556 motus

2036 2593 2244 2674 angeli
2288 2593 2416 2654 sint
2460 2592 2525 2654 in
2570 2591 2851 2664 instanti,
2895 2591 2987 2652 sic
3032 2590 3250 2652 scribit
3296 2607 3311 2650 τ
3353 2590 3535 2652 Dixe-

2038 2699 2187 2752 runt
2227 2689 2446 2772 aliqui,
2490 2689 2658 2770 quod
2706 2689 2968 2770 angelus
3016 2695 3223 2770 pot-est
3269 2688 3533 2750 transire
3625 2751 3633 2758 ,

2039 2789 2323 2852 medium
2372 2789 2537 2850 inter
2580 2787 2707 2850 duo
2756 2786 2891 2850 loca
2941 2787 3007 2850 in
3058 2787 3341 2858 instanti,
3384 2804 3536 2868 quo-

2037 2889 2209 2950 niam
2242 2886 2535 2969 quamvis
2565 2887 2767 2948 virtus
2802 2887 3007 2967 angeli
3040 2904 3167 2949 non
3202 2885 3283 2947 sit
3315 2904 3536 2948 secun-

2037 2987 2184 3048 dum
2219 3004 2285 3046 se
2314 2983 2583 3058 infinita,
2600 2991 2802 3045 tamen
2836 2984 2899 3044 in
2934 2983 3260 3045 infinitum
3288 2984 3537 3046 excedit

425 3081 494 3143 in
533 3081 798 3144 Summa
833 3098 968 3155 sua,
1012 3079 1176 3143 libro
1215 3087 1437 3161 quarto
1475 3099 1488 3143 :
1533 3079 1718 3159 cujus
1757 3079 1927 3142 dicta
1964 3084 2008 3149 C
2039 3083 2317 3166 spatium
2351 3083 2798 3165 quodcumque
2831 3081 3539 3164 finitum‚quemadmo-

423 3180 494 3242 in
543 3180 756 3243 verbis
803 3178 1046 3242 Alberti
1089 3178 1448 3241 virtualiter
1496 3180 1920 3242 continentur.

509 3377 860 3441 Richardus
898 3384 1111 3439 autem
1144 3376 1314 3439 circa
1352 3376 1654 3458 praedicta
1692 3377 1929 3459 aliqua-

429 3479 576 3541 liter
624 3476 865 3539 recedit
911 3496 948 3538 a
985 3476 1224 3538 Thoma
1273 3475 1443 3537 circa
1493 3476 1753 3537 modum
1803 3494 1929 3557 quo

428 3575 674 3656 angelis
725 3574 1022 3636 convenit
1075 3573 1338 3647 moveri,
1391 3574 1928 3655 quemadmodum

431 3682 500 3736 et
528 3674 698 3735 circa
740 3672 1000 3734 modum
1031 3690 1160 3753 quo
1192 3671 1434 3752 angelis
1467 3672 1764 3733 convenit
1792 3691 1929 3734 esse

173 3811 214 3850 ρ.
243 3799 348 3847 ⁸55,
373 3795 404 3839 a
435 3774 502 3835 in
535 3773 695 3845 loco,
731 3777 800 3833 ut
830 3770 1162 3833 recitatum
1202 3777 1298 3833 est
1328 3789 1536 3853 supra.
1570 3770 1725 3833 Nam
1765 3770 1929 3832 sieut

125 3864 222 3903 eu.

429 3872 522 3935 ait
559 3869 805 3950 angelis
847 3868 1186 3931 convenire
1229 3886 1368 3929 esse
1413 3868 1478 3929 in
1524 3868 1660 3929 1060
1704 3867 1930 3929 defini-

433 3971 562 4033 tive
594 3987 722 4031 non
754 3968 958 4029 solum
991 3986 1106 4049 per
1135 3966 1708 4049 operationem,sed
1738 3967 1930 4027 etiam

429 4069 676 4131 ratione
711 4067 996 4128 limitatae
1024 4083 1097 4127 ac
1129 4065 1328 4127 finitae
1358 4083 1579 4127 eorum
1609 4065 1929 4143 essentiae3

431 4168 528 4231 sic
591 4166 750 4229 dicit
805 4164 898 4226 eis
961 4170 1323 4245 competere
1382 4169 1624 4225 motum
1691 4163 1932 4226 ratione

2038 3184 2190 3245 dum
2223 3183 2389 3245 linea
2418 3182 2765 3244 secundum
2801 3200 2868 3243 se
2900 3180 3084 3243 finita
3113 3181 3361 3243 excedit
3389 3201 3541 3263 pun-

2039 3290 2213 3343 ctum
2259 3282 2323 3342 in
2366 3279 2714 3342 infinitum.
2750 3280 2871 3342 Sed
2912 3281 3047 3343 haec
3088 3280 3245 3343 ratio
3284 3298 3413 3343 non
3454 3281 3543 3342 in-

2038 3380 2295 3443 venitur
2339 3378 2695 3449 sufficiens,
2740 3378 3039 3459 quoniam
3091 3378 3367 3459 spatium
3411 3396 3537 3441 non

2040 3478 2248 3540 solum
2300 3476 2539 3539 resistit
2586 3476 2807 3538 mobili
2860 3477 3099 3538 ratione
3148 3495 3275 3539 suae
3323 3476 3541 3559 spissi-

2042 3575 2306 3649 tudinis,
2350 3575 2459 3637 sed
2504 3574 2693 3635 etiam
2745 3574 2985 3635 ratione
3030 3594 3159 3635 suae
3204 3574 3539 3636 divisibili-

2042 3674 2208 3736 tatis.
2244 3673 2486 3735 Idcirco
2517 3672 2881 3744 dicendum,
2916 3673 3083 3753 quod
3114 3673 3374 3753 angelus
3410 3691 3535 3736 non

2046 3780 2252 3855 potest
2295 3791 2361 3834 se
2406 3788 2661 3832 movere
2710 3788 2916 3851 neque
2962 3777 3204 3831 mutare
3250 3789 3361 3851 per
3409 3790 3538 3831 me-

2044 3872 2222 3934 dium
2265 3871 2329 3933 in
2365 3868 2623 3932 instanti
2662 3886 2675 3931 :
2710 3868 2861 3951 quia
2895 3868 2946 3929 si
2982 3868 3243 3947 angelus
3273 3868 3538 3930 transfe-

2047 3977 2140 4031 rat
2169 3988 2237 4031 se
2268 3970 2345 4030 de
2380 3969 2517 4031 loco
2545 3967 2621 4030 ad
2668 3966 2877 4029 locum
2920 3985 3032 4047 per
3073 3966 3377 4037 medium,
3410 3984 3537 4028 non

2043 4075 2136 4129 est
2169 4067 2319 4129 dare
2359 4067 2567 4128 locum
2600 4066 2917 4146 signatum
2954 4064 3017 4125 in
3050 4064 3280 4138 medi0,
3316 4064 3380 4126 in
3413 4082 3541 4146 quo

2044 4184 2171 4228 non
2225 4165 2425 4247 possit
2468 4182 2605 4227 esse
2658 4165 2723 4225 in
2772 4170 2939 4237 actu,
2982 4162 3283 4244 quoniam
3333 4170 3543 4244 potest.

431 4266 792 4345 utriusque.
845 4263 1019 4325 Unde
1068 4262 1160 4324 sic
1209 4261 1298 4323 ait
1340 4280 1354 4323 ε
1398 4261 1672 4342 Angelus
1722 4270 1817 4323 est
1867 4263 1932 4323 in
1964 4267 2014 4328 D
2042 4282 2181 4325 esse
2231 4264 2297 4325 in
2350 4264 2487 4326 loco
2535 4261 2867 4324 definitive
2912 4278 2926 4323 ε
2969 4261 3079 4323 sed
3129 4260 3194 4323 in
3243 4261 3541 4335 omnibus

429 4362 651 4444 aliquo
691 4361 831 4423 loco
869 4359 1289 4422 determinato
1327 4358 1679 4432 definitive,
1713 4364 1776 4420 et
1807 4376 1934 4419 non

432 4460 626 4523 habet
685 4459 1106 4521 necessariam
1169 4457 1636 4538 colligationem
1685 4476 1760 4519 ex
1821 4474 1936 4517 sua

433 4566 662 4620 natura
701 4557 778 4618 ad
822 4558 1032 4618 locum
1073 4555 1279 4629 illum,
1313 4555 1442 4618 imo
1479 4574 1684 4636 neque
1713 4555 1791 4617 ad
1825 4553 1936 4615 ali-

433 4674 654 4737 quem,
697 4654 1000 4736 quoniam
1048 4672 1163 4716 sua
1209 4654 1483 4716 essentia
1523 4672 1560 4714 a
1607 4653 1782 4716 nullo
1829 4654 1934 4714 de-

437 4754 668 4837 pendet
705 4754 844 4816 loco
878 4770 892 4815 :
925 4771 1075 4833 ergo
1105 4760 1310 4834 potest
1341 4770 1480 4814 esse
1511 4751 1576 4814 in
1616 4752 1740 4815 alio
1773 4752 1930 4824 1060,

435 4852 732 4935 quamvis
767 4870 932 4914 unus
969 4851 1144 4914 locus
1183 4851 1266 4912 sit
1297 4850 1498 4931 magis
1528 4867 1844 4931 congruus
1875 4851 1934 4911 ei

437 4970 630 5033 quam
677 4950 855 5011 alter.
901 4948 976 5010 Et
1021 4948 1086 5011 in
1135 4949 1256 5010 hoc
1302 4949 1652 5012 Richardus
1701 4948 1938 5010 recedit

433 5069 472 5111 a
511 5048 770 5111 Thoma.
804 5082 884 5091 -—
914 5047 1386 5128 Consequenter
1424 5046 1648 5108 scribit
1687 5046 1938 5108 Richar-

433 5148 556 5209 dus
588 5148 668 5209 de
701 5145 953 5219 hoc,An
984 5145 1245 5226 angelus
1279 5153 1452 5208 motu
1485 5163 1601 5207 suo
1633 5152 1940 5227 pertrans-

435 5253 540 5309 eat
589 5245 875 5308 medium
928 5263 943 5307 z
995 5244 1302 5306 Dixerunt
1349 5243 1569 5325 aliqui,
1617 5244 1785 5325 quod
1835 5262 1940 5305 an-

436 5344 618 5425 gelus
661 5350 872 5426 potest
909 5362 978 5404 se
1019 5360 1274 5405 movere
1314 5342 1392 5403 de
1433 5342 1572 5405 loco
1611 5344 1686 5404 ad
1730 5343 1940 5405 locum

2045 4360 2202 4423 loeis
2252 4361 2317 4423 in
2367 4360 2603 4442 quibus
2662 4366 2869 4441 potest
2916 4378 3055 4421 esse
3112 4368 3279 4433 actu,
3332 4367 3428 4421 est.
3476 4361 3541 4422 in

2045 4458 2329 4540 potentia
2376 4458 2547 4519 actui
2598 4457 2813 4519 mixta.
2857 4458 3063 4531 Quum
3108 4476 3257 4521 vero
3300 4458 3543 4540 aliquid

2045 4556 2422 4619 transfertur
2471 4558 2549 4619 de
2600 4556 2738 4619 loco
2785 4556 2861 4616 ad
2923 4555 3131 4617 locum
3182 4557 3543 4620 exsistendo

2047 4656 2112 4717 in
2157 4656 2455 4718 omnibus
2506 4654 2903 4717 intermediis
2953 4654 3107 4717 locis
3152 4654 3215 4716 in
3261 4657 3545 4737 potentia

2045 4763 2110 4817 et
2153 4773 2279 4816 non
2330 4754 2395 4815 in
2443 4761 2588 4815 actu
2640 4771 2820 4835 puro,
2862 4752 3239 4815 transfertur
3282 4754 3360 4815 de
3404 4755 3542 4817 loco

2045 4854 2123 4915 ad
2167 4854 2376 4915 locum
2419 4852 2778 4914 successive
2811 4871 2825 4915 :
2860 4852 3001 4913 talis
3041 4858 3253 4913 autem
3284 4853 3544 4915 transla-

2047 4951 2136 5013 tio
2185 4968 2313 5012 000
2361 4955 2457 5011 est
2504 4948 2569 5010 in
2622 4947 2901 5010 instanti.
2944 4948 3085 5010 Haec
3133 4948 3481 5011 Richardus
3524 4969 3539 5013 z

2048 5049 2234 5128 cujus
2274 5048 2340 5109 in
2378 5048 2494 5109 hac
2536 5066 2603 5108 re
2643 5046 2870 5128 positio
2899 5045 2979 5107 ab
3009 5045 3249 5108 Alberti
3290 5066 3545 5129 respon-

2049 5146 2227 5209 sione
2270 5143 2607 5207 dissentire
2650 5144 2918 5206 videtur.

2144 5244 2415 5305 Thomas
2466 5241 2721 5302 demum
2773 5242 2849 5302 de
2893 5240 3237 5323 Argentina
3283 5261 3400 5324 pro
3450 5243 3541 5305 in-

2052 5339 2457 5405 convenienti
2489 5338 2609 5400 hoc
2649 5347 2919 5420 reputat,
2954 5340 3121 5422 quod
3152 5341 3415 5423 angelus
3456 5341 3546 5404 di-
