4359 6250
147 959 159 1000 l
179 957 210 1000 C
210 970 352 1006 oooooo

121 1025 176 1064 31».

149 1083 252 1126 Ibid.
273 1097 347 1132 xiv,

1562 481 1646 526 AN
1689 480 1946 526 canius
1987 481 2301 526 mNUArun
3398 457 3479 520 63

377 649 504 710 sint
537 649 740 712 multa
779 659 1040 732 peccata
1080 651 1369 714 mortalia
1407 650 1686 712 caritatis
1729 657 1877 713 tota·
1905 648 1958 710 A
1987 649 2191 712 oritur
2224 666 2237 710 :
2274 648 2403 710 imo
2451 648 2830 729 quandoque
2879 647 3045 708 vires
3094 645 3218 708 illae
3265 665 3300 708 a
3346 645 3478 707 suis

381 747 524 808 liter
553 749 922 830 corruptiva
952 768 964 810 :
999 757 1068 810 ut
1099 750 1454 830 ignorantia
1482 750 1590 811 Dei
1624 756 1687 809 et
1714 748 1877 827 juris
1985 747 2235 808 actibus
2282 747 2759 827 suspenduntur
2800 763 2873 806 ac
2920 744 3277 825 sopiuntur,
3310 743 3477 824 quod

378 846 549 926 quod
594 846 742 928 quis
786 848 950 909 scire
992 855 1244 908 tenetur
1279 848 1385 928 (de
1430 866 1554 928 qua
1595 847 1683 908 ait
1720 848 1881 927 Apo—

379 943 603 1017 stolus,
651 945 1078 1025 Ignorantiam
1125 947 1237 1008 Dei
1288 945 1548 1027 quidam
1599 945 1875 1022 habent;

378 1050 462 1115 et,
497 1043 620 1116 Qui
661 1044 928 1123 ignorat,
971 1044 1423 1124 ignorabitur);
1459 1044 1687 1106 vitium
1728 1061 1878 1124 quo-

378 1159 503 1222 que
537 1142 945 1223 puerilitatiS,
965 1144 1133 1224 quod
1165 1143 1330 1205 dono
1362 1142 1689 1223 sapientiae
1719 1141 1878 1202 dire-

377 1248 478 1300 cte
523 1241 984 1318 contrariatur3
1020 1240 1387 1313 infidelitas,
1425 1239 1703 1311 haeresis,
1737 1258 1878 1320 quae

375 1337 532 1398 fidei
577 1338 1014 1399 adversantur.

456 1436 730 1517 Insuper
771 1437 848 1498 ad
897 1431 957 1498 id
1002 1435 1172 1518 quod
1215 1435 1540 1516 objicitur,
1575 1435 1744 1517 quod
1787 1454 1878 1495 se-

373 1535 663 1595 cundum
717 1534 901 1596 istam
956 1534 1360 1615 positionem,
1395 1534 1620 1596 caritas
1665 1541 1878 1613 posset

374 1651 489 1712 per
535 1633 816 1695 venialia
857 1633 1115 1695 tandem
1157 1632 1435 1694 totaliter
1475 1632 1765 1694 consumi
1804 1649 1876 1692 ac

379 1730 511 1792 tolli
551 1747 567 1791 ε
601 1731 748 1793 dico
791 1733 960 1814 quod
1009 1731 1283 1793 venialia
1328 1732 1392 1793 in
1441 1739 1688 1793 tantum
1739 1749 1878 1812 pos-

1987 846 2054 906 in
2084 845 2445 926 anagogicis
2480 845 2779 918 motibuS,
2816 851 2998 925 raptu
3026 851 3091 904 et
3119 843 3344 904 ecstasi
3377 861 3482 924 pa-

1990 945 2115 1005 lam
2159 943 2569 1024 conspicitur.

2067 1041 2227 1104 Hinc
2258 1040 2794 1102 Antisiodorensis
2827 1041 2891 1102 in
2922 1041 3182 1102 Summa
3212 1057 3345 1111 sua,
3368 1045 3483 1098 ter-

1987 1139 2076 1201 tio
2110 1139 2293 1214 libro,
2328 1147 2469 1221 post
2500 1140 2693 1201 verba
2722 1158 2837 1200 sua
2872 1138 3217 1220 praehabita
3246 1144 3309 1200 et
3340 1145 3481 1218 post
3509 1151 3770 1205 asic-ets.

1988 1238 2161 1300 varia
2210 1245 2583 1318 argumenta
2632 1237 2955 1298 concludit
3002 1255 3015 1298 :
3064 1237 3227 1298 Bene
3278 1243 3484 1318 potest

1988 1337 2312 1409 sustineri,
2348 1337 2517 1417 quod
2560 1336 2786 1398 caritas
2828 1354 2941 1417 per
2973 1335 3217 1396 veniale
3255 1334 3485 1396 minui-

1991 1442 2112 1494 tur.
2151 1435 2223 1496 Et
2256 1435 2308 1495 si
2342 1433 2705 1513 objiciatur,
2740 1434 2867 1496 Hoc
2908 1432 3059 1494 facit
3090 1439 3267 1514 gutta
3296 1431 3488 1493 cami-

1992 1551 2072 1594 no
2121 1533 2393 1605 ardenti,
2428 1533 2597 1614 quod
2648 1532 2897 1595 veniale
2947 1531 3193 1592 caritati
3228 1548 3241 1591 :
3276 1531 3487 1592 dicen-

1991 1633 2166 1704 dum,
2202 1631 2371 1713 quod
2404 1631 2721 1712 quoddam
2755 1638 2850 1691 est
2881 1629 3126 1692 veniale
3160 1648 3484 1710 magnum,

1993 1730 2163 1812 quod
2194 1730 2429 1791 dicitur
2460 1730 2741 1808 lignum3
2773 1729 2945 1790 aliud
2978 1728 3283 1801 medium,
3318 1728 3488 1810 quod

379 1836 525 1891 sunt
557 1849 946 1904 excrescere,
980 1831 1152 1912 quod
1183 1831 1234 1892 si
1269 1830 1422 1912 quid
1459 1831 1664 1912 eulpae
1693 1829 1878 1891 adda·
1919 1822 1961 1883 Β
1991 1829 2227 1890 dicitur
2275 1828 2558 1905 foenum3
2602 1827 2859 1888 tertium
2913 1827 3274 1900 minimum,
3318 1827 3486 1906 quod

385 1935 504 2000 tur,
543 1946 689 1991 mox
733 1930 1030 2010 gignetur
1073 1937 1136 1991 et
1177 1930 1299 1991 erit
1340 1937 1672 2011 peecatum
1717 1946 1881 1991 mor-

383 2027 524 2100 tale,
593 2027 758 2089 sicut
825 2028 1022 2090 verba
1090 2028 1463 2090 Sanctorum
1534 2026 1880 2108 praehabita

381 2126 782 2206 apertissime
833 2135 1280 2208 protestantur.
1336 2127 1564 2207 Sicque
1614 2125 1882 2206 disposi-

382 2225 510 2286 tive
559 2244 632 2286 ac
683 2225 1005 2288 meritorie
1064 2225 1355 2288 auferent
1405 2225 1752 2288 caritatem.
1801 2261 1882 2270 —

383 2323 572 2385 Porro
601 2323 678 2385 ad
711 2323 894 2398 illud,
923 2325 1093 2406 quod
1122 2324 1304 2404 juxta
1333 2324 1468 2387 haee
1499 2344 1614 2407 pro
1644 2324 1878 2387 veniali

387 2429 644 2501 peccato
673 2421 1076 2502 infligeretur
1107 2441 1296 2503 poena
1327 2429 1580 2495 aeterna,
1610 2421 1882 2484 habetur

385 2519 716 2600 responsio
751 2538 830 2580 ex
861 2520 1075 2582 verbis
1107 2521 1362 2582 Thomae
1402 2520 1479 2581 de
1511 2519 1876 2600 Argentina,

384 2615 656 2680 dicentis
713 2635 727 2679 :
778 2619 1038 2680 Veniale
1103 2618 1268 2680 bona
1325 2619 1602 2681 coelestis
1665 2618 1882 2699 gloriae

387 2716 640 2789 minuit,
675 2735 801 2780 non
833 2716 944 2778 illa
982 2736 1124 2799 quae
1163 2717 1476 2780 debentur
1505 2725 1568 2778 et
1605 2736 1746 2798 quae
1779 2718 1883 2778 ha-

385 2814 612 2876 bemus
662 2833 776 2896 per
821 2816 1045 2877 merita
1096 2815 1185 2876 ibi
1233 2815 1530 2897 reposita,
1579 2815 1689 2876 sed
1740 2834 1880 2895 quae

383 2913 790 2987 deberentur,
842 2914 896 2974 si
947 2913 1222 2975 venialia
1270 2931 1396 2974 non
1450 2912 1700 2974 fierent.
1755 2912 1881 2974 Nec

1993 1928 2228 1988 dicitur
2258 1927 2511 2009 stipula.
2551 1927 2625 1987 Et
2664 1927 2787 1988 tale
2829 1926 3168 1988 minimum
3208 1943 3335 1988 non
3376 1926 3489 1986 mi-

1991 2027 2132 2088 nuit
2176 2025 2525 2099 caritatem,
2571 2025 2923 2107 praesertim
2961 2024 3325 2105 perfectam.
3366 2025 3487 2085 Au-

1993 2125 2249 2186 ctoritas
2302 2143 2449 2187 vero
2494 2124 2623 2196 illa,
2659 2124 2735 2185 de
2786 2122 3067 2205 perfecta
3119 2123 3376 2184 caritate
3425 2131 3489 2183 et

1995 2222 2263 2284 minimo
2290 2221 2526 2283 veniali
2557 2228 2653 2283 est
2684 2221 3077 2303 exponenda.
3101 2220 3292 2282 -Ad
3329 2220 3485 2282 illud

1993 2338 2250 2402 quoque
2307 2339 2435 2401 quo
2493 2319 2801 2400 arguitur,
2863 2320 3030 2399 quod
3090 2318 3315 2380 caritas
3376 2337 3490 2399 per

1992 2419 2266 2479 venialia
2328 2418 2583 2480 tandem
2653 2417 2915 2478 omnino
2983 2425 3485 2488 consumeretur,

1995 2534 2120 2579 uno
2171 2516 2359 2579 modo
2418 2515 2855 2597 respondetur,
2907 2515 3076 2595 quod
3136 2514 3487 2576 secundum

1993 2632 2119 2675 non
2150 2614 2358 2676 aufert
2400 2621 2643 2675 tantum
2676 2613 2752 2674 de
2786 2612 3042 2674 caritate
3083 2619 3153 2672 ut
3183 2612 3484 2693 primum.

1995 2713 2068 2772 Et
2100 2713 2491 2792 intelligatur
2522 2711 2611 2772 ibi
2645 2721 2927 2780 tantum,
2960 2711 3025 2771 in
3058 2711 3486 2792 proportione,

1993 2828 2121 2872 non
2174 2811 2239 2872 in
2286 2810 2658 2892 quantitate.
2708 2809 2895 2870 Verbi
2943 2808 3165 2890 gratia,
3219 2817 3491 2890 ponatur

1993 2909 2165 2990 quod
2206 2909 2489 2990 primum
2524 2909 2770 2970 veniale
2809 2907 3053 2968 auferat
3085 2908 3489 2969 medietatem

386 3011 529 3074 ideo
561 3012 867 3074 Dominus
909 3011 1094 3093 punit
1125 3011 1224 3073 bis
1266 3012 1330 3072 in
1361 3010 1424 3072 id
1463 3011 1698 3092 ipsum,
1731 3010 1883 3092 quia
1919 3009 1962 3072 C
1994 3007 2297 3080 caritatis,
2348 3007 2701 3068 secundum
2756 3005 3001 3067 veniale
3061 3023 3189 3067 non
3246 3003 3492 3066 auferet

387 3109 496 3171 illa
541 3109 884 3173 auctoritas
939 3109 1349 3191 intelligenda
1403 3117 1499 3173 est
1559 3109 1635 3171 de
1696 3109 1882 3191 plena

383 3217 446 3270 ct
485 3207 841 3270 sufficienti
887 3208 1238 3291 punitione.
1283 3208 1454 3270 Alias
1499 3216 1742 3269 certum
1787 3215 1881 3269 est

383 3308 553 3388 quod
585 3308 938 3369 multorum
961 3306 1280 3374 ·vitiorum
1321 3325 1508 3388 poena
1550 3306 1777 3388 incipit
1815 3306 1880 3367 in

383 3406 706 3487 praesenti,
748 3414 812 3467 et
861 3412 1274 3487 perpetuatur
1320 3404 1386 3466 in
1435 3404 1650 3467 futuro
1695 3422 1707 3465 :
1753 3404 1882 3467 imo

384 3504 647 3567 cuilibet
694 3512 954 3585 peceato
996 3504 1232 3586 duplex
1278 3504 1482 3565 fertur
1521 3521 1709 3585 poena
1752 3521 1884 3565 cor-

382 3603 790 3684 respondere,
827 3602 1125 3664 videlicet
1163 3619 1352 3684 poena
1396 3602 1635 3676 damni,
1671 3620 1885 3683 poena-

383 3720 507 3783 que
545 3720 792 3763 sensus,
829 3700 956 3763 Nec
1001 3700 1289 3782 sequitur
1327 3720 1406 3761 ex
1449 3700 1572 3773 his,
1605 3699 1774 3781 quod
1817 3700 1882 3761 in

383 3800 752 3881 purgatorio
800 3800 882 3861 sit
942 3799 1116 3861 locus
1168 3799 1454 3861 merendi
1510 3815 1523 3859 :
1577 3798 1880 3880 quoniam

380 3900 614 3981 gradus
659 3898 941 3960 caritatis
986 3897 1089 3959 hic
1132 3898 1426 3970 amissuS,
1460 3914 1586 3959 non
1628 3915 1884 3977 recupe-

381 4006 560 4059 ratur
589 4015 708 4058 nec
743 3997 1027 4059 redditur
1057 3995 1143 4057 ibi
1168 4013 1184 4073 ;
1217 3997 1328 4058 sed
1359 3996 1566 4058 solum
1598 4014 1712 4077 pro
1743 4014 1886 4076 pec-

383 4105 525 4159 cato
581 4096 660 4157 fit
712 4095 801 4157 ibi
861 4095 1132 4178 punitio,
1183 4104 1373 4178 atque
1432 4113 1546 4176 pro
1606 4094 1882 4176 praemiis

381 4196 530 4258 vitae
575 4193 908 4277 praesentis
955 4201 1396 4255 remuneratur
1441 4194 1503 4254 in
1549 4193 1730 4256 coelo.

462 4296 790 4366 Praeterea,
825 4294 994 4375 quod
1027 4294 1314 4356 doctores
1345 4294 1605 4375 quidam
1641 4294 1883 4375 praefati

379 4393 702 4456 fervorem
746 4392 1026 4454 caritatis
1072 4400 1316 4474 ponunt
1362 4392 1428 4453 in
1471 4399 1646 4473 parte
1692 4392 1887 4453 sensi-

379 4493 514 4555 tiva
543 4512 620 4554 ex
656 4491 1034 4553 inferiorum
1063 4489 1427 4553 obedientia
1458 4490 1716 4564 virium,
1736 4510 1885 4572 qua-

379 4592 433 4651 si
475 4592 708 4653 caritas
751 4598 971 4651 sancta
1015 4606 1141 4651 non
1186 4587 1413 4649 habeat
1458 4588 1524 4650 in
1569 4589 1880 4669 superiori

378 4691 444 4751 vi
507 4689 808 4751 affectiva
870 4688 1201 4770 proprium
1260 4687 1660 4769 spiritualem
1711 4689 1884 4750 elici-

383 4798 650 4871 tumque
682 4789 1024 4861 fervorem,
1057 4806 1184 4848 non
1215 4795 1510 4848 censetur
1542 4786 1764 4848 idonee
1797 4786 1888 4847 di-

382 4896 580 4950 ctum.
619 4888 752 4949 lmo
780 4886 1033 4957 caritaS,
1068 4885 1398 4966 potissime
1431 4884 1882 4966 perfectorum,

383 4985 576 5048 talem
630 4986 694 5046 in
746 4984 972 5066 primis
1024 4982 1212 5044 habet
1262 4982 1599 5055 fervorem,
1649 4982 1758 5063 qui
1809 5001 1886 5043 ex

382 5106 500 5147 sua
548 5084 963 5146 exuberantia
1009 5090 1072 5144 et
1114 5081 1516 5143 vehementia
1568 5081 1886 5142 interdum

384 5192 514 5246 tam
564 5182 776 5245 valide
826 5182 891 5243 in
943 5180 1110 5243 vires
1170 5180 1482 5241 redundat
1528 5178 1882 5253 inferioreS,

382 5282 556 5365 quod
615 5280 872 5363 grandis
923 5287 986 5341 et
1032 5278 1344 5341 afflictiva
1392 5278 1538 5339 inde
1598 5277 1885 5339 alteratio

1993 3107 2187 3168 aliam
2219 3105 2645 3178 medietatem,
2680 3105 2789 3166 sed
2822 3104 3225 3167 medietatem
3260 3103 3493 3166 medie-

1993 3206 2176 3283 tatis3
2219 3214 2281 3267 et
2332 3204 2613 3275 tertium,
2659 3203 3065 3266 medietatem
3112 3203 3387 3282 residui;
3428 3210 3491 3265 et

1994 3305 2080 3365 ita
2123 3304 2188 3365 in
2228 3303 2559 3365 infinitum
2596 3321 2609 3364 :
2646 3303 2864 3385 sicque
2904 3321 3017 3383 per
3056 3303 3189 3365 sola
3217 3302 3491 3365 venialia

1994 3422 2323 3484 nunquam
2357 3402 2613 3464 tolletur
2642 3421 2718 3465 ex
2760 3408 2909 3464 toto,
2945 3403 3133 3465 Porro
3164 3402 3331 3483 quod
3369 3402 3491 3483 pri-

1996 3520 2172 3563 mum
2222 3500 2469 3563 veniale
2520 3500 2661 3581 plus
2712 3499 2919 3561 aufert
2962 3502 3039 3562 de
3083 3501 3361 3573 caritate,
3397 3508 3493 3561 est

1992 3600 2295 3681 quoniam
2355 3599 2558 3679 major
2608 3598 2834 3661 caritas
2884 3606 2948 3660 et
2996 3599 3241 3661 veniale
3291 3598 3491 3677 magis

1996 3706 2351 3779 repugnant
2386 3716 2578 3779 quam
2623 3697 2830 3761 minor
2860 3697 3087 3757 caritas
3126 3704 3189 3758 et
3220 3696 3487 3758 veniale.

1995 3796 2106 3858 Vel
2137 3804 2344 3878 potest
2370 3796 2707 3877 dici,quod
2734 3795 3016 3876 primum
3045 3802 3109 3855 et
3139 3794 3491 3855 secundum

1997 3896 2265 3978 aequalia
2327 3895 2625 3957 auferunt
2692 3895 2756 3955 in
2819 3893 3193 3976 quantitate,
3255 3894 3363 3956 sed
3428 3894 3491 3956 id

1996 3994 2166 4076 quod
2197 3994 2403 4056 aufert
2446 3994 2727 4075 primum
2760 3976 3193 4066 veniale,'non
3226 3999 3321 4053 est
3352 4011 3492 4074 pro-

1998 4093 2419 4173 portionabile
2467 4091 2698 4154 veniali
2744 4110 2756 4152 :
2801 4092 2968 4153 unde
3022 4090 3277 4152 infinita
3320 4100 3493 4153 tanta

1916 4195 2144 4254 Dsunt
2203 4192 2267 4252 in
2327 4191 2604 4252 caritate.
2658 4190 2863 4263 Quum
2925 4190 3098 4252 enim
3159 4198 3491 4271 peccatum

1999 4290 2261 4352 mortale
2300 4290 2545 4351 auferat
2586 4289 2934 4364 caritatem,
2969 4298 3031 4351 et
3062 4289 3308 4351 veniale
3350 4309 3494 4371 pec-

1996 4397 2209 4450 catum
2252 4390 2317 4450 in
2360 4388 2687 4450 infinitum
2730 4388 2941 4451 minus
2982 4389 3063 4449 sit
3102 4408 3293 4470 quam
3332 4409 3493 4452 mor-

1997 4489 2140 4563 tale,
2177 4488 2241 4550 in
2275 4487 2606 4549 infinitum
2646 4488 2858 4549 minus
2900 4488 3063 4550 tollit
3098 4508 3291 4569 quam
3333 4506 3495 4551 mor-

1997 4589 2118 4650 tale
2145 4606 2158 4650 :
2186 4595 2247 4649 et
2282 4587 2423 4651 ideo
2452 4586 2705 4649 infinita
2736 4594 2908 4648 tanta
2938 4596 3086 4649 sunt
3118 4588 3184 4650 in
3215 4588 3488 4650 caritate.

1997 4686 2137 4749 Haec
2181 4684 2738 4748 AntisiodorensiS.

2078 4786 2235 4846 Hinc
2294 4785 2381 4845 ait.
2437 4782 2786 4846 Richardus
2850 4799 2863 4843 :
2926 4783 3233 4855 Quoniam
3291 4784 3492 4865 aliqui

1999 4891 2215 4944 tenent
2254 4884 2577 4943 caritatem
2622 4900 2735 4962 per
2774 4881 3048 4942 venialia
3089 4881 3313 4953 minui,
3350 4881 3490 4942 ideo

1996 4981 2073 5042 ad
2123 4980 2466 5041 videndum
2510 4998 2698 5040 causa
2741 4979 3187 5058 disputationis
3232 4997 3491 5059 quomo-

1997 5078 2078 5141 do
2137 5078 2368 5161 positio
2428 5079 2536 5141 illa
2595 5077 2793 5157 possit
2852 5076 3127 5149 defendi,
3188 5077 3491 5138 solvenda

1997 5186 2145 5240 sunt
2176 5184 2547 5259 argumenta
2576 5176 2633 5237 ei
2664 5175 2995 5237 contraria.
3030 5175 3237 5247 Quum
3278 5176 3488 5257 itaque

2000 5276 2257 5349 dicitur,
2306 5274 2473 5357 quod
2524 5290 2711 5335 omne
2760 5272 3021 5334 finitum
3072 5292 3186 5355 per
3230 5272 3491 5355 ablatio-
