4359 6250
174 1581 351 1624 'eliaam

1264 512 1439 558 LIBER
1482 513 1504 558 1
1544 513 2027 561 SENTENTIARUM.
2073 533 2153 543 —
2193 517 2346 562 nls'r.
2393 518 2581 562 XXXVI

3353 494 3476 558 389

386 683 509 738 tum
538 678 854 759 permittit
883 680 985 743 vel
1026 681 1315 763 impedit,
1348 683 1536 763 punit
1564 691 1673 746 aut
1702 684 1868 746 ordi·
1896 685 1945 746 A
1977 686 2146 768 quod
2198 687 2414 750 multae
2458 686 2753 750 veritates
2803 687 3064 749 fuerunt
3110 686 3191 748 ab
3237 693 3472 749 aeterno

386 782 483 837 nat
521 794 612 838 ea.
648 777 795 840 Haec
837 779 1107 842 Thomas
1152 780 1218 842 in
1263 781 1543 843 Summa.

372 1005 379 1012 ·
454 972 771 1037 Postremo
800 974 1151 1038 Richardus
1188 984 1399 1039 movet
1441 977 1546 1040 hic
1577 979 1866 1059 quaestio-

384 1089 517 1132 nem
559 1070 899 1134 difficilem
944 1074 1153 1150 istam,
1186 1076 1408 1138 Utrum
1451 1077 1667 1139 omnia
1709 1077 1869 1139 scita

384 1189 417 1231 a
442 1170 563 1233 Deo
600 1171 960 1235 habuerunt
991 1193 1129 1236 esse
1168 1176 1459 1238 essentiae
1495 1176 1575 1238 ab
1607 1184 1859 1241 aeterno.

382 1269 465 1330 Ad
512 1288 701 1350 quam
760 1279 903 1352 post
951 1273 1151 1334 multa
1208 1292 1324 1355 pro
1372 1281 1639 1356 utraque
1688 1281 1865 1356 parte

384 1376 741 1448 argumenta
789 1370 1127 1451 respondet
1170 1391 1184 1434 ε
1230 1371 1495 1444 Quidam
1545 1371 1867 1434 subtiliter

384 1484 447 1526 ac
478 1465 890 1547 probabiliter
922 1467 1165 1544 dicunt,
1200 1470 1369 1551 quod
1410 1471 1574 1532 sicut
1615 1489 1730 1552 per
1760 1489 1863 1533 vo-

385 1563 676 1626 luntatem
730 1565 841 1626 Dei
902 1565 1321 1648 imperantem
1382 1571 1645 1630 rerum*
1702 1587 1861 1643 esse,

384 1669 517 1723 sunt
547 1662 933 1744 quidditates
972 1683 1190 1727 earum
1224 1665 1289 1727 in
1322 1665 1582 1741 effectu,
1618 1667 1709 1729 sic
1754 1686 1868 1749 per

382 1760 701 1823 scientiam
745 1762 879 1836 Dei,
915 1763 980 1824 in
1015 1770 1326 1846 quantum
1367 1765 1533 1827 Deus
1572 1784 1688 1847 per
1724 1785 1863 1828 eam

383 1877 441 1919 se
486 1859 785 1940 intelligit
839 1869 907 1922 ut
956 1863 1283 1943 exemplar
1340 1882 1577 1938 rerum,
1629 1864 1862 1926 habent
1899 1868 1946 1929 Β
1977 1864 2175 1946 tangit
2213 1865 2520 1927 Henricus
2560 1865 2626 1926 in
2666 1866 2940 1947 quodam
2977 1864 3372 1938 Quodlibeto,
3405 1869 3467 1924 et
3497 1874 3696 1926 Quodlib-
3721 1887 3762 1918 v-

384 1975 471 2018 res
500 1957 625 2020 illae
653 1959 969 2022 distinctae
1000 1979 1138 2022 esse
1168 1961 1480 2034 essentiae,
1514 1970 1577 2023 et
1608 1961 1866 2024 fuerunt

383 2073 471 2116 res
514 2056 1129 2136 praedicamentales3
1171 2067 1233 2120 et
1276 2059 1442 2121 sicut
1484 2079 1621 2122 esse
1668 2059 1731 2120 in
1776 2061 1865 2122 ef-

384 2153 538 2215 fectu
582 2173 693 2216 seu
724 2155 1263 2244 exsistentialiter,
1298 2174 1424 2219 non
1462 2158 1635 2219 addit
1675 2178 1867 2240 super

381 2252 710 2315 essentiam
750 2253 875 2316 nisi
916 2254 1290 2317 relationem
1328 2256 1405 2318 ad
1445 2256 1647 2318 Deum
1689 2265 1757 2318 ut
1788 2257 1865 2319 ad

383 2370 629 2413 eausam
669 2353 1086 2426 efficientem,
1126 2355 1217 2416 sic
1260 2374 1398 2416 esse
1442 2356 1733 2418 essentiae
1776 2356 1867 2417 ul-

383 2457 467 2512 tra
516 2451 858 2514 essentiam
909 2470 1036 2515 non
1098 2453 1255 2515 dicit
1302 2453 1428 2516 nisi
1489 2454 1863 2517 relationem

380 2549 449 2610 ad
496 2550 695 2612 Deum
746 2558 815 2613 ut
862 2551 939 2612 ad
996 2569 1250 2613 causam
1310 2572 1491 2614 suam
1550 2553 1867 2634 exempla-

382 2648 987 2711 rem.Verumtamen
1022 2657 1282 2732 propter
1312 2651 1513 2712 multa
1541 2670 1681 2732 quae
1713 2651 1863 2713 huic

382 2744 565 2826 objici
600 2755 862 2828 possunt
892 2747 1203 2828 opinioni,
1236 2757 1300 2809 et
1331 2749 1682 2829 praesertim
1716 2767 1867 2830 quo-

380 2845 543 2906 niam
590 2843 867 2908 'multum
914 2845 1429 2928 appropinquare
1476 2847 1728 2909 videtur
1769 2867 1866 2909 er-

384 2943 498 3003 rori
539 2945 957 3007 condemnato
996 2953 1059 3006 et
1100 2946 1651 3008 excommunicato
1688 2965 1726 3008 a
1764 2946 1867 3008 do-

1977 803 2117 865 quae
2150 803 2277 847 non
2317 793 2464 846 sunt
2507 785 2643 867 ipse
2682 786 2870 859 Deus,
2904 785 3156 847 videtur
3197 783 3355 846 mihi
3395 783 3475 844 si-

1976 901 2055 944 ne
2100 882 2472 964 praejudicio
2510 902 2649 945 esse
2691 883 3055 958 dicendum‘,
3089 883 3257 964 quod
3302 899 3473 943 crea-

1977 988 2134 1044 turae
2177 998 2306 1043 non
2349 980 2609 1043 fuerunt
2652 981 2732 1043 ab
2775 989 3032 1055 aetern0,
3063 999 3180 1043 nec
3225 979 3291 1042 in
3333 998 3472 1042 esse

1974 1081 2264 1142 essentiae
2324 1098 2530 1162 neque
2580 1081 2646 1141 in
2695 1099 2832 1142 esse
2890 1079 3295 1152 exsistentiae,
3346 1078 3472 1140 nisi

1974 1197 2113 1239 esse
2144 1179 2434 1240 essentiae
2465 1187 2729 1240 vocetur
2756 1197 2894 1240 esse
2931 1177 3325 1240 intellectum
3358 1195 3471 1239 seu

1974 1263 2494 1358 repraesentatum
2557 1277 2935 1358 intelligenti
2999 1296 3012 1340 :
3075 1283 3319 1338 certum
3376 1281 3472 1336 est

1972 1375 2168 1448 enim,
2222 1375 2390 1456 quod
2453 1383 2754 1436 creaturae
2801 1374 2880 1436 ab
2929 1382 3165 1437 aeterno
3214 1373 3474 1435 fuerunt

1975 1491 2089 1554 per
2136 1492 2282 1535 suas
2343 1472 2514 1535 ideas
2564 1473 2784 1535 divino
2834 1472 3186 1535 intellectui
3247 1490 3472 1552 reprae—

1974 1577 2260 1644 sentatae,
2305 1578 2493 1652 atque
2541 1569 2620 1632 ab
2673 1570 2812 1652 ipso
2869 1569 3332 1652 perfectissime
3381 1567 3471 1629 in-

1976 1669 2262 1731 tellectae.
2296 1669 2440 1731 Haec
2483 1670 2851 1732 Richardus.
2927 1729 2932 1732 .

2054 1767 2340 1849 Denique
2381 1767 2796 1849 quaestionem
2838 1767 3022 1829 istam
3064 1766 3195 1848 jam
3235 1773 3466 1828 tactam

1975 1963 2211 2025 sentire
2251 1963 2522 2037 videtur,
2557 1964 2725 2045 quod
2771 1963 3118 2045 unicuique
3161 1963 3253 2024 rei
3299 1980 3468 2024 crea-

1976 2069 2053 2123 tae
2110 2059 2190 2122 ab
2247 2069 2481 2123 aeterno
2539 2062 2908 2124 convenerit
2956 2061 3020 2123 id
3079 2061 3248 2142 quod
3308 2059 3469 2122 ratio

1975 2178 2087 2220 sua
2119 2159 2502 2241 exemplaris
2533 2160 2598 2221 in
2636 2166 2848 2222 mente
2880 2159 3189 2222 Creatoris
3220 2159 3298 2220 de
3330 2158 3468 2240 ipsa

1976 2257 2308 2319 continuit.
2347 2257 2434 2343 Ex
2474 2258 2593 2320 hoc
2625 2265 2858 2331 tamen,
2893 2264 3202 2339 quantum
3242 2275 3466 2338 capere

1974 2373 2160 2436 que0‚
2193 2373 2321 2417 non
2353 2356 2644 2437 sequitur
2671 2355 2960 2418 absolute
2991 2355 3160 2437 quod
3189 2354 3271 2416 ab
3300 2363 3471 2417 aeter-

1974 2469 2058 2515 no
2096 2453 2456 2515 habuerunt
2495 2472 2631 2515 esse
2674 2453 2984 2525 essentiae,
3017 2453 3127 2514 sed
3163 2453 3332 2534 quod
3370 2452 3472 2514 ha-

1974 2552 2252 2613 buerunt
2307 2551 2461 2613 illud
2512 2551 2577 2614 in
2639 2560 2850 2614 mente
2900 2551 3136 2612 summi
3185 2549 3466 2632 opificis,

1973 2668 2092 2711 nec
2131 2657 2308 2711 extra
2358 2649 2571 2731 ipsum
2614 2650 2975 2712 habuerunt
3021 2648 3281 2730 aliquod
3329 2667 3469 2710 esse

1975 2747 2340 2829 positivum.
2378 2747 2603 2810 Omnia
2632 2766 2783 2810 vero
2819 2747 2899 2809 ab
2938 2753 3175 2808 aeterno
3211 2745 3470 2808 fuerunt

1975 2845 2041 2907 in
2083 2847 2210 2908 Deo
2241 2846 2372 2908 vita
2412 2854 2473 2908 et
2506 2847 2635 2920 lux,
2669 2854 2732 2908 et
2763 2846 2931 2928 quod
2971 2846 3136 2907 Deus
3176 2845 3470 2927 concepit
3571 2929 3580 2936 .

1973 2953 2037 3006 et
2077 2944 2390 3006 intellexit
2430 2945 2507 3007 de
2547 2944 2660 3020 eis,
2695 2945 2814 3007 hoc
2857 2961 3006 3006 vere
3049 2939 3469 3006 conveniebat

383 3040 543 3104 mino
569 3041 1276 3116 Guillelmo‚Parisiensi
1308 3044 1862 3127 episcopo,utpote
1899 3045 1942 3108 C
1974 3042 2357 3106 {eternaliter
2401 3044 2557 3127 ipsis
2604 3043 2669 3105 in
2715 3041 3040 3104 intellectu
3083 3039 3320 3102 divino,

1082 3434 2074 3639 'D‘ISTINCTIO
2193 3471 2683 3585 xxxvl

420 3812 494 3873 A.
553 3815 813 3875 Utrum
868 3816 1407 3875 concedendum
1460 3812 1582 3887 sit,
1641 3814 1895 3875 omnia
1952 3827 2106 3875 esse
2156 3815 2235 3874 in
2281 3814 2413 3873 Dei
2467 3811 2812 3885 essentia,
2863 3815 2977 3873 vel
3027 3814 3106 3875 in
3152 3826 3235 3874 eo
3277 3828 3419 3885 per

515 3931 939 4005 essentiam,
964 3933 1046 3990 ut
1078 3932 1331 3993 omma
1363 3930 1713 3991 dicuntur
1739 3943 1893 3991 esse
1928 3932 2007 3992 in
2037 3931 2170 3990 Dei
2197 3929 2608 4005 coqntttone
2640 3931 2752 3991 vel
2772 3924 3308 4001 praescientia&
3491 3938 3636 3983 *alias
3651 3952 3757 3994 pro-

3490 4001 3630 4045 sentia

613 4278 914 4356 scientia,
970 4277 1072 4340 vel
1126 4278 1191 4339 in
1245 4278 1383 4340 Deo
1434 4294 1550 4357 per
1598 4278 2063 4357 cognitionem,
2117 4278 2181 4339 et
2232 4277 2376 4355 ejus
2427 4277 2714 4355 cognitio
2762 4276 3330 4357 vel,praescientia
3375 4278 3465 4341 sit

614 4396 841 4457 divina
870 4395 1174 4474 essentia,
1206 4395 1429 4457 utrum
1462 4394 1947 4457 concedendum
1981 4394 2090 4473 sit,
2121 4394 2346 4455 omnia
2377 4410 2519 4456 esse
2558 4393 2625 4455 in
2663 4393 2887 4455 divina
2925 4396 3228 4473 essentia,
3261 4394 3364 4458 vel
3395 4395 3463 4457 in

380 4507 509 4571 Deo
538 4528 649 4591 per
687 4511 1062 4574 essentiam.
1096 4510 1203 4573 Ad
1237 4511 1418 4590 quod
1451 4510 1757 4589 dicimuS,
1785 4510 1941 4590 quia
1969 4510 2090 4572 Dei
2132 4509 2418 4590 cognitio
2459 4508 2602 4588 eJus
2640 4510 2868 4590 utique
2906 4511 3190 4574 essentia
3227 4513 3359 4594 est3
3400 4512 3466 4575 et

380 4623 515 4703 ejus
562 4626 992 4707 praescientia,
1024 4626 1093 4689 in
1143 4644 1274 4707 qua
1318 4627 1473 4689 sunt
1522 4594 1766 4704 omnia,
1809 4626 2021 4706 ipsius
2058 4626 2346 4705 cognitio
2396 4626 2496 4689 est
2537 4645 2551 4686 :
2594 4643 2712 4689 nec
2763 4626 2984 4689 tamen
3036 4627 3259 4690 omnia
3313 4644 3461 4707 quae

378 4742 525 4802 sunt
560 4741 623 4803 in
662 4741 809 4822 ejus
852 4742 1263 4823 praescientia
1300 4742 1403 4805 vel
1453 4741 1847 4821 cognitione,
1880 4742 1949 4803 in
1998 4742 2143 4821 ejus
2191 4742 2473 4805 essentia
2510 4759 2652 4805 esse
2699 4741 2830 4805 dici
2868 4742 3125 4805 debent.
3167 4742 3234 4806 Si
3284 4742 3460 4805 enim

378 4852 495 4916 hoe
530 4856 872 4935 diceretur,
914 4856 1433 4937 intelligerentur
1468 4873 1609 4919 esse
1649 4856 1943 4935 ejusdem
1985 4873 2135 4918 cum
2166 4856 2306 4918 Deo
2346 4857 2668 4919 essentiae.
2713 4856 2789 4917 In
2826 4857 2964 4919 Deo
3007 4856 3180 4919 enim
3220 4856 3462 4919 dicitur

379 4986 513 5034 esse
550 4990 663 5053 per
690 4973 1066 5051 essentiam,
1100 4973 1276 5053 quod
1311 4974 1410 5035 est
1445 4972 1671 5034 divina
1708 4971 2012 5051 essentia,
2048 4972 2225 5052 quod
2264 4974 2364 5035 est
2400 4972 2600 5035 Deus.
2633 4971 2848 5035 Habet
2876 4988 3028 5051 ergo
3069 4972 3247 5034 Deus
3284 4971 3459 5051 apud

378 5104 444 5149 se
488 5088 557 5150 in
601 5088 1011 5169 praescientia
1056 5107 1200 5168 sua,
1240 5107 1388 5171 quae
1437 5106 1567 5151 non
1615 5088 1811 5151 habet
1856 5090 1923 5151 in
1970 5090 2075 5151 sui
2121 5090 2376 5151 natura.
2421 5088 2608 5151 Unde
2657 5088 3067 5167 Augustinus
3104 5088 3183 5151 de
3226 5088 3460 5151 Verbis

382 5202 696 5285 Apostoli,
725 5206 821 5269 ita
856 5206 949 5267 ait
983 5226 996 5267 :
1032 5206 1247 5287 Elegit
1274 5224 1396 5269 nos
1425 5207 1574 5268 ante
1612 5206 1841 5267 mundi
1874 5204 2433 5268 constitutionem.
2468 5204 2631 5276 Quis
2668 5202 2907 5266 suffieit
2935 5204 3058 5265 hoc
3087 5204 3461 5284 explicare?
3490 5211 3755 5265 Aug-Sermo

384 5320 723 5401 Eliguntur
756 5322 872 5403 qui
910 5339 1043 5384 non
1080 5326 1270 5404 sunt3
1310 5340 1429 5385 nec
1468 5324 1639 5387 errat
1674 5322 1786 5403 qui
1833 5322 2038 5402 eligit,
2074 5339 2191 5384 nec
2230 5337 2394 5382 vane
2434 5320 2636 5401 eligit.
2671 5320 2874 5400 Eligit
2911 5322 3129 5383 tamen
3169 5322 3232 5383 et
3268 5320 3465 5385 habet
3491 5276 3754 5391 Ξὲῥιῗὲῖμ.

399 4154 817 4459 SOLET
867 4161 974 4224 hic
1023 4161 1253 4241 quaeri,
1309 4178 1515 4242 quum
1576 4161 1799 4223 omnia
1853 4160 2154 4224 dicantur
2209 4178 2351 4223 esse
2401 4160 2467 4222 in
2513 4160 2635 4223 Dei
2690 4160 3062 4240 cognitione
3117 4178 3236 4224 seu
3290 4179 3462 4242 prae-
