4359 6250
172 1511 235 1546 τι.
264 1509 295 1548 i.

126 3562 184 3605 Px.
197 3578 285 3616 xm,
303 3572 338 3613 ἲ.

1246 526 1332 570 ΑΝ
1372 525 1615 571 VERBUM
1647 527 1915 571 ‘PRoPmE
1958 525 2220 573 chA‘rUn
2261 527 2324 572 IN
2367 528 2592 574 mvtle

3352 509 3472 574 243

376 697 471 750 tus
525 689 879 756 formamus
929 713 943 756 :
990 695 1109 756 hoc
1157 695 1425 758 verbum
1485 695 1953 758 assimilaturA
1982 696 2337 778 tripliciter.
2389 698 2618 774 Primo,
2670 700 2736 762 in
2795 702 3036 763 ratione
3094 700 3245 763 finis
3292 701 3468 782 (nam

372 789 581 852 Verbo
620 799 857 855 aeterno
902 794 1213 856 incarnari
1255 795 1543 876 pree-viso.
1586 795 1700 857 Per
1737 815 1875 857 ver-

372 888 531 950 bum
571 891 877 954 sensibile
919 911 1141 954 vocem
1182 893 1566 975 proferimus
1602 911 1615 954 :
1650 901 1713 955 et
1753 894 1871 955 hoc

372 987 645 1049 verbum
694 989 1081 1052 assimilatur
1127 992 1333 1054 Verbo
1382 992 1491 1054 Dei
1540 994 1871 1055 actualiter

374 1085 722 1150 incarnato,
767 1089 910 1150 Haec
950 1089 1187 1152 Petrus.

453 1186 525 1246 In
568 1185 737 1247 idem
784 1187 947 1249 redit
989 1189 1156 1270 quod
1188 1189 1457 1252 Thomas
1499 1191 1605 1252 hic
1648 1190 1871 1253 scribit

372 1283 448 1344 de
504 1284 624 1346 hoc
670 1285 910 1367 triplici
959 1287 1173 1349 verbo.
1220 1289 1392 1350 Unde
1438 1297 1499 1350 et
1548 1290 1613 1351 in
1663 1290 1870 1371 prima

374 1389 553 1464 parte
610 1383 889 1447 Summae
938 1405 1089 1459 suae,
1141 1387 1490 1468 quaestione
1548 1387 1869 1451 tricesima

372 1489 599 1562 quarta
654 1499 669 1544 :
726 1483 955 1557 Prim0,
1020 1484 1246 1566 inquit,
1306 1493 1367 1546 et
1432 1487 1871 1568 principaliter

372 1577 641 1640 verbum
702 1587 965 1642 vocatur
1023 1581 1286 1643 interior
1342 1584 1577 1645 mentis
1641 1602 1866 1646 concc-

372 1684 571 1756 ptus3
635 1679 1011 1740 secundario
1074 1686 1307 1754 autem,
1368 1699 1488 1743 vox
1549 1682 1867 1744 interioris

369 1783 717 1857 conceptus
766 1776 1228 1858 significativa3
1274 1780 1482 1853 tertio,
1530 1781 1668 1861 ipsa
1717 1781 1868 1842 ima-

1984 795 2118 876 ipse
2150 796 2346 858 Filius
2377 797 2488 859 Dei
2528 798 2694 860 sicut
2721 807 2784 860 ct
2819 799 3018 874 Pate-r,
3052 808 3148 862 est
3181 801 3468 862 omnium

1982 912 2171 955 causa
2201 893 2443 974 finalis)
2477 913 2491 956 :
2524 905 2587 957 et
2625 897 2717 958 sic
2758 897 2992 959 dicitur
3022 898 3180 959 ratio
3221 898 3332 960 rei.
3368 898 3473 960 Se-

1982 993 2212 1064 cundo,
2247 993 2311 1054 in
2354 994 2593 1056 ratione
2635 993 2852 1058 formae
2891 995 3272 1077 exemplaris
3306 1014 3320 1058 ε
3354 995 3473 1057 sic-

1980 1108 2105 1171 que
2134 1098 2395 1153 vocatur
2425 1094 2809 1174 supputati0,
2829 1102 3085 1175 propter
3115 1101 3470 1174 respectum

1978 1189 2443 1269 exemplarium
2505 1191 2582 1251 ad
2642 1209 2981 1252 numerum
3044 1192 3469 1274 proportionis

1979 1287 2364 1349 exsistentiae
2405 1307 2636 1349 rerum.
2672 1290 2902 1362 Tertio,
2937 1289 3002 1350 in
3047 1291 3287 1352 ratione
3329 1309 3472 1352 cau-

1978 1406 2062 1448 sae
2125 1385 2471 1449 efficientis
2521 1405 2534 1450 ε
2589 1388 2808 1471 sicque
2868 1388 3224 1470 appellatur
3282 1407 3471 1450 causa

1978 1503 2103 1566 qua
2132 1493 2360 1546 cuncta
2391 1485 2767 1548 subsistunt.
2799 1523 2878 1533 —
2908 1489 3172 1569 Insuper
3201 1486 3468 1548 verbum

1978 1590 2073 1643 θεῖ
2108 1591 2454 1664 conceptus
2494 1585 2757 1664 practici
2802 1585 3183 1657 intellecmS,
3217 1593 3406 1666 prout
3434 1604 3471 1646 a

1978 1681 2037 1742 S.
2073 1680 2306 1742 Basilio
2337 1682 2613 1743 sumitur
2647 1701 2668 1751 ε,
2696 1683 2914 1765 sicque
2954 1683 3224 1745 includit
3261 1683 3472 1762 cogni-

1978 1778 2217 1840 tionem
2248 1786 2306 1840 et
2340 1781 2792 1861 operationem.
2827 1782 2939 1843 Illa
2968 1799 3221 1863 quoque
3261 1781 3472 1862 cogni-

364 1874 607 1954 ginatio
636 1875 831 1936 vocis
868 1875 1119 1950 Quarto,
1152 1877 1493 1958 figurative
1533 1886 1722 1959 atque
1754 1879 1867 1940 im·
1902 1878 1949 1940 B
1982 1877 2067 1939 tio
2097 1878 2532 1940 consideratur
2571 1881 2913 1962 dupliciter
2948 1898 2961 1941 :
2995 1880 3224 1961 primo,
3258 1889 3329 1941 ut
3365 1881 3471 1942 ab-

366 1973 623 2053 proprie
664 1972 904 2035 dicitur
933 1974 1201 2035 verbum
1244 1993 1343 2036 res
1387 1975 1524 2056 ipsa
1554 1977 1749 2039 verbo
1788 1977 1868 2038 si-

363 2070 689 2148 gnificata,
710 2079 779 2132 ut
812 2072 964 2132 dum
998 2071 1164 2135 facto
1193 2073 1407 2153 aliquo
1439 2075 1866 2137 demonstrato

364 2168 505 2249 quis
535 2170 697 2231 dicit
724 2171 891 2232 :Hoc
924 2179 1018 2232 est
1049 2172 1318 2234 verbum
1350 2175 1519 2254 quod
1561 2174 1690 2236 dixi
1727 2175 1860 2236 tibi.

364 2267 611 2330 Dicitur
635 2277 851 2331 autem
894 2270 1161 2332 verbum
1205 2271 1459 2352 proprie
1501 2272 1567 2333 in
1608 2272 1736 2334 Deo
1776 2292 1867 2334 se-

364 2367 647 2428 cundum
679 2369 847 2449 quod
880 2368 1147 2430 verbum
1181 2369 1503 2450 significat
1543 2370 1744 2452 ipsius
1778 2373 1869 2432 in-

366 2463 657 2526 tellectus
698 2474 1101 2546 conceptum.
1148 2503 1224 2512 —
1266 2467 1410 2530 Haec
1449 2468 1738 2530 Thomas,
1778 2471 1865 2532 Dc

364 2563 547 2644 eujus
577 2563 769 2625 dictis
802 2565 989 2626 modo
1022 2573 1409 2645 pertranseO,
1436 2567 1738 2647 quoniam
1772 2589 1869 2630 su-

365 2681 475 2743 pra
519 2681 601 2724 ex
646 2662 747 2724 his
791 2671 854 2724 et
896 2683 972 2724 ex
1022 2663 1285 2725 Summa
1330 2673 1549 2728 contra
1596 2667 1864 2746 gentiles

362 2761 631 2840 allegata
672 2769 821 2822 sunt
868 2761 1085 2823 multa.

440 2860 749 2922 Praeterea
806 2859 975 2921 circa
1030 2860 1164 2922 haec
1224 2860 1448 2922 scribit
1496 2861 1791 2924 Albertus
1846 2880 1859 2923 ε

363 2956 758 3036 Augustinus
822 2975 989 3020 nono
1047 2959 1124 3020 de
1184 2958 1489 3020 Trinita'te
1546 2959 1863 3022 definiens

1978 1975 2185 2036 soluta
2215 1976 2280 2036 in
2322 1994 2425 2054 se;
2459 1978 2759 2050 secundo,
2795 1985 2864 2038 ut
2901 1978 3188 2039 ordinata
3217 1979 3292 2039 ad
3323 1979 3464 2040 alia.

1977 2073 2039 2135 Si
2074 2081 2143 2134 ut
2172 2073 2461 2136 ordinata
2495 2075 2573 2136 ad
2612 2075 2756 2148 alia,
2789 2075 2882 2137 sic
2912 2075 3181 2138 verbum
3209 2085 3472 2139 vocatur

1976 2189 2103 2253 quo
2142 2171 2221 2232 fit
2259 2172 2630 2234 enuntiatio.
2668 2173 2730 2234 Si
2775 2181 2842 2235 ut
2874 2173 3181 2244 absoluta,
3215 2174 3336 2236 hoc
3374 2181 3470 2236 est

1974 2277 2083 2331 aut
2131 2289 2244 2350 per
2292 2271 2552 2332 modurn
2613 2271 2914 2352 principii
2964 2272 3039 2333 ad
3092 2290 3470 2351 cognoscen-

1975 2369 2150 2442 dum,
2185 2375 2248 2429 et
2286 2369 2378 2430 sic
2417 2369 2653 2431 dicitur
2693 2369 2908 2432 lumen
2949 2389 3076 2452 quo
3115 2371 3329 2434 omnia
3367 2373 3469 2433 de-

1976 2466 2330 2544 clarantur3
2364 2476 2470 2528 aut
2513 2486 2626 2548 per
2656 2469 2914 2530 modum
2957 2468 3214 2549 cogniti,
3247 2477 3310 2533 et
3347 2469 3466 2532 hoc

1974 2564 2321 2645 dupliciter
2363 2582 2376 2626 :
2422 2565 2629 2647 primo
2678 2566 3077 2647 simpliciter,
3124 2576 3187 2628 et
3235 2567 3327 2628 sic
3373 2567 3466 2629 di-

1975 2661 2141 2723 citur
2170 2681 2432 2741 sensus3
2466 2662 2744 2725 secundo
2775 2663 2841 2724 in
2883 2665 3102 2726 ordine
3131 2665 3208 2726 ad
3240 2666 3462 2740 Deum,

1974 2767 2037 2820 et
2080 2760 2172 2821 sic
2222 2761 2535 2842 sapientia
2581 2768 3005 2842 nuncupatur.
3040 2797 3120 2807 ——-
3149 2763 3462 2843 Amplius,

1974 2857 2033 2918 S.
2078 2857 2415 2940 Dionysius
2457 2858 2620 2920 libro
2660 2859 2737 2920 de
2782 2859 3026 2921 Divinis
3071 2861 3462 2935 nominibuS,

1974 2956 2254 3038 capitulo
2313 2957 2607 3038 septimo,
2659 2957 2747 3017 ait
2793 2959 2961 3038 quod
3020 2958 3186 3020 Deus
3233 2959 3468 3021 dicitur

364 3055 659 3129 verbum,
693 3056 986 3129 dicendO,
1018 3056 1299 3119 Verbum
1340 3065 1435 3119 est
1466 3077 1613 3120 cum
1650 3076 1863 3121 amore
1900 3059 1943 3121 C
1973 3055 2252 3116 Verbum
2293 3063 2594 3136 tanquam
2641 3055 2966 3138 sapientiae
3004 3064 3066 3118 et
3107 3057 3466 3120 intellectus

366 3154 614 3227 notitia,
670 3154 901 3217 definit
956 3155 1226 3218 verbum
1283 3158 1636 3219 secundum
1695 3158 1862 3238 quod

372 3251 817 3314 manifestatur
859 3253 925 3314 in
967 3253 1264 3334 imagine,
1306 3255 1368 3316 id
1406 3262 1501 3317 est
1544 3255 1611 3316 in
1654 3256 1867 3317 anima

369 3351 685 3424 rationali,
724 3352 788 3412 in
821 3369 946 3432 qua
974 3352 1242 3414 verbum
1276 3354 1561 3434 procedit
1590 3374 1627 3415 a
1656 3362 1867 3416 mente

366 3450 539 3511 sicut
568 3449 765 3511 Filius
795 3468 833 3510 a
860 3450 1057 3522 Patre,
1086 3449 1267 3530 juxta
1296 3451 1456 3513 illud
1489 3451 1553 3512 in
1583 3452 1863 3514 Psalmo:

368 3547 693 3609 Eructavit
743 3564 852 3609 cor
900 3566 1114 3609 meum
1163 3548 1430 3609 verbum
1484 3548 1741 3611 bonum.
1793 3550 1868 3611 Et

368 3646 523 3727 quia
558 3646 913 3707 secundum
949 3646 1397 3726 Augustinum,
1429 3667 1557 3708 non
1596 3655 1691 3709 est
1731 3668 1868 3729 per-

365 3744 535 3806 fecte
582 3743 907 3825 aequalitas
963 3744 1126 3807 inter
1170 3752 1449 3807 mentem
1494 3754 1555 3807 et
1598 3745 1865 3808 verbum

368 3843 491 3905 nisi
546 3861 745 3923 quum
794 3861 975 3904 mens
1022 3843 1179 3905 dicit
1228 3862 1293 3905 se
1340 3844 1565 3926 ipsam,
1603 3853 1666 3906 et
1714 3852 1865 3906 tunc

366 3960 622 4023 semper
665 3948 764 4003 est
808 3941 1034 4003 notitia
1072 3960 1222 4003 cum
1265 3961 1480 4005 amore
1515 3962 1528 4005 :
1562 3944 1866 4024 quoniam

370 4048 607 4101 tantam
651 4059 720 4102 se
761 4039 917 4101 dicit
968 4049 1203 4121 quanta
1252 4050 1367 4113 est,
1401 4048 1463 4102 et
1513 4049 1748 4103 tantam
1798 4062 1865 4103 se

368 4145 541 4200 amat
568 4145 805 4219 quanta
836 4144 961 4215 θεῖ;
990 4138 1211 4220 sicque
1242 4139 1508 4200 verbum
1539 4140 1677 4219 ejus
1710 4160 1869 4202 sem-

370 4256 481 4318 per
528 4244 619 4298 est
663 4254 813 4297 cum
857 4253 1089 4297 amore.

447 4334 611 4397 Dicit
649 4343 865 4396 autem
904 4333 1323 4417 Hieronymus
1366 4335 1429 4396 in
1470 4336 1729 4417 Prologo
1765 4354 1865 4416 ga-

372 4436 551 4505 leato,
607 4434 779 4516 quod
841 4436 1005 4514 λόγος
1065 4433 1297 4506 Graece,
1355 4433 1573 4496 Latine
1631 4436 1865 4496 dicitur

370 4534 657 4607 verbum,
692 4538 753 4595 et
786 4532 967 4603 ratio,
1003 4540 1065 4594 et
1106 4532 1496 4614 supputatio,
1530 4540 1591 4594 et
1627 4553 1813 4595 causa
1847 4551 1860 4595 :

370 4652 513 4714 quae
552 4631 767 4694 omnia
812 4638 1077 4711 possunt
1118 4633 1196 4694 ad
1238 4632 1349 4694 Dei
1396 4632 1625 4694 Filium
1676 4640 1867 4694 retor-

370 4730 569 4812 queri.
612 4730 753 4811 Ipse
805 4728 981 4791 enim
1028 4738 1125 4792 est
1167 4730 1466 4793 Verbum.
1512 4730 1587 4791 Et
1630 4731 1866 4812 duplex

370 4836 463 4891 est
506 4827 929 4891 consideratio
961 4828 1103 4889 Filii
1143 4829 1211 4890 in
1248 4835 1556 4911 quantum
1598 4837 1693 4891 est
1722 4830 1869 4891 Ver-

372 4926 529 4989 bum
561 4946 575 4990 :
608 4926 915 5010 quoniam
954 4926 1221 4989 verbum
1267 4927 1471 5009 accipi
1518 4935 1723 5008 potest
1761 4948 1869 4991 no-

370 5026 689 5087 tionaliter
746 5033 1017 5098 tantum,
1068 5032 1130 5085 et
1178 5025 1270 5087 sic
1322 5026 1577 5106 proprie
1635 5027 1871 5089 dicitur

372 5124 669 5203 verbum3
705 5131 914 5206 potest
961 5123 1151 5185 etiam
1195 5124 1402 5206 accipi
1445 5125 1714 5187 verbum
1764 5144 1871 5189 no-

376 5222 711 5298 tionaliter,
770 5223 1169 5285 connotando
1228 5222 1570 5285 essentiam
1620 5242 1734 5305 per
1782 5244 1875 5286 re-

386 5329 673 5401 spectum
702 5323 779 5383 ad
815 5327 1135 5383 creaturas
1170 5338 1183 5383 ε
1218 5329 1280 5383 et
1313 5322 1397 5383 ita
1436 5322 1639 5404 accipi
1672 5331 1879 5404 potest

1977 3154 2252 3235 largitor,
2286 3162 2356 3214 ut
2393 3156 2681 3216 omnium
2725 3174 2942 3217 causas
2983 3156 3224 3219 habens
3264 3158 3330 3219 in
3374 3177 3462 3231 se,

1974 3254 2190 3315 omnia
2233 3254 2299 3315 in
2338 3272 2405 3315 se
2445 3254 2726 3335 capienS,
2767 3263 2829 3316 et
2875 3274 2987 3337 per
3030 3264 3260 3317 cuncta
3302 3256 3469 3318 ince-

1974 3352 2128 3413 dens
2161 3359 2232 3412 ut
2260 3352 2435 3413 omni
2467 3352 2877 3434 simplicitate
2917 3352 3289 3435 simplicior.
3324 3354 3466 3417 Haec

1973 3457 2186 3511 autem
2231 3449 2460 3511 divisio
2503 3456 2632 3511 tota
2674 3451 2858 3511 datur
2905 3452 3258 3513 secundum
3296 3454 3463 3533 quod

1974 3547 2252 3608 Verbum
2285 3555 2583 3609 connotat
2622 3556 2980 3629 respectum
3013 3549 3089 3610 ad
3123 3556 3462 3623 creaturas,

1976 3653 2400 3727 connotatque
2439 3645 2744 3708 effectum
2786 3648 2852 3708 in
2892 3647 3004 3709 eis,
3041 3648 3152 3709 Ille
3187 3666 3337 3710 vero
3376 3649 3465 3711 ef-

1975 3744 2177 3806 fectus
2207 3745 2551 3826 dupliciter
2577 3746 2958 3807 attenditur:
2985 3746 3213 3827 prime,
3247 3766 3468 3809 secun-

1974 3843 2127 3904 dum
2160 3842 2600 3904 immediatum
2632 3848 2694 3905 et
2725 3844 3055 3925 proprium
3085 3851 3298 3908 actum
3329 3864 3465 3907 ver-

1974 3941 2077 4019 bi3
2120 3942 2421 4015 secundO,
2475 3960 2668 4022 penes
2719 3942 2782 4003 id
2831 3941 3016 4022 cujus
3064 3944 3164 4005 vel
3211 3945 3291 4005 de
3339 3962 3466 4026 quo

1975 4047 2068 4100 est
2117 4039 2405 4100 verbum.
2459 4040 2716 4121 Proprie
2765 4041 3004 4122 quippe
3062 4049 3238 4103 act-us
3287 4041 3464 4103 verbi

1974 4145 2069 4199 est
2128 4138 2277 4199 dare
2343 4138 2720 4219 sapientiam
2779 4147 2841 4201 ct
2899 4140 3293 4203 intellectum
3354 4160 3467 4223 per

1896 4243 1945 4305 D
1976 4236 2345 4298 interiorem
2375 4238 2665 4299 auditum
2695 4256 2708 4299 :
2738 4238 2957 4319 sicque
2987 4239 3264 4302 Verbum
3295 4248 3467 4302 aeter-

1976 4355 2131 4397 num
2163 4343 2425 4397 vocatur
2465 4335 2722 4415 largitor
2758 4338 3086 4419 sapientia>
3123 4357 3196 4399 ac
3226 4338 3469 4401 intelle-

1976 4442 2134 4496 ctus.
2172 4436 2235 4496 Si
2269 4452 2418 4495 vero
2449 4442 2738 4496 sumatur
2767 4436 3035 4497 verbum
3073 4456 3186 4517 per
3216 4455 3468 4519 compa-

1978 4533 2286 4596 rationem
2317 4534 2392 4595 ad
2426 4552 2561 4595 rem
2594 4534 2670 4595 de
2701 4553 2827 4615 qua
2859 4543 2975 4609 est,
3011 4536 3129 4597 hoc
3160 4536 3469 4615 contingit

1978 4631 2314 4713 tripliciter
2349 4649 2362 4693 :
2397 4632 2627 4713 primo,
2672 4640 2740 4693 ut
2788 4633 2852 4693 in
2897 4652 3104 4708 causa,
3149 4643 3208 4695 et
3253 4634 3338 4695 ita
3375 4635 3466 4696 di-

1977 4731 2143 4792 citur
2185 4730 2248 4791 in
2289 4750 2354 4792 se
2393 4730 2635 4793 habens
2676 4750 2894 4793 causas
2934 4734 3219 4794 omnium
3261 4752 3469 4795 exem-

1980 4830 2218 4912 plares3
2242 4830 2535 4903 secundo,
2557 4839 2625 4892 ut
2655 4830 2720 4892 in
2751 4830 3006 4902 effectu,
3027 4839 3090 4892 et
3117 4831 3209 4893 sic
3239 4832 3468 4893 dicitur

1978 4930 2194 4990 omnia
2252 4929 2474 4991 videns
2505 4946 2520 5007 ;
2569 4930 2777 5002 tertio,
2834 4936 2899 4989 ut
2961 4930 3026 4989 in
3085 4930 3467 5011 proprie-tate

1981 5027 2203 5108 primae
2234 5046 2438 5089 causae
2467 5028 2740 5107 regentis
2770 5027 3094 5101 effectum,
3129 5029 3346 5110 sicque
3378 5030 3469 5091 in-

1981 5126 2149 5187 cedit
2199 5144 2314 5207 pcr
2361 5125 2575 5187 omnia
2621 5132 2684 5185 et
2732 5132 3016 5206 penetrat
3065 5136 3291 5188 cuncta
3340 5135 3470 5189 tan-

1984 5243 2175 5305 quam
2219 5224 2392 5285 omni
2439 5223 2846 5304 simplicitate
2889 5223 3266 5305 simplicius.

2070 5322 2250 5385 Circa
2281 5324 2397 5384 hoc
2430 5321 2754 5403 quaeritur,
2788 5341 2986 5403 quum
3024 5323 3220 5385 Filius
3251 5325 3358 5386 Dei
3391 5326 3473 5387 sit
