4359 6250
846 467 969 532 292

1478 490 1545 536 IN
1585 489 1809 536 LIBRUM
1850 489 1869 533 1
1912 486 2394 534 SENTENTIARUM.
2441 503 2522 514 ·--·
2563 487 2713 531 msT.
2759 485 2949 547 xxtx;
2993 485 3217 540 QUAEST.
3267 484 3328 529 [V

842 656 1059 738 aliquo
1106 665 1178 720 ut
1220 657 1287 720 in
1336 658 1619 732 materia,
1664 658 1794 720 imo
1842 664 1937 718 est
1982 654 2338 717 subsistens
2368 654 2419 716 A
2527 653 2847 716 Postremo
2893 652 3242 716 Richardus
3291 651 3396 713 hic
3443 649 3691 733 quaerit,
3733 667 3814 710 an
3863 645 3952 709 sit

846 773 1133 836 persona.

922 854 1372 918 Verumtamen
1409 854 1679 916 Thomas
1720 855 1839 918 hoc
1886 853 2025 916 loco
2066 853 2131 914 in
2172 851 2338 915 solu-

842 952 1013 1014 tione
1072 953 1242 1014 tertii
1301 953 1659 1033 argumenti
1719 953 1955 1015 effatur
2006 969 2020 1013 :
2074 951 2164 1013 Ex
2220 951 2340 1013 hoc

841 1050 1010 1131 quod
1054 1051 1233 1113 Pater
1279 1051 1577 1114 convenit
1620 1070 1768 1113 cum
1814 1051 1971 1112 Filio
2016 1050 2082 1111 in
2126 1049 2340 1130 aliqua

841 1148 1120 1224 notione,
1140 1149 1437 1212 videlicet
1468 1150 1793 1212 communi
1826 1149 2193 1231 spiratione,
2213 1165 2339 1210 non

838 1247 1076 1309 dicitur
1108 1249 1307 1329 magis
1350 1267 1552 1309 unum
1590 1267 1730 1310 esse
1770 1267 1918 1310 cum
1950 1247 2107 1310 Filio
2146 1264 2339 1328 quam

841 1363 989 1406 cum
1022 1345 1261 1426 Spiritu
1296 1347 1542 1409 Sancto,
1569 1383 1650 1391 —
1677 1347 1807 1408 Hoc
1840 1353 2053 1408 autem
2090 1363 2217 1407 non
2248 1345 2340 1406 vi-

839 1442 1024 1504 detur
1054 1461 1239 1523 posse
1269 1443 1543 1518 defendi,
1564 1443 1867 1527 quoniam
1900 1443 2070 1505 istud
2102 1450 2198 1504 est
2227 1461 2342 1524 per

840 1558 907 1602 se
950 1548 1169 1603 notum
1211 1548 1273 1604 et
1311 1541 1611 1605 omnibus
1660 1543 1925 1616 clarum,
1961 1541 2130 1623 quod
2175 1541 2343 1603 sicut

840 1639 1215 1726 entiatanto
1248 1641 1459 1703 minus
1491 1660 1689 1702 unum
1724 1649 1893 1714 sunt,
1928 1645 2163 1722 quanto
2194 1637 2340 1720 plus

841 1736 921 1798 ab
963 1737 1240 1800 invicem
1284 1739 1811 1818 disconveniunt3
1844 1738 1935 1800 sic
1978 1745 2152 1801 tanto
2194 1737 2338 1818 plus

2447 759 2781 834 peccatum
2822 751 3065 833 aliquid
3096 749 3350 813 veritati
3391 749 3782 812 contrarium
3811 745 3956 828 opi·

2447 850 2585 911 nari
2615 850 2694 911 de
2725 849 3216 931 principiatione
3247 847 3522 929 Spiritus
3553 845 3780 909 Sancti.
3801 845 3954 906 Haec

2447 955 2662 1010 autem
2693 947 2958 1029 quaestio
2999 946 3230 1009 similis
3269 954 3364 1008 est
3393 945 3727 1027 quaestioni
3759 961 3954 1024 supe-

2449 1046 2582 1108 rius
2635 1053 2841 1119 motae,
2887 1065 2971 1108 an
3021 1045 3208 1108 liceat
3257 1045 3336 1106 de
3385 1042 3752 1107 notionibus
3800 1059 3956 1104 con-

4015 1070 4130 1113 dist..
4147 1084 4260 1115 un.

2447 1144 2640 1206 traria
2689 1143 2956 1225 opinari.
2993 1144 3127 1205 lmo
3174 1142 3439 1225 quaestio
3484 1141 3604 1204 ista
3650 1138 3954 1203 Richardi
3985 1136 4104 1188 ‹1-⁵·

2449 1243 2658 1324 reipsa
2687 1243 2907 1304 eadem
2939 1260 3077 1303 esse
3107 1241 3360 1303 videtur
3389 1238 3724 1323 quaestioni
3753 1257 3956 1320 supra

4021 1271 4138 1310 tom.
4162 1267 4264 1311 111.

2448 1340 2746 1415 inductas,
2778 1358 2860 1402 an
2893 1339 3242 1402 mortaliter
3271 1345 3538 1420 peccent
3566 1337 3680 1419 qui
3715 1343 3956 1417 negant
3987 1331 4271 1384 ²⁴⁶³A'dss

2449 1438 2758 1520 Spiritum
2805 1439 3106 1501 Sanctum
3150 1456 3187 1498 a
3231 1437 3388 1501 Filio
3432 1453 3686 1518 quoque
3733 1453 3959 1516 proce-

2451 1538 2618 1599 dere.
2672 1537 2889 1620 Itaque
2939 1537 3018 1598 ad
3079 1537 3468 1618 propositam
3527 1534 3956 1617 quaestionem

2451 1637 2790 1717 respondet
2829 1636 3178 1698 Richardus
3213 1653 3227 1697 :
3263 1634 3521 1716 Opinari
3565 1633 3807 1714 aliquid
3842 1651 3960 1695 ve-

2449 1734 2620 1797 ritati
2661 1734 3048 1797 contrarium
3095 1735 3174 1795 de
3217 1733 3709 1815 principiatione
3753 1731 3960 1812 Spiri-

843 1854 1045 1897 unum
1094 1843 1263 1910 sunt,
1296 1844 1534 1918 quanto
1578 1837 1780 1918 magis
1827 1837 1891 1898 in
1936 1836 2151 1919 aliquo
2197 1851 2340 1896 con·
2377 1837 2424 1899 B
2452 1840 2553 1895 tus
2599 1833 2833 1907 Sancti,
2868 1839 3178 1914 quantum
3217 1832 3295 1894 ad
3336 1832 3401 1894 id
3439 1830 3608 1913 quod
3649 1829 3832 1892 nobis
3871 1829 3958 1890 de

835 1933 1109 1994 -veniunt
1142 1951 1157 1994 ι
1190 1940 1253 1995 et
1300 1934 1421 1996 hoc
1470 1933 1537 1995 in
1585 1933 1820 1995 divinis
1872 1933 2203 2015 potissime
2254 1932 2340 1993 ita

840 2037 957 2104 est,
990 2030 1103 2092 ubi
1134 2030 1383 2093 nullum
1418 2039 1513 2093 est
1540 2031 1855 2093 accidens.
1882 2032 2141 2112 Propter
2169 2031 2338 2112 quod

842 2127 1285 2191 convenientia
1345 2147 1760 2210 personarum
1816 2147 1942 2191 non
1992 2123 2342 2190 attenditur

841 2225 968 2287 nisi
1018 2226 1084 2288 in
1132 2225 1233 2288 his
1283 2246 1425 2309 quae
1476 2228 1731 2289 realiter
1775 2227 1943 2289 idem
1994 2234 2143 2288 sunt
2193 2245 2340 2287 cum

842 2324 1151 2404 personis.
1188 2325 1363 2387 Unde
1403 2333 1467 2386 et
1504 2325 1711 2387 activa
1750 2325 2012 2407 spiratio
2050 2324 2217 2386 Patri
2249 2324 2342 2386 Fi-

842 2420 1055 2504 lioque
1105 2423 1487 2498 communis,
1531 2431 1627 2485 est
1677 2423 1929 2485 realiter
1979 2423 2114 2504 ipse
2162 2423 2343 2484 Pater

840 2527 903 2581 et
943 2520 1139 2582 Filius
1180 2523 1535 2584 secundum
1575 2522 1742 2604 quod
1785 2528 1933 2583 sunt
1971 2540 2174 2583 unum
2215 2520 2340 2601 spi-

840 2617 1116 2680 rativum
1168 2618 1560 2701 principium
1613 2620 1888 2701 Spiritus
1938 2619 2173 2693 Sancti,
2228 2637 2340 2681 seu

840 2717 982 2779 duae
1040 2735 1326 2800 personae
1378 2717 1443 2779 in
1494 2737 1623 2780 una
1672 2718 1928 2780 notione
1978 2725 2041 2779 et
2090 2716 2340 2780 actione

842 2816 1414 2888 communicantes,
1474 2822 1585 2878 aut
1638 2814 1883 2897 aliquid
1945 2815 2090 2890 tale,
2152 2824 2343 2896 prout

845 2912 965 2974 hoc
1017 2912 1229 2994 aptius
1278 2921 1468 2996 atque
1521 2913 1853 2976 formalius
1907 2912 2181 2995 exprimi
2237 2933 2343 2995 po-

844 3010 1012 3073 terit.

927 3108 1018 3172 Ex
1058 3107 1293 3192 quibus
1335 3116 1507 3192 patet
1542 3109 1620 3173 ad
1661 3109 1911 3192 objecta
1946 3110 2197 3175 solutio.
2230 3111 2344 3173 Ve-

847 3226 989 3271 rum
1016 3217 1113 3271 est
1141 3209 1309 3270 enim
1338 3210 1508 3291 quod
1537 3210 1714 3272 Pater
1746 3217 1807 3272 et
1838 3210 2029 3271 Filius
2060 3210 2125 3271 in
2155 3228 2345 3292 quan-

847 3313 986 3368 tum
1036 3306 1103 3368 in
1160 3306 1417 3370 notione
1469 3308 1587 3370 ista
1644 3308 2140 3381 communicant,
2195 3316 2344 3370 sunt

849 3423 1050 3467 unum
1100 3404 1454 3468 subsistens
1496 3404 1888 3488 principium
1938 3406 2339 3488 spirativum,

848 3502 1010 3565 sicut
1036 3511 1100 3565 et
1130 3511 1256 3566 tres
1288 3512 1711 3585 supersanctae
1740 3523 2026 3586 personae
2056 3505 2124 3566 in
2155 3524 2343 3587 quan-

847 3609 985 3663 tum
1036 3621 1202 3664 unus
1248 3609 1491 3665 creator
1534 3610 1597 3665 et
1641 3603 1706 3664 in
1750 3610 2059 3685 quantum
2106 3604 2172 3665 in
2218 3624 2344 3666 una

847 3699 1130 3780 potentia
1168 3700 1443 3762 creativa
1480 3719 1554 3763 ac
1594 3701 1911 3763 creatione
1951 3701 2157 3764 activa
2197 3718 2343 3763 con-

847 3797 1197 3872 venienteS,
1250 3805 1397 3861 sunt
1452 3817 1652 3861 unum
1706 3798 2059 3861 subsistens
2110 3798 2345 3881 princi-

848 3895 1029 3976 pium
1086 3896 1437 3959 creativum
1492 3914 1505 3959 ε
1560 3915 1687 3960 non
1747 3905 1958 3959 tamen
2011 3906 2161 3959 sunt
2219 3917 2345 3960 una

848 4011 1137 4074 persona,
1172 4013 1289 4057 nec
1328 3996 1509 4058 Pater
1537 4004 1601 4057 et
1631 3995 1825 4057 Filius
1863 4003 2013 4057 sunt
2054 4014 2179 4057 una
2209 4014 2346 4077 per-

849 4108 1022 4166 sona,
1085 4092 1377 4174 quamvis
1439 4111 1640 4155 unum
1700 4093 2113 4176 principium,
2176 4113 2344 4156 unus

2450 1949 2524 1993 ea
2554 1932 2620 1992 in
2661 1930 3006 2012 Scripturis
3047 1917 3420 2011 expressum
3459 1937 3556 1990 est
3585 1927 3686 1990 vel
3725 1927 3806 1990 ab
3837 1927 3962 1988 Ec-

2451 2029 2644 2092 clesia
2692 2029 3208 2102 determinatum,
3251 2034 3349 2090 est
3397 2034 3733 2110 peccatum
3781 2043 3962 2087 erro-

2451 2128 2574 2206 ris3
2616 2134 2682 2189 et
2720 2127 2774 2189 si
2817 2126 2982 2188 adsit
3021 2125 3370 2208 pertinacia
3414 2124 3818 2198 defendendi,
3851 2131 3961 2184 est

2450 2226 2727 2288 haeresiS.
2781 2225 2843 2287 Si
2903 2232 3117 2286 autem
3166 2225 3249 2286 sit
3305 2223 3546 2306 aliquid
3596 2242 3820 2285 verum
3869 2222 3959 2283 ad

2452 2323 3010 2404 principiationem
3043 2323 3370 2404 pertinens
3402 2322 3677 2403 Spiritus
3709 2321 3957 2394 Sancti,

2451 2422 2620 2504 quod
2662 2439 2789 2484 non
2834 2421 3142 2483 habeatur
3187 2421 3253 2482 in
3298 2421 3646 2502 Scriptura,
3681 2438 3797 2482 nec
3841 2438 3960 2480 ex-

2452 2539 2667 2600 presse
2710 2520 3204 2581 determinatum
3243 2519 3325 2581 sit
3361 2518 3441 2581 ab
3481 2518 3764 2580 Ecclesia
3797 2535 3810 2579 :
3854 2519 3962 2579 sic

2451 2618 2698 2699 opinari
2730 2617 2972 2699 aliquid
3006 2616 3100 2679 illi
3131 2617 3382 2680 veritati
3415 2616 3964 2690 contrarium,an-

2451 2723 2708 2797 tequam
2755 2716 3045 2778 videatur
3083 2716 3161 2778 ad
3206 2716 3397 2777 talem
3441 2715 3812 2797 opinionem
3857 2733 3964 2777 se-

2451 2814 2563 2896 qui
2613 2814 3002 2876 contrarium
3044 2813 3287 2895 aliquid
3334 2814 3584 2877 veritati
3635 2831 3964 2895 expressae

2449 2911 2519 2973 in
2551 2911 2894 2993 Scripturis
2936 2919 3043 2972 aut
3083 2911 3517 2974 determinatae
3555 2911 3635 2974 ab
3667 2910 3966 2974 Ecclesia

2376 3010 2419 3073 C
2450 3010 2528 3072 de
2577 3010 3070 3092 principiatione
3131 3009 3404 3091 Spiritus
3454 3010 3688 3084 Sancti,
3742 3017 3964 3091 potest

2451 3127 2588 3171 csse
2639 3109 2776 3171 sine
2821 3115 3103 3191 peccato,
3138 3108 3192 3170 si
3237 3108 3380 3171 talis
3431 3108 3650 3190 opinio
3693 3126 3820 3171 non
3867 3109 3965 3172 sit

2452 3208 2818 3289 pertinaciae
2858 3207 3102 3288 juncta,
3137 3225 3257 3269 nec
3298 3208 3597 3289 procedat
3637 3226 3714 3270 ex
3753 3208 3965 3289 negli-

2451 3307 2663 3387 gentia
2722 3306 3084 3388 inquirendi
3146 3307 3316 3388 quod
3374 3326 3598 3369 verum
3655 3314 3795 3385 est;
3843 3308 3956 3370 sin

2451 3414 2686 3479 autem,
2741 3412 2907 3468 esset
2965 3413 3318 3487 peccatum.
3372 3405 3515 3469 Haec
3573 3406 3950 3469 Richardus.

2450 3539 2530 3549 —
2571 3504 2835 3567 Videtur
2877 3521 3132 3587 quoque
3181 3504 3589 3586 quibusdam,
3635 3506 3804 3587 quod
3855 3505 3958 3567 in-

2450 3603 2777 3668 vincibilis
2825 3621 3002 3666 error
3049 3611 3311 3666 excusat
3364 3604 3689 3686 simplices
3739 3612 3804 3667 et
3851 3604 3956 3666 in-

2451 3702 2688 3765 doctos

2531 3800 2843 3874 Quaeritur
2886 3800 3041 3863 item
3085 3800 3212 3876 hic,
3245 3820 3326 3863 an
3369 3818 3509 3862 esse
3553 3800 3955 3884 principium

2453 3906 2886 3961 creaturarum
2928 3900 3265 3962 conveniat
3303 3899 3432 3961 Deo
3470 3898 3550 3961 ab
3581 3906 3815 3962 aeterno
3843 3900 3958 3962 vel

2453 4016 2530 4061 ex
2572 4005 2875 4079 tempore.
2909 3998 3004 4060 Ad
3043 3998 3215 4080 quod
3245 3997 3618 4071 Alexander,
3651 3997 3960 4061 Albertus

2451 4103 2515 4157 et
2553 4095 2993 4157 Bonaventura
3032 4096 3439 4177 respondent,
3473 4096 3645 4177 quod
3685 4096 3738 4158 si
3781 4097 3958 4159 Deus

850 4195 1113 4263 creator,
1160 4196 1223 4250 et
1274 4196 1343 4251 ut
1388 4189 1588 4272 aliqui
1632 4190 1875 4265 dicunt,
1929 4210 2094 4253 unus
2144 4191 2343 4273 spira·
2375 4192 2424 4253 D
2454 4193 2704 4255 dicatur
2754 4192 3147 4275 principium
3207 4201 3640 4256 creaturarum
3689 4212 3726 4257 a
3773 4202 3960 4275 pote—

554 4300 819 4353 dist.x=‚q·³-
849 4294 965 4348 tor.
1018 4286 1162 4349 Haec
1214 4294 1427 4349 autem
1478 4289 1771 4369 superius
1820 4289 2135 4350 declarata
2193 4297 2343 4351 sunt

852 4384 1122 4466 plenius.

930 4582 1232 4645 Praeterea
1274 4584 1473 4666 quaeri
1518 4584 1624 4647 hic
1668 4591 1902 4666 posset,
1936 4603 2017 4647 an
2061 4585 2240 4648 Pater
2279 4593 2342 4648 et

600 4700 775 4743 ibidem.
850 4680 1047 4743 Filius
1078 4679 1206 4744 sint
1236 4701 1437 4744 unum
1470 4681 1862 4764 principium
1894 4682 2166 4765 Spiritus
2199 4684 2344 4745 San·

850 4779 971 4859 cti3
1003 4786 1067 4841 et
1096 4780 1150 4841 si
1189 4800 1391 4842 unum
1429 4780 1845 4863 principium,
1878 4800 1958 4842 an
1989 4782 2118 4843 sint
2146 4782 2339 4845 etiam

553 4896 821 4952 damma.
848 4877 1018 4940 idem
1050 4877 1479 4960 principium3
1511 4885 1574 4940 et
1615 4897 1857 4953 rursuS,
1890 4898 1971 4941 an
2011 4880 2139 4942 sint
2173 4900 2341 4943 unus

847 4984 911 5039 et
940 4975 1108 5039 idem
1140 4977 1428 5060 spirator.
1463 4978 1558 5041 Ad
1589 4998 1731 5060 quae
1762 4997 1955 5060 supra
1984 4980 2341 5061 responsio-

847 5094 961 5139 nes
1004 5076 1336 5141 doctorum
1378 5085 1529 5139 sunt
1571 5077 1965 5141 introductae.

2453 4299 2610 4353 state
2669 4310 2783 4353 seu
2833 4290 3015 4374 quasi
3073 4290 3153 4354 ab
3202 4292 3424 4354 habitu
3473 4301 3582 4355 aut
3639 4290 3958 4355 habituali

2452 4388 2687 4451 virtute
2741 4389 3019 4464 creandi,
3073 4392 3373 4453 convenit
3419 4390 3479 4452 ei
3525 4389 3607 4452 ab
3657 4398 3898 4453 aeterno
3933 4410 3954 4471 ;

2452 4488 2507 4549 si
2546 4495 2761 4550 autem
2800 4488 3049 4551 dicatur
3078 4488 3470 4571 principium
3513 4497 3952 4553 creaturarum

2451 4585 2530 4649 ab
2574 4594 2720 4648 actu
2762 4588 3042 4661 creandi,
3086 4604 3214 4650 non
3259 4587 3557 4649 convenit
3595 4586 3654 4648 ei
3695 4586 3818 4648 nisi
3862 4605 3952 4650 ex

2451 4693 2756 4766 tempore.
2823 4685 2900 4747 Et
2963 4685 3116 4768 quia
3179 4685 3606 4748 communiter
3667 4684 3954 4748 sumitur

2452 4783 2844 4866 principium
2905 4784 3162 4845 creandi
3223 4783 3303 4846 ab
3372 4792 3517 4847 actu
3581 4784 3950 4861 creationis,

2452 4882 2692 4945 idcirco
2751 4882 2814 4943 in
2871 4881 3080 4943 littera
3135 4882 3371 4946 dicitur
3420 4883 3592 4965 quod
3649 4883 3958 4945 convenit

2453 4981 2580 5042 Deo
2631 4999 2709 5043 ex
2752 4988 3038 5062 tempore
3082 4998 3220 5043 esse
3264 4980 3657 5064 principium
3707 4988 3958 5043 creatu-

2451 5097 2684 5140 rarum.
