4359 6250
796 503 917 573 614
1443 525 1509 571 111
1548 526 1770 571 malum
1810 525 1831 570 1
1872 521 2354 595 3311111111111111111.
2399 540 2480 549 -
2520 522 2672 567 ms'r.
2719 520 2876 582 xtv3
2919 520 3142 577 QuAEs‘r.
3190 516 3257 566 m

804 697 1084 759 cundum
1127 694 1553 777 Augustinum
1597 694 1759 757 libro
1789 693 2079 756 LXXXIII
2118 692 2293 765 01113-
2323 688 2373 753 Α
2402 690 2705 753 tinent-ur.
2740 690 2869 753 Nec
2899 708 2973 752 ea
3001 710 3144 773 quae
3186 690 3250 752 in
3291 690 3636 773 Scripturis
3673 690 3900 752 dicun·

802 796 1106 867 stionum‚
1168 802 1264 856 est
1320 793 1711 875 principium
1775 791 2103 863 factivum,
2166 807 2294 852 non

802 893 1068 967 factum,
1113 892 1363 955 causale
1405 899 1469 954 et
1512 890 1923 953 formativum
1975 890 2295 971 producti-

802 1010 1085 1074 vumque
1115 991 1326 1053 ideati.
1362 992 1537 1053 Unde
1569 999 1631 1052 et
1662 990 1847 1061 Deus,
1885 989 1949 1050 in
1982 996 2293 1070 quantum

803 1098 1100 1172 operatur
1132 1108 1243 1171 per
1275 1088 1540 1151 idealem
1574 1088 1819 1151 entium
1853 1087 2298 1159 rationem,est

806 1208 996 1251 causa
1029 1188 1317 1250 omnium
1350 1187 1751 1268 exemplaris
1787 1187 1926 1249 Alia
1967 1185 2166 1247 multa
2205 1204 2299 1245 re-

808 1286 1167 1369 probationi
1227 1286 1506 1368 patentia
1556 1286 1725 1346 circa
1782 1286 1915 1347 haec
1964 1284 2300 1345 Durandus

809 1384 1035 1467 ponit:
1071 1404 1213 1465 quae
1254 1384 1550 1446 brevitati
1598 1383 1859 1445 studens
1910 1389 2296 1463 pertranseo,

808 1484 1261 1546 Verumtamen
1292 1482 1682 1564 Augustinus
1716 1490 1775 1544 et
1808 1482 1915 1543 alii
1959 1481 2167 1543 Sancti
2211 1480 2304 1540 in-

809 1582 1060 1643 terdum
1103 1581 1425 1643 insinuare
1457 1582 1773 1653 videntur,
1807 1581 1977 1661 quod
2016 1580 2181 1641 Deus
2221 1578 2303 1639 sit

810 1697 1025 1740 rerum
1078 1677 1445 1739 immediata
1494 1695 1683 1739 causa
1744 1696 1855 1757 per
1906 1675 2298 1738 intellectum

811 1783 1000 1858 atque
1046 1776 1376 1838 scientiam
1423 1792 1437 1837 ε
1482 1775 1651 1857 quod
1694 1784 1756 1837 et
1801 1774 2164 1856 philosophi
2215 1772 2304 1835 di-

2405 797 2510 852 tur
2556 797 2799 873 queunt
2848 790 3076 851 salvari
3127 790 3249 851 nisi
3299 789 3748 870 distinguendo
3791 807 3902 851 vo-

2406 889 2714 951 luntatem
2761 888 2827 950 in
2874 889 3000 951 Deo
3047 888 3492 971 multiplicem.

2487 1086 2578 1149 Ad
2629 1086 3244 1148 haec-'Bonaventura
3294 1086 3634 1166 respondet
3668 1106 3682 1149 :
3721 1087 3904 1150 Ratio

2409 1194 2469 1247 et
2501 1185 2838 1247 auctoritas
2871 1183 3197 1266 compellit
3231 1202 3345 1246 nos
3375 1184 3767 1266 distinguere
3797 1204 3906 1248 vo-

2412 1283 2718 1344 luntatem
2751 1282 2860 1345 Dei
2894 1283 2960 1344 in
2994 1282 3382 1345 voluntatem
3424 1282 3807 1365 beneplaciti
3839 1291 3906 1346 et

2411 1382 2476 1443 in
2521 1382 2912 1443 voluntatem
2959 1380 3144 1461 signi.
3180 1381 3355 1453 Quod
3397 1382 3568 1443 enim
3613 1382 3700 1443 ait
3741 1382 3906 1464 Apo-

2410 1480 2631 1550 stolus,
2664 1480 2808 1541 Ilaec
2845 1486 2942 1541 est
2980 1479 3272 1541 voluntas
3312 1479 3446 1553 Dei,
3479 1481 3908 1544 sanctificatio
3953 1500 4254 1549 inea-v,

2413 1585 2640 1650 vestra,
2667 1596 2789 1639 non
2824 1584 2918 1639 est
2950 1596 3062 1657 per
3092 1577 3432 1640 essentiam
3464 1578 3728 1651 dictum,
3752 1598 3907 1659 ergo
3939 1568 3984 1607 ³·

2412 1695 2526 1758 per
2569 1694 2820 1737 causam
2867 1684 2971 1737 aut
3018 1675 3588 1755 significationem3
3628 1696 3755 1740 non
3789 1695 3911 1740 'au-

2415 1784 2541 1837 tem
2600 1794 2714 1856 per
2773 1793 3051 1849 causam,
3115 1793 3264 1856 ergo
3321 1794 3436 1857 per
3492 1776 3910 1858 significatio-

813 1882 984 1935 cunt.
1020 1874 1097 1935 Et
1128 1892 1350 1935 verum
1391 1881 1487 1935 est
1516 1881 1825 1955 quantum
1863 1873 1940 1934 ad
1982 1873 2101 1934 hoc
2133 1872 2302 1953 quod
2335 1872 2382 1933 B
2417 1891 2582 1934 nem.
2618 1872 2796 1936 Ratio
2830 1890 3084 1954 quoque
3121 1873 3363 1955 pandit,
3397 1874 3549 1957 quia
3579 1877 3912 1938 communi

808 1973 1079 2035 scientia
1108 1980 1169 2034 et
1195 1973 1485 2035 voluntas
1518 1974 1580 2033 in
1616 1972 1755 2053 ipso
1786 1978 1935 2033 sunt
1965 1971 2305 2033 idem.Imo

816 2072 1169 2133 secundum
1218 2071 1337 2133 hoc
1388 2071 1514 2132 dici
1564 2078 1791 2153 potest,
1838 2070 2007 2152 quod
2058 2068 2138 2131 sit
2189 2068 2305 2129 im-

818 2170 1091 2233 mediata
1119 2189 1332 2232 rerum
1366 2188 1555 2231 causa
1587 2188 1698 2250 per
1728 2188 1907 2231 suam
1938 2168 2303 2238 essentiam,

815 2275 879 2331 et
909 2269 1062 2330 item
1094 2288 1209 2350 per
1238 2288 1419 2330 suam
1452 2268 1823 2339 bonitatem,
1849 2286 1963 2348 per
1996 2284 2304 2339 amorem,

815 2385 931 2448 per
974 2366 1417 2429 liberalitatem
1452 2386 1465 2429 :
1502 2385 1643 2446 quae
1686 2365 1901 2428 omnia
1943 2364 2007 2425 in
2046 2364 2175 2425 Deo
2214 2382 2308 2424 re-

814 2465 999 2528 aliter
1038 2465 1207 2527 idem
1250 2472 1416 2526 sunt.
1450 2464 1560 2526 Vel
1604 2464 2008 2545 appropriate
2052 2464 2309 2545 loquen-

817 2564 919 2636 do,
956 2582 1069 2646 per
1110 2563 1505 2625 intellectum
1535 2570 1597 2624 et
1626 2562 1958 2624 scientiam
1994 2568 2090 2623 est
2120 2580 2310 2622 causa

818 2662 1200 2744 exemplaris
1241 2662 1609 2723 immediate
1646 2680 1761 2743 per
1791 2661 2181 2723 voluntatem
2219 2659 2308 2722 ef-

814 2760 1060 2823 ficiens.

897 2859 1110 2922 Posset
1158 2876 1413 2941 quoque
1462 2858 1564 2920 hic
1615 2857 1835 2941 quaeri,
1878 2858 2098 2919 Utrum
2142 2857 2310 2918 Deus

818 2954 1251 3017 immediatius
1280 2961 1422 3033 agat
1450 2972 1564 3035 per
1595 2954 1942 3035 potentiam
1973 2971 2165 3035 quam
2198 2971 2311 3033 per

2416 1991 2534 2032 usu
2597 1970 2920 2053 loquendi,
2972 1978 3361 2053 praeceptum
3423 1981 3712 2035 nostrum
3766 1993 3916 2037 con·

2415 2070 2744 2134 suevimus
2781 2072 3176 2132 voluntatem
3211 2088 3455 2133 vocare.
3481 2071 3720 2152 ltaque,
3745 2072 3918 2133 sicut

2418 2169 2778 2231 intellectus
2828 2177 3042 2232 noster
3085 2168 3318 2231 dicitur
3358 2170 3457 2231 vis
3501 2169 3916 2243 intellectiva,

2418 2277 2476 2330 et
2530 2269 2741 2350 ipsum
2793 2267 3210 2341 intellectum,
3265 2268 3329 2329 id
3377 2276 3473 2331 est
3520 2288 3619 2331 res
3668 2268 3921 2333 intelle-

2421 2376 2556 2445 cta3
2595 2366 2683 2429 ita
2712 2366 3004 2429 voluntas
3042 2366 3401 2448 appellatur
3430 2366 3526 2428 vis
3555 2368 3807 2430 volendi
3841 2388 3921 2431 33

2409 2466 2632 2548 ipsum
2677 2465 2966 2527 volitum.
3013 2465 3088 2526 Et
3132 2465 3283 2545 quia
3326 2465 3616 2527 voluntas
3666 2466 3775 2529 Dei
3821 2468 3922 2529 in-

2425 2564 2692 2627 notescit
2743 2563 2926 2625 nobis
2975 2582 3088 2645 per
3135 2562 3400 2625 volitum
3453 2571 3751 2646 tanquam
3804 2586 3926 2647 per

2423 2661 2679 2724 visibile
2723 2661 3038 2743 quoddam
3094 2661 3370 2742 signum,
3414 2669 3477 2723 et
3519 2662 3772 2743 signum
3822 2673 3927 2725 est

2425 2760 2594 2841 quod
2634 2760 2700 2821 in
2749 2760 2921 2821 aliud
2972 2759 3124 2821 facit
3167 2758 3381 2821 venire
3425 2760 3578 2821 dum
3617 2759 3807 2822 offert
3852 2782 3926 2824 33

2425 2858 2676 2937 33113111;
2711 2857 2860 2919 111113
2892 2857 3282 2919 voluntatem
3323 2858 3434 2920 Dei
3467 2858 3810 2921 dividimus
3855 2861 3926 2923 in

2425 2955 2814 3018 voluntatem
2866 2954 3248 3035 beneplaciti
3302 2962 3365 3016 et
3415 2955 3480 3017 in
3526 2956 3925 3020 voluntatem

817 3051 1231 3113 voluntatem.
1256 3086 1334 3095 —
1364 3052 1626 3113 Videtur
1661 3052 1828 3133 quod
1868 3051 1981 3126 313,
2016 3052 2167 3133 quia
2207 3068 2312 3133 po-
2350 3048 2393 3111 C
2424 3053 2607 3134 signi.
2639 3088 2720 3097 -
2747 3052 3052 3115 Praeterea
3091 3052 3143 3113 si
3184 3060 3523 3134 quaeratur,
3555 3073 3633 3115 an
3674 3055 3800 3116 sint
3842 3057 3929 3117 si-

820 3149 1019 3211 tentia
1060 3149 1426 3212 immediate
1467 3157 1564 3212 est
1604 3169 1979 3232 exsequens,
2019 3150 2311 3213 voluntas

822 3247 1164 3329 imperans,
1199 3247 1463 3308 Videtur
1511 3247 1700 3309 etiam
1752 3249 1921 3330 quod
1970 3266 2119 3322 non,
2160 3249 2314 3330 quia

823 3353 895 3407 ut
923 3345 1149 3427 patuit,
1181 3346 1473 3408 voluntas
1515 3347 1717 3428 ipsam
1761 3348 2107 3428 potentiam
2137 3348 2217 3408 de
2247 3366 2314 3408 se

823 3444 1377 3506 indeterminatam
1426 3445 1504 3506 ad
1552 3444 1671 3507 hoc
1722 3447 1818 3508 vel
1878 3445 2058 3519 illud,
2111 3446 2314 3507 deter-

828 3544 1028 3606 minat
1068 3543 1146 3605 ad
1190 3542 1342 3625 quid
1388 3551 1634 3605 certum
1677 3546 2013 3626 agendum.

586 3667 629 3708 p.
652 3653 797 3705 soffia
892 3641 984 3704 Ad
1016 3641 1185 3704 istud
1218 3648 1423 3722 potest
1452 3642 1671 3704 haberi
1701 3643 2030 3724 responsio
2058 3663 2135 3706 ex
2166 3663 2319 3725 prae-

534 3720 640 3760 313.

826 3739 1105 3802 inductis
1148 3740 1404 3802 Thomae
1447 3741 1787 3822 responsis.

1228 4064 1699 4138 QUAESTIO
1770 4065 1895 4128 III

956 4328 1131 4390 Ertio
1160 4327 1598 4409 principaliter
1627 4328 1822 4410 quaeri
1833 4336 1933 4390 tur
1962 4331 2075 4396 De
2114 4331 2319 4396 divt-

975 4428 1196 4493 310113
1237 4425 1684 4493 voluntatis
1732 4429 2050 4510 divinae,
2095 4431 2177 4495 et
2222 4430 2318 4495 de

827 4526 1085 4604 sig-nis
1126 4524 1405 4606 tpsiuS.

908 4624 1173 4687 Videtur
1209 4624 1379 4705 quod
1422 4624 1713 4687 voluntas
1763 4625 1872 4688 Dei
1918 4644 2043 4689 non
2095 4627 2319 4689 distin—

828 4730 1077 4805 guatur,
1112 4721 1411 4804 quoniam
1444 4741 1571 4783 una
1600 4731 1665 4784 et
1693 4723 2169 4806 simplicissima
2198 4732 2314 4798 est,

828 4840 954 4885 11011
987 4821 1516 4905 plures.—ltem,
1538 4821 1829 4883 voluntas
1862 4823 2157 4884 convenit
2191 4824 2318 4886 Deo

826 4920 1115 4983 absolute
1159 4936 1173 4980 :
1216 4937 1344 4982 non
1386 4937 1536 5000 ergo
1578 4938 1692 5001 per
1735 4926 1941 4982 creata
1986 4920 2310 4983 dividitur.

824 5055 906 5064 —
943 5019 1073 5081 Nec
1114 5017 1368 5079 videtur
1410 5016 1569 5079 ratio
1612 5036 1727 5079 cur
1770 5017 2061 5080 voluntas
2105 5019 2318 5100 potius

826 5135 1017 5199 quarn
1075 5115 1343 5178 scientia
1398 5121 1506 5176 aut
1555 5115 1837 5195 potentia
1891 5115 2320 5196 distinguatur

826 5233 942 5296 per
982 5213 1181 5294 signa.

908 5313 977 5373 In
1019 5311 1403 5373 contrarium
1448 5318 1594 5372 sunt
1636 5329 1777 5392 quae
1818 5310 1883 5372 in
1924 5311 2135 5376 lit-tera
2173 5331 2318 5378 3011-

2423 3170 2546 3232 gna
2595 3151 2906 3213 naturalia
2953 3151 3053 3213 vel
3105 3151 3482 3224 voluntaria,
3536 3155 3928 3235 responden-

2425 3250 2578 3311 dum
2611 3250 2779 3332 quod
2821 3250 3074 3330 signum
3115 3256 3210 3312 est
3241 3268 3377 3323 3113,
3411 3258 3475 3311 31
3505 3259 3602 3312 331
3639 3252 3922 3332 signum.

2425 3349 2690 3429 Signum
2722 3365 2870 3429 ergo
2906 3355 3111 3431 potest
3141 3348 3268 3410 dici
3309 3349 3596 3411 naturale
3631 3349 3694 3410 in
3726 3369 3930 3432 quan-

2389 3456 2561 3509 ·tum
2601 3465 2737 3519 3113,
2772 3447 2872 3508 vel
2918 3445 2978 3508 in
3019 3454 3330 3528 quantum
3372 3447 3647 3528 signum.
3691 3448 3929 3530 Sicque

2428 3547 2608 3626 signa
2649 3547 2769 3608 ista
2807 3546 3153 3609 voluntatis
3201 3547 3456 3622 divinae,
3502 3548 3566 3610 in
3609 3558 3928 3631 quantum

2427 3644 2620 3718 entia,
2672 3644 3028 3706 voluntaria
3087 3653 3255 3719 sunt,
3303 3646 3457 3727 quia
3513 3667 3550 3709 a
3596 3647 3930 3711 voluntate

2429 3744 2791 3821 fluxerunt3
2842 3743 3157 3805 naturalia
3205 3761 3358 3806 vero
3415 3754 3565 3807 sunt
3613 3745 3678 3807 in
3727 3765 3934 3828 quan-

2427 3851 2563 3903 tum
2628 3841 2826 3922 signa,
2887 3841 3040 3924 quia
3099 3843 3472 3905 naturaliter
3532 3843 3928 3924 significant,

2429 3942 2594 4004 sicut
2631 3940 2903 4003 effectus
2952 3940 3325 4003 naturaliter
3373 3960 3554 4004 suam
3601 3941 3932 4023 significat

2429 4058 2706 4102 causam.

2506 4139 2696 4200 Porro
2734 4156 3039 4200 numerus
3069 4145 3133 4199 et
3163 4136 3556 4200 sufficientia
3595 4139 3930 4220 signorum

2348 4238 2398 4300 D
2429 4237 2589 4299 solet
2635 4236 2728 4297 313
2775 4235 3082 4316 assignari
3119 4255 3132 4299 ε
3168 4235 3392 4298 Divina
3435 4237 3747 4311 voluntaS,
3781 4255 3933 4319 pro·

2429 4334 2566 4416 prie
2616 4333 2954 4415 loquendo,
2997 4341 3094 4396 est
3144 4335 3550 4415 praesentium
3600 4343 3708 4397 aut
3753 4335 3934 4397 futu-

2430 4451 2644 4496 rorum
2669 4451 2685 4512 3
2719 4432 3182 4514 praeteritorum
3213 4440 3427 4494 autem
3459 4451 3586 4496 non
3616 4443 3712 4497 est
3740 4435 3938 4497 aliter

2430 4550 2617 4612 quam
2653 4530 3081 4612 praesentium.
3106 4530 3169 4593 Si
3201 4538 3296 4592 est
3327 4538 3619 4614 respectu
3652 4551 3936 4613 111133311-

2429 4629 2532 4703 tis,
2567 4637 2676 4690 aut
2716 4629 2873 4690 illud
2915 4636 3010 4690 est
3052 4628 3316 4702 bonum,
3351 4636 3414 4690 et
3444 4630 3536 4692 sic
3575 4638 3669 4692 est
3703 4630 3942 4713 imple-

2433 4727 2554 4806 tio;
2603 4735 2711 4788 aut
2764 4727 3023 4801 malum,
3066 4735 3129 4788 et
3171 4727 3264 4789 sic
3312 4735 3408 4789 est
3456 4728 3810 4810 permissio.
3861 4731 3938 4794 Si

2429 4832 2719 4907 respectu
2780 4823 3002 4898 futuri,
3063 4825 3181 4888 hoc
3237 4832 3332 4888 est
3393 4825 3745 4906 tripliciter.
3797 4827 3936 4891 Aut

2428 4923 2597 4985 enim
2631 4929 2727 4985 est
2757 4923 3018 4997 malurn,
3054 4930 3115 4984 et.
3145 4922 3236 4984 313
3277 4929 3372 4984 est
3402 4923 3780 5004 prohibiti03
3810 4935 3932 4988 aut

2429 5021 2667 5083 bonum
2711 5021 3138 5082 necessarium
3173 5020 3251 5082 ad
3291 5020 3583 5094 salutem,
3617 5029 3679 5083 et
3709 5021 3797 5083 ita
3823 5032 3932 5086 est

2428 5118 2802 5201 praecepti03
2851 5125 2961 5179 aut
3019 5117 3258 5179 bonurn
3317 5117 3928 5198 supererogationiS‚

2427 5225 2489 5278 et
2523 5215 2616 5278 sic
2656 5222 2751 5277 est
2781 5214 3139 5278 consilium.
3175 5215 3420 5277 Bonum
3451 5223 3663 5276 autem
3703 5235 3936 5298 super-

2427 5313 2808 5396 erogationis
2851 5331 2974 5376 non
3011 5311 3200 5376 habet
3234 5311 3473 5375 malum
3503 5312 3878 5395 oppositum
3910 5333 3930 5379 τ
