4359 6250
1578 509 1664 552 AN
1704 507 1960 554 camus
2000 509 2315 555 mumma
3413 487 3495 551 59

404 693 602 736 causae
645 684 1103 756 corrumpunt3
1144 697 1262 740 nec
1305 678 1510 740 solum
1556 679 1890 740 destruunt
1920 679 1970 741 Α
1999 679 2164 741 sicut
2208 687 2413 742 sessor
2449 682 2525 743 ad
2566 701 2822 762 equum.
2868 681 3073 754 Quum
3116 687 3326 742 autem
3369 679 3495 741 duo

403 772 760 835 habilitates
789 774 867 835 ad
899 782 1076 837 actus
1117 777 1382 838 morales
1411 777 1720 839 virtutum
1760 796 1889 840 mo-

401 871 626 933 ralium
671 880 735 933 et
779 872 1136 935 infusarum
1175 881 1363 956 atque
1404 877 1752 938 contrarias
1791 895 1894 956 ge-

400 979 642 1043 nerant,
679 991 905 1033 verum
935 973 1126 1034 etiam
1167 973 1427 1036 omnino
1458 975 1782 1036 divertunt
1812 974 1892 1036 ab

401 1069 626 1133 ultimo
670 1068 828 1143 fine,
861 1079 924 1131 et
963 1071 1290 1134 retrahunt
1327 1092 1364 1133 a
1403 1073 1534 1134 fine
1581 1073 1892 1136 virtutum

403 1168 762 1230 moralium.

476 1267 639 1328 Hinc
678 1287 796 1329 nec
839 1269 1128 1331 mortalia
1167 1278 1426 1350 peccata
1465 1290 1582 1332 nec
1621 1270 1896 1333 venialia

401 1385 511 1446 per
569 1385 638 1427 se
697 1366 1018 1447 attingunt
1073 1367 1363 1430 habitum
1421 1369 1721 1439 caritatiS,
1779 1388 1894 1430 nec

397 1464 566 1525 circa
631 1465 842 1547 ipsum
899 1466 1138 1547 aliquid
1192 1475 1552 1548 operantur.
1607 1467 1726 1530 Sed
1784 1487 1898 1548 per

397 1571 659 1642 peccata
693 1563 983 1625 mortalia
1011 1564 1252 1646 aliquid
1283 1564 1568 1627 efficitur
1593 1565 1762 1626 circa
1793 1566 1898 1627 ho-

399 1660 640 1722 minem
693 1661 1005 1742 privative
1059 1679 1072 1722 :
1126 1680 1255 1742 quo
1300 1663 1488 1734 facto,
1542 1664 1898 1726 necessario

393 1760 832 1840 corrumpitur
865 1759 930 1820 in
965 1759 1224 1821 homine
1259 1761 1504 1822 caritas
1541 1761 1653 1823 Per
1688 1761 1897 1823 venia-

2000 780 2078 840 ad
2120 779 2417 840 eumdem
2462 787 2675 841 actum
2716 788 3125 852 concurrunt,
3170 787 3375 860 potest
3418 797 3494 840 ex

2002 885 2178 959 parte
2222 878 2554 960 utriusque
2594 878 2743 941 oriri
2777 877 3041 940 actionis
3081 877 3498 959 impedimen-

2005 984 2159 1038 tum.
2188 975 2341 1038 Dico
2370 995 2519 1057 ergo
2550 976 2719 1059 quod
2746 977 2991 1039 veniale
3024 976 3203 1058 ponit
3234 977 3500 1057 impedi-

2008 1083 2295 1137 mentum
2335 1075 2505 1137 actui
2547 1075 2825 1138 caritatis
2864 1095 2941 1137 ex
2976 1084 3151 1158 parte
3189 1075 3372 1137 liberi
3406 1095 3499 1136 ar-

2005 1173 2206 1248 bitrii,
2234 1174 2318 1236 ita
2347 1175 2518 1256 quod
2558 1174 2775 1237 debito
2814 1194 2924 1237 seu
2969 1175 3217 1236 decenti
3249 1173 3498 1237 fervore

2006 1291 2132 1334 non
2163 1272 2365 1333 fertur
2390 1272 2455 1333 in
2483 1271 2734 1335 bonum.
2756 1272 2891 1335 Non
2923 1280 3135 1334 autem
3168 1271 3346 1354 ponit
3375 1273 3497 1335 tale

2009 1371 2539 1452 impedimentum
2580 1390 2655 1432 ex
2698 1378 2871 1452 parte
2916 1371 3115 1454 ipsius
3156 1370 3497 1432 habitualis

2009 1469 2309 1534 caritatis,
2346 1469 2549 1550 ipsam
2582 1469 2645 1530 in
2676 1469 2891 1551 aliquo
2921 1470 3357 1543 diminuendO,
3383 1470 3500 1532 cir—

2009 1586 2082 1628 ca
2112 1586 2304 1648 quam
2338 1567 2427 1627 nil
2458 1585 2643 1647 agere
2676 1575 2893 1648 potest.
2916 1567 3141 1629 Minuit
3172 1577 3381 1630 tamen
3415 1568 3500 1629 in-

2008 1665 2418 1728 clinationem
2460 1665 2527 1726 in
2568 1665 2767 1728 finem
2800 1686 2990 1747 quam
3034 1667 3259 1728 caritas
3298 1667 3499 1729 libero

2008 1763 2273 1825 arbitrio
2324 1764 2635 1845 imprimit
2678 1783 2691 1826 :
2734 1765 2827 1826 sic
2876 1783 3128 1846 quoque
3176 1765 3497 1827 actionum

395 1859 480 1919 lia
531 1877 686 1920 vero
735 1867 992 1940 peccata
1043 1857 1203 1920 nihil
1249 1858 1534 1922 efficitur
1579 1861 1746 1921 circa
1790 1860 1896 1923 ho·
1935 1860 1980 1920 B
2012 1862 2323 1924 fervorem
2378 1863 2663 1925 remittit.
2709 1864 2881 1925 l’nde
2930 1864 3222 1945 quamvis
3272 1865 3499 1926 caritas

397 1958 640 2018 minem
685 1975 813 2038 quo
856 1957 922 2019 in
969 1957 1108 2038 ipso
1151 1958 1378 2020 caritas
1431 1958 1770 2020 minuatur.

475 2055 723 2118 Idcirco
765 2055 1130 2130 dicendum,
1164 2056 1332 2138 quod
1376 2057 1602 2118 caritas
1644 2077 1681 2118 a
1723 2057 1897 2118 nulla

393 2162 614 2217 nostra
637 2155 1003 2236 operatione
1030 2162 1237 2237 potest
1260 2155 1548 2216 diminui.
1571 2156 1686 2219 Pro
1711 2156 1895 2236 cujus

395 2252 824 2333 intelligentia
857 2252 1337 2324 advertendum,
1371 2253 1539 2334 quod
1572 2255 1798 2315 caritas
1831 2254 1894 2314 in

394 2351 586 2414 nobis
635 2359 733 2413 est
778 2351 993 2413 lumen
1039 2351 1368 2433 spirituale
1414 2351 1478 2413 in
1524 2360 1693 2414 recta
1737 2352 1900 2415 ordi-

391 2450 656 2513 natione
686 2459 900 2512 nostra
933 2451 1011 2512 ad
1042 2452 1242 2513 Deum
1276 2457 1748 2513 convertentem
1784 2468 1896 2513 nos

389 2549 474 2611 ad
523 2568 614 2623 se,
659 2550 1039 2630 productum
1086 2549 1150 2610 in
1191 2549 1375 2610 nobis
1413 2568 1449 2610 a
1491 2549 1616 2611 Deo
1660 2549 1825 2610 sicut
1864 2569 1900 2610 a

393 2649 546 2710 luce
573 2665 905 2728 suprema:
931 2647 1098 2707 sicut
1128 2646 1192 2707 in
1222 2648 1407 2708 oculo
1437 2655 1652 2708 nostro
1683 2655 1778 2708 est
1811 2647 1899 2708 lu-

391 2765 550 2808 men
599 2745 924 2827 corporale
965 2744 1032 2806 in
1071 2753 1243 2806 recta
1285 2743 1683 2826 oppositione
1729 2744 1895 2806 oculi

392 2845 603 2908 nostri
633 2843 988 2905 secundum
1023 2843 1216 2904 situm
1247 2843 1324 2904 ad
1357 2843 1575 2904 solem.
1614 2843 1727 2905 Per
1758 2861 1898 2924 pec.-

389 2953 618 3006 catum
647 2950 859 3004 autem
893 2941 1156 3003 mortale
1188 2940 1518 3003 constituit
1546 2941 1670 3002 sibi
1704 2941 1895 3003 homo

2010 1969 2258 2023 maneat
2302 1961 2563 2042 integra,
2599 1963 2873 2024 liberum
2916 1971 3123 2025 tamen
3163 1963 3498 2025 arbitrium

2008 2061 2085 2122 ad
2143 2059 2540 2141 diligendum
2600 2061 2867 2142 tepescit
2930 2063 3251 2136 continue,
3314 2071 3376 2124 et
3434 2062 3499 2123 in

2007 2158 2141 2220 fine
2173 2160 2305 2221 fere
2340 2160 2403 2220 in
2438 2168 2681 2222 tantum
2715 2160 2997 2241 frigescit
3035 2179 3108 2222 ac
3146 2162 3197 2222 si
3241 2161 3497 2224 caritate

2009 2266 2249 2320 careret
2284 2277 2297 2320 :
2332 2259 2551 2340 sicque
2591 2278 2866 2340 pronum
2906 2260 2984 2324 fit
3011 2261 3087 2322 ad
3122 2261 3404 2335 mortale,
3438 2268 3500 2321 et

2011 2357 2130 2419 nisi
2171 2357 2411 2420 auxilio
2450 2359 2815 2421 adsistentis
2858 2368 2920 2421 et
2966 2359 3329 2422 inhaerentis
3374 2359 3499 2422 sibi

2009 2456 2287 2518 caritatis
2333 2464 2653 2540 torporem
2694 2465 2755 2518 et
2798 2467 3080 2540 teporem
3124 2459 3494 2531 excusserit,

2010 2573 2156 2617 mox
2222 2555 2285 2617 in
2348 2557 2679 2619 mortalem
2744 2564 2994 2620 corruet
3058 2558 3330 2638 culpam.
3396 2557 3497 2619 Sic

2007 2654 2201 2716 etiam
2233 2656 2587 2716 necessaria
2616 2663 2713 2716 est
2742 2655 3009 2717 elevatio
3048 2655 3325 2717 caritatis
3356 2674 3500 2718 con-

2010 2761 2104 2814 tra
2136 2753 2616 2816 inclinationem
2649 2753 2886 2817 fomitis
2917 2773 3163 2835 semper
3194 2762 3499 2835 quantum

2011 2852 2075 2912 in
2127 2871 2195 2914 se
2244 2861 2339 2914 est
2388 2854 2682 2915 deorsum
2733 2854 3059 2915 trahentis,
3110 2854 3212 2915 Sic
3260 2853 3498 2914 etenim

2008 2951 2201 3012 'trahit
2242 2951 2559 3026 deorsum,
2596 2953 2769 3013 velut
2808 2952 2857 3012 si
2901 2953 3019 3014 alis
3050 2952 3327 3015 volucris
3366 2951 3500 3012 alli-

386 3043 600 3106 alium
632 3040 832 3102 finem
863 3059 1054 3123 quam
1087 3039 1626 3114 Deum,videlicet
1656 3040 1894 3101 bonum
1935 3045 1977 3108 C
2007 3057 2188 3130 gatus
2239 3051 2540 3111 consistat
2596 3051 2848 3132 lapillus
2903 3052 3198 3112 deorsum
3246 3050 3499 3111 assidue

385 3150 686 3204 creatum
735 3140 1071 3211 caducum,
1108 3140 1172 3200 in
1223 3157 1352 3220 quo
1399 3138 1645 3219 appetit
1695 3139 1894 3220 impie

381 3240 696 3304 delectari
731 3238 1024 3320 quamvis
1054 3238 1311 3299 deberet
1343 3237 1470 3298 Deo
1500 3255 1731 3298 carere.
1769 3237 1898 3299 Sic-

381 3360 524 3423 que
553 3339 781 3400 avertit
809 3356 878 3399 se
907 3336 989 3399 ab
1028 3337 1424 3400 ordinatione
1464 3336 1542 3397 ad
1579 3355 1895 3397 summam

387 3440 610 3502 lucem
646 3455 808 3518 :per
856 3436 1023 3518 quod
1077 3436 1374 3515 indignus
1421 3435 1706 3497 efficitur
1754 3454 1899 3498 con-

389 3556 582 3599 cesso
617 3536 742 3598 sibi
788 3535 1030 3598 lumine
1075 3535 1562 3617 supernaturali,
1599 3534 1898 3597 videlicet

390 3634 684 3706 caritate,
716 3642 780 3695 et
809 3633 1042 3712 dignus
1074 3640 1170 3693 est
1199 3651 1273 3694 ea
1315 3632 1575 3714 privari,
1611 3632 1697 3694 ita
1727 3633 1895 3714 quod

394 3735 570 3796 Deus
609 3732 856 3793 desinat
893 3750 1031 3793 eam
1073 3749 1464 3793 conservare.
1501 3731 1730 3811 Sicque
1770 3733 1896 3793 Deo

392 3852 534 3896 non
582 3832 875 3903 faciente,
929 3831 1037 3892 sed
1100 3831 1528 3912 permittente,
1582 3848 1694 3891 seu
1753 3849 1897 3892 con-

391 3930 825 3995 servationem
877 3936 940 3991 et
995 3928 1400 3990 influentiam
1461 3927 1893 3999 subtrahente,

391 4030 632 4093 caritas
686 4029 853 4091 cadit
901 4029 965 4089 in
1027 4026 1323 4089 nihilum.
1369 4063 1452 4071 —
1492 4027 1606 4088 Per
1647 4027 1896 4089 veniale

389 4138 616 4193 autem
649 4134 976 4208 peccatum
1011 4126 1202 4187 homo
1244 4144 1369 4187 non
1411 4126 1668 4187 divertit
1699 4125 1898 4187 omni-

2008 3149 2283 3210 trahens.
2319 3149 2444 3210 Nec
2484 3158 2689 3231 potest
2721 3151 2947 3212 caritas
2988 3150 3052 3212 in
3092 3151 3209 3211 hac
3240 3151 3370 3213 vita
3408 3170 3501 3211 se-

2009 3247 2291 3309 cundum
2334 3266 2737 3310 communem
2780 3250 2983 3329 legem
3023 3250 3115 3311 sic
3146 3249 3395 3332 perfici,
3431 3258 3499 3311 ut

2009 3346 2339 3409 inclinatio
2383 3346 2489 3408 illa
2531 3347 2773 3409 fomitis
2824 3348 3097 3410 totaliter
3143 3349 3499 3429 exstingua-

2009 3454 2111 3507 tur
2145 3462 2158 3505 :
2197 3446 2363 3506 unde
2398 3464 2511 3507 nec
2540 3446 2676 3507 sine
2711 3454 2968 3527 peccato
2997 3448 3097 3526 agi
3129 3455 3331 3528 potest
3366 3448 3497 3510 haec

2012 3544 2156 3605 vit-a.
2190 3580 2270 3588 —
2299 3543 2441 3605 Haec
2485 3544 2809 3605 Henricus.

2089 3724 2229 3785 Haec
2263 3722 2493 3805 positio
2524 3724 2813 3804 quamvis
2841 3723 3036 3804 (sicut
3066 3744 3235 3786 nunc
3269 3727 3498 3807 patuit)

2008 3842 2044 3883 a
2094 3822 2337 3902 magnis
2384 3828 2445 3883 et
2498 3822 2713 3884 multis
2770 3823 3135 3885 doctoribus
3187 3831 3494 3892 teneatur,

2008 3922 2391 4002 quibusdam
2424 3930 2633 3983 tamen
2677 3922 3125 3986 irrationabilis
3159 3944 3297 3986 esse
3329 3925 3498 3987 vidc-

2011 4030 2112 4081 tur
2141 4020 2295 4081 etin
2340 4040 2405 4081 se
2448 4021 2585 4102 ipsa
2624 4029 2683 4082 et
2725 4021 2789 4081 in
2829 4022 2962 4083 suis
3004 4022 3276 4084 motivis
3314 4023 3390 4085 Et
3419 4025 3496 4085 ad

2007 4118 2126 4179 hoc
2174 4118 2305 4197 jam
2358 4119 2728 4182 introductae
2776 4127 2924 4181 sunt
2976 4121 3267 4201 plurimae
3316 4122 3500 4185 ratio-

390 4247 480 4290 no
531 4246 568 4287 a
609 4225 743 4288 fine
789 4225 1034 4297 ultimo.
1067 4223 1316 4285 scilicet
1359 4223 1509 4295 Deo,
1549 4224 1676 4285 imo
1725 4223 1899 4285 habi·
1931 4225 1976 4284 D
2009 4235 2138 4277 nes,
2176 4217 2473 4288 Quamvis
2522 4218 2692 4278 enim
2745 4218 2990 4281 veniale
3040 4228 3368 4301 peccatum
3420 4223 3496 4282 ad

389 4325 658 4389 tualiter
699 4331 909 4385 manet
949 4324 1014 4385 in
1049 4322 1186 4403 ipso
1220 4340 1233 4383 :
1269 4322 1410 4384 ideo
1452 4340 1578 4384 non
1623 4330 1900 4383 meretur

387 4428 482 4487 ita
529 4422 768 4505 privari
812 4421 1090 4483 caritatis
1137 4421 1490 4501 praesentia.

494 4522 622 4586 Sed
676 4520 988 4602 numquid
1040 4520 1287 4581 veniale
1354 4519 1596 4600 aliquid
1649 4520 1778 4599 agit
1832 4520 1896 4581 in

387 4619 847 4705 praejudicium
881 4616 1201 4680 caritatis?
1233 4617 1481 4698 Utique,
1518 4617 1668 4699 quia
1698 4617 1899 4680 fervo-

387 4740 536 4783 rem
567 4716 888 4789 diminuit,
907 4716 1040 4778 imo
1067 4723 1130 4777 et
1158 4713 1554 4777 habilitatem
1589 4714 1652 4776 in
1681 4715 1900 4778 volun-

391 4825 528 4879 tate
553 4833 632 4877 ex
659 4814 842 4877 bonis
873 4812 1120 4875 actibus
1144 4820 1528 4893 generatam.
1549 4812 1789 4894 Nempe
1821 4812 1897 4874 ad

388 4925 615 4978 actum
655 4911 1016 4975 dilectionis
1060 4910 1188 4972 duo
1226 4919 1636 4984 concurrunt,
1680 4911 1900 4973 videli-

391 5020 499 5076 cet
550 5010 822 5073 liberum
865 5008 1202 5071 arbitrium
1253 5007 1516 5070 eliciens
1559 5016 1794 5081 actum,
1837 5017 1900 5070 et

391 5110 630 5174 caritas
675 5126 936 5170 movens
981 5106 1194 5188 ipsum
1235 5114 1297 5168 et
1334 5107 1412 5168 ad
1453 5106 1768 5188 agendum
1811 5106 1902 5168 in-

389 5210 648 5273 clinans
684 5224 698 5268 ε
732 5206 883 5288 quia
923 5206 1276 5267 secundum
1319 5205 1770 5287 Augustinum,
1805 5224 1902 5267 ca-

391 5308 558 5370 ritas
609 5305 696 5367 ita
743 5323 810 5365 se
859 5302 1050 5365 habet
1095 5304 1174 5365 ad
1226 5302 1498 5365 liberum
1558 5303 1896 5365 arbitrium

2009 4314 2355 4395 perfectam
2413 4315 2719 4378 rationem
2782 4318 3022 4397 peccati
3078 4336 3205 4381 non
3266 4320 3500 4401 pertin-

2007 4422 2131 4493 gat,
2166 4413 2317 4494 quia
2354 4422 2683 4494 peccatum
2715 4414 3002 4477 absolute
3036 4416 3371 4498 loquendo,
3404 4426 3499 4480 est

2011 4512 2423 4592 transgressio
2455 4513 2609 4593 legis
2651 4514 2883 4577 ‹livinae
2914 4522 3102 4596 atquc
3143 4517 3497 4579 coelcstium

2011 4609 2441 4673 inobedientia
2482 4621 2966 4693 praeccptorum,
3002 4621 3069 4675 ut
3108 4622 3362 4677 sanctus
3398 4617 3499 4678 de-

2009 4708 2154 4770 finit.
2196 4709 2567 4771 Ambrosius
2610 4710 2808 4791 (quod
2852 4730 2979 4774 non
3029 4713 3327 4775 convenit
3374 4714 3494 4775 nisi

2011 4807 2260 4870 mortali
2312 4809 2631 4888 peccato);
2663 4816 2938 4871 attamen
2989 4810 3235 4871 veniale
3285 4831 3500 4891 pecca-

2008 4916 2144 4968 tum
2196 4914 2505 4988 quantum
2555 4908 2891 4988 participat
2938 4908 3015 4969 de
3069 4909 3308 4970 ratione
3359 4927 3500 4989 pec—

2009 5006 2153 5080 cati,
2184 5012 2431 5068 tantum
2463 5024 2715 5086 quoque
2748 5005 3083 5086 participat
3112 5007 3189 5066 de
3221 5006 3500 5086 proprie-

2011 5104 2244 5166 tatibus
2283 5102 2751 5184 effectibusque
2784 5104 3044 5185 peccati.
3082 5103 3497 5185 proprietates

2007 5209 2221 5263 autem
2251 5210 2314 5263 et
2342 5200 2613 5265 effectus
2644 5201 2888 5282 peccati
2920 5208 3087 5270 sunt,
3108 5200 3272 5262 inter
3299 5202 3498 5263 Deum

2009 5308 2065 5360 et
2114 5300 2485 5362 rationalem
2528 5307 2882 5362 creaturam
2914 5298 3219 5374 dividere,
3252 5300 3499 5382 elonga-
