4359 6250
870 458 988 522 158

1509 478 1572 523 IN
1613 478 1836 525 LIBRUM
1879 479 1898 523 1
1942 478 2424 524 8ΕΝΤΕΝΤῘΑΒΗΜ.
2470 497 2552 507 -·
2592 480 2743 525 DIST.
2792 479 2984 540 xxln3
3028 480 3251 533 QUAEST.
3300 479 3344 524 11

865 648 1187 709 essentiali
1227 668 1337 711 seu
1378 649 1688 723 absoluto,
1724 650 1834 712 sed
1875 650 2081 712 solum
2116 649 2179 711 in
2222 667 2363 731 per-
2396 648 2447 711 A
2480 667 2669 724 sonae,
2704 668 2817 711 seu
2859 648 2983 711 alia
3026 666 3316 730 persona,
3350 657 3460 710 aut
3496 648 3795 710 distincta
3832 666 3983 729 per-

866 746 1065 807 sonali
1108 749 1491 828 proprietate
1540 766 1554 809 :
1599 765 1748 830 ergo
1788 765 2058 829 persona
2104 765 2231 810 non
2276 746 2370 808 di-

867 843 1035 904 citur
1089 844 1396 907 absolute.

948 942 1018 1002 In
1062 943 1427 1024 oppositum
1473 952 1568 1006 est
1616 944 1956 1005 auctoritas
2000 941 2361 1024 Augustini,

869 1039 998 1102 imo
1056 1047 1119 1102 et
1178 1042 1338 1103 ratio
1389 1058 1403 1102 :
1456 1042 1608 1124 quia
1665 1043 2020 1106 secundum
2074 1042 2366 1104 Boetium

869 1156 1139 1219 persona
1195 1147 1291 1200 est
1351 1140 1676 1202 rationalis
1735 1148 1975 1203 naturae
2036 1139 2367 1201 individua

868 1236 1238 1298 substantia.
1285 1238 1353 1299 In
1397 1257 1522 1319 qua
1563 1239 1990 1319 descriptione
2041 1256 2166 1300 non
2220 1256 2365 1299 con-

871 1334 1108 1395 tinetur
1147 1336 1388 1417 aliquid
1433 1337 1788 1399 relativum.
1825 1337 2173 1400 Richardus
2215 1354 2365 1398 vero

869 1432 946 1493 de
992 1435 1049 1494 S.
1099 1434 1346 1496 Victore
1383 1454 1396 1497 :
1432 1436 1722 1509 Persona,
1770 1436 1998 1517 inquit,
2041 1444 2137 1497 est
2181 1434 2364 1496 intel-

871 1531 1158 1593 lectualis
1202 1540 1440 1595 naturae
1485 1533 2108 1595 incommunicabilis
2151 1552 2364 1595 essen-

869 1629 974 1690 tia.
1010 1630 1156 1703 Quae
1195 1631 1538 1712 descriptio
1570 1632 1754 1693 datur
1791 1639 2008 1713 aperte
2040 1650 2153 1713 per
2186 1630 2365 1693 abso-

871 1727 1020 1788 luta.
1045 1763 1124 1772 —
1143 1729 1466 1803 Prae‘terea,
1490 1729 1792 1811 quaelibet
1823 1730 2038 1791 divina
2069 1747 2359 1811 persona,

2479 766 2632 809 sona
2694 764 2707 808 :
2765 747 2919 828 quia
2975 754 3129 808 tunc
3188 746 3510 827 significat
3566 746 3985 808 notionaliter

2478 845 2815 906 relativum
2864 852 2928 905 et
2976 844 3040 905 id
3083 845 3252 926 quod
3299 845 3375 906 ad
3426 844 3695 906 alterum
3742 852 3859 905 est.
3892 878 3983 887 ——

2477 942 2670 1004 Tertii
2702 943 3131 1024 dicunt‚quod
3162 943 3485 1023 significat
3513 942 3799 1005 absolute
3831 941 3985 1003 sub-

2479 1042 2799 1114 stantiam,
2834 1060 2960 1105 non
2992 1060 3134 1123 quae
3163 1049 3259 1103 est
3289 1040 3565 1103 essentia
3602 1059 3713 1103 seu
3748 1048 3979 1101 natura

2479 1138 2715 1213 divina,
2780 1140 2889 1200 sed
2950 1158 3091 1220 quae
3148 1146 3247 1201 est
3300 1139 3677 1221 hypostasis.
3739 1138 3979 1200 Dicunt

2479 1255 2755 1317 namque
2795 1238 2965 1318 quod
3006 1236 3173 1297 sicut
3199 1238 3476 1299 essentia
3512 1236 3875 1310 essentiam,
3908 1243 3979 1296 et

2479 1334 2669 1397 homo
2700 1335 3050 1408 hominem,
3087 1335 3173 1397 ita
3213 1353 3481 1417 persona
3520 1352 3855 1417 personam
3892 1334 3979 1394 si-

2476 1431 2759 1513 gnificet.
2777 1434 2852 1494 Et
2877 1451 3211 1515 personam
3244 1433 3607 1514 intelligunt
3638 1432 3981 1495 substanti·

2476 1549 2579 1591 am
2611 1530 3001 1604 distinctam,
3036 1531 3387 1592 secundum
3419 1531 3591 1612 quod
3620 1530 3979 1592 substantia

2477 1628 2714 1689 dicitur
2740 1648 2779 1690 a
2806 1628 3155 1691 substando
3195 1629 3587 1710 proprietati.
3622 1664 3703 1675 —
3730 1628 3974 1702 Quarti,

2479 1727 2648 1807 quod
2694 1744 2962 1808 persona
3004 1735 3100 1789 est
3144 1746 3376 1789 nomen
3419 1727 3841 1809 aequivocum,
3878 1728 3977 1787 in—

869 1842 944 1887 eo
990 1826 1128 1909 ipso
1169 1846 1298 1908 quo
1339 1836 1434 1887 est
1484 1828 1621 1910 ipsa
1667 1828 1884 1890 divina
1931 1828 2225 1900 essentia,
2269 1836 2365 1888 est
2401 1821 2449 1884 B
2482 1825 2729 1886 terdum
2776 1823 3146 1905 significans
3190 1842 3547 1906 personam,
3592 1826 3977 1907 quandoque

871 1931 1094 1985 natura
1127 1925 1574 1987 intellectualis
1605 1944 1718 2008 per
1750 1944 1816 1987 se
1848 1925 2225 1999 subsistenS,
2250 1926 2366 1987 sic-

871 2029 942 2081 ut
987 2030 1050 2084 et
1099 2022 1236 2104 ipsa
1283 2024 1500 2086 divina
1547 2024 1822 2085 essentia
1873 2040 1886 2085 :
1938 2041 2088 2104 ergo
2136 2043 2251 2105 per
2299 2042 2365 2086 se

870 2127 932 2181 et
979 2139 1056 2182 ex
1116 2140 1230 2183 sua
1290 2130 1514 2184 natura
1573 2122 1870 2185 convenit
1919 2122 1978 2183 ei
2027 2141 2164 2185 esse
2225 2141 2365 2204 per-

871 2236 1110 2281 sonam.

949 2420 1044 2481 Ad
1091 2420 1210 2481 hoc
1260 2419 1600 2500 respondet
1645 2417 1942 2479 Albertus
1988 2434 2002 2478 t
2053 2418 2126 2480 Ut
2175 2436 2369 2499 super

870 2519 990 2580 hoc
1030 2518 1262 2579 veritas
1307 2516 1540 2578 clarius
1584 2524 1812 2598 pateat,
1847 2524 1991 2577 octo
2032 2516 2367 2597 opiniones

872 2616 1156 2679 narrabo.
1213 2616 1477 2689 Quidam
1527 2615 1700 2676 enim
1749 2615 2038 2677 doctores
2097 2614 2368 2695 scripse-

871 2722 1039 2788 runt,
1064 2714 1235 2795 quod
1266 2714 1385 2777 hoc
1417 2730 1672 2785 nomen,
1697 2730 1986 2795 persona,
2011 2712 2366 2773 secundum

873 2819 1232 2893 temporum
1282 2810 1615 2872 intervalla
1663 2810 1945 2871 diversas
1992 2809 2366 2890 significati-

869 2928 1022 2972 ones
1059 2910 1326 2991 accepit,
1361 2908 1528 2970 sicut
1557 2908 1748 2969 etiam
1789 2908 1852 2968 in
1893 2908 2102 2969 littera
2143 2908 2366 2970 recita-

2476 1922 2836 1994 essentiam,
2850 1922 3190 2003 aliquando
3220 1923 3982 2004 proprietatem—Quin-

2480 2021 2546 2093 ti,
2582 2021 2752 2103 quod
2783 2039 3052 2102 persona
3082 2021 3523 2101 consignificat
3554 2021 3977 2083 substantiam

2477 2127 2541 2181 et
2600 2120 3074 2201 proprietatem,
3141 2120 3559 2183 substantiam
3624 2128 3837 2182 autem
3907 2120 3977 2182 in

2478 2226 2651 2281 recto
2686 2218 2884 2299 :quia
2927 2236 3197 2299 persona
3237 2219 3472 2281 dicitur
3514 2220 3695 2301 quasi
3745 2238 3860 2300 per
3904 2238 3977 2280 se

2477 2336 2628 2390 una,
2662 2324 2726 2378 et
2768 2317 2827 2399 ly
2858 2336 2993 2377 una
3033 2317 3190 2379 dicit
3220 2318 3312 2379 ibi
3354 2318 3794 2390 substantiam,
3830 2338 3979 2399 quae

2480 2416 2647 2477 cadit
2687 2416 2775 2477 ibi
2824 2415 2891 2477 in
2930 2423 3138 2495 rect03
3179 2424 3242 2477 et
3282 2416 3343 2498 ly
3374 2435 3499 2493 per
3532 2436 3597 2476 se
3634 2416 3791 2477 dicit
3830 2434 3979 2498 pro-

2481 2515 2837 2596 prietatem,
2900 2533 3041 2596 quae
3100 2515 3390 2577 innuitur
3448 2516 3629 2597 quasi
3688 2515 3973 2597 oblique.

2478 2648 2559 2657 -
2598 2612 2767 2675 Sexti
2818 2612 3175 2675 econtrario
3221 2612 3569 2689 affirmant,
3612 2615 3781 2696 quod
3832 2633 3981 2695 per-

2480 2730 2633 2773 sona
2680 2710 3002 2792 significat
3052 2712 3503 2795 proprietatem
3552 2712 3617 2774 in
3668 2720 3860 2785 recto,
3912 2721 3983 2773 et

2479 2809 2900 2872 substantiam
2934 2810 3000 2871 in
3029 2810 3309 2892 obliquo.
3345 2811 3517 2884 Quod
3560 2812 3828 2893 probant
3860 2830 3984 2892 per

2479 2906 2921 2970 definitionem
2965 2907 3129 2970 hanc
3170 2909 3392 2982 Boetii‚
3434 2910 3701 2972 Persona
3742 2918 3839 2971 est
3884 2909 3988 2971 in-

870 3016 993 3069 tur.
1029 3006 1185 3069 Nam
1223 3015 1366 3069 ante
1399 3006 1844 3069 haereticorum
1882 3005 2364 3087 inquisitionem
2405 3008 2447 3070 C
2479 3005 2739 3068 dividua
2787 3005 3140 3067 substantia
3187 3007 3509 3069 rationalis
3557 3015 3795 3070 naturae
3842 3025 3858 3068 ε
3905 3008 3983 3069 in

870 3114 933 3171 et
963 3105 1486 3188 disceptationem
1519 3112 1736 3167 contra
1767 3104 2369 3187 CatholicOS,perso-

871 3225 953 3266 na
1000 3205 1327 3266 dicebatur
1375 3203 1662 3266 absolute
1712 3203 1777 3264 in
1823 3203 1973 3275 De0,
2015 3211 2079 3264 et
2121 3203 2367 3284 signifi-

871 3303 1054 3365 cabat
1082 3302 1368 3364 absolute
1397 3301 1680 3363 divinam
1711 3301 2051 3362 essentiam
2078 3320 2117 3362 a
2141 3302 2367 3364 creatis

870 3402 1236 3464 distinctam
1290 3419 1303 3463 :
1357 3408 1635 3482 tuncque
1684 3399 2150 3461 concedebatur
2196 3402 2367 3482 quod

870 3501 1049 3563 Pater
1091 3508 1153 3561 et
1195 3499 1390 3561 Filius
1438 3506 1588 3560 sunt
1637 3516 1764 3559 una
1811 3515 2100 3578 persona,
2145 3517 2365 3580 quem-

869 3600 1212 3662 admodum
1247 3616 1370 3658 una
1398 3597 1691 3659 essentia.
1714 3596 2119 3658 Postmodum
2151 3605 2365 3658 autem

868 3699 948 3760 ad
983 3696 1495 3779 respondendum
1536 3694 1851 3757 haereticis
1884 3694 2037 3776 quid
2075 3693 2159 3756 sit
2188 3694 2367 3756 Pater

870 3804 934 3858 et
977 3796 1173 3858 Filius
1211 3803 1272 3856 et
1311 3794 1586 3875 Spiritus
1629 3793 1916 3866 Sanctus,
1951 3792 2365 3855 instituerunt

869 3895 1095 3957 fideles
1137 3900 1206 3955 ut
1245 3894 1364 3955 hoc
1405 3909 1661 3966 nomen,
1697 3909 1986 3972 persona,
2023 3891 2086 3952 in
2132 3890 2364 3972 plurali

871 3992 1265 4073 significaret
1310 3990 1760 4072 proprietatem
1811 4007 1921 4050 seu
1967 3988 2361 4060 relationem,

872 4111 984 4154 seu
1034 4110 1169 4152 rem
1228 4089 1349 4150 sub
1398 4088 1782 4169 proprietate
1842 4087 2104 4148 relativa
2162 4085 2367 4148 subsi-

2479 3123 2605 3186 qua
2637 3104 2987 3166 rationalis
3010 3114 3270 3166 naturae
3300 3106 3469 3168 cadit
3498 3106 3565 3168 in
3594 3105 3875 3188 obliquo,
3898 3104 3985 3167 Et

2478 3203 2612 3265 haec
2663 3203 2881 3285 opinio
2930 3204 3061 3265 fere
3120 3212 3217 3266 est
3264 3204 3575 3278 omnium,
3626 3213 3984 3286 auctorque

2478 3302 2621 3383 ejus
2666 3311 2764 3364 est
2808 3303 3106 3365 dominus
3148 3303 3684 3366 Antisiodorensis
3726 3321 3740 3365 t
3777 3323 3983 3385 quam

2477 3400 2761 3462 defendit
2821 3402 3039 3463 Simon
3092 3402 3525 3464 TornacensiS.
3576 3437 3657 3446 —
3704 3403 3985 3485 Septimi

2478 3499 2720 3572 dicunt,
2773 3500 2941 3580 quod
2992 3518 3261 3581 persona
3312 3499 3636 3580 significat
3682 3501 3985 3564 substan-

2478 3597 2630 3658 tiam
2695 3597 2988 3679 primam,
3041 3597 3630 3660 incommunicabili
3688 3600 3985 3682 proprie·

2478 3701 2602 3756 tate
2655 3695 3042 3756 distinctam.
3094 3695 3293 3757 Aliter
3339 3696 3513 3758 enim
3573 3697 3989 3778 significatur

2478 3793 2851 3868 substantia,
2903 3813 3104 3876 quum
3161 3794 3416 3869 dicitur,
3469 3795 3863 3874 substantia;
3912 3806 3987 3859 et

2476 3892 2679 3966 aliter,
2695 3911 2894 3974 quum
2925 3893 3176 3967 dicitur,
3192 3893 3407 3972 hom03
3424 3894 3756 3976 aliterque,
3770 3915 3985 3977 quum

2478 3990 2733 4063 dicitur,
2770 3991 3074 4052 SocrateS.
3109 3991 3317 4053 Primo
3348 3993 3522 4054 enim
3562 3994 3748 4056 modo
3777 3993 3985 4074 signi-

2476 4087 2709 4150 ficatur
2751 4088 3251 4169 generalissime,
3304 4091 3585 4152 secundo
3643 4090 3982 4172 specifice,

872 4197 1143 4252 stentem
1176 4186 1442 4268 (ideirco
1482 4185 1850 4247 conceditur
1884 4185 2052 4266 quod
2093 4185 2272 4246 Pater
2302 4191 2367 4245 et
2398 4195 2445 4256 D
2477 4187 2663 4248 tertio
2708 4186 3204 4248 individualiter.
3245 4188 3321 4248 Et
3364 4189 3497 4250 haec
3544 4189 3793 4251 videtur
3834 4191 3989 4270 opi-

872 4288 1070 4350 Filius
1103 4295 1167 4348 et
1197 4285 1469 4367 Spiritus
1504 4285 1770 4346 Sanctus
1812 4290 1960 4344 sunt
1992 4290 2116 4344 tres
2152 4300 2365 4363 perso-

871 4388 1017 4466 nae),
1041 4387 1104 4447 in
1136 4383 1444 4466 singulari
1475 4401 1626 4444 vero
1656 4381 2048 4462 significaret
2078 4382 2366 4443 substan-

872 4485 1025 4546 tiam
1059 4483 1366 4545 absolute.
1400 4479 1676 4542 Tertiam
1709 4497 1860 4541 vero
1895 4479 2363 4541 institutionem

870 4585 950 4647 ab
1006 4602 1125 4645 usu
1181 4580 1631 4642 modernorum
1692 4576 1958 4659 aceepit,
2010 4578 2364 4640 seeundum

871 4701 1144 4766 quorum
1188 4698 1375 4741 usum
1407 4697 1444 4739 a
1477 4685 1762 4759 tempore
1803 4677 2002 4740 Boetii
2043 4675 2366 4756 significat

871 4789 1117 4845 tantum
1150 4777 1544 4849 relationem,
1577 4783 1707 4836 tam
1739 4775 1806 4836 in
1836 4775 2142 4856 singulari
2172 4793 2363 4856 quam

871 4883 937 4943 in
989 4877 1239 4962 plurali.
1287 4910 1366 4920 —
1407 4874 1683 4937 Secundi
1731 4873 1973 4947 dicunt,
2027 4874 2196 4956 quod
2244 4873 2365 4935 hoc

871 4999 1127 5052 nomen,
1163 4993 1452 5060 persona,
1489 4973 1678 5034 aliam
1721 4972 1912 5034 habet
1954 4971 2366 5053 significatio-

873 5098 1020 5141 nem
1052 5075 1304 5159 quando
1335 5072 1594 5154 ponitur
1629 5090 1742 5154 per
1771 5089 1859 5144 se,
1893 5078 1956 5132 et
1985 5071 2176 5132 aliam
2218 5088 2366 5131 cum

871 5178 1172 5258 adjuncto
1215 5172 1483 5235 termino
1522 5171 1834 5233 numerali
1868 5170 1968 5232 vel
1997 5169 2368 5232 distinctivo

871 5285 982 5341 aut
1023 5273 1323 5358 partitivo
1358 5287 1372 5332 ε
1409 5278 1478 5331 ιιι
1519 5289 1721 5352 quum
1765 5269 2021 5342 dicitur,
2055 5276 2181 5330 tres
2227 5286 2367 5349 per-

2478 4285 2585 4347 nio
2625 4284 2919 4347 Richardi
2963 4285 3040 4346 de
3082 4285 3140 4346 S.
3176 4284 3447 4360 Victore,
3483 4294 3547 4348 et
3588 4287 3721 4349 haec
3760 4307 3797 4349 a
3834 4289 3991 4368 qui-

2476 4383 2745 4444 busdam
2789 4381 3171 4444 defenditur.

2557 4481 2787 4543 Octava
2817 4480 3050 4562 positio
3079 4490 3195 4555 est,
3230 4482 3400 4563 quod
3431 4501 3701 4564 persona
3728 4482 3993 4565 signifi·

2476 4579 2789 4643 cationem
2819 4579 3011 4640 habet
3040 4579 3409 4644 substantiae
3438 4589 3502 4644 et
3533 4583 3989 4665 proprietatis;

2477 4678 2587 4740 sed
2629 4678 2796 4739 circa
2826 4677 3243 4740 substantiam
3275 4699 3466 4761 quam
3499 4680 3815 4763 importat,
3852 4701 3993 4747 nec

2477 4777 2658 4858 ponit
2707 4777 3181 4858 proprietatem,
3227 4796 3345 4839 nec
3388 4797 3729 4841 numerum
3776 4799 3991 4862 quem

2476 4875 2631 4937 facit
2682 4875 3053 4956 proprietas
3108 4876 3250 4938 Haec
3301 4883 3510 4938 autem
3560 4878 3780 4959 opinio
3838 4899 3991 4940 me-

2478 4975 2646 5036 diam
2692 4982 2863 5036 tenet
2902 4973 3093 5046 viam,
3128 4983 3191 5036 et
3222 4975 3429 5037 verior
3468 4975 3627 5037 mihi
3667 4977 3922 5039 videtur
3970 4999 3990 5042 :

2480 5071 2717 5132 idcirco
2774 5071 3051 5152 amplius
3108 5079 3478 5152 exponetur.
3533 5073 3740 5146 Quum
3796 5075 3995 5139 enim

2479 5169 2735 5243 dicitur,
2783 5169 2960 5230 Pater
3007 5176 3105 5230 est
3154 5169 3341 5242 Deus,
3394 5170 3589 5232 Filius
3636 5179 3735 5233 est
3780 5171 3994 5250 Deus,

2482 5267 2755 5350 Spiritus
2797 5267 3063 5329 Sanctus
3103 5274 3202 5328 est
3250 5267 3415 5330 Deus
3450 5285 3464 5329 :
3496 5268 3680 5331 aliter
3726 5270 3999 5352 siguifi—
