4359 6250
531 493 733 538 urmm
773 494 1138 540 Aas‘rnAcns
1180 493 1295 538 pt-:n
1338 491 1743 538 rNTELLEcTUM
1788 491 2315 549 rnormn'rxrmus,
2354 493 2729 539 REMANEANT
2770 493 3078 550 PERSONAE,
3117 491 3243 538 arc.
3317 473 3438 536 223

354 670 462 734 teS,
496 679 623 723 non
658 662 739 724 ab
772 662 986 744 aliquo
1026 671 1088 724 et
1119 682 1156 724 a
1187 679 1316 744 quo
1346 661 1531 734 aliuS,
1564 668 1709 734 etc.,
1743 679 1839 722 es·
1868 661 1917 723 A
1947 667 2143 722 tracta
2174 660 2566 723 humanitate
2597 661 2674 723 ab
2705 661 3128 735 homine,non
3158 667 3440 723 remanet

350 767 441 821 set
486 759 695 821 adhuc
746 760 1098 841 intelligere
1152 760 1361 842 primo
1412 760 1597 821 modo
1650 758 1842 840 hypo-
1949 758 2170 836 hom03
2203 759 2295 819 sic
2325 759 2638 821 abstracta
2672 759 3137 840 personalitate,
3164 776 3290 820 non
3323 777 3448 819 ma-

351 867 542 920 stases
574 859 639 919 in
670 858 1100 939 diviniS,quia
1130 867 1341 940 posset
1373 857 1640 938 intelligi
1676 876 1841 918 unus

349 961 406 1014 et
447 973 635 1027 unuS,
670 963 881 1018 tamen
927 955 1316 1028 indistincte,
1351 955 1515 1016 sicut
1556 954 1843 1016 substan-

350 1052 434 1112 tia
482 1052 943 1133 pronominalis
992 1052 1098 1114 dat
1154 1052 1505 1132 intelligere
1556 1052 1843 1114 substan-

350 1150 537 1228 tiam;
586 1152 696 1212 sed
750 1169 878 1213 non
932 1159 1189 1232 possent
1244 1151 1331 1212 ibi
1386 1150 1656 1230 intelligi
1706 1169 1845 1230 per-

350 1267 535 1322 sonae,
564 1269 707 1331 quae
736 1251 1037 1312 dicuntur
1068 1269 1182 1332 per
1212 1249 1469 1310 modum
1502 1249 1843 1329 singularis

351 1346 717 1410 substantiae
762 1348 1125 1420 nominalis,
1160 1347 1281 1409 sub
1328 1347 1711 1428 proprietate
1754 1347 1845 1406 in-

354 1446 869 1507 communicabili
920 1454 983 1507 et
1032 1446 1324 1508 discreta.
1370 1482 1465 1524 —,
1496 1445 1675 1507 Circa
1724 1445 1842 1506 hoc

352 1544 673 1623 quaeritur,
694 1551 907 1604 utrum
938 1544 1273 1606 abstractis
1306 1563 1417 1625 per
1448 1543 1841 1604 intellectum

354 1641 793 1722 hypostasibus
851 1661 963 1704 seu
1024 1642 1334 1724 personis,
1389 1641 1589 1723 possit
1637 1641 1843 1702 adhuc

354 1739 617 1819 intelligi
648 1741 803 1802 ordo
844 1747 1083 1803 naturae
1116 1741 1181 1802 in
1212 1759 1351 1802 esse
1393 1740 1628 1801 divin0.
1664 1739 1843 1800 Vide-

1950 864 2055 918 net
2088 875 2375 937 persona.
2412 858 2714 919 Remanet
2750 875 2899 938 ergo
2937 857 3232 930 essentia,
3265 864 3328 917 et
3359 857 3444 916 ita

1952 955 2015 1014 in
2059 955 2531 1034 significatione
2575 974 2858 1038 personae
2899 955 3278 1036 intelligitur
3313 974 3448 1036 per-

1952 1053 2249 1114 sonalitas
2281 1053 2462 1135 quasi
2494 1054 2875 1128 concretive,
2908 1063 2971 1114 et
3000 1053 3274 1115 essentia
3305 1053 3448 1114 sub-

1949 1151 2183 1230 iective
2236 1169 2248 1212 :
2296 1170 2445 1231 ergo
2495 1152 2613 1214 hoc
2664 1170 2918 1224 nomen,
2967 1169 3255 1232 persona,
3304 1170 3448 1231 sup·

1952 1249 2133 1331 ponit
2162 1250 2994 1322 essentiam—Dicendum,
3015 1250 3182 1332 quod
3212 1250 3447 1331 duplex

1951 1356 2047 1408 est
2094 1347 2455 1420 abstractio,
2498 1349 2742 1410 scilicet
2786 1349 3138 1410 secundum
3189 1367 3343 1421 rem,
3385 1355 3447 1408 et

1952 1445 2304 1506 secundum
2358 1445 2770 1509 intellectum.
2825 1447 2888 1508 Si
2942 1446 3134 1527 igitur
3181 1446 3446 1527 quaestio
3515 1461 3522 1466 ·

1954 1543 2343 1622 intelligatur
2383 1545 2460 1604 de
2500 1545 2922 1606 abstractione
2963 1545 3316 1606 secundum
3356 1543 3444 1604 in-

1954 1641 2301 1714 tellectum,
2335 1642 2609 1704 dicimus
2650 1644 2818 1724 quod
2859 1643 3100 1724 aliquid
3136 1651 3440 1717 remanet,

1954 1738 2198 1800 scilicet
2246 1740 2364 1802 hoc
2411 1740 2789 1814 universale,
2827 1761 2946 1813 reS‚
2981 1741 3131 1822 quia
3175 1759 3443 1823 persona

354 1845 450 1898 tur
476 1837 647 1918 quod
680 1838 999 1919 non,quia
1026 1837 1359 1900 abstractis
1390 1837 1679 1919 personis
1708 1836 1843 1898 sive
1880 1836 1927 1897 B
1958 1836 2124 1898 idem
2168 1837 2234 1899 in
2279 1838 2604 1900 intellectu
2649 1846 2743 1899 est
2787 1839 2954 1919 quod
3001 1857 3097 1900 res
3147 1839 3444 1900 distincta

354 1934 818 2016 hypostasibuS,
853 1955 979 1998 non
1030 1936 1407 2016 intelligitur
1452 1935 1685 2017 aliquis
1732 1934 1843 2015 qui

352 2053 387 2094 a
414 2033 591 2094 nullo
628 2040 694 2094 et
730 2054 769 2094 a
796 2053 926 2115 quo
966 2035 1149 2108 alius,
1186 2053 1304 2095 nec
1343 2034 1576 2115 aliquis
1615 2034 1727 2115 qui
1765 2031 1844 2094 ab

353 2131 471 2193 alio
499 2139 565 2192 et
601 2151 640 2193 a
679 2150 808 2213 quo
846 2132 1031 2206 aliuS,
1068 2151 1184 2194 nec
1224 2132 1458 2213 aliquis
1496 2131 1605 2213 qui
1650 2131 1731 2194 sit
1764 2130 1845 2192 ab

352 2229 471 2292 alio
516 2239 581 2292 et
627 2250 667 2292 a
716 2249 844 2313 quo
894 2232 1107 2293 nullus
1155 2248 1170 2292 ε
1218 2239 1282 2292 et
1331 2231 1683 2292 secundum
1734 2230 1846 2290 has

353 2327 694 2391 divisiones
733 2330 1113 2410 intelligitur
1153 2331 1305 2393 ordo
1346 2337 1608 2402 naturae,
1647 2337 1710 2390 et
1752 2336 1848 2390 est

353 2427 417 2487 in
444 2427 701 2489 divinis.
738 2428 1113 2501 Dicendum,
1147 2427 1317 2509 quod
1346 2427 1679 2489 abstractis
1712 2446 1848 2508 per-

354 2525 519 2587 sonis
550 2527 688 2588 sive
722 2525 1191 2608 hypostasibuS,
1225 2544 1353 2589 non
1384 2533 1480 2587 est
1517 2527 1580 2587 in
1612 2524 1845 2586 divinis

356 2622 705 2704 intelligere
753 2625 1043 2686 ordinem
1094 2633 1357 2697 naturae,
1400 2624 1551 2705 quia
1598 2623 1701 2684 hic
1752 2640 1846 2685 or-

355 2723 431 2784 do
474 2723 537 2784 in
584 2722 821 2784 divinis
868 2723 1045 2804 ponit
1087 2723 1397 2785 rationem
1442 2721 1728 2802 originiS,
1766 2721 1844 2783 ad

354 2840 537 2900 quam
604 2821 671 2882 in
736 2821 1092 2883 substantia
1154 2820 1502 2902 requiritur
1561 2820 1725 2882 alius
1782 2827 1845 2881 et

352 2919 528 2992 alius,
564 2938 769 3000 quum
811 2920 986 2981 nulla
1026 2938 1124 2981 res
1168 2919 1473 3000 producat
1515 2937 1581 2980 se
1616 2918 1838 2999 ipsam.

1956 1935 2279 1998 rationalis
2333 1954 2347 1997 :
2399 1936 2618 2018 sicque
2670 1936 2834 1998 facta
2880 1937 3302 1999 abstractione
3352 1937 3444 1998 in-

1955 2033 2320 2105 tellectuali,
2356 2043 2638 2096 remanet
2670 2053 2960 2116 persona,
2994 2037 3286 2117 quamvis
3317 2054 3444 2098 non

1951 2133 2302 2194 secundum
2349 2133 2518 2215 quod
2562 2151 2851 2214 persona,
2886 2134 2994 2195 sed
3043 2134 3107 2196 in
3151 2135 3269 2196 hoc
3312 2134 3449 2196 uni-

1952 2231 2204 2303 versali,
2239 2249 2375 2309 res3
2408 2231 2575 2292 sicut
2621 2230 2936 2293 abstracta
2985 2233 3102 2293 hac
3149 2232 3449 2294 differen-

1951 2328 2057 2400 tia,
2092 2328 2418 2402 rationale,
2451 2327 2530 2390 ab
2577 2328 2857 2399 homine,
2893 2337 3106 2391 manet
3150 2331 3340 2392 homo
3381 2330 3446 2391 in

1952 2427 2071 2489 hoc
2120 2427 2487 2500 universali,
2521 2428 2774 2489 animal.
2810 2429 2998 2491 Porro
3041 2429 3094 2490 si
3140 2429 3447 2509 intelliga—

1956 2533 2055 2585 tur
2099 2525 2175 2586 de
2215 2526 2638 2587 abstractione
2681 2525 2854 2599 reali,
2888 2527 3162 2588 dicimus
3209 2526 3444 2608 impos-

1952 2623 2137 2684 sibile
2180 2643 2320 2686 esse
2364 2625 2533 2706 quod
2586 2625 2997 2705 personalitas
3046 2625 3447 2686 abstrahatur

1950 2741 1987 2782 a
2024 2740 2295 2803 persona
2333 2719 2605 2796 realiter,
2641 2742 2840 2804 quum
2881 2724 3292 2805 personalitas
3338 2724 3446 2785 illa

1952 2819 2017 2881 in
2068 2821 2303 2882 divinis
2353 2822 2435 2882 sit
2485 2839 2772 2902 persona.
2805 2856 2886 2865 —
2913 2820 3055 2883 Haec
3094 2821 3448 2884 Antisiodo-

1954 2919 2175 2980 rensis.
2200 2919 2394 2999 Cujus
2428 2920 2754 3001 responsio
2783 2920 3035 2982 videtur
3066 2921 3444 2983 concordare

352 3017 520 3078 Alius
551 3025 651 3078 est
682 3017 839 3078 ordo
868 3017 1325 3097 intelligentiae,
1358 3016 1468 3097 qui
1507 3034 1635 3078 non
1665 3015 1845 3096 ponit
1880 3018 1923 3080 C
1954 3034 2101 3077 cum
2141 3025 2441 3098 praetacta
2481 3019 2891 3099 responsione
2932 3018 3205 3093 Thomae,
3240 3020 3450 3081 dicen-

354 3113 637 3177 ordinem
668 3134 747 3177 ex
780 3121 957 3197 parte
1000 3115 1111 3189 rei,
1146 3115 1256 3177 sed
1295 3134 1372 3176 ex
1410 3121 1583 3196 parte
1616 3121 1845 3177 nostrae

352 3214 738 3296 acceptionis
782 3230 796 3274 ε
840 3213 1059 3295 sicque
1102 3214 1377 3276 dicimus
1426 3214 1594 3296 quod
1638 3232 1847 3274 essen-

356 3311 434 3371 tia
465 3312 771 3394 praecedit
811 3312 1159 3394 potentiam
1187 3319 1379 3393 atque
1414 3311 1745 3373 scientiam
1779 3311 1843 3373 in

352 3409 603 3483 divinis,
657 3429 859 3491 quum
912 3418 1123 3472 tamen
1174 3410 1426 3472 realiter
1475 3410 1643 3472 idem
1694 3410 1839 3471 sint.

353 3507 413 3569 Si
452 3526 602 3589 ergo
644 3508 981 3570 abstractis
1031 3509 1317 3590 personis
1360 3509 1567 3570 adhuc
1617 3508 1847 3569 intelli-

350 3614 597 3685 geretur
647 3607 715 3667 in
766 3607 894 3668 Deo
943 3624 1146 3680 menS,
1190 3606 1434 3679 notitia,
1476 3623 1673 3679 amor,
1717 3623 1844 3668 non

352 3713 509 3765 esset
560 3704 731 3766 inter
775 3705 910 3767 haec
953 3704 1107 3767 ordo
1150 3712 1411 3778 naturae,
1460 3705 1569 3766 sed
1612 3704 1845 3765 intelli-

354 3802 573 3879 gentiae
615 3809 887 3876 tantum,
921 3802 1073 3883 quia
1114 3820 1241 3864 non
1280 3811 1445 3864 esset
1485 3802 1709 3864 notitia
1739 3802 1845 3863 illa

354 3916 649 3963 emanans
690 3919 727 3962 a
768 3907 1003 3973 mente,
1038 3919 1155 3962 nec
1196 3918 1373 3963 amor
1402 3901 1482 3962 ab
1526 3908 1791 3981 utroque
1828 3917 1841 3961 ε

355 3997 475 4061 imo
517 4018 703 4061 mens
748 3998 857 4060 illa
899 4006 1067 4060 esset
1116 3999 1339 4062 notitia
1382 4018 1496 4060 sua
1537 4007 1597 4059 et
1644 4016 1841 4071 amor,

356 4098 641 4176 quamvis
703 4096 1057 4159 secundum
1106 4098 1544 4179 acceptionem
1605 4096 1845 4158 intelle-

1954 3114 2033 3175 tis
2073 3114 2244 3197 quod
2282 3115 2598 3178 abstracta
2636 3116 2963 3192 relatione,
2993 3117 3201 3179 adhuc
3238 3125 3451 3180 manet

1954 3214 2247 3275 essentia.

2022 3313 2370 3396 Responsio
2401 3315 2659 3375 demum
2691 3314 2932 3376 Alberti
2963 3316 3041 3377 ad
3072 3316 3254 3377 istam
3290 3336 3454 3398 quae·

1940 3413 2226 3474 stionem
2259 3414 2597 3475 concordat
2628 3413 2890 3475 omnino
2919 3433 3064 3475 cum
3098 3416 3452 3496 responsio-

1956 3528 2035 3570 ne
2074 3510 2328 3572 Thomae
2379 3510 2636 3572 inducta
2680 3530 2757 3573 ex
2803 3512 3008 3593 prima
3050 3521 3226 3594 parte
3271 3514 3451 3575 Sum-

1957 3628 2076 3670 mae
2124 3628 2276 3681 suae,
2319 3608 2406 3669 ita
2457 3616 2526 3669 ut
2583 3628 2660 3670 ex
2709 3610 2966 3692 scriptis
3015 3611 3299 3691 magistri
3348 3613 3449 3673 sui

1954 3706 2198 3768 Alberti
2242 3708 2532 3768 videatur
2576 3708 2661 3768 ita
2703 3708 3053 3789 scripsisse.

2055 3805 2370 3887 Amplius,
2431 3806 2763 3884 Durandus
2820 3807 2898 3867 ad
2958 3807 3126 3868 istud
3184 3825 3446 3888 respon-

1956 3903 2111 3965 dens
2148 3920 2160 3963 ε
2195 3903 2474 3985 Aliquid,
2508 3904 2616 3976 ait,
2650 3911 2856 3985 potest
2895 3904 3334 3966 circumscribi
3364 3906 3446 3967 ab

1954 4000 2079 4062 alio
2127 4001 2470 4082 dupliciter
2513 4019 2525 4062 :
2572 4002 2799 4082 primo,
2840 4002 3009 4083 quod
3058 4002 3446 4084 intelligatur

1955 4098 2092 4160 sine
2144 4100 2271 4161 alio
2323 4117 2505 4178 esse3
2557 4101 2857 4174 secundo,
2915 4101 3082 4182 quod
3135 4100 3444 4181 intelliga-

355 4201 481 4256 ctus
512 4196 716 4258 nostri
750 4196 929 4277 prius
963 4195 1423 4275 intelligeretur
1453 4214 1631 4256 mens
1662 4215 1845 4276 quam
1877 4202 1924 4263 Ι)
1956 4204 2057 4259 tur
2096 4198 2296 4259 altero
2344 4216 2470 4260 non
2521 4199 2862 4273 intellecto,
2908 4200 3445 4281 quemadmodum

354 4294 589 4367 notitia,
632 4302 699 4356 et
744 4294 972 4356 notitia
1016 4294 1193 4375 prius
1236 4311 1428 4374 quam
1471 4312 1666 4355 amor.
1703 4294 1844 4357 Haec

355 4391 716 4455 Alexander.

416 4490 591 4552 Circa
623 4492 760 4553 haec
792 4490 1017 4552 scribit
1040 4491 1559 4554 Antisiodorensis
1591 4491 1656 4553 in
1684 4492 1850 4553 Sum·

359 4605 451 4647 ma
491 4607 627 4662 sua,
663 4588 831 4651 libro
879 4588 1087 4670 primo
1122 4607 1135 4650 :
1170 4590 1500 4663 Quaeritur,
1533 4590 1847 4652 abstracta

360 4687 798 4763 personalitate
829 4706 865 4747 a
896 4704 1186 4767 persona,
1207 4687 1359 4769 quid
1394 4696 1641 4749 maneat
1662 4706 1675 4748 ε
1696 4688 1846 4769 quia

356 4792 453 4845 aut
506 4785 756 4867 aliquid
809 4794 1093 4849 remanet
1141 4793 1250 4847 aut
1308 4785 1488 4847 nihil.
1545 4786 1606 4848 Si
1660 4786 1841 4861 nihil,

358 4884 637 4963 sequitur
694 4885 867 4967 quod
926 4885 1047 4947 hoc
1106 4903 1359 4957 nomen,
1422 4902 1710 4965 persona,
1764 4887 1847 4947 sit

358 4981 760 5061 adjectivum,
796 4984 949 5065 quia
981 4983 1241 5065 praecise
1280 4983 1602 5063 significat
1633 5002 1843 5065 perso-

358 5079 675 5143 nalitatem
718 5083 1079 5144 concretive
1111 5082 1209 5144 vel
1241 5081 1421 5162 quasi
1462 5083 1839 5144 concretive.

360 5176 418 5237 Si
445 5180 688 5262 aliquid
734 5188 969 5253 manet,
1004 5181 1102 5242 vel
1145 5180 1263 5242 hoc
1294 5188 1389 5241 est
1421 5198 1711 5261 persona,
1744 5182 1845 5242 vel

360 5280 643 5341 essentia.
678 5280 817 5342 Non
848 5296 1137 5360 persona,
1171 5278 1474 5359 quoniam
1514 5278 1679 5340 sicut
1708 5279 1849 5341 abs-

1957 4295 2334 4375 intelligitur
2374 4314 2623 4370 corvuS,
2667 4314 2793 4359 non
2837 4297 3157 4359 intellecta
3199 4318 3312 4360 sua
3355 4299 3447 4360 ni-

1955 4394 2234 4474 gredine.
2271 4394 2479 4457 Primo
2513 4395 2700 4458 modo
2739 4396 3137 4477 impossibile
3173 4404 3444 4459 est-vere

1958 4493 2310 4573 intelligere
2341 4493 2816 4555 distinctionem
2859 4508 3294 4576 personarum,
3329 4497 3446 4557 cir-

1956 4591 2361 4673 cumscriptis
2407 4611 2518 4673 per
2561 4592 2954 4654 intellectum
3005 4594 3442 4668 relationibuS,

1956 4689 2258 4770 quoniam
2289 4690 2425 4752 sine
2465 4689 2880 4753 relationibus
2912 4710 3039 4754 non
3072 4700 3277 4773 potest
3305 4712 3446 4755 esse

1955 4787 2280 4849 distinctio
2325 4806 2758 4868 personarum.
2801 4790 3034 4851 Verum
3075 4811 3157 4853 an
3201 4793 3447 4874 possint

1956 4886 2400 4948 circumscribi
2449 4888 2728 4950 secundo
2779 4888 2985 4961 modo,
3019 4889 3106 4950 ita
3143 4891 3312 4969 quod
3355 4891 3447 4951 in-

1956 4983 2322 5063 telligantur
2360 5003 2643 5065 personae
2685 4985 2999 5047 distincta>
3038 5003 3164 5047 non
3203 4986 3446 5047 intelle-

1957 5083 2075 5143 ctis
2117 5082 2551 5156 relationibuS,
2584 5084 3054 5162 agnoscendum
3083 5084 3252 5164 quod
3289 5084 3446 5144 divi·

1958 5201 2055 5244 nae
2085 5200 2369 5263 personae
2409 5191 2472 5243 et
2501 5200 2718 5244 earum
2753 5180 3074 5244 distinctio
3105 5183 3446 5265 dupliciter

1958 5288 2224 5362 possunt
2256 5280 2521 5361 intelligi
2544 5297 2558 5341 :
2581 5298 2706 5341 uno
2739 5278 2926 5342 modo
2957 5280 3022 5341 in
3051 5282 3337 5363 speciali,
3358 5302 3448 5349 se-
