4359 6250
919 441 1039 507 416

1532 459 1595 508 ΙΝ
1637 460 1859 508 LIBRUM
1903 462 1922 506 1
1965 460 2449 507 SENTENTIARUM.
2494 477 2576 489 -·-
2615 460 2768 507 ῙΠὸΤ.
2814 460 3044 524 xxxw3
3090 461 3311 518 QUAEST.
3334 501 3337 506 .
3358 461 3426 508 111

913 615 1234 696 aetuans-z
1279 631 1371 694 sic
1415 630 1856 695 verificaretur
1901 632 2072 714 quod
2121 630 2416 713 scripsit3
2446 627 2497 690 A
2531 649 2672 712 quae
2719 649 3049 713 nunquam
3098 638 3307 705 erunt,
3350 639 3413 694 et
3454 629 3743 693 omnium
3792 629 4019 692 horum

915 737 980 792 et
1018 730 1210 793 etiam
1253 731 1405 813 quia
1453 731 1607 812 ipsae
1657 731 1814 793 ideae
1855 749 2002 792 vere
2043 738 2106 791 et
2144 729 2421 810 objecta-

917 828 1062 890 liter
1121 828 1566 909 intelliguntur
1613 847 1650 890 a
1699 829 1846 890 Deo.
1901 828 1976 889 Et
2025 828 2237 890 forsan
2299 827 2419 889 hoc

915 927 1128 989 dicere
1173 927 1562 1000 intendebat,
1608 927 1761 1008 quia
1805 926 2181 1008 exponendo
2224 925 2419 987 verba

915 1045 1050 1101 sua,
1084 1023 1418 1106 subjunxit
1451 1045 1464 1089 :
1499 1026 1716 1088 Plures
1747 1026 1902 1088 ideae
1927 1033 2075 1088 sunt
2107 1025 2171 1086 in
2206 1032 2418 1086 mente

914 1124 1132 1188 divina
1171 1133 1242 1186 ut
1281 1124 1618 1188 intellectae
1657 1124 1738 1186 ab
1779 1143 1874 1198 ea,
1908 1123 2210 1206 quoniam
2250 1124 2416 1185 Deus

915 1223 1238 1305 cognoscit
1278 1243 1456 1285 suam
1502 1223 1843 1285 essentiam
1889 1223 2241 1285 secundum
2286 1239 2417 1284 om-

912 1341 1061 1383 nem
1111 1323 1370 1385 modum
1422 1339 1548 1404 quo
1597 1321 2044 1404 cognoscibilis
2105 1329 2201 1382 est
2255 1337 2268 1382 :
2320 1327 2417 1382 est

911 1430 1124 1484 autem
1167 1421 1616 1502 cognoscibilis
1660 1439 1788 1483 non
1837 1421 2044 1483 solum
2087 1427 2277 1501 prout
2321 1426 2417 1481 est

912 1520 976 1582 in
1029 1539 1116 1593 se,
1167 1521 1278 1583 sed
1327 1521 1520 1582 etiam
1574 1527 1760 1603 prout
1805 1527 1902 1580 est
1949 1517 2412 1601 participabilis

909 1626 973 1680 et
1032 1617 1358 1681 imitabilis
1417 1638 1454 1680 a
1513 1619 1840 1692 creaturiS,
1894 1625 2014 1679 etc.
2067 1653 2146 1662 —-
2196 1619 2411 1698 ltaque

909 1735 1050 1779 reor
1093 1717 1460 1792 dicendum,
1494 1717 1661 1799 quod
1713 1717 2006 1798 quamvis
2056 1714 2277 1779 divina
2318 1733 2412 1775 cs-

2529 729 2700 791 ideas
2758 737 2867 790 aut
2924 731 3199 793 rationes
3256 729 3358 792 vel
3422 729 3669 811 species
3726 728 3895 810 apud
3954 747 4018 790 se

2527 827 2737 902 habet,
2772 837 2835 889 et
2868 828 3031 890 intra
3071 847 3138 890 se
3175 828 3504 910 conspicit.
3530 862 3612 871 —
3640 827 3867 901 Tertio,
3902 827 4021 888 Au-

2524 925 2818 1005 gustinus
2866 927 3205 989 undecimo
3250 927 3327 988 de
3373 926 3638 989 Civitate
3681 925 3789 987 Dei
3836 933 4017 987 testa-

2525 1031 2630 1085 tur
2662 1043 2675 1087 :
2712 1025 2843 1086 Una
2874 1032 2969 1086 est
2997 1025 3309 1107 sapientia
3348 1024 3481 1099 Dei,
3516 1025 3582 1086 in
3615 1043 3741 1107 qua
3777 1023 4018 1085 infiniti

2524 1130 2675 1183 sunt
2719 1123 2996 1184 thesauri
3044 1123 3333 1186 omnium
3383 1122 3909 1203 intelligibilium,
3954 1122 4017 1184 in

2524 1219 2759 1301 quibus
2806 1229 2957 1283 sunt
3004 1240 3226 1285 omnes
3275 1221 3631 1284 invisibiles
3686 1229 3874 1302 atque
3927 1220 4017 1282 in-

2524 1319 3009 1382 commutabiles
3075 1321 3349 1383 rationes
3409 1321 3601 1382 etiam
3659 1319 4015 1382 visibilium

2522 1435 2755 1479 rerum.

2601 1518 2670 1578 In
2710 1519 3099 1580 contrarium
3143 1526 3261 1593 est,
3305 1519 3455 1600 quia
3498 1519 3847 1581 secundum
3893 1517 4017 1580 Au-

2519 1615 2846 1695 gustinum
2890 1636 3083 1698 super
3109 1618 3413 1680 Ioannem
3444 1624 3506 1679 et
3538 1617 3702 1680 libro
3739 1618 3816 1678 de
3848 1617 4015 1680 Civi-

2519 1720 2645 1775 tate
2676 1713 2787 1776 Dei
2818 1733 2891 1776 ac
2920 1697 3110 1790 alibi,
3114 1715 3427 1798 quidquid
3458 1716 4017 1798 comprehenditur

909 1815 1112 1877 sentia
1167 1816 1519 1877 secundum
1579 1835 1646 1877 se
1705 1815 1790 1876 sit
1847 1814 2174 1894 objectum
2230 1811 2411 1874 intel·
2441 1815 2488 1878 Β
2519 1817 2581 1872 et
2622 1811 2903 1893 perfecte
2943 1813 3163 1889 scitur,
3198 1814 3611 1895 intelligentis
3655 1814 4015 1896 cognitione

909 1910 1108 1973 lectus
1158 1911 1382 1986 divini,
1435 1911 1573 1993 ipsa
1622 1919 1834 1973 tamen
1893 1911 2291 1992 apprehensa
2339 1915 2409 1969 ut

907 2009 1238 2072 imitabilis
1268 2030 1305 2072 a
1335 2019 1642 2084 creatura,
1675 2019 1940 2073 vocatur
1971 2011 2110 2072 idea
2140 2016 2204 2071 et
2236 2007 2408 2070 simi-

904 2109 1108 2172 litudo
1156 2117 1477 2184 creaturae,
1521 2118 1584 2171 et
1626 2109 1872 2191 species
1921 2128 2048 2190 qua
2095 2109 2261 2170 Deus
2312 2107 2404 2168 in-

904 2207 1132 2289 telligit
1162 2228 1297 2271 rem
1331 2215 1623 2271 creatam.
1657 2208 1816 2270 Nam
1847 2214 1910 2270 et
1939 2208 2209 2270 Thomas
2248 2205 2403 2267 alibi

903 2305 1147 2381 scribit,
1179 2308 1348 2389 quod
1379 2307 1572 2369 etiam
1607 2306 1672 2368 in
1714 2307 1916 2388 patria
1945 2306 2160 2369 divina
2192 2322 2403 2366 essen-

901 2405 989 2466 tia
1019 2406 1238 2468 unitur
1268 2405 1616 2468 intellectui
1643 2405 1974 2468 Beatorum
2001 2404 2140 2468 vice
2169 2412 2234 2466 et
2265 2403 2403 2466 loco

904 2503 1329 2585 intelligibilis
1371 2503 1630 2586 speciei,
1664 2503 1752 2566 ita
1781 2504 1951 2585 quod
1993 2503 2057 2564 in
2103 2501 2402 2565 beatifica

901 2602 1148 2664 visione
1197 2611 1292 2665 est
1339 2603 1508 2684 quod
1556 2602 1807 2664 videtur
1849 2609 1912 2664 et
1955 2618 2082 2684 quo
2125 2601 2397 2674 videtur,

900 2719 1012 2762 seu
1054 2701 1380 2781 objectum
1425 2709 1488 2762 et
1531 2701 1796 2783 spe-cies,

977 2896 1073 2960 Ad
1119 2906 1492 2980 argumenta
1534 2915 1684 2960 vero
1739 2904 1912 2979 patet
1952 2916 2028 2959 ex
2073 2896 2261 2958 dictis
2306 2914 2400 2958 so-

2516 1908 2763 1972 finitur.
2808 1911 2971 1992 Ergo
3022 1913 3087 1974 in
3137 1913 3405 1975 scientia
3453 1913 3563 1976 Dei
3612 1912 3871 1974 finitum
3920 1920 4017 1974 est

2516 2009 2830 2090 quidquid
2863 2011 3184 2092 cognoscit
3220 2029 3233 2073 ε
3270 2012 3491 2094 sicque
3521 2011 3847 2094 pluralitas
3882 2011 4014 2073 ide-

2514 2126 2696 2168 arum
2746 2115 2809 2170 et
2858 2108 3175 2172 rationum
3237 2111 3304 2172 in
3356 2111 3483 2173 Deo
3530 2109 3715 2172 finita
3766 2117 3879 2171 est.
3932 2145 4015 2155 —

2514 2205 2837 2282 Praeterea‚
2871 2208 3037 2270 sicut
3080 2208 3146 2270 in
3190 2207 3355 2271 libro
3399 2208 3735 2291 Sapientiae
3783 2207 4009 2282 fertur,

2513 2305 2678 2366 Deus
2718 2305 2785 2368 in
2825 2324 3113 2382 numerO,
3146 2308 3428 2389 pondere
3456 2327 3531 2370 ac
3560 2326 3856 2370 mensura
3887 2307 4014 2369 dis·
4038 2350 4055 2366 i
4154 2337 4179 2365 x

2512 2404 2727 2484 posuit
2768 2405 3084 2468 universa.
3120 2406 3283 2487 Ergo
3326 2406 3391 2468 in
3436 2406 3850 2489 dispositione
3894 2426 4012 2468 sua

2510 2510 2743 2564 aeterna
2789 2521 2916 2565 non
2960 2510 3108 2566 sunt
3147 2505 3286 2567 sine.
3329 2523 3598 2568 numero
3637 2512 3810 2567 certo
3848 2505 4010 2567 ideae

2508 2619 2582 2662 ac
2627 2601 2921 2664 rationes¹
2947 2638 3028 2647 —-
3056 2605 3317 2678 Rursus,
3358 2603 3662 2686 sapientis
3706 2612 3804 2666 est
3842 2593 4018 2668 ordiss

2508 2718 2659 2761 nare
2694 2717 2708 2761 :
2742 2718 2892 2780 ergo
2931 2701 3265 2775 ordinatio,
3300 2720 3428 2764 non
3468 2701 3779 2777 confusia,
3813 2711 3910 2764 est
3944 2701 4009 2764 in

2508 2797 2687 2859 ideis,
2724 2798 2842 2860 Ubi
2878 2807 3091 2861 autem
3130 2799 3467 2874 ordinati0,
3502 2799 3591 2862 ibi
3622 2808 3684 2862 et
3713 2802 3904 2881 ord03
3946 2810 4013 2864 et.

2510 2895 2621 2958 ubi
2665 2897 2841 2972 ordo,
2881 2897 2972 2958 ibi
3016 2897 3299 2980 primum
3341 2919 3413 2962 ac
3454 2900 3777 2974 ultimum,
3812 2900 3905 2962 ibi
3947 2907 4013 2963 et

899 2995 1074 3057 tutio.
1112 2997 1446 3058 Distinctio
1489 2996 1725 3058 etenim
1775 2995 2037 3057 rationis
2083 2996 2203 3057 hoc
2245 2994 2395 3076 agit,
2435 2993 2477 3056 C
2509 2995 2745 3058 finitas.

897 3094 1067 3177 quod
1116 3094 1416 3157 dicuntur
1462 3094 1678 3177 plures
1737 3094 1913 3168 ideae,
1967 3093 2259 3175 quamvis
2316 3093 2399 3157 sit

897 3213 1024 3255 una
1061 3193 1368 3272 essentia3
1401 3212 1526 3256 non
1558 3201 1769 3255 tamen
1811 3200 1908 3254 est
1939 3192 2224 3254 idearum
2263 3211 2396 3254 rea-

895 3292 972 3353 lis
1005 3292 1349 3355 distinctio.
1383 3329 1464 3337 -—
1489 3291 1586 3354 Ad
1625 3292 1976 3354 secundum
2014 3291 2146 3372 jam
2191 3291 2396 3373 patuit
2506 3291 2572 3353 in
2611 3292 2856 3355 Psalmo
2888 3300 3195 3368 cantatur,
3228 3294 3556 3375 sapientiae
3595 3296 3707 3358 Dei
3749 3316 3876 3359 non
3912 3304 4013 3359 est
4042 3316 4287 3361 ramus.

894 3390 1170 3473 qualiter
1197 3389 1276 3452 ab
1305 3397 1541 3453 aeterno
1571 3389 1694 3452 fuit
1725 3390 1791 3452 in
1823 3388 2037 3452 divino
2065 3390 2392 3451 intellectu

894 3490 1317 3551 consideratio
1360 3489 1646 3551 idearum
1695 3508 1810 3571 per
1852 3488 2391 3571 comparationem

893 3589 970 3651 ad
1017 3588 1220 3651 ideata
1263 3588 1543 3669 simplici
1591 3604 1848 3669 prorsus
1893 3587 2148 3649 intuitu.

1311 3861 1784 3936 QUAESTIO
1846 3861 1972 3923 III

1035 4080 1302 4144 Uaeritur
1361 4088 1845 4162 consequenter,
1897 4082 2027 4147 An
2085 4082 2170 4147 111
2229 4084 2389 4148 Deo

2584 3193 2677 3256 Ad
2726 3194 2846 3256 hoc
2894 3195 3333 3258 Bonaventura
3381 3198 3721 3280 respondet
3764 3218 3780 3261 :
3826 3198 4012 3261 Sicut

2503 3408 2810 3453 numerus
2854 3412 2867 3455 :
2914 3392 3150 3454 idcirco
3198 3411 3317 3455 nec
3365 3392 3555 3472 finis;
3597 3413 3669 3456 ac
3719 3414 3833 3477 per
3880 3395 4009 3458 hoc

2502 3505 2630 3550 non
2682 3498 2776 3551 est
2819 3509 3123 3553 numerus
3172 3492 3491 3555 rationum
3546 3512 3659 3575 per
3702 3513 3858 3576 quas
3912 3514 4013 3556 sa-

2503 3586 2744 3667 pientia
2782 3588 3000 3655 divina
3046 3591 3369 3672 cognoscit
3402 3608 3415 3653 :
3452 3591 3595 3654 ideo
3638 3592 4009 3655 innumera-

2502 3684 2665 3748 biles
2714 3696 2885 3763 sunt,
2928 3698 2992 3752 et
3034 3707 3161 3754 non
3206 3690 3270 3752 in
3316 3708 3583 3753 numero
3633 3691 3841 3763 finito,
3886 3692 4008 3753 sed

2502 3782 2779 3859 infinitO,
2813 3794 3089 3849 attamen
3130 3787 3253 3869 ipsi
3288 3788 3417 3850 Deo
3450 3787 3659 3865 finito,
3692 3789 3805 3872 qui
3835 3797 3903 3851 et
3936 3808 4011 3852 se

2500 3878 2715 3963 ipsum
2776 3885 3057 3966 perfecte
3114 3893 3179 3947 et
3236 3886 3424 3968 plene
3486 3888 4007 3969 comprehendit.

2496 3980 2625 4042 Nec
2670 3984 2977 4065 sequitur,
3020 3984 3148 4046 Hoc
3193 3992 3480 4066 aequatur
3528 3984 3803 4060 infinito,
3844 4004 4013 4069 ergo

2498 4078 2759 4142 finitum
2804 4089 2916 4143 est.
2970 4083 3103 4144 Imo
3144 4082 3508 4163 oppositum
3554 4083 3859 4166 sequitur.
3908 4086 4014 4147 ld-

1055 4182 1220 4246 sint
1268 4180 1608 4246 infinitoe
1656 4180 1876 4260 ideae,
1919 4181 2055 4246 vel
2101 4181 2388 4247 saltem
2419 4184 2467 4245 D
2500 4177 2670 4241 circo
2701 4197 2817 4240 nec
2850 4180 3159 4261 sequitur,
3192 4180 3485 4243 Rationes
3525 4181 3650 4244 ittae
3688 4187 3834 4243 sunt
3866 4182 4013 4245 Deo

889 4278 1232 4345 infinitae
1279 4280 1774 4360 exemplares
1827 4281 2186 4346 rationes
2245 4283 2387 4346 aut

890 4378 1468 4444 similitudines
1509 4392 1803 4444 rerum.

970 4475 1234 4538 Videtur
1291 4475 1460 4557 quod
1519 4474 1630 4537 sic.
1683 4475 1913 4548 Primo,
1967 4476 2118 4557 quia
2173 4476 2390 4541 divina

888 4574 1165 4637 essentia
1216 4581 1342 4635 tam
1393 4572 1665 4636 infinitae
1715 4573 2125 4656 perfectionis
2176 4584 2273 4637 est
2322 4576 2389 4638 in

889 4690 956 4733 se
1016 4672 1176 4754 ipsa,
1231 4672 1401 4753 quod
1459 4670 1732 4733 infinitis
1793 4672 1997 4734 modis
2058 4672 2388 4734 imitabilis

888 4770 1481 4853 participabilisque
1542 4769 1832 4832 consistit
1851 4787 1890 4850 3,
1926 4770 2389 4852 omnipotentia

888 4887 1143 4952 quoque
1193 4868 1303 4932 Dei
1345 4877 1474 4930 tam
1513 4886 1662 4930 vere
1706 4876 1802 4930 est
1844 4868 2184 4944 illimitata,
2216 4870 2386 4952 quod

886 4968 1062 5030 omni
1106 4968 1344 5030 effe-ctu
1390 4964 1774 5028 numerabili
1818 4966 2136 5047 assignato
2181 4974 2388 5048 potest

887 5068 952 5129 in
997 5066 1327 5129 infinitum
1379 5064 1593 5147 plures
1638 5064 2007 5145 producere.
2042 5101 2123 5109 -—
2152 5065 2385 5127 Secun-

886 5168 988 5242 do,
1007 5164 1277 5228 infinitae
1306 5170 1456 5227 sunt
1485 5163 1732 5245 specie-s
1762 5182 2199 5226 numerorum.
2221 5164 2387 5226 Deus

885 5283 1138 5348 quoquc
1191 5261 1445 5324 infinita
1501 5278 1631 5323 uno
1678 5260 1915 5323 intuitu
1963 5261 2388 5343 apprehendit

2500 4276 2721 4351 finitae,
2768 4294 2916 4358 ergo
2959 4278 3339 4360 simpliciter
3382 4286 3533 4340 sunt
3575 4277 3788 4341 tinitae.
3824 4279 4011 4343 Deus

2499 4375 2671 4436 enim
2717 4375 2972 4437 infinita
3017 4395 3157 4457 quae
3200 4394 3529 4458 nunquam
3570 4384 3777 4449 erunt,
3810 4376 4013 4439 intel-

2500 4473 2638 4554 ligit
2682 4474 3223 4556 comprehensive.
3258 4474 3493 4536 Verum
3545 4476 3813 4537 rationes
3868 4476 4013 4539 inae

2497 4572 2670 4635 omni
2714 4572 2912 4634 menti
2954 4580 3176 4636 creatae
3214 4592 3287 4635 ac
3325 4573 3529 4636 finitae
3568 4581 3717 4634 sunt
3748 4573 4011 4637 incom-

2499 4670 2961 4752 prehensibiles
2992 4679 3055 4733 et
3085 4670 3373 4734 infinitae.
3396 4671 3810 4751 —AmpliuS,
3842 4675 4013 4754 quia

2499 4769 2654 4832 ideae
2694 4778 2756 4832 et
2786 4770 3059 4833 rationes
3099 4771 3235 4835 istae
3274 4771 3507 4833 divinae
3545 4789 3621 4832 ae
3660 4772 4012 4852 sempiter-

2496 4887 2593 4930 nae
2630 4886 2756 4930 non
2790 4869 3271 4949 distinguuntur
3308 4870 3581 4945 realiter,
3616 4869 3859 4932 idcirco
3900 4890 4015 4934 ea-

2497 4986 2639 5028 rum
2682 4966 2967 5029 infinitas
3008 4985 3133 5030 non
3174 4967 3383 5050 privat
3421 4968 3905 5031 distinctionem
3942 4980 4015 5033 et

2496 5064 2807 5140 ordinem,
2870 5084 2987 5127 nec
3046 5065 3485 5129 confusionem
3550 5066 3819 5141 inducit,
3884 5071 4013 5133 sed

2496 5162 2652 5224 dicit
2682 5164 3173 5226 immensitatem
3204 5164 3491 5227 veritatis
3528 5165 3760 5228 divinae
3793 5167 3863 5229 in
3900 5188 4013 5232 eo—

2496 5262 2879 5341 gnoscendo,
2914 5264 3425 5344 repraesentando
3468 5271 3531 5326 et
3570 5265 4013 5347 exprimendo
