4359 6250
856 471 977 536 268

1487 497 1551 542 IN
1592 498 1813 544 LIBRUM
1856 500 1876 544 1
1920 499 2402 545 SENTENTIARUM.
2447 518 2528 527 --
2569 499 2722 545 Β18Τ.
2768 499 3001 562 xxvm3
3047 499 3269 555 QUAEST.
3315 499 3336 544 1

855 664 1327 740 generationem
1380 669 1826 750 consequitur3
1870 669 1963 730 sic
2014 668 2355 751 improces-
2381 669 2432 731 A
2466 678 2746 732 maretur
2784 691 2931 734 vere
2971 673 3048 734 de
3088 689 3182 734 eo.
3215 707 3297 716 —
3323 671 3466 733 Haec
3501 669 3805 750 AEgidiuS.
3841 670 3958 732 Cui

857 760 1064 824 sibilis
1096 784 1207 826 seu
1250 767 1639 849 inspirabilis
1679 767 2057 848 appellatur,
2092 768 2202 848 qui
2235 787 2350 830 nec

856 863 1143 940 procedit
1201 884 1317 926 nec
1382 866 1853 946 processionem
1915 867 2345 948 consequitur.

856 958 930 1019 Et
962 963 1263 1041 quoniam
1294 965 1503 1026 omnis
1543 965 1859 1026 emanatio
1891 965 1955 1026 in
1988 964 2226 1026 divinis
2256 973 2352 1026 est

855 1061 1177 1136 generatio
1223 1063 1324 1124 vel
1383 1064 1855 1143 generationem
1915 1064 2349 1145 consequitur,

856 1158 1159 1236 quoniam
1208 1161 1532 1239 generatio
1578 1161 1733 1223 dicit
1778 1162 2049 1243 primam
2102 1181 2352 1223 emana—

854 1255 1133 1335 tionem3
1186 1259 1327 1321 ideo
1387 1259 1785 1321 innascibilis
1838 1261 2043 1341 privat
2095 1279 2349 1322 omnem

855 1355 1319 1418 emanationem
1358 1375 1371 1419 :
1406 1358 1548 1419 ideo
1592 1358 1748 1419 dicit
1798 1359 2103 1421 fontalem
2150 1357 2351 1439 pleni-

856 1453 1143 1514 tudinem
1196 1473 1321 1516 non
1372 1463 1613 1517 tantum
1662 1464 1952 1538 respectu
2000 1455 2350 1537 generatio-

856 1551 977 1619 nis,
1014 1553 1121 1613 sed
1164 1553 1355 1614 etiam
1398 1555 1781 1635 spirationis
1819 1555 1977 1616 Hinc
2014 1553 2354 1616 innascibi-

858 1649 999 1710 litas
1032 1668 1157 1712 non
1190 1660 1286 1714 est
1324 1653 1645 1733 generatio
1684 1672 1890 1734 neque
1920 1653 2206 1734 spiratio,
2242 1653 2348 1714 sed

858 1748 1468 1830 improcessibilitas,
1522 1753 1822 1833 quoniam
1884 1771 1999 1814 nec
2048 1753 2347 1833 spiratur,

856 1867 974 1909 nec
1025 1849 1435 1930 spirationem
1494 1850 1905 1932 consequitur
1956 1869 1969 1912 ε

857 1946 997 2020 hoc,
1032 1965 1158 2009 non
1198 1948 1557 2010 excluditur
1596 1948 1813 2019 Filius,
1848 1949 1956 2030 qui
1998 1949 2189 2010 etiam
2224 1967 2350 2012 non

856 2045 1153 2125 spiratur,
1189 2066 1306 2108 nec
1338 2047 1749 2128 spirationem
1784 2050 2212 2129 consequitur.
2239 2049 2355 2110 Im-

855 2145 1291 2225 processibilis
1340 2165 1490 2227 ergo
1539 2165 1665 2208 non
1718 2146 1921 2228 privat
1973 2146 2095 2208 nisi
2158 2166 2351 2210 unam

854 2243 1321 2306 emanationem
1374 2263 1388 2306 z
1444 2245 1584 2307 ideo
1633 2245 1839 2307 solum
1892 2245 2047 2306 dicit
2106 2253 2348 2327 partem

857 2341 1273 2421 plenitudinis
1316 2342 1488 2406 illius
1520 2342 1797 2406 fontalis.
1835 2343 2075 2405 Idcirco
2118 2345 2351 2425 impro-

854 2440 1235 2504 cessibili'tas
1267 2460 1393 2504 non
1436 2450 1641 2524 potest
1678 2462 1816 2504 esse
1856 2442 2032 2504 notio
2073 2442 2137 2504 in
2173 2444 2350 2505 Patre

853 2538 1153 2600 distincta
1192 2539 1271 2601 ab
1313 2540 1829 2614 innascibilitate,
1866 2559 1981 2602 nec
2024 2540 2087 2600 in
2129 2540 2288 2602 Filio
2316 2559 2352 2602 a

852 2637 1219 2717 spiratione,
1242 2656 1357 2698 nec
1391 2637 1853 2718 plenitudinem
1890 2637 2189 2718 importat
2221 2638 2350 2699 fon-

855 2735 1043 2796 talem
1104 2735 1227 2796 nisi
1282 2734 1345 2796 in
1406 2735 1723 2816 spirando.
1778 2736 2076 2809 Quamvis
2138 2737 2349 2817 itaque

856 2832 1437 2914 improcessibilitas
1470 2833 1679 2895 dicere
1710 2841 1899 2914 queat
1931 2833 2346 2908 nobilitatem,

854 2940 1064 2994 tamen
1098 2951 1297 3013 quum
1338 2949 1463 2994 non
1506 2932 1931 3012 distinguatur
1960 2933 2040 2994 ab
2081 2933 2224 2994 aliis
2257 2953 2350 2994 as-

2462 789 2499 831 a
2532 770 2748 830 multis
2782 770 3237 832 contradicitur
3277 769 3341 831 in
3375 769 3494 831 hoc
3534 769 3702 850 quod
3742 768 3833 830 ait
3865 770 3959 830 in-

2465 869 2954 931 nascibilitatem
3008 886 3496 951 praesupponere
3545 886 3960 931 communem

2463 967 2872 1049 spirationem
2913 985 2926 1030 :
2961 968 3053 1028 sic
3097 968 3270 1029 enim
3318 974 3835 1048 praesupponeret
3881 967 3960 1028 si-

2465 1067 2790 1129 liationem
2822 1087 2892 1128 ac
2927 1067 3180 1140 Filium,
3216 1068 3320 1129 cui
3363 1086 3510 1129 cum
3541 1067 3720 1130 Patre
3749 1067 3961 1128 activa

2461 1165 2725 1246 spiratio
2769 1173 2862 1228 est
2907 1167 3286 1228 communis,

2541 1264 2780 1327 Rursus
2818 1265 2907 1326 ait
2939 1264 3222 1344 AEgidius
3258 1283 3272 1326 ε
3307 1263 3625 1346 Quidquid
3665 1263 3961 1326 notificat

2461 1363 2726 1444 aliquid,
2761 1371 2967 1445 potest
2999 1363 3123 1425 dici
3166 1364 3342 1425 notio
3378 1363 3539 1443 ejus·
3573 1362 3711 1425 Non
3740 1370 3956 1425 autem

2463 1461 2832 1524 notificatur
2875 1461 3115 1543 aliquid
3161 1462 3284 1524 nisi
3312 1481 3445 1542 per
3488 1480 3560 1523 ea
3601 1462 3960 1522 secundum

2461 1579 2603 1641 quae
2643 1560 2723 1621 ab
2761 1559 2903 1621 aliis
2944 1559 3376 1641 distinguitur.
3411 1595 3491 1604 —
3517 1559 3648 1620 Hoc
3687 1558 3960 1622 verbum

2461 1658 2689 1738 AEgidii
2730 1659 2981 1720 videtur
3021 1659 3149 1740 pati
3189 1659 3556 1720 instantiam
3591 1675 3606 1718 ε
3639 1657 3790 1739 quia
3830 1676 3959 1720 non

2464 1756 2670 1818 solum
2712 1756 3082 1819 notificatur
3111 1757 3358 1838 species
3399 1776 3514 1838 per
3551 1775 3732 1818 suam
3769 1755 3960 1819 dirre-

2022 1859 2085 1912 et
2142 1851 2349 1932 quoad
2387 1853 2434 1915 B
2468 1855 2759 1929 rentiam,
2795 1874 2920 1936 qua
2962 1854 3040 1916 ab
3083 1855 3226 1916 aliis
3268 1853 3684 1935 distinguitur
3719 1855 3964 1936 specie-

2465 1953 2606 2025 buS,
2641 1954 2751 2015 sed
2797 1954 2949 2015 item
2995 1972 3109 2036 per
3149 1973 3335 2015 suum
3379 1972 3602 2034 genuS,
3636 1971 3764 2034 quo
3805 1971 3962 2016 cum

2463 2051 2606 2113 aliis
2651 2052 2986 2133 speciebus
3029 2052 3324 2115 convenit
3369 2059 3558 2133 atque
3602 2051 3964 2113 communi-

2463 2159 2579 2211 cat.
2617 2151 2902 2231 Denique
2949 2151 3307 2212 communis
3347 2150 3609 2232 spiratio
3647 2158 3741 2211 est
3779 2151 3964 2212 notio

2462 2248 2680 2325 PatriS,
2735 2257 2796 2310 et
2845 2257 3056 2312 tamen
3108 2269 3222 2331 per
3269 2268 3410 2311 eam
3461 2249 3758 2311 convenit
3804 2268 3964 2310 cum

2463 2348 2641 2422 Filio,
2676 2367 2792 2410 nec
2824 2367 2860 2410 a
2890 2347 3047 2411 Filio
3089 2368 3203 2430 per
3232 2367 3370 2410 eam
3412 2347 3844 2428 distinguitur.
3883 2348 3964 2410 Et

2462 2447 2514 2507 si
2565 2447 2642 2507 ad
2695 2446 2813 2508 ista
2856 2447 3041 2508 detur
3084 2447 3414 2527 responsio
3456 2447 3688 2527 aliqua,
3735 2465 3966 2508 rursus

2462 2544 2869 2624 objiceretur,
2904 2545 3071 2626 quod
3121 2545 3312 2606 etiam
3357 2564 3471 2626 per
3515 2544 3968 2606 convertibilia

2463 2662 2608 2704 cum
2643 2651 2788 2706 ente
2823 2663 2920 2706 res
2953 2642 3344 2717 notificatur,
3381 2663 3494 2725 per
3523 2663 3664 2725 quae
3693 2662 3730 2704 a
3758 2643 3964 2705 nullis

2462 2741 2877 2822 distinguitur
2933 2743 3282 2804 secundum
3342 2742 3512 2823 quod
3575 2741 3965 2804 convertibi-

2463 2839 2546 2900 lia
2587 2847 2752 2900 sunt.

2527 2937 2832 2999 Praetrerea
2855 2937 3208 2999 Alexander
3231 2938 3306 2998 ad
3340 2937 3737 3018 quaestionem
3766 2937 3961 3012 hanc,

854 3029 1286 3109 signatiS,nou
1319 3030 1497 3110 ponit
1532 3029 1595 3090 in
1628 3049 1965 3092 numerum
2000 3049 2147 3092 cum
2179 3031 2340 3093 aliis,
2387 3029 2430 3092 C
2461 3042 2674 3095 utrum
2723 3035 3184 3096 innascibilitas
3228 3035 3308 3096 sit
3351 3035 3524 3097 notio
3567 3035 3668 3098 vel
3710 3034 3967 3116 propri-

852 3130 996 3191 Haec
1034 3130 1490 3191 Bonaventura.

933 3228 1011 3289 At
1042 3245 1191 3289 vero
1222 3228 1633 3309 praeinductis
1669 3231 2008 3291 concordat
2039 3230 2342 3311 AEgidiuS,

854 3326 1019 3388 inter
1051 3334 1258 3388 cetera
1289 3326 1552 3408 loquens
1589 3345 1603 3387 :
1636 3328 1969 3390 Notionem
2015 3329 2079 3390 in
2110 3330 2346 3391 divinis

852 3432 1099 3506 oportet
1129 3424 1344 3506 aliquo
1384 3427 1572 3487 modo
1610 3427 1687 3487 ad
1730 3426 2042 3507 originem
2076 3428 2350 3508 pertine—

853 3542 938 3585 re.
973 3524 1065 3585 Ad
1106 3523 1415 3603 originem
1449 3542 1599 3587 vero
1639 3525 1879 3606 aliquid
1918 3526 2212 3606 pertinet,
2249 3526 2345 3587 vel

852 3622 1005 3704 quia
1052 3623 1363 3703 originem
1423 3632 1630 3703 negat,
1683 3624 1782 3685 vel
1835 3625 1986 3705 quia
2034 3624 2345 3705 originem

852 3720 1051 3801 ponit.
1087 3721 1245 3783 Nam
1276 3729 1345 3783 ut
1380 3722 1466 3783 ait
1510 3722 1947 3803 PhilosophuS‚
1982 3724 2346 3803 negationes

852 3820 1098 3880 entium
1163 3819 1377 3900 aliquo
1442 3820 1628 3882 modo
1687 3820 2008 3901 pertinent
2069 3822 2145 3882 ad
2211 3841 2341 3883 ens.

852 3917 1276 3980 Conformiter
1320 3918 1684 3997 negationes
1734 3918 2111 3980 relationum
2156 3925 2346 3999 atque

851 4016 1169 4095 originum
1214 4015 1428 4097 aliquo
1470 4016 1656 4078 modo
1700 4016 2071 4079 relationem
2115 4016 2349 4097 impor-

850 4124 987 4176 tant
1032 4115 1131 4175 vel
1178 4114 1253 4176 ad
1299 4114 1607 4196 originem
1662 4116 2069 4177 reducuntur.
2117 4115 2347 4197 Sicque

2461 3142 2614 3209 etaS‚
2661 3135 2880 3196 eadem
2931 3134 3155 3196 scribit
3205 3154 3346 3215 quae
3388 3134 3518 3215 jam
3569 3154 3645 3197 ex
3694 3135 3966 3197 Summa

2461 3232 2995 3295 Antisiodorensis
3042 3232 3302 3294 inducta
3341 3241 3507 3294 sunt.
3543 3232 3636 3295 Ad
3677 3232 3739 3294 id
3779 3252 3972 3307 vero,

2463 3340 2676 3392 utrum
2729 3331 2811 3392 sit
2870 3330 3224 3412 proprietas
3275 3331 3492 3405 Patris,
3545 3332 3886 3412 respondet
3945 3350 3960 3394 :

2458 3430 2806 3510 lngenitus,
2861 3429 3026 3490 sicut
3076 3437 3138 3491 et
3188 3428 3563 3509 ignorantia,
3616 3429 3968 3510 dupliciter

2460 3528 2717 3602 dicitur,
2753 3528 2999 3589 scilicet
3039 3528 3351 3607 negative,
3385 3535 3447 3588 et
3489 3528 3668 3609 quasi
3710 3537 3966 3591 contra—

2459 3626 2570 3687 rie.
2605 3626 2817 3687 Primo
2868 3624 3055 3686 modo
3106 3626 3404 3687 convenit
3452 3625 3642 3699 Patri,
3675 3627 3965 3689 secundo

2461 3724 2646 3785 modo
2679 3722 2977 3785 convenit
3008 3722 3272 3803 Spiritui
3311 3724 3558 3785 Sancto.
3593 3724 3835 3786 Idcirco
3867 3724 3968 3785 in-

2457 3822 2708 3902 genitus
2759 3839 2885 3884 non
2937 3828 3142 3902 potest
3192 3841 3330 3883 esse
3374 3821 3550 3883 notio
3595 3823 3964 3885 communis

2459 3921 2734 4000 utrique,
2798 3938 2996 4001 quum
3061 3938 3187 3982 non
3253 3920 3501 3982 dicatur
3563 3920 3642 3982 de
3702 3920 3794 3982 eis
3859 3940 3968 3983 se-

2457 4018 2738 4079 cundum
2789 4018 3076 4109 eamdem
3128 4018 3584 4099 acceptionem.
3630 4020 3964 4099 lngenitus

2456 4134 2710 4197 quoque
2762 4124 2948 4197 prout
2999 4116 3236 4177 dicitur
3287 4116 3466 4197 quasi
3513 4118 3850 4189 contrarie,
3893 4126 3964 4179 et

853 4213 1209 4293 ingenitum
1270 4220 1363 4273 est
1417 4212 1591 4275 notio
1647 4213 1867 4280 Patris,
1920 4212 1985 4274 in
2036 4221 2344 4295 quantum
2376 4215 2425 4275 D
2457 4221 2703 4275 tantum
2753 4214 2920 4275 valet
2977 4214 3143 4275 sicut
3202 4213 3441 4275 habens
3502 4215 3969 4296 proprietatem-

851 4318 1037 4391 negat
1070 4330 1219 4371 eum
1250 4310 1330 4371 ab
1359 4310 1574 4391 aliquo
1605 4329 1742 4371 esse
1776 4313 2174 4392 productum.
2198 4312 2346 4373 Tres

851 4426 1106 4490 quoque
1137 4408 1334 4469 Patris
1366 4408 1654 4470 notiones
1687 4409 1772 4470 ita
1802 4428 1868 4470 se
1899 4409 2155 4483 habent,
2176 4411 2346 4491 quod

853 4527 977 4568 una
1021 4506 1212 4567 aliam
1255 4508 1605 4568 secundum
1648 4508 1907 4569 modum
1950 4508 2356 4588 intelligendi

849 4606 1065 4685 aliquo
1128 4604 1315 4665 modo
1371 4605 1825 4686 praesupponit.
1879 4606 2345 4668 Innascibilitas

850 4721 1128 4784 namque
1170 4702 1607 4784 praesupponit
1646 4720 2051 4765 communem
2094 4705 2346 4786 spirati—

850 4822 1037 4867 onem
1088 4811 1151 4864 et
1199 4801 1665 4884 paternitatem,
1703 4810 1765 4865 et
1810 4803 2167 4865 communis
2220 4805 2348 4885 spi-

852 4902 1012 4963 ratio
1054 4900 1520 4983 paternitatem.
1555 4900 1894 4981 Nunquam
1927 4901 2099 4963 enim
2132 4901 2210 4963 de
2241 4902 2351 4963 ali-

851 5019 979 5083 quo
1008 5007 1153 5062 ente
1184 4998 1426 5079 aliquid
1468 5006 1752 5078 negatur,
1789 4998 1910 5060 nisi
1952 4999 2103 5080 quia
2132 5000 2210 5061 de
2241 4999 2352 5062 illo

850 5097 1093 5179 aliquid
1154 5096 1517 5158 affirmatur
1570 5114 1583 5157 ε
1636 5098 1927 5177 negativa
1980 5097 2217 5159 etenim
2271 5097 2351 5159 ab

855 5196 1243 5258 affirmativa
1288 5195 1522 5277 accipit
1564 5194 1775 5256 robur.
1811 5196 1948 5258 Non
1994 5213 2142 5277 ergo
2180 5197 2354 5277 geni-

863 5302 999 5356 tum
1032 5296 1369 5373 negaretur
1398 5293 1476 5355 dc
1515 5293 1714 5367 Patre,
1749 5293 1871 5355 nisi
1908 5294 2149 5376 aliquid
2179 5294 2356 5356 affir-

2457 4312 2820 4374 distinctam
2873 4318 2936 4371 et
2986 4311 3165 4391 quasi
3217 4312 3595 4373 contrariam
3645 4313 3966 4391 generati-

2456 4412 2584 4484 oni,
2629 4428 2755 4472 non
2799 4417 2892 4472 est
2935 4408 3110 4470 notio
3151 4408 3275 4469 alia
3315 4427 3352 4470 a
3395 4411 3813 4490 processione.
3851 4411 3966 4473 Et-

2456 4508 2626 4571 enim
2681 4508 2954 4590 Spiritus
3002 4507 3267 4568 Sanctus
3312 4524 3388 4569 eo
3436 4508 3604 4589 quod
3659 4509 3966 4589 procedat

2456 4607 2534 4668 ab
2579 4606 2704 4669 alio
2748 4626 2863 4688 per
2912 4605 3350 4686 spirationem,
3383 4614 3792 4687 nuncupatur
3834 4607 3966 4669 boc

2458 4707 2645 4767 modo
2689 4705 3029 4785 ingenitus
3073 4704 3219 4766 Haec
3261 4704 3635 4767 Alexander.

2538 4804 2759 4865 Scotus
2799 4803 2992 4864 etiam
3033 4802 3120 4863 ait
3162 4802 3266 4864 hic
3300 4819 3314 4863 :
3351 4803 3712 4866 Secundum
3752 4803 3972 4867 Philo-

2460 4902 2730 4982 sophum
2782 4901 3006 4981 quinto
3050 4900 3515 4983 Metaphysicae,
3549 4909 3702 4983 quot
3751 4903 3972 4965 modis

2458 5000 2695 5061 dicitur
2725 4998 3097 5080 positivum,
3133 5005 3224 5060 tot
3263 4998 3455 5061 etiam
3488 4999 3722 5061 dicitur
3751 5000 3974 5081 priva-

2461 5098 2684 5159 tivum.
2714 5097 2960 5159 Idcirco
2990 5096 3112 5159 hoc
3143 5114 3399 5171 nomen,
3427 5098 3800 5178 ingenitum,
3825 5117 3973 5162 orn-

2464 5214 2612 5258 nem
2671 5196 2862 5258 habet
2920 5195 3466 5277 multiplicitatem
3518 5215 3709 5278 quam
3769 5198 3976 5261 babet

2467 5312 2700 5357 nomen
2732 5295 2874 5369 hoc,
2898 5293 3201 5374 genitum.
3231 5294 3528 5357 Genitum
3561 5314 3727 5368 ver0,
3748 5314 3982 5377 quam-
