4359 6250
1021 516 1218 561 urum!
1261 514 1613 560 MAGNrrt'no
1655 514 1998 559 GONVENIAT
2039 513 2265 558 mvtle
2310 512 2619 568 PEttsoNts,
2662 512 2789 558 ETC.

3336 489 3450 553 107

372 692 432 745 et
479 686 798 758 relatione,
834 685 923 747 ita
964 687 1132 768 quod
1183 685 1480 767 quaelibet
1529 685 1610 747 sit
1661 685 1856 747 conti-
1883 684 1933 745 A
1965 691 2177 745 tamen
2209 701 2409 744 unum
2442 683 2507 744 in
2538 683 2663 745 alio
2692 692 2786 744 est
2816 690 2879 743 et
2909 680 3281 743 econtrario.
3316 678 3453 741 Non

375 803 525 845 nens
569 792 630 845 et
675 792 1044 847 contentum
1087 784 1326 847 ratione
1372 786 1562 848 totius
1599 803 1612 846 :
1649 791 1855 865 potest..

371 890 577 944 tamen
609 884 852 945 ratione
883 884 1141 945 alterius
1179 884 1397 964 partis,
1432 883 1587 945 Nam
1618 902 1757 945 esse
1791 882 1853 943 in

370 980 511 1054 alio,
563 988 626 1041 et
677 980 744 1042 in
794 1001 922 1063 quo
969 982 1052 1043 sit
1099 982 1272 1043 aliud
1325 981 1481 1042 illud
1531 1000 1642 1043 seu
1693 981 1855 1042 alius

373 1079 496 1152 illc,
546 1088 959 1162 opponuntur
1011 1081 1364 1141 secundum
1426 1080 1711 1161 proprias
1766 1098 1858 1141 ra-

373 1178 589 1250 tione3‚
622 1179 788 1241 sicut
830 1197 968 1240 esse
1012 1178 1092 1240 ab
1133 1178 1260 1241 alio
1301 1187 1364 1241 et
1406 1198 1441 1240 a
1484 1196 1612 1259 quo
1659 1177 1852 1240 aliud.

375 1279 528 1359 Ergo
558 1276 720 1339 nihil
753 1297 952 1338 unum
985 1285 1048 1338 et
1088 1278 1256 1338 idern
1298 1277 1650 1339 secundum
1689 1276 1856 1337 idem

372 1384 430 1438 et
473 1384 763 1457 respectu
805 1376 1094 1455 ejusdem
1139 1382 1235 1436 est
1280 1375 1344 1435 in
1393 1374 1540 1444 ali0‚
1582 1382 1642 1435 et
1686 1374 1856 1435 aliud

374 1475 525 1536 illud
557 1474 622 1535 in
653 1474 812 1555 ipso.
848 1474 978 1535 Hoc
1016 1481 1228 1535 autem
1270 1480 1644 1554 sequeretur
1673 1473 1724 1533 si
1757 1473 1861 1533 Pa-

375 1582 464 1633 ter
505 1580 671 1634 esset
717 1572 780 1633 in
826 1572 987 1633 Filio
1030 1581 1092 1633 et
1135 1580 1414 1645 econtra,
1448 1570 1720 1653 quilibet
1766 1589 1861 1631 ra-

377 1673 536 1733 tione
587 1670 782 1733 totius
842 1671 1168 1733 constituti
1221 1690 1298 1732 ex
1348 1669 1624 1731 essentia
1672 1677 1859 1749 atque

373 1769 691 1831 relatione.
729 1770 862 1833 Una
905 1770 1096 1831 etiam
1143 1788 1412 1851 persona
1457 1786 1583 1830 non
1629 1768 1862 1830 dicitur

1965 783 2136 844 enirn
2189 789 2390 863 potest
2435 782 2649 862 negari
2693 782 2862 863 quod
2913 781 3179 861 ipsemet
3232 777 3455 857 Unige-

1964 881 2137 943 nitus
2181 881 2379 942 Patris
2421 880 2579 941 dixit
2616 898 2629 941 ε
2664 880 2793 961 Ego
2834 880 2897 940 in
2943 879 3140 946 Patre,
3174 886 3235 938 et
3278 877 3457 937 Pater

1966 979 2033 1040 in
2068 998 2165 1040 me
2198 987 2330 1056 est3
2363 986 2425 1040 et
2466 997 2683 1040 rursus
2722 977 2977 1041 Joannis
3017 973 3457 1057 septimodeci-

1967 1096 2072 1139 mo
2107 1096 2120 1139 :
2156 1078 2271 1146 Tu,
2304 1077 2504 1150 Pater,
2541 1078 2604 1138 in
2648 1095 2770 1150 me,
2805 1084 2864 1136 et
2906 1093 3021 1156 ego
3062 1076 3127 1135 in
3168 1082 3250 1145 te,
3288 1080 3354 1133 ut
3394 1079 3457 1133 et
3484 1090 3754 1136 wamma,

1968 1176 2090 1257 ipsi
2143 1177 2207 1238 in
2260 1175 2443 1239 nobis
2495 1196 2696 1237 unum
2746 1176 2907 1251 sint3
2948 1192 3064 1255 ego
3115 1172 3177 1233 in
3228 1171 3343 1243 eis,
3395 1178 3458 1231 et
3488 1154 3723 1257 ”hid-23.

1967 1281 2037 1335 tu
2088 1275 2154 1336 in
2207 1293 2325 1337 me.
2373 1275 2588 1357 Itaque
2639 1291 2766 1336 non
2818 1273 3023 1336 solum
3070 1290 3195 1332 una
3245 1270 3461 1331 divina

1971 1391 2239 1455 persona
2282 1383 2377 1435 est
2418 1374 2483 1435 in
2522 1374 2667 1447 alia,
2702 1380 2763 1434 et
2804 1380 3095 1451 econtra3
3129 1371 3237 1431 sed
3268 1369 3459 1430 etiam

1969 1471 2241 1533 Trinitas
2282 1473 2595 1535 adoranda
2634 1480 2729 1533 est
2770 1470 2833 1533 in
2875 1470 3094 1531 electis
3138 1467 3460 1537 fidelibus,

1970 1578 2030 1632 et
2080 1570 2199 1651 ipsi
2246 1572 2312 1631 in
2352 1571 2655 1632 Trinitate
2702 1569 3057 1633 consistunt
3100 1576 3159 1629 et
3206 1567 3269 1628 in
3316 1584 3465 1647 qua-

1974 1668 2126 1731 libet
2171 1669 2387 1730 divina
2432 1687 2719 1750 persona,
2763 1667 3055 1749 quamvis
3104 1665 3228 1727 alio
3280 1664 3465 1726 modo

1973 1787 2164 1848 quam
2209 1768 2440 1829 divinae
2487 1785 2769 1848 personae
2816 1767 2879 1827 in
2924 1784 2991 1827 se
3039 1764 3213 1846 ipsis,
3250 1764 3465 1843 Itaque

375 1870 623 1951 proprie
684 1888 824 1930 esse
887 1868 952 1930 in
1016 1868 1140 1930 alia
1201 1868 1444 1930 ratione
1511 1866 1856 1940 relationiS‚
1896 1866 1943 1928 B
1976 1886 2174 1927 unum
2206 1873 2269 1927 et
2300 1865 2466 1926 idem
2498 1866 2849 1927 secundum
2884 1864 3051 1925 idem
3082 1870 3143 1924 et
3173 1868 3464 1943 respectu

373 1967 660 2049 quamvis
712 1986 826 2047 per
874 1986 1016 2028 eam
1068 1967 1149 2027 sit
1198 1967 1276 2028 de
1332 1966 1659 2027 intellectu
1711 1966 1860 2026 alte-

373 2067 500 2128 rius
535 2084 549 2128 :
584 2066 886 2148 quoniam
939 2065 1246 2127 habitudo
1295 2074 1364 2125 nt
1415 2068 1504 2125 ad
1544 2084 1757 2143 quem,
1797 2072 1860 2124 et

375 2173 439 2226 ut
479 2167 550 2225 in
592 2185 742 2244 qua,
783 2163 1189 2225 habitudines
1231 2171 1381 2225 sunt
1424 2164 1705 2225 diversae.
1751 2163 1864 2224 Per

375 2264 742 2326 relationem
775 2280 1030 2344 quoque
1063 2281 1188 2323 una
1226 2280 1496 2344 persona
1531 2261 1863 2342 distingui-

377 2370 472 2424 tur
507 2362 591 2424 ab
638 2362 782 2435 alia,
815 2379 966 2441 ergo
1011 2379 1138 2423 non
1183 2370 1279 2423 est
1323 2362 1484 2423 ratio
1528 2362 1694 2441 quod
1740 2380 1866 2422 una

373 2462 451 2522 sit
497 2461 562 2522 in
615 2460 786 2523 alia:
833 2460 962 2523 imo
1011 2461 1074 2521 id
1120 2478 1233 2541 per
1277 2460 1444 2542 quod
1492 2478 1618 2520 una
1660 2467 1756 2521 est
1799 2460 1864 2520 in

373 2560 511 2627 alia,
565 2567 666 2621 est
714 2561 970 2642 utrique
1031 2578 1390 2621 commune.
1447 2559 1657 2621 Restat
1715 2576 1865 2638 ergo

375 2659 538 2739 quod
587 2678 713 2719 una
751 2658 834 2719 sit
879 2658 944 2719 in
988 2658 1112 2719 alia
1157 2658 1400 2719 ratione
1445 2657 1732 2738 ejusdem
1774 2676 1866 2717 es-

373 2758 609 2819 sentiae.
655 2758 1106 2818 Verumtamen
1158 2775 1425 2837 persona
1474 2774 1602 2819 non
1651 2764 1745 2816 est
1797 2763 1866 2815 ut

375 2855 438 2917 in
484 2874 614 2936 qua
671 2862 766 2915 est
821 2854 966 2927 alia,
1021 2854 1262 2915 ratione
1321 2854 1516 2916 solius
1575 2853 1865 2916 essentiae

372 2954 548 3036 (quia
599 2961 750 3014 tunc
796 2972 910 3034 per
955 2954 1124 3014 idem
1170 2953 1537 3015 conveniret
1582 2970 1864 3033 persona·

1973 1965 2261 2045 ejusdem
2291 1973 2384 2026 est
2419 1964 2482 2025 in
2514 1964 2659 2032 alio,
2685 1973 2745 2025 et
2777 1971 3063 2040 econtra:
3096 1980 3221 2024 non
3254 1968 3465 2022 tamen

1972 2064 2235 2125 omnino
2286 2063 2507 2124 eodem
2560 2064 2793 2124 modo:
2828 2063 2989 2123 sicut
3045 2060 3231 2121 modo
3280 2075 3466 2139 expo-

1973 2162 2167 2223 situm
2220 2168 2312 2221 est
2372 2161 2645 2243 qualiter
2692 2161 2871 2222 Pater
2918 2166 3011 2221 est
3074 2158 3137 2220 in
3188 2158 3347 2220 Filio
3404 2164 3466 2217 et

1972 2267 2251 2331 econtra,
2288 2260 2638 2321 secundum
2688 2259 2946 2320 modum
2992 2257 3363 2319 distinctum
3406 2263 3467 2317 et

1974 2357 2416 2419 habitudinem
2449 2356 2875 2418 differentem.
2914 2356 2985 2416 Et
3019 2354 3309 2435 quamvis
3342 2372 3468 2414 una

1975 2476 2246 2538 persona
2290 2455 2506 2517 divina
2552 2474 2663 2535 per
2707 2454 3076 2515 relationem
3121 2452 3468 2532 distingua-

1975 2564 2078 2616 tur
2126 2556 2206 2616 ab
2258 2554 2401 2627 alia,
2445 2573 2521 2616 ex
2572 2552 2689 2614 hoc
2742 2560 2951 2614 tamen
3002 2569 3127 2612 non
3180 2550 3467 2631 sequitur

1975 2654 2131 2733 quin
2172 2652 2415 2714 ratione
2460 2651 2747 2732 ejusdem
2792 2650 3117 2712 relationis
3154 2649 3237 2710 sit
3282 2648 3345 2709 in
3392 2666 3467 2709 ea

1975 2760 2036 2813 et
2095 2751 2449 2813 econtrario
2510 2768 2523 2811 ε
2588 2751 2716 2811 imo
2774 2750 2837 2811 in
2906 2748 3184 2810 relativis
3247 2747 3465 2808 multis

1975 2850 2094 2911 hoc
2127 2850 2437 2930 sequitur,
2472 2867 2743 2931 quorum
2788 2867 2985 2909 unum
3018 2846 3324 2909 desinitur
3354 2864 3467 2927 per

1975 2948 2170 3019 aliud,
2208 2947 2529 3029 praec-ipue
2559 2953 2772 3008 autem
2808 2947 2870 3008 in
2904 2945 3161 3018 divinis,
3198 2943 3309 3006 ubi
3339 2961 3467 3005 non

371 3070 506 3113 esse
537 3051 606 3113 in
631 3050 778 3125 ali0‚
812 3057 875 3112 et
916 3050 982 3112 in
1014 3067 1142 3133 quo
1172 3057 1268 3111 est
1305 3049 1500 3121 aliud,
1535 3049 1702 3132 quod
1731 3050 1864 3131 jam
1901 3049 1944 3112 C
1975 3055 2069 3108 est
2114 3046 2430 3108 emanatio
2475 3046 2825 3128 personalis
2860 3044 2992 3138 'nisi
3038 3044 3115 3105 ad
3164 3043 3347 3115 intra,
3383 3042 3469 3104 ita

375 3150 780 3232 reprobatum
813 3149 937 3228 est)
956 3167 972 3228 3
1006 3150 1115 3210 sed
1147 3148 1446 3211 convenit
1482 3166 1766 3230 personae
1799 3155 1866 3209 ut

375 3249 437 3309 in
484 3249 626 3331 ipsa
663 3249 746 3309 sit-
783 3247 930 3320 alia,
966 3247 1206 3309 ratione
1246 3247 1442 3308 totius
1487 3247 1812 3308 constituti
1849 3264 1862 3307 :

375 3347 536 3408 sicut
567 3346 729 3408 Filio
760 3345 1002 3407 ratione
1042 3345 1332 3406 essentiae
1371 3345 1668 3407 convenit
1698 3344 1865 3425 quod

377 3445 456 3506 sit
485 3445 550 3507 in
585 3445 785 3518 Patre,
821 3445 931 3506 sed
963 3443 1124 3505 Patri
1159 3451 1228 3504 ut
1268 3444 1334 3504 in
1365 3461 1494 3525 quo
1525 3443 1607 3504 sit
1647 3442 1864 3516 Filius,

377 3543 670 3606 convenit
703 3543 950 3604 ratione
980 3541 1176 3604 totius
1207 3541 1574 3620 constituti3
1609 3547 1672 3602 et
1701 3541 1872 3602 simi—

379 3642 520 3703 liter
568 3640 634 3704 in
677 3641 824 3703 aliis
874 3658 1128 3722 quoque
1173 3638 1546 3702 rationabile
1596 3658 1734 3700 esse
1779 3639 1870 3700 vi-

378 3740 575 3802 detur.
612 3739 778 3801 Illud
820 3739 995 3800 enim
1042 3739 1106 3800 in
1151 3756 1279 3818 quo
1318 3745 1412 3800 est
1451 3739 1648 3810 aliud,
1682 3737 1868 3799 debet

377 3839 676 3900 excedere
708 3837 810 3899 vel
841 3855 980 3898 esse
1013 3836 1078 3897 in
1111 3836 1254 3916 plus
1286 3856 1478 3917 quam
1513 3836 1669 3898 illud
1701 3835 1871 3916 quod

379 3935 440 3997 in
493 3937 636 4018 ipso
687 3944 802 3997 est.
859 3935 934 3996 Et
990 3933 1076 3996 ita
1133 3955 1200 3996 se
1261 3934 1450 3997 habet
1499 3935 1677 3997 Pater
1729 3937 1872 3997 rati—

377 4051 492 4096 one
550 4035 744 4096 totius
803 4033 1154 4106 constituti,
1205 4033 1283 4094 ad
1341 4032 1573 4094 Filium
1630 4034 1870 4096 ratione

375 4133 706 4210 essentiae3
769 4131 1068 4193 similiter
1124 4131 1495 4193 econtrario.
1549 4131 1692 4194 Haec
1752 4132 1872 4193 Du-

377 4230 631 4292 randuS.

453 4327 653 4408 Cujus
713 4334 843 4389 tota
895 4326 1124 4408 positio
1173 4327 1424 4388 videtur
1473 4345 1756 4399 erronea,
1808 4335 1871 4390 et

378 4425 562 4488 dictis
619 4425 898 4498 Thomas,
950 4425 1216 4498 Alberti‚
1273 4425 1567 4499 Udalrici‚
1623 4426 1750 4488 imo
1809 4435 1871 4488 et

378 4525 750 4588 Damasceni
815 4525 1146 4587 contraria.
1210 4525 1413 4604 Atque
1485 4525 1550 4585 in
1621 4525 1868 4606 primiS,

377 4625 542 4705 quod
596 4624 664 4685 in
713 4623 952 4685 divinis
1003 4623 1204 4684 utitur
1255 4622 1623 4684 nominibus
1677 4623 1870 4684 totius

377 4731 438 4783 et.
477 4723 698 4804 partis,
735 4721 1158 4803 improprium
1203 4727 1334 4799 es't3
1367 4739 1486 4782 nec
1529 4722 1872 4784 necessitas

378 4839 521 4882 eum
576 4821 807 4902 coegit,
842 4819 1144 4902 quoniam
1191 4819 1330 4881 vice
1381 4819 1578 4900 partis
1630 4827 1875 4901 poterat

379 4920 712 4983 nominare
740 4919 1081 4981 essentiam
1114 4917 1213 4978 vel
1247 4918 1636 4980 relationem.
1662 4953 1741 4963 —
1763 4919 1876 4979 De-

382 5017 524 5080 inde
552 5018 634 5080 ad
665 5017 905 5079 motiva
933 5016 1073 5096 ejus
1105 5017 1478 5097 responde0‚
1513 5016 1682 5097 quod
1715 5015 1873 5078 mul—

383 5122 440 5176 ta
505 5115 863 5178 formaliter
922 5114 1252 5188 differunt,
1316 5133 1458 5196 quae
1527 5123 1735 5176 tamen
1806 5115 1872 5176 in

381 5213 657 5277 invicem
689 5221 861 5286 sunt,
897 5213 960 5275 id
992 5221 1086 5275 est
1119 5232 1318 5274 unum
1353 5212 1418 5273 in
1447 5212 1574 5275 alio
1603 5220 1666 5274 et
1695 5230 1876 5275 econ-

383 5320 473 5374 tra
525 5331 539 5374 :
595 5313 726 5375 imo
777 5311 1067 5393 quaedam
1127 5310 1379 5372 realiter
1427 5309 1759 5385 differunt,
1811 5318 1873 5373 et

1976 3147 2142 3227 quod
2191 3165 2459 3228 persona
2498 3165 2799 3207 emanans
2842 3152 3051 3207 manet
3094 3145 3157 3205 in
3201 3161 3470 3224 persona

1977 3245 2382 3325 producente.
2411 3245 2530 3306 Sed
2563 3262 2785 3305 verum
2814 3250 2910 3304 est
2939 3243 3109 3323 quod
3140 3241 3309 3303 idem
3342 3259 3469 3303 non

1975 3351 2070 3403 est
2121 3361 2308 3403 causa
2357 3359 2468 3403 seu
2520 3342 2680 3404 ratio
2732 3341 3159 3403 distinctionis
3209 3346 3273 3401 et
3322 3358 3467 3401 con-

1977 3440 2333 3510 venientia),
2397 3440 2621 3502 saltem
2687 3441 3038 3502 secundum
3104 3440 3295 3512 idem,
3358 3457 3468 3499 seu

1979 3537 2381 3600 uniformiter
2412 3537 3089 3599 consideratum—At
3122 3555 3269 3598 vero
3300 3536 3468 3617 quod

1977 3637 2129 3698 dicit
2169 3636 2333 3697 Patri
2376 3636 2716 3699 convenire
2758 3637 2926 3716 quod
2968 3636 3032 3696 in
3074 3635 3213 3717 ipso
3252 3635 3333 3696 sit
3376 3635 3468 3696 Fi-

1979 3735 2123 3806 liuS‚
2159 3735 2399 3797 ratione
2433 3735 2623 3798 totius
2656 3734 2981 3796 constituti
3014 3734 3215 3814 ipsius
3245 3734 3465 3805 Patri5‚

1977 3834 2128 3915 quia
2177 3835 2356 3896 Pater
2400 3840 2468 3895 ut
2517 3833 2629 3905 sic,
2664 3833 2877 3913 aliquo
2929 3833 3114 3895 modo
3162 3851 3227 3893 se
3278 3832 3469 3894 habet

1981 3931 2044 3992 in
2096 3933 2240 4013 plus
2289 3951 2481 4014 quam
2542 3931 2738 3992 Filius
2788 3930 3147 4011 Filiumque
3195 3931 3463 4003 excedit,

1981 4030 2296 4112 loquendo
2328 4030 2405 4092 de
2448 4029 2605 4091 Filio
2646 4029 2885 4090 ratione
2926 4029 3121 4090 solius
3154 4030 3465 4100 essentiae,

1981 4129 2504 4190 inconvenienter
2541 4128 2803 4190 omnino
2842 4127 3084 4188 dictum
3127 4136 3421 4190 censetur
3453 4145 3466 4188 ε

1901 4232 1950 4292 D
1981 4226 2132 4308 quia
2163 4234 2232 4288 ut
2272 4228 2497 4307 patuit,
2531 4226 2763 4288 divinae
2806 4244 3091 4307 persona}
3130 4234 3277 4287 sunt
3307 4225 3373 4287 in
3405 4245 3471 4286 se

1983 4325 2139 4407 ipsis
2184 4345 2297 4406 per
2326 4326 2755 4388 omnimodam
2798 4325 3221 4405 aequalitatem
3262 4333 3323 4385 ct
3354 4324 3475 4386 eir-

1983 4425 2581 4496 cumincessione1n‚
2616 4441 2741 4484 non
2794 4424 2961 4484 sicut
3004 4423 3209 4502 majus
3252 4430 3313 4482 et
3358 4421 3474 4483 mi-

1984 4542 2125 4596 nuS‚
2161 4541 2277 4584 nec
2318 4523 2477 4583 sicut
2523 4521 3057 4583 circumscribens
3102 4529 3162 4582 et
3204 4521 3475 4582 circum-

1981 4623 2312 4703 scriptum.
2378 4622 2463 4682 De
2531 4620 2670 4682 istis
2739 4629 3125 4702 pertranse0‚
3188 4620 3338 4700 quia
3398 4639 3474 4681 ex

1982 4720 2170 4780 dictis
2215 4719 2637 4780 innotescunt.

2064 4818 2237 4879 Unde
2269 4824 2332 4879 et
2363 4817 2709 4879 Richardus
2742 4816 2845 4878 hic
2884 4816 3104 4878 scribit
3133 4835 3145 4877 :
3172 4815 3477 4890 Quaelibet

1985 4917 2204 4978 divina
2246 4933 2515 4997 persona
2557 4924 2651 4976 est
2696 4915 2758 4977 in
2808 4915 2951 4985 alia,
2984 4923 3047 4976 et
3088 4915 3362 4977 essentia
3410 4915 3475 4975 in

1985 5014 2267 5096 qualibet
2319 5031 2608 5094 persona,
2642 5021 2704 5072 et
2755 5012 3050 5093 quaelibet
3098 5030 3365 5092 persona
3411 5013 3474 5075 in

1983 5113 2293 5190 essentia3
2325 5112 2433 5174 sed
2468 5110 2655 5173 modo
2684 5109 3007 5171 differenti
3041 5127 3056 5171 ε
3090 5109 3241 5190 quia
3270 5127 3479 5172 essen-

1983 5213 2072 5275 tia
2121 5213 2187 5273 in
2234 5210 2515 5294 qualibet
2559 5215 2655 5270 est
2703 5225 2971 5290 persona
3020 5215 3207 5289 prout
3254 5214 3479 5270 natura

1985 5318 2081 5372 est
2130 5311 2197 5371 in
2248 5308 2614 5390 supposit03
2661 5304 2961 5388 quaelibet
3012 5322 3160 5369 vero
3209 5325 3478 5388 persona
