4359 6250
679 1457 762 1500 Act
802 1471 901 1508 xvii,

638 1523 704 1562 28.

927 464 1048 529 394

1553 487 1617 532 IN
1657 487 1878 532 LIBRUM
1923 487 1939 532 1
1981 485 2463 532 SENTENTIARUM.
2506 503 2587 511 —
2628 484 2780 530 DlsT.
2826 484 3055 546 mvn
3098 483 3322 540 QUAEST.
3370 485 3391 530 1

930 663 1228 737 punctus,
1261 665 1324 718 et.
1355 665 1564 719 tamen
1595 657 2062 738 quodammodo
2092 657 2276 738 plura
2304 663 2422 730 est,
2454 653 2506 716 A
2536 653 2625 716 tio
2653 654 2914 735 agentis
2950 654 3109 716 Hinc
3148 653 3364 716 omnia
3392 671 3519 714 non
3559 653 3858 716 dicuntur
3882 673 4000 716 esse

931 753 1081 834 quia
1111 754 1502 835 principium
1545 755 1848 836 plurium.
1883 755 2062 818 Ratio
2101 763 2313 817 autem
2347 755 2427 817 si-

928 852 1194 933 gnificat
1226 873 1338 935 per
1371 855 1626 916 modum
1671 854 1994 936 principii,
2030 855 2139 916 sed
2179 854 2427 936 sapien-

932 951 1017 1013 tia
1059 951 1365 1014 absolute.

1007 1051 1299 1132 Amplius
1339 1053 1664 1132 quaerit-ur,
1699 1071 1898 1133 quum
1939 1053 2154 1114 omnia
2192 1052 2318 1114 sint
2360 1053 2423 1114 in

929 1150 1057 1211 Deo
1096 1149 1226 1211 vita
1263 1157 1324 1212 et
1367 1151 1496 1222 lux,
1531 1170 1646 1212 cur
1681 1151 1871 1213 etiam
1915 1151 2127 1212 omnia
2166 1170 2293 1212 non
2338 1151 2426 1213 di-

931 1255 1154 1310 cantur
1187 1249 1250 1309 in
1281 1267 1356 1311 eo
1391 1250 1673 1330 potentia
1705 1257 1766 1310 et
1797 1250 2126 1331 sapientia.
2162 1286 2243 1294 —
2275 1251 2426 1312 Rur-

931 1366 1060 1420 sus,
1097 1366 1294 1428 quum
1341 1347 1406 1408 in
1452 1347 1616 1410 libro
1653 1349 1924 1410 Actuum
1967 1348 2278 1430 scriptum
2319 1349 2422 1421 sit,

931 1446 996 1506 In
1060 1445 1198 1527 ipso
1257 1446 1558 1520 vivimuS,
1620 1465 1951 1508 movemur
2007 1454 2070 1508 et
2128 1466 2351 1509 sumus
2408 1465 2421 1508 :

932 1563 1126 1626 quare
1158 1544 1372 1606 omnia
1409 1562 1532 1607 non
1576 1545 1876 1607 dicuntur
1907 1546 1971 1607 in
2012 1546 2139 1608 Deo
2178 1565 2307 1607 una
2335 1565 2429 1607 es-

931 1643 1135 1705 sentia
1180 1652 1243 1705 et
1293 1663 1458 1705 unus
1510 1651 1739 1717 motuS,
1788 1652 1856 1705 ut
1904 1663 2033 1705 una
2081 1644 2251 1706 vita?
2292 1645 2426 1706 Imo

929 1740 1265 1802 Anselmus
1315 1740 1526 1803 dicere
1574 1743 1693 1804 hoc
1735 1742 1988 1804 videtur
2039 1742 2104 1804 in
2153 1742 2425 1803 Monolo-

2538 752 2602 813 in
2653 754 2780 815 Deo
2829 752 3141 834 sapientia
3177 760 3285 814 aut
3326 752 3627 834 potentia.
3669 788 3751 796 —
3788 753 3875 814 Ad
3912 773 4002 814 au-

2536 852 2888 914 ctoritatem
2941 869 3089 913 vero
3128 850 3409 913 Anselmi
3460 851 3827 924 dicendum,
3858 852 4004 933 quod

2535 950 2706 1012 aliud
2739 958 2834 1013 est
2874 951 3107 1024 dicere,
3141 950 3359 1012 Omnia
3388 957 3537 1012 sunt
3576 950 3794 1012 divina
3820 969 4005 1012 essen-

2535 1052 2642 1124 tia,
2677 1058 2759 1120 et,
2793 1051 3017 1112 Omnia
3048 1051 3112 1113 in
3146 1051 3272 1112 Deo
3303 1059 3453 1113 sunt
3493 1051 3709 1112 divina
3737 1051 4002 1112 essentia.

2536 1151 2742 1223 Quum
2790 1150 2964 1211 enim
3016 1149 3274 1222 dicitur,
3328 1149 3553 1212 Omnia
3611 1157 3761 1211 sunt
3818 1149 4007 1210 divina

2536 1249 2831 1322 essentia,
2851 1255 3302 1330 supponuntur
3332 1256 3636 1310 creatura}
3668 1255 3852 1330 prout
3880 1257 4007 1310 sunt

2539 1348 2603 1409 in
2636 1366 2752 1410 suo
2780 1365 2955 1426 esse3
2990 1367 3187 1429 quum
3220 1365 3371 1410 vero
3411 1346 3666 1419 dicitur,
3701 1346 3916 1409 Omnia
3953 1348 4006 1408 in

2537 1448 2665 1508 Deo
2695 1453 2843 1508 sunt
2872 1446 3089 1509 divina
3126 1447 3422 1520 essentia,
3458 1453 3903 1527 supponuntur
3928 1465 4009 1507 ra-

2537 1546 2741 1608 tiones
2781 1552 3031 1608 aeternae
3071 1564 3285 1607 rerum
3327 1546 3590 1608 istarum
3626 1563 3639 1606 :
3675 1564 3816 1626 quae
3852 1545 4012 1608 ratio-

2538 1662 2649 1706 nes
2681 1651 2929 1706 aeternae
2970 1651 3118 1705 sunt
3150 1642 3287 1724 ipsa
3317 1643 3631 1725 sapientia
3663 1643 3797 1716 Dei,
3828 1652 3888 1705 et
3914 1663 4014 1724 per

2538 1759 2933 1823 consequens
2983 1741 3199 1803 divina
3256 1741 3550 1804 essentia.
3604 1741 3733 1804 Nec
3779 1760 3855 1803 ex
3910 1741 4013 1803 hoc

930 1841 1076 1920 gion
1114 1858 1128 1900 ε
1163 1839 1408 1914 Omnia,
1445 1840 1762 1922 inquiens,
1795 1850 2136 1922 antequam
2167 1841 2420 1913 fierent,
2463 1841 2509 1902 B
2539 1841 2828 1922 sequitur
2856 1839 3026 1921 quod
3058 1841 3186 1901 sint
3218 1841 3283 1901 in
3314 1839 3532 1902 divina
3563 1841 3857 1915 essentia,
3885 1840 4015 1902 licet

931 1946 992 2000 et
1032 1957 1230 2019 quum
1273 1937 1438 2000 facta
1477 1946 1646 2012 sunt,
1680 1940 1960 2021 dumque
2006 1957 2424 2020 corrumpun-

933 2045 1035 2097 tur
1077 2045 1186 2098 aut
1225 2037 1439 2118 aliquo
1481 2037 1666 2100 modo
1697 2038 2043 2111 variantur,
2076 2057 2329 2118 semper
2359 2038 2424 2098 in

930 2135 1058 2197 Deo
1101 2143 1270 2209 sunt,
1306 2153 1429 2197 non
1476 2137 1643 2217 quod
1691 2137 1753 2198 in
1799 2155 1865 2198 se
1913 2136 2067 2219 ipsis
2108 2143 2278 2209 sunt,
2313 2137 2422 2198 sed

929 2231 1100 2312 quod
1147 2238 1242 2293 est
1301 2232 1468 2294 idem
1520 2232 1673 2313 ipse.
1729 2232 1979 2295 Etenim
2029 2233 2093 2294 in
2145 2252 2213 2294 se
2267 2232 2422 2314 ipsis

883 2321 896 2336 '
929 2337 1074 2390 sunt
1119 2330 1393 2392 essentia
1437 2330 1762 2392 mutabilis
1801 2331 2152 2392 secundum
2197 2332 2426 2393 immu-

929 2427 1188 2490 tabilem
1249 2429 1555 2491 rationem
1615 2437 1858 2508 creata;
1911 2430 1973 2490 in
2025 2431 2153 2492 Deo
2210 2437 2422 2492 autem

927 2535 1072 2589 sunt
1135 2527 1273 2608 ipsa
1320 2527 1525 2608 prima
1577 2529 1854 2590 essentia
1900 2537 1963 2589 et
2012 2527 2219 2609 prima
2264 2529 2425 2589 exsi-

927 2625 1133 2686 stendi
1167 2625 1420 2698 veritaS,
1445 2633 1507 2687 et
1539 2633 1720 2708 prout
1754 2634 1903 2687 sunt
1936 2625 2135 2707 magis
2169 2626 2423 2707 utrique

929 2723 1019 2784 illi
1054 2722 1311 2797 similia,
1336 2723 1428 2784 sic
1459 2724 1672 2786 verius
1701 2724 2231 2805 praestantiusque
2260 2723 2422 2785 exsi-

928 2828 1120 2884 stunt.
1167 2822 1257 2883 Ex
1302 2841 1426 2904 qua
1472 2822 1844 2885 auctoritate
1893 2823 2207 2904 accipitur
2254 2823 2422 2904 quod

927 2929 1229 2982 creaturae
1278 2921 1341 2982 in
1389 2921 1515 2983 Deo
1558 2929 1706 2983 sunt
1757 2921 1894 3002 ipsa
1940 2921 2215 2983 essentia
2258 2921 2367 2983 Dei
2405 2939 2418 2982 :

2538 1939 2666 2001 sint
2717 1939 2781 2001 in
2824 1939 2964 2020 ejus
3017 1939 3347 2021 sapientia.
3393 1939 3545 2001 Esse
3588 1940 3761 2002 enim
3810 1940 3873 2002 in
3916 1939 4013 2001 Dei

2536 2038 2868 2120 sapientia,
2921 2055 3046 2100 non
3097 2045 3192 2100 est
3243 2037 3366 2099 nisi
3424 2039 3719 2118 cognosci
3776 2037 3855 2100 ab
3902 2056 4013 2103 eo:

2535 2155 2674 2198 esse
2707 2155 2857 2229 vero
2888 2136 2955 2198 in
2986 2136 3260 2198 essentia
3290 2135 3424 2210 Dei,
3458 2144 3555 2198 est
3589 2137 3786 2218 ipsam
3822 2155 4014 2198 essen-

2535 2235 2689 2296 tiam
2732 2234 2859 2296 dici
2903 2235 2981 2296 de
3024 2233 3135 2296 eis.
3172 2235 3377 2308 Quum
3424 2241 3637 2296 autem
3676 2235 3925 2308 dicitur,
3956 2235 4013 2296 ln

2537 2333 2673 2414 ipso
2706 2333 3005 2404 vivimus,
3039 2340 3125 2405 et,
3160 2332 3385 2395 Omnia
3419 2333 3482 2395 in
3526 2333 3665 2415 ipso
3704 2341 3850 2394 sunt
3878 2333 4013 2404 vita,

2534 2432 2857 2513 {equivoce
2898 2432 3175 2494 sumitur
3215 2431 3279 2518 ly
3318 2430 3383 2492 in
3422 2431 3580 2513 ipso.
3618 2433 3823 2505 Quum
3860 2432 4013 2494 enim

2534 2530 2791 2603 dicitur,
2826 2530 2896 2591 In
2940 2529 3078 2611 ipso
3109 2529 3410 2603 vivimuS,
3446 2548 3560 2611 per
3592 2530 3652 2612 ly
3686 2529 3749 2591 in
3780 2538 4016 2592 notatur

2538 2647 2727 2690 causa
2783 2627 3099 2702 efficiens,
3149 2629 3301 2710 quia
3348 2627 3427 2689 ab
3479 2629 3619 2710 ipso
3676 2635 3771 2690 est
3821 2630 4015 2691 vivere

2534 2726 2824 2789 omnium
2857 2735 3143 2790 nostrum
3162 2745 3179 2804 ;
3201 2746 3403 2808 quum
3432 2745 3585 2790 vero
3615 2727 3870 2800 dicitur,
3892 2727 4018 2790 Om-

2534 2826 2642 2887 nia
2690 2827 2755 2887 in
2806 2826 2944 2908 ipso
2996 2833 3147 2887 sunt
3192 2826 3343 2900 vita,
3390 2844 3504 2908 per
3552 2826 3617 2908 ly
3666 2825 3731 2887 in
3786 2833 4019 2889 notatur

2535 2943 2724 2985 causa
2765 2923 3168 3005 exemplaris
3204 2923 3332 2986 Nec
3371 2931 3583 2985 tamen
3624 2923 3921 2986 dicuntur
3958 2924 4017 2985 in

928 3018 1097 3100 quod
1130 3019 1746 3100 propinquissimum
1779 3019 2031 3081 videtur
2069 3019 2293 3082 haeresi
2328 3019 2421 3081 illi
2460 3028 2503 3091 C
2534 3023 2661 3084 Deo
2707 3029 2937 3096 motus,
2980 3022 3131 3102 quia
3180 3030 3389 3083 motus
3430 3039 3663 3084 nomen
3707 3022 4019 3105 appropri-

927 3138 1068 3199 quae
1108 3116 1262 3179 dicit
1301 3117 1516 3180 omnia
1553 3137 1692 3179 esse
1735 3117 1958 3191 Deum,
1989 3116 2170 3199 juxta
2214 3117 2370 3181 illud
2405 3136 2419 3180 :

925 3216 1170 3297 Jupiter
1213 3223 1308 3277 est
1350 3216 1798 3298 quodcumque
1841 3216 2037 3278 vides,

1009 3314 1382 3387 Dicendum,
1416 3314 1586 3396 quod
1626 3315 1840 3376 omnia
1878 3324 2247 3377 asseruntur
2284 3335 2421 3379 esse

927 3413 1059 3475 vita
1088 3420 1145 3474 et
1181 3412 1288 3473 lux
1321 3413 1386 3474 in
1429 3413 1576 3486 Deo,
1613 3413 1912 3495 quoniam
1955 3414 2170 3475 vivere
2202 3432 2420 3495 corpo-

925 3511 1167 3573 ralibus
1215 3519 1277 3573 et
1325 3512 1768 3593 spiritualibus
1819 3520 1913 3574 est
1963 3531 2326 3587 commune,
2359 3519 2421 3574 et

928 3609 990 3671 in
1036 3620 1347 3691 quantum
1391 3610 1742 3691 corporalia
1786 3610 2168 3693 participant
2208 3629 2347 3673 csse
2386 3630 2422 3671 a

913 3708 1389 3790 'spiritualibuS,
1441 3708 1607 3771 sicut
1667 3727 1898 3791 corpus
1947 3708 2160 3770 vivere
2210 3708 2420 3789 perhi-

927 3806 1112 3869 betur
1151 3827 1264 3889 per
1301 3807 1600 3870 animam.
1633 3808 1819 3869 Juxta
1857 3808 2018 3869 hanc
2055 3807 2421 3869 similitudi-

927 3925 1097 3978 nem,
1131 3904 1345 3967 omnia
1392 3905 1694 3967 dicuntur
1741 3905 1871 3966 vita
1921 3905 1984 3965 in
2034 3906 2183 3973 Deo,
2218 3912 2278 3966 et
2330 3906 2419 3967 vi-

927 4023 1074 4065 vcre
1133 4022 1387 4086 quoque
1447 4004 1511 4064 in
1572 4004 1710 4084 ipso
1773 4021 1786 4063 :
1849 4002 2148 4084 quoniam
2213 4003 2418 4085 quoad

930 4102 1162 4183 ipsum,
1226 4120 1349 4163 non
1421 4102 1657 4164 habent
1724 4121 1861 4163 esse
1929 4100 2293 4179 deficiens3
2358 4108 2421 4163 et

2532 3128 2708 3183 atum
2757 3129 2853 3183 est
2904 3120 3218 3199 causatis3
3264 3140 3382 3182 nec
3428 3121 3725 3195 essentia,
3778 3141 3852 3183 ne
3902 3140 4017 3183 ere-

2534 3220 2764 3281 dantur
2792 3238 2929 3283 esse
2961 3240 3086 3280 una
3118 3238 3264 3280 cum
3296 3219 3425 3280 Deo
3454 3220 3749 3282 essentia.
3784 3256 3860 3265 ——
3888 3220 4016 3281 Haec

2532 3318 2904 3380 Alexander.

2614 3416 2793 3479 Circa
2823 3417 2957 3479 haec
3000 3416 3198 3477 multa
3236 3415 3459 3477 scribit
3498 3416 3800 3479 dominus
3837 3418 4015 3479 Bona·

2534 3524 2816 3577 ventura.
2853 3515 2928 3575 Et
2974 3514 3181 3595 primo
3220 3514 3469 3596 quaerit,
3501 3534 3581 3576 an
3625 3516 3689 3577 in
3734 3516 3860 3579 Deo
3900 3516 4015 3577 sint

2536 3613 2841 3695 ponendae
2886 3613 3060 3675 ideae.
4042 3602 4053 3615 ⁹

2612 3712 2661 3771 V
2668 3712 2875 3773 ide-tur
2904 3712 3071 3792 quod
3103 3729 3250 3773 non.
3276 3711 3507 3786 Prim0,
3532 3712 3834 3793 quoniam
3864 3712 4016 3775 Deus

2533 3794 2855 3890 cognoscit
2908 3809 3204 3871 universa
3248 3828 3362 3890 per
3403 3829 3581 3871 suam
3626 3810 3959 3873 essentiam
3999 3827 4011 3869 :

2533 3926 2657 3969 non
2688 3926 2837 3987 ergo
2877 3916 3024 3969 sunt
3069 3908 3564 3989 superaddendae-
3606 3909 3779 3971 ideae.
3813 3945 3893 3953 —
3920 3910 4013 3970 Se-

2532 4006 2761 4079 cund0,
2794 4006 3097 4087 quoniam
3141 4007 3307 4068 Deus
3348 4005 3411 4067 in
3454 4026 3520 4068 se
3560 4016 3622 4069 et
3658 4028 3770 4089 per
3798 4027 3863 4069 se
3892 4026 4014 4070 om-

2532 4104 2684 4165 nino
2718 4104 3037 4186 perfectus
3068 4114 3184 4177 est,
3221 4124 3335 4167 nec
3366 4106 3582 4187 aliquo
3612 4106 3851 4188 indiget
3878 4106 4015 4169 diri-

927 4200 1220 4282 quamvis
1272 4200 1337 4263 in
1387 4219 1454 4261 se
1503 4200 1828 4274 deficiant,
1880 4199 2156 4281 cognitio
2206 4206 2414 4261 tamen
2452 4203 2500 4263 1)
2529 4208 2715 4281 gente
2744 4210 2807 4263 et
2849 4201 3171 4283 regulante
3206 4219 3220 4262 :
3257 4201 3411 4264 ideae
3449 4210 3663 4265 autem
3703 4212 4015 4285 ponuntur

927 4299 1004 4360 de
1047 4298 1203 4379 ipsis
1241 4306 1336 4359 est
1381 4298 1778 4360 indeficiens,
1816 4298 2245 4361 Consimiliter
2284 4317 2417 4361 om-

926 4397 1033 4458 nia
1061 4397 1360 4459 dicuntur
1399 4397 1505 4458 lux
1548 4397 1612 4457 in
1655 4398 1803 4469 De0‚
1838 4398 2136 4477 quoniam
2180 4397 2288 4458 lux
2324 4406 2419 4459 est

927 4496 1287 4558 communis
1343 4495 1676 4576 dispositio
1735 4495 1797 4556 in
1857 4495 2297 4577 spiritualibus
2356 4505 2418 4558 et

927 4593 1384 4676 corporalibUS,
1418 4594 1526 4655 sed
1571 4594 1634 4656 in
1667 4594 2100 4676 corporalibus
2139 4613 2255 4676 per
2283 4614 2419 4676 par-

924 4693 1358 4775 ticipationem
1396 4710 1410 4753 :
1444 4692 1594 4753 hinc
1634 4692 1848 4754 omnia
1877 4693 2180 4755 dicuntur
2211 4693 2319 4755 lux
2351 4694 2416 4754 in

925 4793 1073 4863 De0‚
1107 4790 1407 4873 quoniam
1453 4799 1680 4852 cuncta
1724 4790 2008 4853 relucent
2051 4791 2115 4852 in
2161 4791 2271 4852 Dei
2316 4810 2416 4854 co-

921 4891 1228 4973 gnitione,
1270 4897 1333 4950 et
1384 4887 1720 4950 manifesta
1767 4898 1916 4950 sunt
1961 4889 2038 4951 ei.
2084 4891 2274 4952 Porro
2322 4910 2416 4952 sa-

923 4988 1162 5071 pientia
1207 4995 1270 5049 et
1314 4985 1590 5067 cognitio
1629 4986 1960 5048 nominant
2004 4987 2066 5049 id
2110 4988 2279 5069 quod
2321 4996 2417 5050 est

923 5086 1253 5169 proprium
1285 5086 1394 5147 Dei
1427 5086 1864 5167 cognoscentis
1891 5104 1902 5148 :
1925 5092 2214 5148 creatura
2244 5086 2413 5148 enim

923 5186 987 5248 in
1039 5191 1347 5267 quantum
1399 5192 1705 5259 creatura,
1755 5204 1879 5247 non
1931 5184 2096 5267 sapit
2145 5204 2263 5247 nec
2309 5203 2416 5248 no-

923 5284 1059 5346 scit.
1096 5283 1378 5346 Potentia
1421 5302 1672 5365 quoque
1722 5292 1818 5347 est
1859 5284 2116 5367 propria
2153 5284 2419 5367 disposi-

2533 4308 2601 4361 ut
2642 4299 2917 4380 dirigant
2961 4300 3023 4361 in
3069 4301 3485 4381 disponendo,
3519 4310 3583 4363 et
3625 4303 3909 4383 regulent
3954 4302 4012 4363 in

2530 4398 2790 4479 agendo.
2825 4434 2907 4443 —-
2935 4398 3163 4471 Tertio,
3212 4399 3515 4480 quoniam
3567 4400 3732 4463 Deus
3782 4400 4014 4483 simpli-

2532 4497 2827 4559 cissimus
2857 4505 2953 4558 est
2983 4515 2995 4558 :
3028 4498 3201 4559 nulla
3231 4516 3382 4578 ergo
3412 4496 3477 4559 in
3508 4516 3583 4561 eo
3614 4498 3895 4561 idearum
3927 4508 4013 4561 est

2532 4597 2880 4678 pluralitas

2608 4695 2700 4757 Ad
2753 4695 2875 4757 hoc
2922 4697 3359 4758 Bouaventura
3406 4698 3747 4779 respondet
3789 4716 3803 4761 :
3846 4698 4013 4763 Circa

2529 4795 2649 4855 hoc
2697 4794 2933 4876 duplex
2982 4794 3106 4855 fuit.
3151 4794 3387 4875 opinio.
3428 4795 3695 4868 Quidam
3746 4816 4010 4879 namque

2528 4892 2846 4965 dixerunt,
2881 4892 3048 4972 quod
3090 4891 3254 4953 Deus
3300 4894 3625 4973 cognoscit
3668 4896 4009 4957 secundum
4098 4966 4121 4989 ⁸

2528 4988 2835 5051 rationem
2882 5007 3107 5063 causae,
3141 5007 3267 5052 non
3312 4992 3665 5054 secundum
3712 4994 4007 5056 rationem

2529 5088 2703 5150 ideae.
2767 5088 3141 5170 Ponuntque
3209 5088 3440 5163 simile,
3500 5090 3667 5153 sicut
3734 5092 3787 5155 si
3856 5112 4010 5175 pun·

2530 5195 2668 5249 ctus
2709 5195 3114 5267 cognosceret
3154 5207 3324 5249 suam
3356 5188 3670 5263 virtutem,
3696 5210 4012 5273 cognosce-

2533 5292 2627 5347 ret
2674 5284 2871 5347 lineas
2920 5292 2983 5347 et
3030 5285 3655 5367 circumferentiam3
3702 5289 4005 5361 similiter,
