4359 6250
913 488 1035 552 228
1558 506 1619 551 m
1662 506 1883 552 Limum
1930 508 1946 551 ι
1992 505 2476 551 SENTENUARUM.
2520 523 2601 534 -
2643 506 2794 552 nrsr.
2841 507 3028 568 xxvi;
3072 507 3295 563 ouAEsr.
3339 508 3379 553 v

912 684 1008 738 est
1035 675 1267 738 falsum
1300 675 1453 758 quid
1486 675 1821 757 perhibere
1852 677 1929 738 de
1960 693 2068 754 ea3
2099 683 2162 737 et
2193 683 2406 737 tamen
2437 675 2488 736 A
2523 693 2649 748 6οε,
2685 683 2746 738 et
2794 676 2942 738 talia
2989 683 3257 740 tantum.
3292 677 3410 750 Qui
3459 695 3608 758 ergo
3651 697 3766 739 sua
3807 685 4012 740 aucto-

912 776 1033 838 hoc
1082 776 1180 848 fit,
1213 775 1465 857 quando
1515 775 1826 838 contraria
1873 774 2287 856 proferuntur
2333 793 2406 836 ac

912 881 1209 936 tenentur
1237 873 1315 935 de
1346 892 1420 935 ea
1454 890 1467 934 z
1501 873 1620 936 hoc
1660 892 1810 955 ergo
1840 873 2406 936 sceleratissimum

911 990 1049 1034 esse
1090 972 1361 1034 videtur.
1395 1008 1477 1019 —
1507 973 1736 1046 Tertio,
1770 991 1959 1035 omne
2000 972 2407 1035 mendacium

910 1079 1007 1132 est
1046 1080 1399 1152 peccatum,
1436 1072 1707 1134 maxime
1746 1080 1959 1134 tamen
2002 1070 2406 1133 mendacium

912 1169 978 1233 in
1028 1171 1291 1232 materia
1337 1170 1509 1232 fidei.
1544 1206 1625 1215 —
1663 1172 1913 1244 Quarto,
1951 1169 2252 1252 quoniam
2304 1169 2406 1230 Sa-

634 1275 881 1330 Promxv.
912 1269 1123 1332 lomon
1158 1277 1541 1350 protestatur
1574 1287 1587 1330 ε
1621 1270 1797 1332 Sicut.
1826 1270 1936 1351 qui
1972 1270 2095 1330 mel
2128 1267 2405 1331 comedit

617 1343 683 1383 27.

910 1368 1207 1441 multum,
1252 1386 1379 1430 non
1420 1376 1515 1430 est
1554 1368 1611 1430 ei
1658 1368 1933 1446 bonum;
1971 1367 2063 1430 sic
2106 1367 2217 1448 qui
2264 1385 2403 1448 per-

906 1474 1217 1528 scrutator
1247 1473 1343 1528 est
1374 1466 1745 1546 majestatiS,
1779 1467 2179 1548 opprimetur
2209 1485 2245 1527 a
2275 1464 2404 1545 glo·

903 1565 1014 1626 ria.
1069 1566 1397 1627 lncautum
1458 1584 1627 1646 erge,
1680 1565 1810 1627 imo
1868 1573 1931 1626 et
1982 1572 2400 1646 praesumptu-

900 1681 1083 1725 osum
1127 1663 1665 1745 temerariumque
1698 1664 1971 1737 videtur,
2006 1663 2155 1724 talia
2184 1663 2310 1724 alta
2339 1669 2402 1724 et

901 1761 1575 1842 incomprehensibilia
1625 1762 2031 1842 perscrutari,
2066 1767 2129 1822 et
2176 1761 2254 1822 de
2306 1760 2398 1821 in-

900 1859 1089 1920 certis
1133 1860 1298 1921 ferre
1342 1859 1743 1921 sententiam.

978 1957 1047 2018 In
1076 1957 1441 2039 oppositum
1482 1965 1597 2030 est,
1634 1957 1785 2038 quia
1815 1956 1867 2017 si
1900 1974 2027 2018 non
2068 1956 2289 2018 liceret
2319 1957 2397 2018 de

899 2055 1217 2136 praedictis
1248 2055 1561 2117 contraria
1592 2054 1839 2135 opinari
1870 2073 1943 2116 ac
1976 2054 2226 2116 diversa
2256 2073 2398 2116 sen-

899 2153 1039 2228 tire,
1075 2154 1361 2216 doctores
1402 2153 1763 2216 scholastici
1797 2153 2015 2215 multis
2056 2161 2119 2216 et
2150 2153 2395 2234 magnis

902 2252 1376 2315 involverentur
1425 2251 1747 2333 periculis.
1796 2251 1867 2313 In
1916 2251 2197 2314 materiis
2245 2269 2438 2333 qu0-'

900 2368 1025 2431 que
1064 2349 1496 2431 opinabilibus
1537 2350 1789 2411 videtur
1830 2350 2080 2411 licitum
2120 2369 2260 2411 esse
2291 2369 2395 2412 va-

899 2449 993 2510 ria
1039 2449 1309 2531 opinari,
1342 2449 1646 2530 quamdiu
1701 2466 1825 2510 non
1876 2449 2111 2510 dicitur
2152 2447 2394 2529 aliquid

898 2547 1148 2609 veritati
1193 2547 1533 2628 Scripturae
1576 2556 1685 2608 aut
1726 2546 2240 2610 determinationi
2286 2546 2395 2607 Ec·

897 2645 1106 2709 clesiae
1144 2645 1477 2708 absonum.

977 2743 1349 2826 Specialiter
1378 2751 1591 2806 autem
1623 2751 1835 2825 posset
1865 2743 2127 2824 inquiri,
2150 2762 2231 2804 an
2263 2743 2394 2824 opi-

896 2841 1005 2904 nio
1044 2842 1155 2903 illa
1186 2842 1449 2906 Gilberti
1492 2841 1808 2904 Porretani
1850 2841 2111 2903 exsistat
2150 2841 2394 2904 haereti-

898 2959 989 3002 ca.
1018 2940 1281 3002 Videtur
1310 2941 1481 3022 quod
1513 2940 1661 3013 imo,
1697 2940 1846 3020 quia
1875 2939 2069 3020 aliqui
2104 2940 2390 3001 doctores

2520 773 2703 835 ritate
2743 775 2966 836 asserit
3007 775 3160 856 quid
3202 775 3279 837 de
3321 776 3468 850 Deo,
3504 776 3683 857 ponit
3725 795 3794 838 se
3827 795 4013 858 supra

2517 873 2717 934 Deum
2747 872 3114 952 judicandO,
3147 881 3211 936 et
3252 874 3338 936 ita
3379 882 3600 955 peccat
3641 874 4007 936 mortaliter.

2519 970 2593 1031 Et
2625 971 2744 1032 ista
2773 979 2870 1032 est
2909 970 3210 1053 superbia
3248 970 3610 1034 intellectus
3649 991 3844 1053 quam
3876 991 4009 1054 pro-

2517 1068 2696 1130 hibet
2724 1070 3084 1150 Apostolus,
3121 1071 3340 1132 dicens
3377 1087 3390 1132 :
3425 1070 3563 1134 Non
3605 1071 3750 1153 plus
3793 1090 4007 1153 sapere
4035 1087 4242 1138 amm.

2516 1186 2709 1249 quam
2759 1176 3007 1250 oportet
3058 1188 3302 1251 sapere,
3355 1169 3468 1232 sed
3515 1189 3736 1252 sapere
3789 1171 3868 1232 ad
3917 1189 4007 1233 so-

2517 1265 2868 1329 brietatem.
2905 1268 3094 1330 Porro
3139 1269 3426 1349 magistri
3469 1269 3802 1350 theologiae
3855 1270 4006 1332 nihil

2514 1364 2863 1438 affirmant,
2899 1367 3006 1427 sed
3040 1367 3246 1429 solum
3285 1367 3648 1448 opinantur,
3685 1367 4006 1449 inquiren-

2515 1463 2595 1524 do
2626 1464 2704 1525 de
2745 1463 2978 1526 talibus
3010 1466 3084 1526 ad
3129 1465 3564 1528 defensionem
3599 1465 3750 1528 fidei
3793 1475 4007 1528 contra

2515 1561 2862 1650 haereticos.
2913 1563 3156 1625 Idcirco
3201 1581 3326 1626 non
3379 1572 3666 1646 peccant,
3715 1565 4005 1645 quamvis

2514 1659 2765 1722 animus
2808 1680 3026 1724 eorum
3071 1662 3271 1742 magis
3315 1662 3658 1724 inclinetur
3697 1664 3776 1724 ad
3819 1682 4003 1724 unam

2513 1766 2757 1838 partem
2790 1779 2982 1842 quam
3015 1761 3092 1822 ad
3123 1761 3314 1823 aliam
3350 1779 3363 1823 ε
3398 1761 3568 1842 quod
3610 1769 3708 1823 est
3736 1762 3999 1843 opinari.

2435 1858 2482 1920 B
2513 1856 2962 1920 Verumtamen
2997 1859 3049 1921 si
3091 1860 3237 1940 quis
3281 1860 3348 1921 in
3389 1879 3504 1922 sua
3541 1858 3844 1942 opinione
3883 1860 4006 1941 glo-

2511 1954 2710 2016 rietur
2749 1956 2826 2016 de
2868 1974 2983 2019 suo
3021 1955 3300 2036 ingenio,
3336 1965 3594 2038 peccat3
3627 1957 3738 2020 sed
3779 1959 3832 2019 si
3881 1967 4004 2020 tam

2511 2052 2736 2114 leviter
2765 2062 2827 2115 et
2858 2055 3106 2117 modice
3147 2055 3454 2135 glorietur
3485 2056 3654 2137 quod
3693 2057 3771 2117 ad
3805 2073 4008 2119 corre·

2509 2151 2786 2215 ctionem
2819 2161 3074 2234 paratus
3107 2154 3210 2227 sit,
3229 2155 3479 2216 veniale
3510 2163 3845 2236 peccatum
3877 2165 4000 2217 est:

2507 2256 2570 2311 et
2601 2251 2678 2311 de
2710 2251 2828 2312 hoc
2869 2251 2958 2312 ait
2986 2250 3382 2324 Ambrosius,
3417 2252 3587 2334 quod
3629 2253 3750 2314 fert
3787 2272 4004 2315 secum

2509 2346 2775 2428 lignum,
2812 2348 3054 2411 foenuni
3106 2357 3169 2411 et
3216 2349 3540 2432 stipulam.
3577 2351 3640 2413 Si
3685 2369 3838 2413 vero
3880 2352 4006 2432 glo-

2507 2447 2706 2508 rietur
2746 2455 2871 2508 tam
2909 2448 3318 2510 vehementer
3359 2449 3526 2530 quod
3568 2449 3858 2529 pertinax
3898 2450 4000 2523 sit,

2505 2553 2840 2626 peccatum
2887 2546 3150 2608 mortale
3191 2555 3504 2608 censetur.
3539 2583 3618 2592 —
3649 2548 3793 2610 Haec
3831 2548 4004 2610 Anti-

2506 2642 2908 2705 siodorensiS.
2947 2644 3036 2705 Ex
3067 2644 3302 2725 quibus
3335 2651 3508 2727 patet
3536 2664 3728 2726 quam
3761 2646 4008 2728 pericu·

2506 2741 2712 2803 losum
2745 2742 2828 2803 sit
2859 2743 2935 2804 de
2967 2743 3202 2804 divinis
3233 2751 3294 2804 et
3329 2743 3587 2806 incertis
3618 2763 3921 2818 asserere,
3941 2749 4002 2805 et

2506 2841 2834 2902 communi
2886 2840 3189 2902 doctrinae
3238 2842 3610 2904 devotorum
3655 2861 3727 2905 ae
3776 2842 4004 2905 solido-

2505 2957 2646 2999 rum
2679 2940 3010 3001 doctorum
3041 2939 3806 3022 dissentire,curiosisque
3833 2941 4004 3003 novi·

896 3047 1113 3120 aperte
1154 3038 1274 3100 hoc
1313 3039 1552 3099 dicunt.
1590 3038 1679 3099 Ex
1712 3037 1821 3098 illa
1860 3037 2051 3098 etiam
2090 3037 2390 3118 opinione
2430 3036 2473 3099 C
2505 3036 2740 3098 tatibus
2773 3037 3088 3099 insudare.
3124 3038 3213 3100 Ex
3243 3039 3485 3100 eisdem
3523 3035 3778 3100 elicitur
3807 3059 4002 3121 quam

898 3137 1188 3219 sequitur
1226 3136 1467 3219 aliquid
1508 3137 1662 3199 fidei
1702 3144 1934 3199 sanctae
1976 3137 2388 3207 contrarium,

898 3243 969 3296 ut
1007 3234 1278 3317 probant
1310 3235 1685 3298 Guille'lmus
1716 3234 2085 3296 Parisiensis
2123 3234 2188 3295 in
2229 3234 2391 3296 libro

842 3336 852 3346 '
896 3332 974 3395 (16
1018 3333 1319 3395 Trinitate
1362 3352 1435 3395 ac
1476 3333 1581 3394 alii
1624 3332 1903 3414 quidam.

975 3533 1067 3594 Ad
1117 3532 1235 3593 hoc
1278 3529 1811 3594 Antisiodorensis
1856 3530 1921 3591 in
1967 3531 2227 3593 Summa
2276 3548 2391 3591 sua

895 3632 1103 3712 primo
1135 3630 1298 3692 libro
1328 3629 1665 3713 respondet
1701 3648 1715 3691 ε
1748 3629 1983 3692 Neutra
2010 3629 2387 3711 opinionum

894 3729 1146 3791 illarum
1180 3730 1257 3791 de
1298 3729 1666 3792 notionibus
1698 3736 1792 3790 est
1823 3727 2138 3799 haeretica,
2174 3726 2326 3807 quia
2353 3746 2390 3788 a

894 3847 1070 3892 sacra
1116 3830 1441 3910 Scriptura
1480 3847 1606 3891 non
1648 3827 1957 3889 habemus
1998 3827 2075 3887 de
2116 3825 2388 3887 notioni-

894 3926 1014 3988 bus
1072 3927 1563 3989 determinatum
1624 3926 1779 4008 quid
1828 3926 1911 3986 sit
1968 3925 2314 3986 tenendum
2370 3942 2383 3985 :

894 4024 1036 4087 ideo
1067 4024 1215 4087 licet
1247 4026 1565 4105 magistris
1598 4024 1767 4086 circa
1807 4023 1927 4086 hoc
1958 4022 2229 4105 opinari.
2266 4023 2385 4085 Sed

894 4140 1023 4184 non
1054 4122 1203 4185 licet
1230 4124 1323 4184 eis
1353 4141 1651 4185 asserere.
1675 4122 1739 4185 Si
1769 4122 1944 4184 enim
1976 4122 2119 4203 quis
2150 4128 2388 4183 asserat

2503 3135 2779 3215 graviter
2827 3143 3093 3218 peccent
3141 3138 3430 3200 homines
3489 3138 3821 3200 saeculares
3873 3158 4005 3201 car-

2503 3235 2678 3296 nales
2738 3236 2814 3296 de
2865 3233 3177 3315 religiosis
3232 3235 3600 3316 judicando,
3655 3236 4004 3319 passionati

2501 3351 2756 3414 quoque
2805 3332 3084 3413 religiosi
3134 3333 3216 3414 (si
3276 3341 3488 3395 tamen
3541 3334 3871 3415 religiosi),
3925 3336 4004 3397 de

2504 3430 2817 3511 religiosis
2864 3450 3012 3493 vere
3055 3431 3499 3514 spiritualibus
3543 3440 3606 3493 et
3648 3433 3940 3495 internis.

2581 3528 2690 3591 His
2721 3529 3074 3592 Alexander
3109 3531 3498 3593 concordans
3535 3548 3548 3592 :
3582 3530 3719 3594 Non
3755 3539 3875 3607 est,
3912 3532 4007 3595 in-

2503 3626 2662 3709 quit,
2698 3627 3026 3709 probabile
3072 3636 3200 3691 tam
3249 3629 3487 3710 peritos
3535 3630 3727 3704 virm,
3765 3638 3832 3692 ut
3881 3631 4005 3693 sci-

2503 3724 2647 3787 licet
2680 3725 2804 3786 fuit
2832 3726 3173 3800 GilbertuS,
3202 3727 3494 3789 haeresim
3525 3728 3821 3802 sensisse,
3848 3729 4003 3790 licet

2501 3823 2695 3885 verba
2743 3842 2962 3886 eorum
3016 3825 3382 3888 viderentur
3428 3826 3752 3907 aliquibus
3801 3826 4004 3889 heere-

2501 3922 2622 3983 sim
2654 3941 2896 3985 sonare.
2932 3923 3058 3984 Nec
3091 3921 3212 3984 fuit
3243 3924 3407 3985 inter
3436 3942 3544 3986 eos
3579 3925 4002 3989 contradictio

2499 4021 2850 4083 secundum
2877 4040 3028 4095 rem,
3043 4029 3152 4083 aut
3181 4022 3534 4084 secundum
3566 4023 3998 4086 intellectum:

2499 4118 2650 4200 quia
2718 4126 2788 4180 ut
2854 4118 3011 4180 dicit
3077 4119 3468 4202 Lombardus
3540 4120 3607 4183 in
3672 4121 4004 4184 tricesima

894 4222 973 4283 de
1032 4221 1159 4283 Deo
1217 4221 1386 4302 quod
1444 4238 1571 4283 non
1624 4228 1721 4283 est
1780 4220 2272 4283 determinatum
2322 4219 2386 4282 in
2419 4220 2466 4280 D
2499 4225 2723 4298 quarta
2780 4217 3187 4281 distinctione
3246 4218 3437 4300 primi
3499 4219 4000 4293 Sententiarum,

894 4338 1073 4381 sacra
1129 4320 1475 4401 Scriptura,
1528 4320 1629 4382 vel
1679 4320 1847 4401 quod
1908 4337 2033 4381 non
2084 4326 2386 4400 sequatur

892 4418 1131 4480 directe
1170 4437 1247 4479 ex
1277 4416 1430 4491 fide,
1468 4425 1686 4499 peccat
1724 4418 2094 4489 mortaliter,
2129 4417 2281 4498 quia
2320 4434 2386 4477 se

893 4516 1105 4597 ipsum
1137 4516 1465 4578 constituit
1494 4535 1685 4598 supra
1718 4516 1915 4577 Deum
1943 4534 1956 4577 :
1978 4515 2175 4595 judex
2206 4515 2388 4598 quip-

890 4633 971 4697 pe
1001 4622 1097 4675 est
1126 4633 1317 4695 supra
1348 4614 1410 4675 id
1442 4614 1519 4675 de
1550 4632 1677 4695 quo
1704 4614 1965 4693 judicat.
1983 4613 2147 4675 Talis
2178 4621 2390 4675 autem

888 4721 985 4777 est
1014 4714 1169 4776 ordo
1195 4712 1546 4793 judicandi,
1582 4720 1650 4773 ut
1682 4714 1845 4774 Deus
1874 4712 2117 4792 judicet
2144 4712 2382 4785 omnia,

888 4811 1239 4895 spiritualis
1281 4830 1430 4874 vero
1474 4812 1665 4874 homo
1704 4810 1948 4891 judicet
1986 4810 2202 4873 omnia
2246 4830 2386 4892 quae

888 4910 1009 4973 sub
1040 4930 1107 4973 se
1148 4918 1317 4985 sunt,
1353 4918 1573 4991 utpote
1610 4910 1780 4992 ipsos
1821 4909 2112 4972 homines
2145 4909 2384 4971 anima—

890 5010 983 5073 les
1026 5010 1453 5091 inferioraque
1483 5008 1713 5072 omnia.
1748 5008 2058 5071 Animalis
2090 5026 2240 5070 vero
2279 5008 2387 5070 ho-

894 5126 997 5171 mo
1029 5127 1155 5171 non
1188 5117 1393 5191 potest
1423 5107 1709 5188 judicare
1740 5108 1817 5169 de
1849 5106 2292 5189 spiritualibus
2323 5114 2388 5167 et

599 5225 859 5277 icor-‚naa
892 5209 970 5270 de
1019 5208 1277 5271 homine
1336 5206 1673 5290 spirituali,
1726 5206 1876 5287 quia
1924 5224 2051 5268 non
2111 5204 2386 5287 percipit

892 5327 966 5370 ea
996 5328 1135 5393 quae
1166 5306 1275 5369 Dei
1319 5313 1503 5383 sunt;
1536 5307 1646 5368 sed
1687 5312 1891 5386 potest
1927 5304 2214 5385 judicare
2246 5321 2387 5385 por-

2496 4316 2621 4376 alia
2667 4323 2763 4377 est
2813 4316 2972 4377 ratio
3022 4315 3460 4396 intelligentiae
3508 4318 3818 4391 essentiae,
3872 4319 4008 4381 alia

2500 4432 2784 4495 personae
2823 4415 2956 4477 sive
2991 4414 3385 4497 hypostasis3
3419 4414 3716 4477 similiter
3742 4416 3910 4495 (imo
3941 4427 4008 4479 et

2500 4512 2672 4594 plus)
2699 4513 2826 4575 alia
2855 4521 2951 4574 est
2992 4513 3151 4575 ratio
3193 4512 3627 4594 intelligentiae
3669 4513 3874 4595 ipsius
3907 4534 4010 4579 es-

2497 4611 2736 4685 sentiae,
2771 4618 2834 4673 et
2880 4612 3002 4673 alia
3051 4610 3458 4693 proprietatis
3493 4629 3506 4673 ε
3541 4619 3605 4673 et
3643 4611 3824 4692 juxta
3877 4614 4006 4677 hoc

2497 4719 2944 4792 processerunt
2972 4709 3315 4784 Porretani,
3351 4717 3657 4791 ponentes
3688 4711 4008 4775 adsisten-

2497 4808 2646 4869 tiam
2700 4808 3047 4872 formarum
3099 4826 3210 4869 seu
3261 4808 3663 4882 relationum,
3717 4811 4006 4874 maxime

2496 4926 2695 4988 quum
2737 4906 2802 4967 in
2847 4906 3008 4968 libro
3047 4906 3124 4968 de
3159 4906 3463 4968 Trinitate
3503 4907 3674 4969 dicat
3711 4907 4004 4985 BoetiuS,

2497 5006 2664 5086 quod
2721 5005 3008 5086 quaedam
3072 5004 3560 5086 praedicamenta
3619 5024 3753 5067 rem
3811 5025 4010 5070 mon·

2495 5112 2716 5176 strant,
2751 5103 3038 5183 quaedam
3070 5121 3221 5165 vero
3261 5103 3442 5185 quasi
3480 5102 4010 5167 circumstantias

2495 5204 2585 5265 rei
2621 5220 2634 5263 :
2670 5211 2733 5264 et
2763 5202 2872 5262 illa
2901 5202 3162 5282 quidem
3193 5202 3285 5263 sic
3321 5202 3750 5283 praedicantur
3780 5211 3854 5263 ut
3887 5204 4010 5266 ali-

2495 5301 2648 5383 quid
2681 5319 2818 5363 esse
2849 5300 3213 5379 ostendant;
3241 5299 3350 5361 illa
3380 5318 3531 5363 vero
3560 5316 3688 5363 non
3727 5308 3796 5362 ut
3827 5320 4008 5381 esse,
