4359 6250
139 2173 310 2216 loann-
326 2187 390 2223 ιιι,

151 2371 164 2413 l
183 2370 292 2414 Cor.
313 2383 390 2420 ιιι,

123 2438 186 2476 u.

131 2663 390 2714 Manlum,

689 513 777 558 AN
817 513 1006 560 mxu
1048 511 1466 559 CAPAclTATEM
1511 511 1588 556 AG
1630 509 2091 556 Dlsrosrrlomffl
2133 510 2525 556 NATURALHJM
2568 511 2824 558 CARITAS
2869 509 3257 555 INFUNDATUR
3446 488 3521 553 21

421 682 910 765 dispositionem
957 690 1022 745 et
1069 683 1482 766 capacitatem
1535 680 1918 743 naturalium
1951 679 2002 741 A
2032 680 2176 742 dam
2211 699 2323 761 per
2352 681 2799 762 dispositiones
2828 679 3273 752 accidentaleS,
3296 678 3389 740 sic
3418 679 3525 740 ho-

421 782 648 846 collata
696 782 830 844 sint
875 784 967 845 eis
1016 782 1397 844 charismata
1443 779 1808 861 gratiarum.
1843 814 1923 824 —

421 881 652 954 Tertio,
694 881 864 943 sicut
904 880 1111 944 forma
1150 878 1586 941 substantialis
1625 896 1691 938 se
1732 876 1922 938 habet

418 980 498 1042 ad
541 997 682 1040 esse
732 979 1041 1053 naturale,
1083 978 1176 1040 sic
1220 978 1447 1039 caritas
1490 976 1568 1038 ad
1611 993 1750 1037 esse
1789 993 1924 1054 gra-

420 1079 677 1140 tuitum.
714 1078 835 1140 Sed
877 1077 1100 1140 formae
1142 1076 1589 1139 substantiales
1629 1075 1860 1136 dantur
1887 1093 1923 1134 a

419 1177 636 1240 datore
669 1175 1023 1240 formarum
1055 1175 1408 1238 secundum
1439 1173 1922 1255 dispositionem

419 1283 483 1337 et
524 1275 944 1357 capacitatem
988 1273 1398 1336 materierum
1431 1289 1446 1334 :
1479 1289 1630 1351 ergo
1667 1278 1730 1332 et
1770 1270 1924 1332 cari-

421 1383 515 1435 tas
545 1373 904 1434 secundum
936 1371 1351 1454 capacitatem
1392 1369 1800 1442 naturalium,
1837 1370 1923 1430 ita

421 1472 592 1553 quod
631 1470 744 1553 qui
791 1470 1102 1532 naturalia
1149 1469 1430 1551 possidet
1474 1468 1755 1541 meliora,
1799 1486 1924 1529 ma-

419 1569 628 1649 j0rem
673 1568 940 1650 recipiat
983 1568 1329 1630 caritatem.
1365 1557 1445 1611 -’-
1472 1566 1724 1640 Quarto,
1758 1565 1922 1627 sicut

418 1667 624 1749 gloria
661 1675 758 1729 est
795 1667 1014 1746 gratiae
1057 1665 1620 1747 complementum,
1655 1665 1748 1726 sic
1788 1682 1922 1743 gra·

419 1765 511 1827 tia
553 1763 864 1846 perfectio
891 1770 990 1826 est
1027 1771 1288 1826 naturae.
1323 1763 1446 1825 Sed
1487 1780 1612 1843 quo
1643 1761 1786 1844 quis
1827 1761 1921 1824 fu-

2034 797 2137 841 mo
2175 799 2255 841 ex
2295 781 2427 842 suis
2466 781 2769 861 operibus
2806 780 2885 841 fit
2925 779 3125 860 magis
3163 785 3272 840 aut
3312 777 3524 838 minus

2031 879 2377 960 dispositus
2419 881 2497 941 ad
2542 879 3061 961 consequendum
3104 896 3284 939 suam
3325 876 3526 958 perfe-

2032 979 2307 1040 ctionem
2360 979 2425 1040 in
2472 979 2654 1041 donis
2711 978 3021 1059 gratuitis.
3074 977 3525 1038 Verumtamen

2032 1077 2407 1140 differenter
2454 1097 2521 1139 se
2571 1078 2807 1140 habent
2852 1078 3249 1160 operationes
3296 1075 3526 1138 animae

2030 1177 2109 1239 ad
2159 1177 2426 1239 virtutes
2468 1196 2579 1240 seu
2621 1177 3044 1260 perfectiones
3082 1174 3425 1256 acquisitas
3462 1183 3527 1236 et

2031 1276 2110 1337 ad
2158 1275 2427 1338 virtutes
2486 1275 2749 1338 infusas
2805 1274 3228 1337 Perfectiones
3287 1273 3525 1334 etenim

2030 1373 2379 1455 acquisitae‚
2442 1383 2591 1436 sunt
2647 1375 2715 1435 in
2774 1373 3055 1454 potentia
3112 1371 3341 1433 animae
3398 1387 3524 1433 non

2031 1471 2239 1535 solum
2291 1472 2621 1546 materiali,
2668 1473 2777 1534 sed
2827 1473 3019 1534 etiam
3066 1470 3293 1542 activa,
3340 1476 3528 1550 prout

2031 1571 2275 1652 aliquid
2314 1578 2409 1633 est
2452 1571 2517 1633 in
2564 1569 2984 1633 seminalibus
3024 1567 3231 1630 causis
3266 1583 3280 1628 ε
3315 1574 3385 1627 ut
3423 1585 3528 1628 na-

2030 1669 2255 1731 turalis
2310 1669 2575 1731 scientia
2634 1671 2699 1731 in
2756 1668 3113 1749 cognitione
3172 1665 3527 1748 primorum

2032 1767 2517 1849 principiorum.
2572 1767 2881 1830 Similiter
2937 1766 3203 1828 virtutes
3259 1763 3527 1826 morales

419 1863 543 1924 erit
575 1861 780 1943 major
808 1862 874 1924 in
904 1861 1128 1943 gratia,
1158 1879 1234 1924 eo
1264 1861 1340 1923 fit
1369 1861 1574 1941 major
1604 1861 1668 1922 in
1698 1859 1914 1941 gloria.
1958 1869 2005 1930 Β
2032 1852 2183 1928 sunt
2211 1866 2276 1927 in
2318 1866 2696 1928 rectitudine
2726 1871 2789 1926 et
2817 1864 3037 1927 ordine
3068 1862 3349 1924 rationis.
3384 1862 3528 1923 Ideo

423 1961 588 2042 Ergo
638 1978 764 2042 quo
814 1959 1128 2021 naturalia
1177 1959 1470 2022 habuerit
1520 1958 1804 2032 meliora,
1845 1976 1922 2020 eo

423 2059 568 2141 plus
609 2059 828 2139 gratiae
871 2057 930 2120 ei
974 2057 1316 2120 confertur.

502 2158 574 2218 In
616 2157 1008 2218 contrarium
1050 2163 1146 2217 est
1196 2155 1353 2217 illud
1393 2155 1648 2218 Ioannis
1683 2172 1696 2216 :
1731 2154 1924 2236 Spiri-

423 2265 525 2319 tus
558 2255 669 2316 ubi
701 2254 841 2316 vult
870 2255 1102 2335 spirat3
1133 2263 1197 2315 et
1225 2254 1394 2335 quod
1423 2253 1512 2314 ait
1540 2253 1875 2335 Apostolus
1905 2269 1918 2314 :

420 2355 568 2417 Haec
595 2351 814 2416 omnia
843 2361 1144 2434 operatur
1174 2371 1337 2413 unus
1367 2359 1558 2433 atque
1588 2351 1756 2412 idem
1789 2350 1924 2431 Spi-

423 2453 608 2527 ritus,
633 2452 926 2514 dividens
958 2449 1226 2530 singulis
1261 2458 1446 2531 prout
1477 2450 1631 2512 vult.
1659 2449 1832 2512 Unde
1862 2457 1925 2511 et

422 2549 884 2633 paterfamilias
925 2548 1054 2623 ille,
1092 2567 1430 2630 supremus
1471 2567 1683 2610 rerum
1725 2547 1925 2610 omni-

422 2668 534 2711 um
571 2647 904 2720 Dominus,
935 2645 1216 2727 loquitur
1249 2663 1262 2706 :
1295 2646 1392 2708 An
1427 2662 1554 2707 non
1587 2645 1736 2706 licet
1764 2644 1923 2707 mihi

421 2746 592 2828 quod
627 2745 772 2808 volo
802 2743 1058 2807 facere?
1096 2745 1382 2826 Denique
1413 2743 1599 2806 multi
1634 2743 1924 2806 homines

417 2852 841 2908 assumuntur
868 2843 948 2905 ad
977 2844 1232 2907 ordines
1261 2843 1654 2923 angelorum,
1687 2841 1922 2924 quibus

421 2943 760 3005 inferiores
801 2950 950 3004 sunt
988 2960 1102 3024 per
1145 2949 1454 3003 naturam.
1488 2975 1569 2986 -—
1595 2941 1920 3012 Praeterea,

2031 1963 2429 2044 operationes
2478 1963 2708 2024 animae
2752 1981 2819 2024 se
2856 1961 3093 2023 habent
3132 1960 3212 2022 ad
3250 1977 3355 2021 eas
3397 1966 3531 2021 tan-

2031 2078 2226 2142 quam
2270 2061 2476 2122 activa
2520 2061 2857 2143 principia,
2905 2059 3056 2141 quia
3100 2077 3179 2120 ex
3222 2057 3531 2138 operatio-

2031 2158 2223 2220 nibus
2263 2165 2663 2239 generantur.
2706 2159 2893 2222 Porro
2931 2157 3199 2219 virtutes
3238 2175 3351 2218 seu
3393 2174 3531 2237 per-

2032 2256 2343 2319 fectiones
2405 2256 2655 2330 infusae,
2710 2264 2858 2319 sunt
2904 2256 2970 2318 in
3019 2264 3244 2317 natura
3300 2254 3531 2316 animae

2032 2356 2241 2418 solum
2291 2364 2361 2417 ut
2409 2356 2474 2417 in
2528 2355 2837 2417 materiali
2889 2353 3190 2436 potentia,
3242 2360 3308 2414 et
3354 2353 3531 2416 nullo

2035 2454 2223 2517 modo
2270 2453 2479 2515 activa
2532 2471 2545 2514 :
2600 2453 2901 2535 quoniam
2955 2452 3205 2514 elevant
3250 2451 3531 2515 animam

2032 2571 2227 2634 supra
2267 2570 2526 2615 omnem
2570 2570 2751 2613 suam
2794 2549 3147 2612 naturalem
3188 2549 3525 2613 actionem.

2032 2650 2194 2712 Hinc
2223 2650 2621 2732 operationes
2664 2649 2895 2711 animae
2934 2647 3171 2711 habent
3199 2667 3267 2710 se
3300 2649 3379 2709 ad
3410 2649 3533 2710 vir-

2032 2755 2201 2810 tutes
2244 2747 2487 2810 infusas
2531 2748 2737 2810 solum
2780 2755 2852 2809 ut
2891 2746 3361 2828 dispositioneS,
3403 2765 3531 2810 non

2036 2853 2105 2907 ut
2147 2864 2371 2907 causae.
2420 2845 2773 2908 Dicendum
2822 2861 2971 2926 ergo
3016 2845 3186 2926 quod
3234 2863 3534 2906 mensura

2033 2945 2386 3006 secundum
2428 2963 2623 3026 quam
2663 2944 2849 3005 datur
2878 2943 3127 3016 caritaS,
3160 2951 3257 3004 est
3290 2943 3533 3024 capaci-

419 3041 588 3103 Deus
619 3049 720 3102 est
750 3059 942 3102 causa
973 3040 1216 3103 ordinis
1247 3039 1802 3120 distinctionisque
1835 3057 1925 3099 re·
1961 3043 2004 3105 C
2035 3049 2127 3104 tas
2174 3040 2405 3104 animae
2462 3041 2775 3102 exsistens
2824 3059 2901 3102 ex
2950 3048 3175 3102 natura
3232 3039 3425 3102 simul
3469 3047 3534 3102 et

419 3158 566 3201 rum
601 3157 617 3201 :
651 3157 803 3219 ergo
830 3138 1164 3202 diversitas
1193 3156 1532 3200 munerum
1562 3138 1924 3200 divinorum

418 3237 498 3300 ad
546 3236 1144 3319 praeordinationem
1188 3236 1420 3299 divinae
1462 3236 1788 3317 sapientiae
1831 3243 1927 3296 est

421 3335 870 3418 principaliter
917 3333 1269 3408 referenda,
1323 3335 1675 3416 praesertim
1723 3353 1924 3416 quum

420 3434 514 3496 nil
573 3440 718 3514 agat
776 3433 841 3493 in
898 3440 1182 3513 tempore
1233 3432 1357 3494 nisi
1404 3450 1483 3493 ex
1531 3433 1927 3514 praedisposi-

419 3533 598 3595 tione
649 3538 904 3594 aeterna.
938 3564 1019 3575 —
1048 3530 1310 3605 RursuS,
1352 3548 1510 3611 quos
1557 3530 1636 3591 ad
1688 3530 1927 3611 majora

419 3632 644 3712 gloriae
683 3630 848 3692 dona
888 3629 1102 3709 elegit,
1139 3628 1238 3692 his
1278 3629 1790 3692 excellentiorem
1832 3648 1928 3691 ca-

423 3730 682 3791 ritatem
713 3728 996 3809 largitur.
1032 3728 1196 3809 Ergo
1227 3728 1576 3790 secundum
1610 3728 1927 3809 praedesti-

423 3828 704 3891 nationis
733 3833 986 3891 aeternae
1016 3845 1544 3901 mensuram,non
1573 3827 1926 3889 secundum

423 3934 672 3990 naturae
709 3926 1000 4007 gradum,
1034 3925 1260 3987 tribuit
1298 3926 1642 3987 caritatem.
1674 3961 1755 3971 —
1784 3926 1928 3987 Am-

423 4025 622 4107 plius,
659 4024 952 4087 videmus
995 4023 1278 4106 quotidie
1313 4024 1480 4105 quod
1520 4023 1716 4105 aliqui
1753 4023 1928 4085 meli-

421 4124 555 4186 oris
602 4122 833 4186 indolis
883 4128 948 4183 et
993 4122 1203 4183 minus
1250 4121 1484 4194 vitiosi,
1523 4121 1692 4202 juste
1741 4122 1928 4184 relin-

2035 3139 2449 3221 dispositione
2503 3157 2517 3200 ε
2572 3158 2713 3221 quae
2769 3138 3103 3221 dispositio
3160 3147 3257 3200 est
3312 3156 3534 3201 secun-

2033 3239 2188 3300 dum
2238 3238 2679 3320 operationum
2739 3245 3057 3299 conatum.
3112 3236 3189 3298 Et
3232 3237 3385 3319 quia
3440 3256 3534 3299 se-

2035 3337 2318 3399 cundum
2357 3337 2655 3398 eumdem
2688 3344 2985 3398 conatum
3030 3336 3230 3415 magis
3260 3335 3534 3416 disponi-

2035 3443 2138 3497 tur
2166 3442 2393 3496 natura
2430 3435 2495 3495 in
2527 3452 2653 3497 uno
2685 3451 2878 3516 quam
2918 3434 3079 3511 alio;
3121 3433 3263 3496 ideo
3293 3432 3531 3495 habens

2035 3532 2350 3595 naturalia
2410 3532 2696 3607 meliora,
2750 3531 3095 3594 dummodo
3144 3531 3227 3592 sit
3272 3550 3387 3613 par
3436 3549 3533 3594 co-

2035 3640 2243 3705 natuS,
2278 3632 2423 3713 plus
2457 3632 2722 3713 recipiet
2752 3631 2828 3692 de
2859 3628 3203 3691 virtutibus
3243 3628 3534 3712 perfecti-

2034 3730 2396 3811 onibusque
2440 3728 2693 3802 infusiS,
2738 3727 3272 3809 quemadmodum
3316 3735 3380 3789 et
3420 3727 3532 3809 qui

2035 3827 2349 3889 naturalia
2398 3825 2592 3889 habet
2640 3825 2859 3907 pejora
2901 3825 3282 3906 quandoque
3333 3824 3532 3905 magis

2036 3925 2323 4007 recipiet,
2358 3925 2411 3986 si
2442 3924 2520 3985 ad
2558 3925 2679 3987 hoc
2711 3924 2855 4005 plus
2886 3930 3168 3985 conetur.
3204 3922 3347 3987 Haec
3377 3923 3534 3986 Tho—

2038 4041 2170 4084 mas
2216 4023 2282 4084 in
2326 4022 2592 4103 Scripto.

2115 4121 2351 4183 Verum
2399 4121 2567 4181 idem
2613 4120 2842 4183 Doctor
2884 4120 2949 4181 in
2994 4120 3273 4183 secunda
3314 4138 3536 4181 secun-

421 4230 719 4305 quuntur
744 4240 783 4283 a
812 4221 971 4299 De03
1003 4220 1110 4281 alii
1141 4238 1290 4282 vero
1319 4220 1604 4282 duriores
1635 4229 1698 4282 et
1727 4220 1925 4301 magis
1958 4223 2007 4283 D
2036 4222 2153 4295 dae,
2187 4219 2535 4302 quaestione
2565 4218 2871 4281 vicesima
2898 4228 3142 4300 quarta,
3176 4219 3427 4280 videtur
3456 4219 3533 4279 de

423 4319 808 4402 culpabiles,
853 4318 1350 4381 misericorditer
1391 4326 1865 4382 convertuntur.

503 4517 602 4580 Ad
633 4515 804 4601 istud
835 4514 1104 4577 Thomas
1137 4516 1475 4597 respondet
1494 4534 1507 4578 ε
1527 4516 1733 4589 Quum
1762 4516 1927 4579 Deus

421 4616 505 4677 ad
570 4614 787 4677 omnia
852 4631 920 4675 se
981 4613 1310 4695 aequaliter
1370 4612 1618 4687 habeat,
1681 4623 1929 4696 oportet

425 4713 604 4796 quod
662 4712 996 4785 diversitas
1054 4711 1366 4775 donorum
1425 4712 1506 4772 ab
1565 4712 1702 4795 ipso
1762 4732 1930 4775 rece-

425 4820 690 4895 ptorum
747 4810 1110 4871 attendatur
1161 4810 1512 4871 secundum
1573 4812 1933 4894 recipienti-

424 4928 540 4971 um
589 4906 1046 4979 diversitatem,
1080 4906 1434 4967 secundum
1478 4908 1647 4987 quod
1689 4908 1932 4989 aliquid

421 5015 524 5069 est
567 5004 770 5086 magis
809 5012 1032 5085 aptum
1071 5010 1136 5064 et
1176 5011 1467 5085 paratum
1507 5006 1585 5067 ad
1626 5006 1934 5088 recipien-

423 5104 606 5167 dum.
623 5101 1170 5177 Quemadmodum
1200 5109 1414 5164 autem
1443 5103 1506 5165 in
1540 5104 1934 5167 naturalibus

429 5202 660 5266 formis
711 5201 1004 5263 videmus
1063 5201 1233 5282 quod
1292 5202 1555 5264 materia
1611 5202 1688 5265 fit
1738 5203 1938 5284 magis

435 5308 552 5363 aut
585 5299 800 5361 minus
829 5297 1138 5380 disposita
1176 5300 1254 5361 ad
1289 5298 1561 5363 formam
1597 5300 1944 5383 suscipien-

2038 4320 2156 4381 hac
2207 4338 2273 4381 re
2321 4318 2506 4381 aliter
2555 4318 2813 4391 sentire,
2859 4318 3129 4380 dicendo
3170 4338 3183 4381 :
3226 4317 3534 4383 Uniuscu-

2035 4418 2269 4499 jusque
2309 4416 2627 4498 quantitas
2668 4415 2982 4497 dependet
3020 4434 3057 4476 a
3096 4415 3351 4496 propria
3393 4433 3536 4476 cau-

2039 4535 2129 4589 sa,
2172 4516 2475 4597 quoniam
2526 4512 2945 4576 universalior
2994 4530 3183 4574 causa
3228 4512 3533 4575 effectum

2043 4613 2337 4695 producit
2394 4613 2721 4691 majorem.
2778 4610 3015 4673 Caritas
3071 4618 3285 4673 autern
3332 4630 3533 4692 quum

2043 4712 2445 4773 transcendat
2476 4709 2952 4791 proportionem
2990 4717 3250 4782 naturae,
3275 4727 3399 4771 non
3432 4710 3535 4773 de-

2044 4810 2279 4891 pendet
2317 4816 2627 4890 quantum
2675 4808 2751 4870 ad
2804 4826 2983 4869 suam
3029 4806 3414 4869 infusionem
3457 4826 3535 4869 ex

2043 4908 2258 4988 aliqua
2295 4907 2566 4969 naturali
2608 4907 2862 4980 virtute,
2896 4906 3005 4967 sed
3045 4905 3251 4966 solum
3290 4924 3367 4966 ex
3408 4906 3535 4987 pie-

2047 5014 2172 5067 tate
2213 5011 2277 5067 et
2318 5004 2517 5085 gratia
2562 5004 2835 5085 Spiritus
2885 5002 3093 5064 Sancti
3137 5020 3276 5063 eam
3326 5002 3536 5064 infun-

2049 5103 2276 5166 dentis.
2302 5104 2462 5165 Hinc
2492 5102 2809 5184 quantitas
2842 5099 3119 5162 caritatis
3149 5115 3277 5161 non
3307 5100 3538 5182 depen-

2051 5202 2157 5263 det
2188 5221 2265 5263 ex
2296 5202 2529 5264 virtute
2562 5208 2823 5273 naturai,
2848 5215 3055 5278 neque
3086 5215 3162 5258 ex
3193 5198 3537 5280 capacitate

2057 5300 2363 5363 naturalis
2396 5297 2674 5371 virtutiS,
2709 5296 2817 5359 sed
2858 5294 3066 5359 solum
3105 5314 3184 5357 ex
3218 5297 3541 5361 voluntate
