<?xml version="1.0" encoding="UTF-8"?>
<!DOCTYPE html PUBLIC "-//W3C//DTD XHTML 1.0 Transitional//EN"
    "http://www.w3.org/TR/xhtml1/DTD/xhtml1-transitional.dtd">
<html xmlns="http://www.w3.org/1999/xhtml" xml:lang="en" lang="en">
 <head>
  <title>
</title>
<meta http-equiv="Content-Type" content="text/html;charset=utf-8" />
  <meta name='ocr-system' content='tesseract 3.04.00' />
  <meta name='ocr-capabilities' content='ocr_page ocr_carea ocr_par ocr_line ocrx_word'/>
</head>
<body>
  <div class='ocr_page' id='page_1' title='image "./doctorisecstati11unkngoog_0171.png"; bbox 0 0 4359 6250; ppageno 0'>
   <div class='ocr_carea' id='block_1_1' title="bbox 569 470 3469 547">
    <p class='ocr_par' dir='ltr' id='par_1_1' title="bbox 569 470 3469 547">
     <span class='ocr_line' id='line_1_1' title="bbox 569 470 3469 547; baseline -0.001 -12"><span class='ocrx_word' id='word_1_1' title='bbox 569 490 716 543; x_wconf 82' lang='lat' dir='ltr'><strong>Qum</strong></span> <span class='ocrx_word' id='word_1_2' title='bbox 755 490 848 535; x_wconf 86' lang='lat' dir='ltr'><strong>srr</strong></span> <span class='ocrx_word' id='word_1_3' title='bbox 889 490 1186 547; x_wconf 64' lang='lat' dir='ltr'><strong>ransom,</strong></span> <span class='ocrx_word' id='word_1_4' title='bbox 1223 490 1300 535; x_wconf 74' lang='lat' dir='ltr'><strong>n&#39;r</strong></span> <span class='ocrx_word' id='word_1_5' title='bbox 1338 490 1472 545; x_wconf 64' lang='lat' dir='ltr'><strong>onae</strong></span> <span class='ocrx_word' id='word_1_6' title='bbox 1511 490 1693 536; x_wconf 57' lang='lat' dir='ltr'><strong>nario</strong></span> <span class='ocrx_word' id='word_1_7' title='bbox 1735 491 1874 535; x_wconf 74' lang='lat' dir='ltr'><strong>mus</strong></span> <span class='ocrx_word' id='word_1_8' title='bbox 1917 491 1980 535; x_wconf 77' lang='lat' dir='ltr'><strong>m</strong></span> <span class='ocrx_word' id='word_1_9' title='bbox 2023 490 2273 545; x_wconf 68' lang='lat' dir='ltr'><strong>nivium,</strong></span> <span class='ocrx_word' id='word_1_10' title='bbox 2312 490 2385 535; x_wconf 75' lang='grc' dir='ltr'><strong>ετ</strong></span> <span class='ocrx_word' id='word_1_11' title='bbox 2427 491 2723 545; x_wconf 58' lang='lat' dir='ltr'><strong>Quam-nn</strong></span> <span class='ocrx_word' id='word_1_12' title='bbox 2766 491 2881 537; x_wconf 71' lang='lat' dir='ltr'><strong>nno</strong></span> <span class='ocrx_word' id='word_1_13' title='bbox 2924 489 3268 537; x_wconf 59' lang='lat' dir='ltr'><strong>convii-mar</strong></span> <span class='ocrx_word' id='word_1_14' title='bbox 3350 470 3469 535; x_wconf 77' lang='lat'><strong>159</strong></span> 
     </span>
    </p>
   </div>
   <div class='ocr_carea' id='block_1_2' title="bbox 368 658 3467 743">
    <p class='ocr_par' dir='ltr' id='par_1_2' title="bbox 368 658 3467 743">
     <span class='ocr_line' id='line_1_2' title="bbox 368 658 3467 743; baseline 0 -25"><span class='ocrx_word' id='word_1_15' title='bbox 368 665 544 719; x_wconf 85' lang='lat' dir='ltr'><strong>catur</strong></span> <span class='ocrx_word' id='word_1_16' title='bbox 603 659 956 722; x_wconf 87' lang='lat' dir='ltr'><strong>substantia</strong></span> <span class='ocrx_word' id='word_1_17' title='bbox 1014 679 1128 742; x_wconf 89' lang='lat' dir='ltr'><strong>per</strong></span> <span class='ocrx_word' id='word_1_18' title='bbox 1179 660 1239 743; x_wconf 83' lang='lat' dir='ltr'><strong>ly</strong></span> <span class='ocrx_word' id='word_1_19' title='bbox 1297 660 1484 730; x_wconf 91' lang='lat' dir='ltr'><strong>Deus,</strong></span> <span class='ocrx_word' id='word_1_20' title='bbox 1537 660 1706 740; x_wconf 90' lang='lat' dir='ltr'><strong>quod</strong></span> <span class='ocrx_word' id='word_1_21' title='bbox 1765 665 1861 721; x_wconf 92' lang='lat' dir='ltr'><strong>est</strong></span> <span class='ocrx_word' id='word_1_22' title='bbox 1895 659 1944 719; x_wconf 90' lang='lat' dir='ltr'><strong>A</strong></span> <span class='ocrx_word' id='word_1_23' title='bbox 1975 658 2189 719; x_wconf 84' lang='lat' dir='ltr'><strong>Unitas</strong></span> <span class='ocrx_word' id='word_1_24' title='bbox 2221 658 2433 739; x_wconf 79' lang='lat' dir='ltr'><strong>itaque</strong></span> <span class='ocrx_word' id='word_1_25' title='bbox 2478 658 2563 720; x_wconf 94' lang='lat' dir='ltr'><strong>ibi</strong></span> <span class='ocrx_word' id='word_1_26' title='bbox 2606 666 2699 723; x_wconf 86' lang='lat' dir='ltr'><strong>est</strong></span> <span class='ocrx_word' id='word_1_27' title='bbox 2737 659 2917 740; x_wconf 88' lang='lat' dir='ltr'><strong>juxta</strong></span> <span class='ocrx_word' id='word_1_28' title='bbox 2958 660 3217 722; x_wconf 90' lang='lat' dir='ltr'><strong>modum</strong></span> <span class='ocrx_word' id='word_1_29' title='bbox 3258 676 3467 719; x_wconf 90' lang='lat' dir='ltr'><strong>essen-</strong></span> 
     </span>
    </p>
   </div>
   <div class='ocr_carea' id='block_1_3' title="bbox 365 756 1864 1821">
    <p class='ocr_par' dir='ltr' id='par_1_3' title="bbox 365 756 1864 1821">
     <span class='ocr_line' id='line_1_3' title="bbox 367 756 1858 840; baseline -0.001 -21"><span class='ocrx_word' id='word_1_30' title='bbox 367 758 820 837; x_wconf 83' lang='lat' dir='ltr'><strong>praedicatum;</strong></span> <span class='ocrx_word' id='word_1_31' title='bbox 871 768 934 821; x_wconf 92' lang='lat' dir='ltr'><strong>et</strong></span> <span class='ocrx_word' id='word_1_32' title='bbox 981 759 1167 821; x_wconf 77' lang='lat' dir='ltr'><strong>aliter</strong></span> <span class='ocrx_word' id='word_1_33' title='bbox 1226 778 1340 840; x_wconf 89' lang='lat' dir='ltr'><strong>per</strong></span> <span class='ocrx_word' id='word_1_34' title='bbox 1389 759 1508 821; x_wconf 89' lang='lat' dir='ltr'><strong>hoc</strong></span> <span class='ocrx_word' id='word_1_35' title='bbox 1567 756 1858 829; x_wconf 85' lang='lat' dir='ltr'><strong>verbum,</strong></span> 
     </span>
     <span class='ocr_line' id='line_1_4' title="bbox 367 857 1861 937; baseline 0 -20"><span class='ocrx_word' id='word_1_36' title='bbox 367 863 480 928; x_wconf 83' lang='lat' dir='ltr'><strong>est,</strong></span> <span class='ocrx_word' id='word_1_37' title='bbox 544 876 747 937; x_wconf 88' lang='lat' dir='ltr'><strong>quum</strong></span> <span class='ocrx_word' id='word_1_38' title='bbox 807 858 1062 931; x_wconf 86' lang='lat' dir='ltr'><strong>dicitur,</strong></span> <span class='ocrx_word' id='word_1_39' title='bbox 1126 857 1234 920; x_wconf 91' lang='lat' dir='ltr'><strong>lsti</strong></span> <span class='ocrx_word' id='word_1_40' title='bbox 1299 866 1424 919; x_wconf 86' lang='lat' dir='ltr'><strong>tres</strong></span> <span class='ocrx_word' id='word_1_41' title='bbox 1486 864 1634 918; x_wconf 89' lang='lat' dir='ltr'><strong>sunt</strong></span> <span class='ocrx_word' id='word_1_42' title='bbox 1697 875 1861 917; x_wconf 90' lang='lat' dir='ltr'><strong>unus</strong></span> 
     </span>
     <span class='ocr_line' id='line_1_5' title="bbox 369 954 1861 1034; baseline 0 -19"><span class='ocrx_word' id='word_1_43' title='bbox 369 954 550 1016; x_wconf 88' lang='lat' dir='ltr'><strong>Deus.</strong></span> <span class='ocrx_word' id='word_1_44' title='bbox 588 956 795 1027; x_wconf 89' lang='lat' dir='ltr'><strong>Quum</strong></span> <span class='ocrx_word' id='word_1_45' title='bbox 844 956 1016 1017; x_wconf 92' lang='lat' dir='ltr'><strong>enim</strong></span> <span class='ocrx_word' id='word_1_46' title='bbox 1067 955 1323 1029; x_wconf 87' lang='lat' dir='ltr'><strong>dicitur,</strong></span> <span class='ocrx_word' id='word_1_47' title='bbox 1369 955 1498 1025; x_wconf 84' lang='lat' dir='ltr'><strong>lsti,</strong></span> <span class='ocrx_word' id='word_1_48' title='bbox 1539 962 1686 1027; x_wconf 69' lang='lat' dir='ltr'><strong>etc„</strong></span> <span class='ocrx_word' id='word_1_49' title='bbox 1721 972 1861 1034; x_wconf 91' lang='lat' dir='ltr'><strong>pro-</strong></span> 
     </span>
     <span class='ocr_line' id='line_1_6' title="bbox 368 1054 1863 1135; baseline -0.001 -20"><span class='ocrx_word' id='word_1_50' title='bbox 368 1071 602 1115; x_wconf 83' lang='lat' dir='ltr'>nomen</span> <span class='ocrx_word' id='word_1_51' title='bbox 647 1055 933 1135; x_wconf 88' lang='lat' dir='ltr'><strong>designat</strong></span> <span class='ocrx_word' id='word_1_52' title='bbox 977 1054 1398 1115; x_wconf 80' lang='lat' dir='ltr'><strong>substantiam</strong></span> <span class='ocrx_word' id='word_1_53' title='bbox 1445 1072 1586 1134; x_wconf 85' lang='lat' dir='ltr'><strong>quae</strong></span> <span class='ocrx_word' id='word_1_54' title='bbox 1629 1069 1863 1134; x_wconf 91' lang='lat' dir='ltr'><strong>suppo-</strong></span> 
     </span>
     <span class='ocr_line' id='line_1_7' title="bbox 368 1150 1864 1234; baseline 0 -23"><span class='ocrx_word' id='word_1_55' title='bbox 368 1150 542 1211; x_wconf 89' lang='lat' dir='ltr'><strong>nitur</strong></span> <span class='ocrx_word' id='word_1_56' title='bbox 569 1159 762 1233; x_wconf 85' lang='lat' dir='ltr'><strong>atque</strong></span> <span class='ocrx_word' id='word_1_57' title='bbox 791 1152 1226 1232; x_wconf 80' lang='lat' dir='ltr'><strong>distinguitur,</strong></span> <span class='ocrx_word' id='word_1_58' title='bbox 1250 1160 1312 1212; x_wconf 91' lang='lat' dir='ltr'><strong>et</strong></span> <span class='ocrx_word' id='word_1_59' title='bbox 1348 1152 1407 1234; x_wconf 83' lang='lat' dir='ltr'><strong>ly</strong></span> <span class='ocrx_word' id='word_1_60' title='bbox 1437 1158 1604 1217; x_wconf 82' lang='lat' dir='ltr'><strong>sunt,</strong></span> <span class='ocrx_word' id='word_1_61' title='bbox 1633 1150 1864 1231; x_wconf 90' lang='lat' dir='ltr'><strong>impor-</strong></span> 
     </span>
     <span class='ocr_line' id='line_1_8' title="bbox 367 1250 1860 1331; baseline -0.001 -22"><span class='ocrx_word' id='word_1_62' title='bbox 367 1256 448 1310; x_wconf 88' lang='lat' dir='ltr'><strong>tat</strong></span> <span class='ocrx_word' id='word_1_63' title='bbox 499 1251 792 1311; x_wconf 88' lang='lat' dir='ltr'><strong>eamdem</strong></span> <span class='ocrx_word' id='word_1_64' title='bbox 854 1268 968 1331; x_wconf 90' lang='lat' dir='ltr'><strong>per</strong></span> <span class='ocrx_word' id='word_1_65' title='bbox 1017 1257 1374 1331; x_wconf 87' lang='lat' dir='ltr'><strong>respectum</strong></span> <span class='ocrx_word' id='word_1_66' title='bbox 1434 1250 1512 1310; x_wconf 87' lang='lat' dir='ltr'><strong>ad</strong></span> <span class='ocrx_word' id='word_1_67' title='bbox 1572 1256 1860 1310; x_wconf 89' lang='lat' dir='ltr'><strong>naturam</strong></span> 
     </span>
     <span class='ocr_line' id='line_1_9' title="bbox 367 1347 1862 1431; baseline -0.001 -23"><span class='ocrx_word' id='word_1_68' title='bbox 367 1365 798 1421; x_wconf 86' lang='lat' dir='ltr'><strong>communem,</strong></span> <span class='ocrx_word' id='word_1_69' title='bbox 831 1357 894 1409; x_wconf 89' lang='lat' dir='ltr'><strong>et</strong></span> <span class='ocrx_word' id='word_1_70' title='bbox 925 1349 987 1431; x_wconf 83' lang='lat' dir='ltr'><strong>ly</strong></span> <span class='ocrx_word' id='word_1_71' title='bbox 1017 1348 1204 1419; x_wconf 80' lang='lat' dir='ltr'><strong>DeuS‚</strong></span> <span class='ocrx_word' id='word_1_72' title='bbox 1240 1348 1536 1429; x_wconf 81' lang='lat' dir='ltr'><strong>importat</strong></span> <span class='ocrx_word' id='word_1_73' title='bbox 1573 1347 1862 1408; x_wconf 89' lang='lat' dir='ltr'><strong>eamdem</strong></span> 
     </span>
     <span class='ocr_line' id='line_1_10' title="bbox 367 1445 1864 1527; baseline 0.001 -23"><span class='ocrx_word' id='word_1_74' title='bbox 367 1452 432 1504; x_wconf 92' lang='lat' dir='ltr'><strong>ut</strong></span> <span class='ocrx_word' id='word_1_75' title='bbox 482 1462 913 1507; x_wconf 88' lang='lat' dir='ltr'><strong>communem.</strong></span> <span class='ocrx_word' id='word_1_76' title='bbox 951 1446 1126 1509; x_wconf 83' lang='lat' dir='ltr'>Unde</span> <span class='ocrx_word' id='word_1_77' title='bbox 1173 1445 1337 1517; x_wconf 73' lang='lat' dir='ltr'><strong>dim,</strong></span> <span class='ocrx_word' id='word_1_78' title='bbox 1376 1446 1542 1527; x_wconf 89' lang='lat' dir='ltr'><strong>quod</strong></span> <span class='ocrx_word' id='word_1_79' title='bbox 1596 1462 1864 1527; x_wconf 85' lang='lat' dir='ltr'><strong>persona</strong></span> 
     </span>
     <span class='ocr_line' id='line_1_11' title="bbox 365 1543 1863 1625; baseline 0.001 -23"><span class='ocrx_word' id='word_1_80' title='bbox 365 1543 690 1622; x_wconf 85' lang='lat' dir='ltr'><strong>significat</strong></span> <span class='ocrx_word' id='word_1_81' title='bbox 733 1543 1154 1605; x_wconf 84' lang='lat' dir='ltr'><strong>substantiam</strong></span> <span class='ocrx_word' id='word_1_82' title='bbox 1197 1552 1266 1604; x_wconf 92' lang='lat' dir='ltr'><strong>ut</strong></span> <span class='ocrx_word' id='word_1_83' title='bbox 1311 1543 1713 1625; x_wconf 86' lang='lat' dir='ltr'><strong>significatur</strong></span> <span class='ocrx_word' id='word_1_84' title='bbox 1751 1561 1863 1623; x_wconf 89' lang='lat' dir='ltr'><strong>per</strong></span> 
     </span>
     <span class='ocr_line' id='line_1_12' title="bbox 367 1639 1862 1723; baseline 0.001 -22"><span class='ocrx_word' id='word_1_85' title='bbox 367 1640 426 1721; x_wconf 83' lang='lat' dir='ltr'><strong>ly</strong></span> <span class='ocrx_word' id='word_1_86' title='bbox 457 1641 585 1714; x_wconf 92' lang='lat' dir='ltr'><strong>isti,</strong></span> <span class='ocrx_word' id='word_1_87' title='bbox 619 1649 684 1702; x_wconf 90' lang='lat' dir='ltr'><strong>et</strong></span> <span class='ocrx_word' id='word_1_88' title='bbox 717 1660 830 1723; x_wconf 91' lang='lat' dir='ltr'><strong>per</strong></span> <span class='ocrx_word' id='word_1_89' title='bbox 871 1642 932 1723; x_wconf 77' lang='lat' dir='ltr'><strong>ly</strong></span> <span class='ocrx_word' id='word_1_90' title='bbox 965 1649 1135 1715; x_wconf 88' lang='lat' dir='ltr'><strong>sunt,</strong></span> <span class='ocrx_word' id='word_1_91' title='bbox 1169 1650 1230 1702; x_wconf 92' lang='lat' dir='ltr'><strong>et</strong></span> <span class='ocrx_word' id='word_1_92' title='bbox 1271 1659 1398 1704; x_wconf 91' lang='lat' dir='ltr'><strong>non</strong></span> <span class='ocrx_word' id='word_1_93' title='bbox 1440 1648 1508 1704; x_wconf 92' lang='lat' dir='ltr'><strong>ut</strong></span> <span class='ocrx_word' id='word_1_94' title='bbox 1542 1639 1862 1722; x_wconf 89' lang='lat' dir='ltr'><strong>significa·</strong></span> 
     </span>
     <span class='ocr_line' id='line_1_13' title="bbox 366 1738 1859 1821; baseline 0.001 -23"><span class='ocrx_word' id='word_1_95' title='bbox 366 1746 468 1799; x_wconf 91' lang='lat' dir='ltr'><strong>tur</strong></span> <span class='ocrx_word' id='word_1_96' title='bbox 506 1758 624 1820; x_wconf 90' lang='lat' dir='ltr'><strong>per</strong></span> <span class='ocrx_word' id='word_1_97' title='bbox 656 1739 718 1821; x_wconf 83' lang='lat' dir='ltr'><strong>ly</strong></span> <span class='ocrx_word' id='word_1_98' title='bbox 757 1740 942 1801; x_wconf 89' lang='lat' dir='ltr'><strong>Deus.</strong></span> <span class='ocrx_word' id='word_1_99' title='bbox 980 1740 1127 1801; x_wconf 92' lang='lat' dir='ltr'><strong>Ideo</strong></span> <span class='ocrx_word' id='word_1_100' title='bbox 1165 1739 1316 1820; x_wconf 92' lang='lat' dir='ltr'><strong>quia</strong></span> <span class='ocrx_word' id='word_1_101' title='bbox 1353 1756 1480 1801; x_wconf 91' lang='lat' dir='ltr'><strong>non</strong></span> <span class='ocrx_word' id='word_1_102' title='bbox 1520 1746 1726 1820; x_wconf 88' lang='lat' dir='ltr'><strong>potest</strong></span> <span class='ocrx_word' id='word_1_103' title='bbox 1768 1738 1859 1799; x_wconf 91' lang='lat' dir='ltr'><strong>in-</strong></span> 
     </span>
    </p>
   </div>
   <div class='ocr_carea' id='block_1_4' title="bbox 1969 756 3467 1820">
    <p class='ocr_par' dir='ltr' id='par_1_4' title="bbox 1970 756 3466 1132">
     <span class='ocr_line' id='line_1_14' title="bbox 1973 756 3466 838; baseline 0 -21"><span class='ocrx_word' id='word_1_104' title='bbox 1973 756 2058 823; x_wconf 84' lang='lat' dir='ltr'><strong>di,</strong></span> <span class='ocrx_word' id='word_1_105' title='bbox 2097 756 2425 837; x_wconf 81' lang='lat' dir='ltr'><strong>pluralitas</strong></span> <span class='ocrx_word' id='word_1_106' title='bbox 2454 756 2635 838; x_wconf 88' lang='lat' dir='ltr'><strong>juxta</strong></span> <span class='ocrx_word' id='word_1_107' title='bbox 2665 758 2923 819; x_wconf 89' lang='lat' dir='ltr'><strong>modum</strong></span> <span class='ocrx_word' id='word_1_108' title='bbox 2957 756 3322 819; x_wconf 87' lang='lat' dir='ltr'><strong>exsistendi.</strong></span> <span class='ocrx_word' id='word_1_109' title='bbox 3359 756 3466 817; x_wconf 85' lang='lat' dir='ltr'><strong>Est</strong></span> 
     </span>
     <span class='ocr_line' id='line_1_15' title="bbox 1970 854 3465 935; baseline 0.001 -21"><span class='ocrx_word' id='word_1_110' title='bbox 1970 854 2293 935; x_wconf 90' lang='lat' dir='ltr'><strong>(inquam)</strong></span> <span class='ocrx_word' id='word_1_111' title='bbox 2357 854 2445 915; x_wconf 90' lang='lat' dir='ltr'><strong>ibi</strong></span> <span class='ocrx_word' id='word_1_112' title='bbox 2517 856 2725 917; x_wconf 91' lang='lat' dir='ltr'><strong>unitas</strong></span> <span class='ocrx_word' id='word_1_113' title='bbox 2793 856 3101 926; x_wconf 66' lang='lat' dir='ltr'><strong>essentiae,</strong></span> <span class='ocrx_word' id='word_1_114' title='bbox 3163 854 3465 935; x_wconf 90' lang='lat' dir='ltr'><strong>quoniam</strong></span> 
     </span>
     <span class='ocr_line' id='line_1_16' title="bbox 1973 953 3466 1034; baseline 0.001 -22"><span class='ocrx_word' id='word_1_115' title='bbox 1973 971 2174 1013; x_wconf 90' lang='lat' dir='ltr'><strong>unum</strong></span> <span class='ocrx_word' id='word_1_116' title='bbox 2227 960 2284 1013; x_wconf 89' lang='lat' dir='ltr'><strong>et</strong></span> <span class='ocrx_word' id='word_1_117' title='bbox 2336 953 2709 1015; x_wconf 79' lang='lat' dir='ltr'><strong>indifferens</strong></span> <span class='ocrx_word' id='word_1_118' title='bbox 2754 972 2928 1031; x_wconf 81' lang='lat' dir='ltr'><strong>esse3</strong></span> <span class='ocrx_word' id='word_1_119' title='bbox 2961 962 3024 1015; x_wconf 87' lang='lat' dir='ltr'><strong>et</strong></span> <span class='ocrx_word' id='word_1_120' title='bbox 3066 954 3281 1034; x_wconf 88' lang='lat' dir='ltr'><strong>plures</strong></span> <span class='ocrx_word' id='word_1_121' title='bbox 3328 971 3466 1033; x_wconf 88' lang='lat' dir='ltr'><strong>per-</strong></span> 
     </span>
     <span class='ocr_line' id='line_1_17' title="bbox 1973 1050 3203 1132; baseline 0 -21"><span class='ocrx_word' id='word_1_122' title='bbox 1973 1068 2162 1121; x_wconf 71' lang='lat' dir='ltr'><strong>sonm,</strong></span> <span class='ocrx_word' id='word_1_123' title='bbox 2199 1050 2500 1131; x_wconf 88' lang='lat' dir='ltr'><strong>quoniam</strong></span> <span class='ocrx_word' id='word_1_124' title='bbox 2545 1052 2759 1132; x_wconf 89' lang='lat' dir='ltr'><strong>plures</strong></span> <span class='ocrx_word' id='word_1_125' title='bbox 2803 1052 3203 1113; x_wconf 82' lang='lat' dir='ltr'><strong>exsistentiae.</strong></span> 
     </span>
    </p>

    <p class='ocr_par' dir='ltr' id='par_1_5' title="bbox 1969 1148 3467 1820">
     <span class='ocr_line' id='line_1_18' title="bbox 2042 1148 3467 1231; baseline 0 -22"><span class='ocrx_word' id='word_1_126' title='bbox 2042 1149 2154 1209; x_wconf 89' lang='lat' dir='ltr'><strong>Per</strong></span> <span class='ocrx_word' id='word_1_127' title='bbox 2184 1148 2551 1230; x_wconf 85' lang='lat' dir='ltr'><strong>exemplum</strong></span> <span class='ocrx_word' id='word_1_128' title='bbox 2583 1150 2775 1211; x_wconf 90' lang='lat' dir='ltr'><strong>etiam</strong></span> <span class='ocrx_word' id='word_1_129' title='bbox 2807 1151 2925 1213; x_wconf 92' lang='lat' dir='ltr'><strong>hoc</strong></span> <span class='ocrx_word' id='word_1_130' title='bbox 2959 1150 3294 1231; x_wconf 85' lang='lat' dir='ltr'><strong>probatur:</strong></span> <span class='ocrx_word' id='word_1_131' title='bbox 3315 1148 3467 1230; x_wconf 89' lang='lat' dir='ltr'><strong>quia</strong></span> 
     </span>
     <span class='ocr_line' id='line_1_19' title="bbox 1975 1246 3466 1331; baseline 0.002 -26"><span class='ocrx_word' id='word_1_132' title='bbox 1975 1246 2038 1307; x_wconf 91' lang='lat' dir='ltr'><strong>in</strong></span> <span class='ocrx_word' id='word_1_133' title='bbox 2073 1246 2485 1309; x_wconf 87' lang='lat' dir='ltr'><strong>inferioribus</strong></span> <span class='ocrx_word' id='word_1_134' title='bbox 2518 1266 2786 1328; x_wconf 83' lang='lat' dir='ltr'><strong>persona</strong></span> <span class='ocrx_word' id='word_1_135' title='bbox 2826 1248 3146 1331; x_wconf 86' lang='lat' dir='ltr'><strong>significat</strong></span> <span class='ocrx_word' id='word_1_136' title='bbox 3176 1246 3466 1309; x_wconf 88' lang='lat' dir='ltr'><strong>substan-</strong></span> 
     </span>
     <span class='ocr_line' id='line_1_20' title="bbox 1973 1344 3465 1427; baseline 0.001 -22"><span class='ocrx_word' id='word_1_137' title='bbox 1973 1344 2124 1405; x_wconf 85' lang='lat' dir='ltr'><strong>tiam</strong></span> <span class='ocrx_word' id='word_1_138' title='bbox 2175 1346 2571 1426; x_wconf 88' lang='lat' dir='ltr'><strong>suppositam</strong></span> <span class='ocrx_word' id='word_1_139' title='bbox 2620 1354 2859 1409; x_wconf 80' lang='lat' dir='ltr'><strong>naturae</strong></span> <span class='ocrx_word' id='word_1_140' title='bbox 2908 1346 3271 1423; x_wconf 84' lang='lat' dir='ltr'><strong>communi3</strong></span> <span class='ocrx_word' id='word_1_141' title='bbox 3318 1365 3465 1427; x_wconf 92' lang='lat' dir='ltr'><strong>sup-</strong></span> 
     </span>
     <span class='ocr_line' id='line_1_21' title="bbox 1973 1442 3466 1525; baseline 0.001 -23"><span class='ocrx_word' id='word_1_142' title='bbox 1973 1442 2233 1523; x_wconf 88' lang='lat' dir='ltr'><strong>ponitur</strong></span> <span class='ocrx_word' id='word_1_143' title='bbox 2278 1450 2492 1505; x_wconf 87' lang='lat' dir='ltr'><strong>autem</strong></span> <span class='ocrx_word' id='word_1_144' title='bbox 2546 1451 2785 1507; x_wconf 84' lang='lat' dir='ltr'><strong>naturae</strong></span> <span class='ocrx_word' id='word_1_145' title='bbox 2835 1444 3159 1508; x_wconf 89' lang='lat' dir='ltr'><strong>communi</strong></span> <span class='ocrx_word' id='word_1_146' title='bbox 3216 1463 3328 1525; x_wconf 90' lang='lat' dir='ltr'><strong>per</strong></span> <span class='ocrx_word' id='word_1_147' title='bbox 3376 1443 3466 1505; x_wconf 92' lang='lat' dir='ltr'><strong>in-</strong></span> 
     </span>
     <span class='ocr_line' id='line_1_22' title="bbox 1969 1539 3467 1622; baseline 0.001 -22"><span class='ocrx_word' id='word_1_148' title='bbox 1969 1539 2493 1613; x_wconf 86' lang='lat' dir='ltr'><strong>dividuationem,</strong></span> <span class='ocrx_word' id='word_1_149' title='bbox 2529 1561 2721 1622; x_wconf 89' lang='lat' dir='ltr'><strong>quam</strong></span> <span class='ocrx_word' id='word_1_150' title='bbox 2762 1542 2953 1603; x_wconf 89' lang='lat' dir='ltr'><strong>babet</strong></span> <span class='ocrx_word' id='word_1_151' title='bbox 2990 1562 3067 1604; x_wconf 86' lang='lat' dir='ltr'><strong>ex</strong></span> <span class='ocrx_word' id='word_1_152' title='bbox 3110 1541 3373 1603; x_wconf 90' lang='lat' dir='ltr'><strong>materia</strong></span> <span class='ocrx_word' id='word_1_153' title='bbox 3404 1548 3467 1602; x_wconf 90' lang='lat' dir='ltr'><strong>et</strong></span> 
     </span>
     <span class='ocr_line' id='line_1_23' title="bbox 1970 1638 3464 1722; baseline 0.001 -23"><span class='ocrx_word' id='word_1_154' title='bbox 1970 1638 2427 1700; x_wconf 69' lang='lat' dir='ltr'><strong>accidentibus</strong></span> <span class='ocrx_word' id='word_1_155' title='bbox 2484 1640 2715 1701; x_wconf 84' lang='lat' dir='ltr'><strong>Verum</strong></span> <span class='ocrx_word' id='word_1_156' title='bbox 2776 1660 2854 1702; x_wconf 88' lang='lat' dir='ltr'><strong>ex</strong></span> <span class='ocrx_word' id='word_1_157' title='bbox 2913 1640 3307 1722; x_wconf 82' lang='lat' dir='ltr'><strong>ignobilitate</strong></span> <span class='ocrx_word' id='word_1_158' title='bbox 3366 1639 3464 1701; x_wconf 91' lang='lat' dir='ltr'><strong>sui</strong></span> 
     </span>
     <span class='ocr_line' id='line_1_24' title="bbox 1973 1738 3466 1820; baseline -0.001 -20"><span class='ocrx_word' id='word_1_159' title='bbox 1973 1738 2283 1817; x_wconf 89' lang='lat' dir='ltr'><strong>contingit</strong></span> <span class='ocrx_word' id='word_1_160' title='bbox 2322 1739 2490 1819; x_wconf 90' lang='lat' dir='ltr'><strong>quod</strong></span> <span class='ocrx_word' id='word_1_161' title='bbox 2532 1739 2837 1801; x_wconf 81' lang='lat' dir='ltr'><strong>dividitur</strong></span> <span class='ocrx_word' id='word_1_162' title='bbox 2876 1758 2991 1820; x_wconf 90' lang='lat' dir='ltr'><strong>per</strong></span> <span class='ocrx_word' id='word_1_163' title='bbox 3030 1739 3360 1801; x_wconf 86' lang='lat' dir='ltr'><strong>materiam</strong></span> <span class='ocrx_word' id='word_1_164' title='bbox 3400 1738 3466 1799; x_wconf 92' lang='lat' dir='ltr'><strong>in</strong></span> 
     </span>
    </p>
   </div>
   <div class='ocr_carea' id='block_1_5' title="bbox 367 1836 3465 1919">
    <p class='ocr_par' dir='ltr' id='par_1_6' title="bbox 367 1836 3465 1919">
     <span class='ocr_line' id='line_1_25' title="bbox 367 1836 3465 1919; baseline 0.001 -22"><span class='ocrx_word' id='word_1_165' title='bbox 367 1836 564 1918; x_wconf 90' lang='lat' dir='ltr'><strong>telligi</strong></span> <span class='ocrx_word' id='word_1_166' title='bbox 615 1838 788 1919; x_wconf 90' lang='lat' dir='ltr'><strong>quod</strong></span> <span class='ocrx_word' id='word_1_167' title='bbox 837 1847 986 1899; x_wconf 90' lang='lat' dir='ltr'><strong>sunt</strong></span> <span class='ocrx_word' id='word_1_168' title='bbox 1033 1846 1178 1911; x_wconf 85' lang='lat' dir='ltr'><strong>treS,</strong></span> <span class='ocrx_word' id='word_1_169' title='bbox 1215 1838 1336 1898; x_wconf 89' lang='lat' dir='ltr'><strong>nisi</strong></span> <span class='ocrx_word' id='word_1_170' title='bbox 1388 1837 1530 1899; x_wconf 86' lang='lat' dir='ltr'><strong>talis</strong></span> <span class='ocrx_word' id='word_1_171' title='bbox 1571 1836 1860 1898; x_wconf 90' lang='lat' dir='ltr'><strong>substan·</strong></span> <span class='ocrx_word' id='word_1_172' title='bbox 1897 1836 1944 1897; x_wconf 90' lang='lat' dir='ltr'>B</span> <span class='ocrx_word' id='word_1_173' title='bbox 1973 1856 2100 1917; x_wconf 88' lang='lat' dir='ltr'><strong>qua</strong></span> <span class='ocrx_word' id='word_1_174' title='bbox 2127 1844 2245 1904; x_wconf 84' lang='lat' dir='ltr'><strong>est,</strong></span> <span class='ocrx_word' id='word_1_175' title='bbox 2281 1836 2369 1897; x_wconf 91' lang='lat' dir='ltr'><strong>ita</strong></span> <span class='ocrx_word' id='word_1_176' title='bbox 2408 1839 2577 1919; x_wconf 90' lang='lat' dir='ltr'><strong>quod</strong></span> <span class='ocrx_word' id='word_1_177' title='bbox 2610 1838 2718 1900; x_wconf 91' lang='lat' dir='ltr'><strong>illa</strong></span> <span class='ocrx_word' id='word_1_178' title='bbox 2755 1858 2897 1919; x_wconf 85' lang='lat' dir='ltr'><strong>quae</strong></span> <span class='ocrx_word' id='word_1_179' title='bbox 2927 1846 3023 1900; x_wconf 89' lang='lat' dir='ltr'><strong>est</strong></span> <span class='ocrx_word' id='word_1_180' title='bbox 3065 1839 3129 1901; x_wconf 92' lang='lat' dir='ltr'><strong>in</strong></span> <span class='ocrx_word' id='word_1_181' title='bbox 3160 1839 3303 1911; x_wconf 83' lang='lat' dir='ltr'><strong>istc,</strong></span> <span class='ocrx_word' id='word_1_182' title='bbox 3338 1854 3465 1900; x_wconf 92' lang='lat' dir='ltr'><strong>non</strong></span> 
     </span>
    </p>
   </div>
   <div class='ocr_carea' id='block_1_6' title="bbox 361 1936 1862 3002">
    <p class='ocr_par' dir='ltr' id='par_1_7' title="bbox 363 1936 1860 2292">
     <span class='ocr_line' id='line_1_26' title="bbox 365 1936 1860 2017; baseline -0.001 -20"><span class='ocrx_word' id='word_1_183' title='bbox 365 1937 450 1997; x_wconf 93' lang='lat' dir='ltr'><strong>tia</strong></span> <span class='ocrx_word' id='word_1_184' title='bbox 489 1936 674 1998; x_wconf 90' lang='lat' dir='ltr'><strong>cadat</strong></span> <span class='ocrx_word' id='word_1_185' title='bbox 719 1937 785 1999; x_wconf 90' lang='lat' dir='ltr'><strong>in</strong></span> <span class='ocrx_word' id='word_1_186' title='bbox 825 1936 1260 2017; x_wconf 86' lang='lat' dir='ltr'><strong>significatum</strong></span> <span class='ocrx_word' id='word_1_187' title='bbox 1305 1936 1567 2017; x_wconf 86' lang='lat' dir='ltr'><strong>plurale,</strong></span> <span class='ocrx_word' id='word_1_188' title='bbox 1602 1954 1860 1997; x_wconf 90' lang='lat' dir='ltr'><strong>necesse</strong></span> 
     </span>
     <span class='ocr_line' id='line_1_27' title="bbox 364 2034 1860 2116; baseline 0 -21"><span class='ocrx_word' id='word_1_189' title='bbox 364 2043 450 2095; x_wconf 87' lang='lat' dir='ltr'><strong>est</strong></span> <span class='ocrx_word' id='word_1_190' title='bbox 499 2035 618 2097; x_wconf 89' lang='lat' dir='ltr'><strong>boc</strong></span> <span class='ocrx_word' id='word_1_191' title='bbox 661 2053 917 2108; x_wconf 88' lang='lat' dir='ltr'><strong>nomen,</strong></span> <span class='ocrx_word' id='word_1_192' title='bbox 952 2052 1241 2116; x_wconf 91' lang='lat' dir='ltr'><strong>persona,</strong></span> <span class='ocrx_word' id='word_1_193' title='bbox 1277 2035 1498 2097; x_wconf 90' lang='lat' dir='ltr'><strong>cadere</strong></span> <span class='ocrx_word' id='word_1_194' title='bbox 1543 2034 1606 2095; x_wconf 92' lang='lat' dir='ltr'><strong>in</strong></span> <span class='ocrx_word' id='word_1_195' title='bbox 1652 2034 1860 2115; x_wconf 89' lang='lat' dir='ltr'><strong>plura-</strong></span> 
     </span>
     <span class='ocr_line' id='line_1_28' title="bbox 365 2132 1859 2213; baseline -0.001 -20"><span class='ocrx_word' id='word_1_196' title='bbox 365 2132 631 2205; x_wconf 86' lang='lat' dir='ltr'><strong>litatem,</strong></span> <span class='ocrx_word' id='word_1_197' title='bbox 695 2132 948 2213; x_wconf 90' lang='lat' dir='ltr'><strong>quando</strong></span> <span class='ocrx_word' id='word_1_198' title='bbox 1007 2132 1082 2194; x_wconf 94' lang='lat' dir='ltr'><strong>de</strong></span> <span class='ocrx_word' id='word_1_199' title='bbox 1141 2132 1442 2195; x_wconf 92' lang='lat' dir='ltr'><strong>omnibus</strong></span> <span class='ocrx_word' id='word_1_200' title='bbox 1499 2132 1736 2193; x_wconf 88' lang='lat' dir='ltr'><strong>dicitur</strong></span> <span class='ocrx_word' id='word_1_201' title='bbox 1793 2132 1859 2192; x_wconf 89' lang='lat' dir='ltr'><strong>in</strong></span> 
     </span>
     <span class='ocr_line' id='line_1_29' title="bbox 363 2250 635 2292; baseline 0 0"><span class='ocrx_word' id='word_1_202' title='bbox 363 2250 635 2292; x_wconf 89' lang='lat' dir='ltr'><strong>summa.</strong></span> 
     </span>
    </p>

    <p class='ocr_par' dir='ltr' id='par_1_8' title="bbox 361 2327 1862 3002">
     <span class='ocr_line' id='line_1_30' title="bbox 441 2327 1858 2409; baseline -0.001 -18"><span class='ocrx_word' id='word_1_203' title='bbox 441 2329 586 2391; x_wconf 85' lang='lat' dir='ltr'><strong>Haec</strong></span> <span class='ocrx_word' id='word_1_204' title='bbox 616 2336 834 2390; x_wconf 87' lang='lat' dir='ltr'><strong>autem</strong></span> <span class='ocrx_word' id='word_1_205' title='bbox 866 2327 1218 2389; x_wconf 87' lang='lat' dir='ltr'><strong>substantia</strong></span> <span class='ocrx_word' id='word_1_206' title='bbox 1249 2328 1340 2390; x_wconf 89' lang='lat' dir='ltr'><strong>sic</strong></span> <span class='ocrx_word' id='word_1_207' title='bbox 1372 2327 1704 2409; x_wconf 88' lang='lat' dir='ltr'><strong>supposita</strong></span> <span class='ocrx_word' id='word_1_208' title='bbox 1731 2345 1858 2389; x_wconf 91' lang='lat' dir='ltr'><strong>non</strong></span> 
     </span>
     <span class='ocr_line' id='line_1_31' title="bbox 362 2426 1856 2507; baseline -0.001 -17"><span class='ocrx_word' id='word_1_209' title='bbox 362 2436 612 2489; x_wconf 80' lang='lat' dir='ltr'><strong>tantum</strong></span> <span class='ocrx_word' id='word_1_210' title='bbox 658 2428 1036 2507; x_wconf 88' lang='lat' dir='ltr'><strong>importatur</strong></span> <span class='ocrx_word' id='word_1_211' title='bbox 1077 2426 1143 2488; x_wconf 91' lang='lat' dir='ltr'><strong>in</strong></span> <span class='ocrx_word' id='word_1_212' title='bbox 1183 2426 1508 2488; x_wconf 90' lang='lat' dir='ltr'><strong>intellectu</strong></span> <span class='ocrx_word' id='word_1_213' title='bbox 1550 2444 1856 2507; x_wconf 80' lang='lat' dir='ltr'><strong>personae,</strong></span> 
     </span>
     <span class='ocr_line' id='line_1_32' title="bbox 361 2524 1859 2607; baseline -0.001 -20"><span class='ocrx_word' id='word_1_214' title='bbox 361 2526 472 2587; x_wconf 83' lang='lat' dir='ltr'><strong>sed</strong></span> <span class='ocrx_word' id='word_1_215' title='bbox 525 2526 722 2587; x_wconf 87' lang='lat' dir='ltr'><strong>etiam</strong></span> <span class='ocrx_word' id='word_1_216' title='bbox 781 2525 1134 2607; x_wconf 88' lang='lat' dir='ltr'><strong>proprietas</strong></span> <span class='ocrx_word' id='word_1_217' title='bbox 1195 2524 1589 2587; x_wconf 90' lang='lat' dir='ltr'><strong>constituens</strong></span> <span class='ocrx_word' id='word_1_218' title='bbox 1647 2542 1859 2605; x_wconf 89' lang='lat' dir='ltr'><strong>perso-</strong></span> 
     </span>
     <span class='ocr_line' id='line_1_33' title="bbox 365 2623 1858 2705; baseline -0.001 -20"><span class='ocrx_word' id='word_1_219' title='bbox 365 2644 510 2686; x_wconf 86' lang='lat' dir='ltr'><strong>nam</strong></span> <span class='ocrx_word' id='word_1_220' title='bbox 551 2623 1041 2686; x_wconf 89' lang='lat' dir='ltr'><strong>indeterminate</strong></span> <span class='ocrx_word' id='word_1_221' title='bbox 1080 2630 1270 2705; x_wconf 90' lang='lat' dir='ltr'><strong>atque</strong></span> <span class='ocrx_word' id='word_1_222' title='bbox 1310 2623 1376 2684; x_wconf 90' lang='lat' dir='ltr'><strong>in</strong></span> <span class='ocrx_word' id='word_1_223' title='bbox 1419 2624 1658 2685; x_wconf 90' lang='lat' dir='ltr'><strong>ratione</strong></span> <span class='ocrx_word' id='word_1_224' title='bbox 1689 2640 1858 2684; x_wconf 91' lang='lat' dir='ltr'><strong>com-</strong></span> 
     </span>
     <span class='ocr_line' id='line_1_34' title="bbox 367 2722 1862 2804; baseline -0.002 -19"><span class='ocrx_word' id='word_1_225' title='bbox 367 2724 564 2785; x_wconf 88' lang='lat' dir='ltr'><strong>muni.</strong></span> <span class='ocrx_word' id='word_1_226' title='bbox 603 2723 680 2784; x_wconf 89' lang='lat' dir='ltr'><strong>Et</strong></span> <span class='ocrx_word' id='word_1_227' title='bbox 721 2722 892 2803; x_wconf 88' lang='lat' dir='ltr'><strong>quod</strong></span> <span class='ocrx_word' id='word_1_228' title='bbox 938 2722 1023 2783; x_wconf 90' lang='lat' dir='ltr'><strong>ita</strong></span> <span class='ocrx_word' id='word_1_229' title='bbox 1068 2722 1170 2796; x_wconf 90' lang='lat' dir='ltr'><strong>sit,</strong></span> <span class='ocrx_word' id='word_1_230' title='bbox 1204 2730 1376 2803; x_wconf 90' lang='lat' dir='ltr'><strong>patet</strong></span> <span class='ocrx_word' id='word_1_231' title='bbox 1424 2740 1540 2804; x_wconf 89' lang='lat' dir='ltr'><strong>per</strong></span> <span class='ocrx_word' id='word_1_232' title='bbox 1585 2730 1708 2783; x_wconf 91' lang='lat' dir='ltr'><strong>tres</strong></span> <span class='ocrx_word' id='word_1_233' title='bbox 1756 2740 1862 2782; x_wconf 90' lang='lat' dir='ltr'><strong>au-</strong></span> 
     </span>
     <span class='ocr_line' id='line_1_35' title="bbox 361 2820 1860 2902; baseline -0.001 -19"><span class='ocrx_word' id='word_1_234' title='bbox 361 2822 688 2885; x_wconf 85' lang='lat' dir='ltr'><strong>ctoritates</strong></span> <span class='ocrx_word' id='word_1_235' title='bbox 757 2830 820 2883; x_wconf 92' lang='lat' dir='ltr'><strong>et</strong></span> <span class='ocrx_word' id='word_1_236' title='bbox 881 2840 996 2902; x_wconf 90' lang='lat' dir='ltr'><strong>per</strong></span> <span class='ocrx_word' id='word_1_237' title='bbox 1058 2822 1286 2883; x_wconf 92' lang='lat' dir='ltr'><strong>simile.</strong></span> <span class='ocrx_word' id='word_1_238' title='bbox 1351 2820 1516 2883; x_wconf 86' lang='lat' dir='ltr'><strong>Dicit</strong></span> <span class='ocrx_word' id='word_1_239' title='bbox 1585 2838 1860 2902; x_wconf 88' lang='lat' dir='ltr'><strong>namque</strong></span> 
     </span>
     <span class='ocr_line' id='line_1_36' title="bbox 361 2918 1860 3002; baseline -0.003 -19"><span class='ocrx_word' id='word_1_240' title='bbox 361 2922 756 3001; x_wconf 77' lang='lat' dir='ltr'><strong>Augustinus</strong></span> <span class='ocrx_word' id='word_1_241' title='bbox 801 2920 864 2981; x_wconf 93' lang='lat' dir='ltr'><strong>in</strong></span> <span class='ocrx_word' id='word_1_242' title='bbox 919 2920 1236 3002; x_wconf 90' lang='lat' dir='ltr'><strong>principio</strong></span> <span class='ocrx_word' id='word_1_243' title='bbox 1280 2918 1426 2981; x_wconf 89' lang='lat' dir='ltr'><strong>libri</strong></span> <span class='ocrx_word' id='word_1_244' title='bbox 1479 2919 1734 3001; x_wconf 88' lang='lat' dir='ltr'><strong>septimi</strong></span> <span class='ocrx_word' id='word_1_245' title='bbox 1784 2919 1860 2980; x_wconf 93' lang='lat' dir='ltr'><strong>de</strong></span> 
     </span>
    </p>
   </div>
   <div class='ocr_carea' id='block_1_7' title="bbox 1971 1934 3469 3003">
    <p class='ocr_par' dir='ltr' id='par_1_9' title="bbox 1971 1934 3469 3003">
     <span class='ocr_line' id='line_1_37' title="bbox 1972 1934 3467 2017; baseline 0.001 -22"><span class='ocrx_word' id='word_1_246' title='bbox 1972 1942 2068 1995; x_wconf 88' lang='lat' dir='ltr'><strong>est</strong></span> <span class='ocrx_word' id='word_1_247' title='bbox 2098 1934 2162 1995; x_wconf 90' lang='lat' dir='ltr'><strong>in</strong></span> <span class='ocrx_word' id='word_1_248' title='bbox 2209 1934 2317 1996; x_wconf 92' lang='lat' dir='ltr'><strong>illo</strong></span> <span class='ocrx_word' id='word_1_249' title='bbox 2352 1952 2367 1996; x_wconf 90' lang='lat'><strong>:</strong></span> <span class='ocrx_word' id='word_1_250' title='bbox 2402 1935 2621 2017; x_wconf 90' lang='lat' dir='ltr'><strong>sicque</strong></span> <span class='ocrx_word' id='word_1_251' title='bbox 2663 1936 2727 1997; x_wconf 90' lang='lat' dir='ltr'><strong>in</strong></span> <span class='ocrx_word' id='word_1_252' title='bbox 2771 1936 3020 1999; x_wconf 89' lang='lat' dir='ltr'><strong>duobus</strong></span> <span class='ocrx_word' id='word_1_253' title='bbox 3058 1943 3261 1998; x_wconf 85' lang='lat' dir='ltr'><strong>exstat</strong></span> <span class='ocrx_word' id='word_1_254' title='bbox 3295 1936 3467 2017; x_wconf 86' lang='lat' dir='ltr'><strong>igno-</strong></span> 
     </span>
     <span class='ocr_line' id='line_1_38' title="bbox 1972 2032 3469 2117; baseline 0.001 -24"><span class='ocrx_word' id='word_1_255' title='bbox 1972 2032 2209 2104; x_wconf 85' lang='lat' dir='ltr'><strong>bilitas,</strong></span> <span class='ocrx_word' id='word_1_256' title='bbox 2234 2041 2475 2114; x_wconf 88' lang='lat' dir='ltr'><strong>utpote,</strong></span> <span class='ocrx_word' id='word_1_257' title='bbox 2500 2034 2652 2115; x_wconf 90' lang='lat' dir='ltr'><strong>quia</strong></span> <span class='ocrx_word' id='word_1_258' title='bbox 2680 2035 3005 2110; x_wconf 88' lang='lat' dir='ltr'><strong>dividitur,</strong></span> <span class='ocrx_word' id='word_1_259' title='bbox 3030 2043 3092 2097; x_wconf 90' lang='lat' dir='ltr'><strong>et</strong></span> <span class='ocrx_word' id='word_1_260' title='bbox 3122 2036 3271 2117; x_wconf 87' lang='lat' dir='ltr'><strong>quia</strong></span> <span class='ocrx_word' id='word_1_261' title='bbox 3302 2053 3469 2097; x_wconf 88' lang='lat' dir='ltr'><strong>com-</strong></span> 
     </span>
     <span class='ocr_line' id='line_1_39' title="bbox 1972 2131 3465 2214; baseline 0.001 -21"><span class='ocrx_word' id='word_1_262' title='bbox 1972 2131 2234 2212; x_wconf 88' lang='lat' dir='ltr'><strong>ponitur</strong></span> <span class='ocrx_word' id='word_1_263' title='bbox 2274 2150 2421 2192; x_wconf 88' lang='lat' dir='ltr'><strong>cum</strong></span> <span class='ocrx_word' id='word_1_264' title='bbox 2460 2150 2535 2193; x_wconf 88' lang='lat' dir='ltr'><strong>eo</strong></span> <span class='ocrx_word' id='word_1_265' title='bbox 2576 2133 2745 2214; x_wconf 90' lang='lat' dir='ltr'><strong>quod</strong></span> <span class='ocrx_word' id='word_1_266' title='bbox 2787 2132 3141 2195; x_wconf 85' lang='lat' dir='ltr'><strong>individuat</strong></span> <span class='ocrx_word' id='word_1_267' title='bbox 3171 2152 3311 2195; x_wconf 89' lang='lat' dir='ltr'><strong>eam</strong></span> <span class='ocrx_word' id='word_1_268' title='bbox 3352 2134 3465 2195; x_wconf 92' lang='lat' dir='ltr'><strong>du-</strong></span> 
     </span>
     <span class='ocr_line' id='line_1_40' title="bbox 1972 2228 3467 2310; baseline 0.002 -21"><span class='ocrx_word' id='word_1_269' title='bbox 1972 2228 2124 2310; x_wconf 89' lang='lat' dir='ltr'><strong>plici</strong></span> <span class='ocrx_word' id='word_1_270' title='bbox 2156 2230 2942 2310; x_wconf 89' lang='lat' dir='ltr'><strong>compositione,videlicet</strong></span> <span class='ocrx_word' id='word_1_271' title='bbox 2968 2231 3291 2293; x_wconf 89' lang='lat' dir='ltr'><strong>essentiali</strong></span> <span class='ocrx_word' id='word_1_272' title='bbox 3322 2250 3467 2293; x_wconf 92' lang='lat' dir='ltr'><strong>cum</strong></span> 
     </span>
     <span class='ocr_line' id='line_1_41' title="bbox 1974 2329 3465 2402; baseline 0.001 -13"><span class='ocrx_word' id='word_1_273' title='bbox 1974 2329 2258 2402; x_wconf 88' lang='lat' dir='ltr'><strong>materia,</strong></span> <span class='ocrx_word' id='word_1_274' title='bbox 2300 2336 2365 2389; x_wconf 88' lang='lat' dir='ltr'><strong>et</strong></span> <span class='ocrx_word' id='word_1_275' title='bbox 2410 2330 2782 2391; x_wconf 88' lang='lat' dir='ltr'><strong>accidentali</strong></span> <span class='ocrx_word' id='word_1_276' title='bbox 2833 2349 2979 2392; x_wconf 90' lang='lat' dir='ltr'><strong>cum</strong></span> <span class='ocrx_word' id='word_1_277' title='bbox 3029 2330 3465 2393; x_wconf 90' lang='lat' dir='ltr'><strong>accidentibus</strong></span> 
     </span>
     <span class='ocr_line' id='line_1_42' title="bbox 1974 2426 3465 2509; baseline 0.002 -22"><span class='ocrx_word' id='word_1_278' title='bbox 1974 2426 2523 2488; x_wconf 90' lang='lat' dir='ltr'><strong>individuantibus</strong></span> <span class='ocrx_word' id='word_1_279' title='bbox 2553 2446 2712 2489; x_wconf 87' lang='lat' dir='ltr'><strong>eam.</strong></span> <span class='ocrx_word' id='word_1_280' title='bbox 2750 2428 2813 2489; x_wconf 89' lang='lat' dir='ltr'><strong>Si</strong></span> <span class='ocrx_word' id='word_1_281' title='bbox 2856 2428 3051 2509; x_wconf 88' lang='lat' dir='ltr'><strong>igitur</strong></span> <span class='ocrx_word' id='word_1_282' title='bbox 3079 2430 3304 2491; x_wconf 90' lang='lat' dir='ltr'><strong>demus</strong></span> <span class='ocrx_word' id='word_1_283' title='bbox 3340 2430 3465 2490; x_wconf 90' lang='lat' dir='ltr'><strong>Deo</strong></span> 
     </span>
     <span class='ocr_line' id='line_1_43' title="bbox 1971 2518 3464 2606; baseline 0.002 -20"><span class='ocrx_word' id='word_1_284' title='bbox 1971 2525 2143 2606; x_wconf 90' lang='lat' dir='ltr'><strong>quod</strong></span> <span class='ocrx_word' id='word_1_285' title='bbox 2200 2532 2297 2586; x_wconf 88' lang='lat' dir='ltr'><strong>est</strong></span> <span class='ocrx_word' id='word_1_286' title='bbox 2356 2525 2726 2598; x_wconf 51' lang='lat' dir='ltr'><strong>nobilitati&amp;</strong></span> <span class='ocrx_word' id='word_1_287' title='bbox 2779 2534 2841 2587; x_wconf 90' lang='lat' dir='ltr'><strong>et</strong></span> <span class='ocrx_word' id='word_1_288' title='bbox 2900 2527 3198 2589; x_wconf 88' lang='lat' dir='ltr'><strong>tollamus</strong></span> <span class='ocrx_word' id='word_1_289' title='bbox 3250 2528 3330 2589; x_wconf 91' lang='lat' dir='ltr'><strong>ab</strong></span> <span class='ocrx_word' id='word_1_290' title='bbox 3375 2518 3464 2589; x_wconf 79' lang='lat' dir='ltr'><strong>&#39;eo</strong></span> 
     </span>
     <span class='ocr_line' id='line_1_44' title="bbox 1973 2623 3467 2707; baseline 0.002 -23"><span class='ocrx_word' id='word_1_291' title='bbox 1973 2624 2141 2705; x_wconf 90' lang='lat' dir='ltr'><strong>quod</strong></span> <span class='ocrx_word' id='word_1_292' title='bbox 2171 2630 2268 2685; x_wconf 91' lang='lat' dir='ltr'><strong>est</strong></span> <span class='ocrx_word' id='word_1_293' title='bbox 2299 2623 2734 2705; x_wconf 82' lang='lat' dir='ltr'><strong>ignobilitatiS,</strong></span> <span class='ocrx_word' id='word_1_294' title='bbox 2768 2624 3159 2705; x_wconf 80' lang='lat' dir='ltr'><strong>significabit</strong></span> <span class='ocrx_word' id='word_1_295' title='bbox 3198 2644 3467 2707; x_wconf 91' lang='lat' dir='ltr'><strong>persona</strong></span> 
     </span>
     <span class='ocr_line' id='line_1_45' title="bbox 1974 2721 3464 2806; baseline 0.003 -24"><span class='ocrx_word' id='word_1_296' title='bbox 1974 2722 2038 2782; x_wconf 93' lang='lat' dir='ltr'><strong>in</strong></span> <span class='ocrx_word' id='word_1_297' title='bbox 2099 2721 2333 2783; x_wconf 87' lang='lat' dir='ltr'><strong>divinis</strong></span> <span class='ocrx_word' id='word_1_298' title='bbox 2391 2721 2811 2784; x_wconf 89' lang='lat' dir='ltr'><strong>substantiam</strong></span> <span class='ocrx_word' id='word_1_299' title='bbox 2869 2723 3261 2806; x_wconf 90' lang='lat' dir='ltr'><strong>suppositam</strong></span> <span class='ocrx_word' id='word_1_300' title='bbox 3324 2742 3464 2804; x_wconf 87' lang='lat' dir='ltr'><strong>pro-</strong></span> 
     </span>
     <span class='ocr_line' id='line_1_46' title="bbox 1972 2821 3464 2903; baseline 0.001 -21"><span class='ocrx_word' id='word_1_301' title='bbox 1972 2821 2249 2902; x_wconf 89' lang='lat' dir='ltr'><strong>prietati,</strong></span> <span class='ocrx_word' id='word_1_302' title='bbox 2282 2838 2409 2883; x_wconf 91' lang='lat' dir='ltr'><strong>non</strong></span> <span class='ocrx_word' id='word_1_303' title='bbox 2450 2828 2659 2883; x_wconf 89' lang='lat' dir='ltr'><strong>tamen</strong></span> <span class='ocrx_word' id='word_1_304' title='bbox 2700 2822 3116 2903; x_wconf 88' lang='lat' dir='ltr'><strong>compositam</strong></span> <span class='ocrx_word' id='word_1_305' title='bbox 3158 2841 3274 2884; x_wconf 92' lang='lat' dir='ltr'><strong>nec</strong></span> <span class='ocrx_word' id='word_1_306' title='bbox 3305 2822 3464 2884; x_wconf 92' lang='lat' dir='ltr'><strong>divi-</strong></span> 
     </span>
     <span class='ocr_line' id='line_1_47' title="bbox 1972 2918 3463 3003; baseline 0.003 -24"><span class='ocrx_word' id='word_1_307' title='bbox 1972 2938 2107 2980; x_wconf 91' lang='lat' dir='ltr'><strong>sam</strong></span> <span class='ocrx_word' id='word_1_308' title='bbox 2139 2920 2206 2980; x_wconf 90' lang='lat' dir='ltr'><strong>in</strong></span> <span class='ocrx_word' id='word_1_309' title='bbox 2237 2918 2472 3000; x_wconf 87' lang='lat' dir='ltr'><strong>quibus</strong></span> <span class='ocrx_word' id='word_1_310' title='bbox 2502 2928 2614 2981; x_wconf 89' lang='lat' dir='ltr'><strong>est.</strong></span> <span class='ocrx_word' id='word_1_311' title='bbox 2637 2921 2781 2982; x_wconf 92' lang='lat' dir='ltr'><strong>ldeo</strong></span> <span class='ocrx_word' id='word_1_312' title='bbox 2813 2921 3023 2982; x_wconf 91' lang='lat' dir='ltr'><strong>unitas</strong></span> <span class='ocrx_word' id='word_1_313' title='bbox 3054 2939 3463 3003; x_wconf 88' lang='lat' dir='ltr'><strong>personarum</strong></span> 
     </span>
    </p>
   </div>
   <div class='ocr_carea' id='block_1_8' title="bbox 363 3015 3463 3100">
    <p class='ocr_par' dir='ltr' id='par_1_10' title="bbox 363 3015 3463 3100">
     <span class='ocr_line' id='line_1_48' title="bbox 363 3015 3463 3100; baseline 0.001 -20"><span class='ocrx_word' id='word_1_314' title='bbox 363 3020 669 3081; x_wconf 85' lang='lat' dir='ltr'><strong>Trinitate</strong></span> <span class='ocrx_word' id='word_1_315' title='bbox 707 3037 721 3080; x_wconf 90' lang='lat'>:</span> <span class='ocrx_word' id='word_1_316' title='bbox 757 3019 976 3081; x_wconf 87' lang='lat' dir='ltr'><strong>Omnis</strong></span> <span class='ocrx_word' id='word_1_317' title='bbox 1006 3020 1281 3081; x_wconf 84' lang='lat' dir='ltr'><strong>essentia</strong></span> <span class='ocrx_word' id='word_1_318' title='bbox 1309 3038 1451 3100; x_wconf 84' lang='lat' dir='ltr'><strong>quae</strong></span> <span class='ocrx_word' id='word_1_319' title='bbox 1487 3019 1745 3080; x_wconf 86' lang='lat' dir='ltr'><strong>relative</strong></span> <span class='ocrx_word' id='word_1_320' title='bbox 1776 3018 1864 3080; x_wconf 91' lang='lat' dir='ltr'><strong>di·</strong></span> <span class='ocrx_word' id='word_1_321' title='bbox 1891 3015 1935 3076; x_wconf 90' lang='lat' dir='ltr'>C</span> <span class='ocrx_word' id='word_1_322' title='bbox 1972 3036 2225 3097; x_wconf 89' lang='lat' dir='ltr'><strong>semper</strong></span> <span class='ocrx_word' id='word_1_323' title='bbox 2268 3017 2333 3078; x_wconf 92' lang='lat' dir='ltr'><strong>in</strong></span> <span class='ocrx_word' id='word_1_324' title='bbox 2378 3017 2733 3080; x_wconf 91' lang='lat' dir='ltr'><strong>substantia</strong></span> <span class='ocrx_word' id='word_1_325' title='bbox 2782 3028 3014 3091; x_wconf 88' lang='lat' dir='ltr'><strong>manet,</strong></span> <span class='ocrx_word' id='word_1_326' title='bbox 3048 3027 3109 3082; x_wconf 87' lang='lat' dir='ltr'><strong>et</strong></span> <span class='ocrx_word' id='word_1_327' title='bbox 3161 3039 3463 3083; x_wconf 91' lang='lat' dir='ltr'><strong>numerus</strong></span> 
     </span>
    </p>
   </div>
   <div class='ocr_carea' id='block_1_9' title="bbox 363 3117 1864 4184">
    <p class='ocr_par' dir='ltr' id='par_1_11' title="bbox 363 3117 1864 4184">
     <span class='ocr_line' id='line_1_49' title="bbox 363 3117 1856 3200; baseline 0 -21"><span class='ocrx_word' id='word_1_328' title='bbox 363 3118 550 3193; x_wconf 89' lang='lat' dir='ltr'><strong>citur,</strong></span> <span class='ocrx_word' id='word_1_329' title='bbox 583 3127 682 3180; x_wconf 92' lang='lat' dir='ltr'><strong>est</strong></span> <span class='ocrx_word' id='word_1_330' title='bbox 728 3118 922 3180; x_wconf 91' lang='lat' dir='ltr'><strong>etiam</strong></span> <span class='ocrx_word' id='word_1_331' title='bbox 969 3117 1212 3199; x_wconf 91' lang='lat' dir='ltr'><strong>aliquid</strong></span> <span class='ocrx_word' id='word_1_332' title='bbox 1261 3117 1524 3180; x_wconf 90' lang='lat' dir='ltr'><strong>relativo</strong></span> <span class='ocrx_word' id='word_1_333' title='bbox 1571 3125 1856 3200; x_wconf 83' lang='lat' dir='ltr'><strong>exceptO,</strong></span> 
     </span>
     <span class='ocr_line' id='line_1_50' title="bbox 364 3217 1858 3294; baseline 0.001 -16"><span class='ocrx_word' id='word_1_334' title='bbox 364 3227 432 3278; x_wconf 93' lang='lat' dir='ltr'><strong>ut</strong></span> <span class='ocrx_word' id='word_1_335' title='bbox 477 3219 670 3280; x_wconf 91' lang='lat' dir='ltr'><strong>bomo</strong></span> <span class='ocrx_word' id='word_1_336' title='bbox 714 3218 1049 3294; x_wconf 83' lang='lat' dir='ltr'><strong>dominus3</strong></span> <span class='ocrx_word' id='word_1_337' title='bbox 1081 3217 1198 3280; x_wconf 89' lang='lat' dir='ltr'><strong>etsi</strong></span> <span class='ocrx_word' id='word_1_338' title='bbox 1239 3235 1365 3279; x_wconf 90' lang='lat' dir='ltr'><strong>non</strong></span> <span class='ocrx_word' id='word_1_339' title='bbox 1405 3225 1570 3280; x_wconf 88' lang='lat' dir='ltr'><strong>esset</strong></span> <span class='ocrx_word' id='word_1_340' title='bbox 1609 3217 1858 3279; x_wconf 91' lang='lat' dir='ltr'><strong>absolu-</strong></span> 
     </span>
     <span class='ocr_line' id='line_1_51' title="bbox 363 3316 1858 3398; baseline 0.001 -22"><span class='ocrx_word' id='word_1_341' title='bbox 363 3324 522 3390; x_wconf 90' lang='lat' dir='ltr'><strong>tum,</strong></span> <span class='ocrx_word' id='word_1_342' title='bbox 557 3336 676 3379; x_wconf 90' lang='lat' dir='ltr'><strong>nec</strong></span> <span class='ocrx_word' id='word_1_343' title='bbox 710 3317 1066 3378; x_wconf 89' lang='lat' dir='ltr'><strong>relativum.</strong></span> <span class='ocrx_word' id='word_1_344' title='bbox 1105 3316 1192 3378; x_wconf 82' lang='lat' dir='ltr'><strong>Ex</strong></span> <span class='ocrx_word' id='word_1_345' title='bbox 1224 3333 1352 3398; x_wconf 88' lang='lat' dir='ltr'><strong>quo</strong></span> <span class='ocrx_word' id='word_1_346' title='bbox 1389 3316 1664 3391; x_wconf 90' lang='lat' dir='ltr'><strong>elicitur,</strong></span> <span class='ocrx_word' id='word_1_347' title='bbox 1689 3317 1858 3397; x_wconf 92' lang='lat' dir='ltr'><strong>quod</strong></span> 
     </span>
     <span class='ocr_line' id='line_1_52' title="bbox 363 3413 1858 3496; baseline -0.003 -18"><span class='ocrx_word' id='word_1_348' title='bbox 363 3433 636 3496; x_wconf 86' lang='lat' dir='ltr'><strong>persona</strong></span> <span class='ocrx_word' id='word_1_349' title='bbox 681 3415 816 3478; x_wconf 83' lang='lat' dir='ltr'><strong>haec</strong></span> <span class='ocrx_word' id='word_1_350' title='bbox 858 3423 920 3477; x_wconf 89' lang='lat' dir='ltr'><strong>et</strong></span> <span class='ocrx_word' id='word_1_351' title='bbox 964 3415 1072 3477; x_wconf 89' lang='lat' dir='ltr'><strong>illa</strong></span> <span class='ocrx_word' id='word_1_352' title='bbox 1115 3415 1218 3476; x_wconf 84' lang='lat' dir='ltr'><strong>dat</strong></span> <span class='ocrx_word' id='word_1_353' title='bbox 1269 3415 1660 3477; x_wconf 92' lang='lat' dir='ltr'><strong>intellectum</strong></span> <span class='ocrx_word' id='word_1_354' title='bbox 1711 3413 1858 3476; x_wconf 91' lang='lat' dir='ltr'><strong>sub-</strong></span> 
     </span>
     <span class='ocr_line' id='line_1_53' title="bbox 363 3513 1856 3594; baseline -0.001 -20"><span class='ocrx_word' id='word_1_355' title='bbox 363 3515 612 3576; x_wconf 83' lang='lat' dir='ltr'><strong>stantiae</strong></span> <span class='ocrx_word' id='word_1_356' title='bbox 671 3513 1038 3594; x_wconf 71' lang='lat' dir='ltr'><strong>suppositae,</strong></span> <span class='ocrx_word' id='word_1_357' title='bbox 1091 3520 1152 3574; x_wconf 93' lang='lat' dir='ltr'><strong>et</strong></span> <span class='ocrx_word' id='word_1_358' title='bbox 1210 3513 1400 3574; x_wconf 90' lang='lat' dir='ltr'><strong>etiam</strong></span> <span class='ocrx_word' id='word_1_359' title='bbox 1463 3513 1856 3574; x_wconf 89' lang='lat' dir='ltr'><strong>intellectum</strong></span> 
     </span>
     <span class='ocr_line' id='line_1_54' title="bbox 365 3611 1857 3694; baseline -0.002 -20"><span class='ocrx_word' id='word_1_360' title='bbox 365 3612 792 3694; x_wconf 68' lang='lat' dir='ltr'><strong>proprietatis</strong></span> <span class='ocrx_word' id='word_1_361' title='bbox 827 3611 990 3693; x_wconf 89' lang='lat' dir='ltr'><strong>Ergo</strong></span> <span class='ocrx_word' id='word_1_362' title='bbox 1021 3620 1083 3672; x_wconf 90' lang='lat' dir='ltr'><strong>et</strong></span> <span class='ocrx_word' id='word_1_363' title='bbox 1114 3629 1401 3693; x_wconf 83' lang='lat' dir='ltr'><strong>persona,</strong></span> <span class='ocrx_word' id='word_1_364' title='bbox 1435 3631 1576 3693; x_wconf 81' lang='lat' dir='ltr'><strong>quae</strong></span> <span class='ocrx_word' id='word_1_365' title='bbox 1606 3611 1762 3673; x_wconf 90' lang='lat' dir='ltr'><strong>dicit</strong></span> <span class='ocrx_word' id='word_1_366' title='bbox 1792 3611 1857 3672; x_wconf 91' lang='lat' dir='ltr'><strong>in</strong></span> 
     </span>
     <span class='ocr_line' id='line_1_55' title="bbox 365 3709 1860 3791; baseline 0 -21"><span class='ocrx_word' id='word_1_367' title='bbox 365 3711 695 3772; x_wconf 90' lang='lat' dir='ltr'><strong>communi</strong></span> <span class='ocrx_word' id='word_1_368' title='bbox 741 3709 1160 3772; x_wconf 84' lang='lat' dir='ltr'><strong>substantiam</strong></span> <span class='ocrx_word' id='word_1_369' title='bbox 1206 3709 1624 3791; x_wconf 88' lang='lat' dir='ltr'><strong>suppositam,</strong></span> <span class='ocrx_word' id='word_1_370' title='bbox 1658 3709 1724 3771; x_wconf 92' lang='lat' dir='ltr'><strong>in</strong></span> <span class='ocrx_word' id='word_1_371' title='bbox 1769 3709 1860 3770; x_wconf 92' lang='lat' dir='ltr'><strong>in-</strong></span> 
     </span>
     <span class='ocr_line' id='line_1_56' title="bbox 365 3807 1861 3889; baseline 0.001 -21"><span class='ocrx_word' id='word_1_372' title='bbox 365 3809 624 3871; x_wconf 82' lang='lat' dir='ltr'><strong>tellectu</strong></span> <span class='ocrx_word' id='word_1_373' title='bbox 684 3825 800 3870; x_wconf 92' lang='lat' dir='ltr'><strong>suo</strong></span> <span class='ocrx_word' id='word_1_374' title='bbox 853 3807 1092 3870; x_wconf 87' lang='lat' dir='ltr'><strong>claudit</strong></span> <span class='ocrx_word' id='word_1_375' title='bbox 1149 3816 1511 3889; x_wconf 86' lang='lat' dir='ltr'><strong>utrumque,</strong></span> <span class='ocrx_word' id='word_1_376' title='bbox 1564 3807 1861 3869; x_wconf 87' lang='lat' dir='ltr'><strong>videlicet</strong></span> 
     </span>
     <span class='ocr_line' id='line_1_57' title="bbox 365 3906 1864 3988; baseline 0.001 -20"><span class='ocrx_word' id='word_1_377' title='bbox 365 3925 704 3987; x_wconf 87' lang='lat' dir='ltr'><strong>personam</strong></span> <span class='ocrx_word' id='word_1_378' title='bbox 733 3914 799 3968; x_wconf 91' lang='lat' dir='ltr'><strong>et</strong></span> <span class='ocrx_word' id='word_1_379' title='bbox 831 3907 1300 3988; x_wconf 85' lang='lat' dir='ltr'><strong>proprietatem.</strong></span> <span class='ocrx_word' id='word_1_380' title='bbox 1339 3906 1626 3968; x_wconf 84' lang='lat' dir='ltr'><strong>Secunda</strong></span> <span class='ocrx_word' id='word_1_381' title='bbox 1656 3913 1864 3969; x_wconf 90' lang='lat' dir='ltr'><strong>aucto-</strong></span> 
     </span>
     <span class='ocr_line' id='line_1_58' title="bbox 365 4003 1860 4067; baseline 0 -3"><span class='ocrx_word' id='word_1_382' title='bbox 365 4005 516 4067; x_wconf 87' lang='lat' dir='ltr'><strong>ritas</strong></span> <span class='ocrx_word' id='word_1_383' title='bbox 546 4013 646 4067; x_wconf 90' lang='lat' dir='ltr'><strong>est</strong></span> <span class='ocrx_word' id='word_1_384' title='bbox 675 4004 873 4066; x_wconf 89' lang='lat' dir='ltr'><strong>Boetii</strong></span> <span class='ocrx_word' id='word_1_385' title='bbox 917 4004 982 4066; x_wconf 93' lang='lat' dir='ltr'><strong>in</strong></span> <span class='ocrx_word' id='word_1_386' title='bbox 1014 4003 1174 4066; x_wconf 90' lang='lat' dir='ltr'><strong>libro</strong></span> <span class='ocrx_word' id='word_1_387' title='bbox 1216 4005 1292 4066; x_wconf 90' lang='lat' dir='ltr'><strong>de</strong></span> <span class='ocrx_word' id='word_1_388' title='bbox 1325 4005 1580 4066; x_wconf 90' lang='lat' dir='ltr'><strong>Duabus</strong></span> <span class='ocrx_word' id='word_1_389' title='bbox 1619 4003 1860 4065; x_wconf 90' lang='lat' dir='ltr'><strong>naturis</strong></span> 
     </span>
     <span class='ocr_line' id='line_1_59' title="bbox 365 4101 1861 4184; baseline -0.001 -20"><span class='ocrx_word' id='word_1_390' title='bbox 365 4103 430 4164; x_wconf 90' lang='lat' dir='ltr'><strong>in</strong></span> <span class='ocrx_word' id='word_1_391' title='bbox 475 4123 602 4164; x_wconf 87' lang='lat' dir='ltr'><strong>una</strong></span> <span class='ocrx_word' id='word_1_392' title='bbox 645 4121 912 4184; x_wconf 85' lang='lat' dir='ltr'><strong>persona</strong></span> <span class='ocrx_word' id='word_1_393' title='bbox 951 4103 1205 4174; x_wconf 87' lang='lat' dir='ltr'><strong>Christi,</strong></span> <span class='ocrx_word' id='word_1_394' title='bbox 1239 4102 1348 4183; x_wconf 90' lang='lat' dir='ltr'><strong>qui</strong></span> <span class='ocrx_word' id='word_1_395' title='bbox 1393 4109 1661 4164; x_wconf 86' lang='lat' dir='ltr'><strong>venatur</strong></span> <span class='ocrx_word' id='word_1_396' title='bbox 1703 4101 1861 4163; x_wconf 85' lang='lat' dir='ltr'><strong>defi-</strong></span> 
     </span>
    </p>
   </div>
   <div class='ocr_carea' id='block_1_10' title="bbox 1969 3116 3467 4180">
    <p class='ocr_par' dir='ltr' id='par_1_12' title="bbox 1969 3116 3467 4180">
     <span class='ocr_line' id='line_1_60' title="bbox 1973 3116 3465 3197; baseline 0.003 -21"><span class='ocrx_word' id='word_1_397' title='bbox 1973 3135 2168 3197; x_wconf 92' lang='lat' dir='ltr'><strong>penes</strong></span> <span class='ocrx_word' id='word_1_398' title='bbox 2202 3116 2459 3178; x_wconf 90' lang='lat' dir='ltr'><strong>modum</strong></span> <span class='ocrx_word' id='word_1_399' title='bbox 2490 3117 2876 3180; x_wconf 82' lang='lat' dir='ltr'><strong>exsistentiae</strong></span> <span class='ocrx_word' id='word_1_400' title='bbox 2915 3117 2994 3180; x_wconf 89' lang='lat' dir='ltr'><strong>ab</strong></span> <span class='ocrx_word' id='word_1_401' title='bbox 3024 3118 3171 3194; x_wconf 91' lang='lat' dir='ltr'><strong>alio,</strong></span> <span class='ocrx_word' id='word_1_402' title='bbox 3206 3128 3274 3182; x_wconf 90' lang='lat' dir='ltr'><strong>ut</strong></span> <span class='ocrx_word' id='word_1_403' title='bbox 3305 3119 3465 3181; x_wconf 86' lang='lat' dir='ltr'><strong>dixit</strong></span> 
     </span>
     <span class='ocr_line' id='line_1_61' title="bbox 1971 3215 3464 3299; baseline 0.003 -22"><span class='ocrx_word' id='word_1_404' title='bbox 1971 3215 2338 3277; x_wconf 81' lang='lat' dir='ltr'><strong>RicharduS.</strong></span> <span class='ocrx_word' id='word_1_405' title='bbox 2375 3215 2703 3278; x_wconf 86' lang='lat' dir='ltr'><strong>Pluralitas</strong></span> <span class='ocrx_word' id='word_1_406' title='bbox 2734 3235 2884 3297; x_wconf 89' lang='lat' dir='ltr'><strong>ergo</strong></span> <span class='ocrx_word' id='word_1_407' title='bbox 2925 3236 3337 3299; x_wconf 91' lang='lat' dir='ltr'><strong>personarum</strong></span> <span class='ocrx_word' id='word_1_408' title='bbox 3370 3237 3464 3281; x_wconf 90' lang='lat' dir='ltr'><strong>re-</strong></span> 
     </span>
     <span class='ocr_line' id='line_1_62' title="bbox 1973 3313 3464 3397; baseline 0.003 -23"><span class='ocrx_word' id='word_1_409' title='bbox 1973 3313 2122 3374; x_wconf 92' lang='lat' dir='ltr'><strong>ferri</strong></span> <span class='ocrx_word' id='word_1_410' title='bbox 2167 3332 2293 3376; x_wconf 92' lang='lat' dir='ltr'><strong>non</strong></span> <span class='ocrx_word' id='word_1_411' title='bbox 2338 3321 2545 3395; x_wconf 89' lang='lat' dir='ltr'><strong>potest</strong></span> <span class='ocrx_word' id='word_1_412' title='bbox 2582 3315 2657 3376; x_wconf 92' lang='lat' dir='ltr'><strong>ad</strong></span> <span class='ocrx_word' id='word_1_413' title='bbox 2701 3315 2941 3397; x_wconf 90' lang='lat' dir='ltr'><strong>aliquid</strong></span> <span class='ocrx_word' id='word_1_414' title='bbox 2981 3317 3341 3379; x_wconf 92' lang='lat' dir='ltr'><strong>absolutum</strong></span> <span class='ocrx_word' id='word_1_415' title='bbox 3384 3316 3464 3378; x_wconf 92' lang='lat' dir='ltr'><strong>si-</strong></span> 
     </span>
     <span class='ocr_line' id='line_1_63' title="bbox 1969 3409 3467 3496; baseline 0.004 -25"><span class='ocrx_word' id='word_1_416' title='bbox 1969 3409 2347 3492; x_wconf 88' lang='lat' dir='ltr'><strong>gnificatum</strong></span> <span class='ocrx_word' id='word_1_417' title='bbox 2390 3411 2452 3472; x_wconf 90' lang='lat' dir='ltr'><strong>in</strong></span> <span class='ocrx_word' id='word_1_418' title='bbox 2491 3411 2612 3474; x_wconf 90' lang='lat' dir='ltr'><strong>hoc</strong></span> <span class='ocrx_word' id='word_1_419' title='bbox 2651 3414 2929 3486; x_wconf 91' lang='lat' dir='ltr'><strong>nomine,</strong></span> <span class='ocrx_word' id='word_1_420' title='bbox 2964 3433 3235 3496; x_wconf 88' lang='lat' dir='ltr'><strong>persona</strong></span> <span class='ocrx_word' id='word_1_421' title='bbox 3268 3433 3281 3476; x_wconf 91' lang='lat'>:</span> <span class='ocrx_word' id='word_1_422' title='bbox 3316 3415 3467 3496; x_wconf 89' lang='lat' dir='ltr'><strong>quia</strong></span> 
     </span>
     <span class='ocr_line' id='line_1_64' title="bbox 1973 3509 3465 3591; baseline 0.003 -22"><span class='ocrx_word' id='word_1_423' title='bbox 1973 3516 2124 3570; x_wconf 92' lang='lat' dir='ltr'><strong>tunc</strong></span> <span class='ocrx_word' id='word_1_424' title='bbox 2179 3509 2423 3591; x_wconf 91' lang='lat' dir='ltr'><strong>aliquid</strong></span> <span class='ocrx_word' id='word_1_425' title='bbox 2478 3510 2555 3572; x_wconf 91' lang='lat' dir='ltr'><strong>de</strong></span> <span class='ocrx_word' id='word_1_426' title='bbox 2603 3510 2957 3573; x_wconf 91' lang='lat' dir='ltr'><strong>substantia</strong></span> <span class='ocrx_word' id='word_1_427' title='bbox 3008 3519 3174 3574; x_wconf 88' lang='lat' dir='ltr'><strong>esset</strong></span> <span class='ocrx_word' id='word_1_428' title='bbox 3224 3513 3288 3574; x_wconf 93' lang='lat' dir='ltr'><strong>in</strong></span> <span class='ocrx_word' id='word_1_429' title='bbox 3342 3531 3465 3574; x_wconf 92' lang='lat' dir='ltr'><strong>una</strong></span> 
     </span>
     <span class='ocr_line' id='line_1_65' title="bbox 1974 3609 3465 3689; baseline 0.003 -21"><span class='ocrx_word' id='word_1_430' title='bbox 1974 3624 2262 3688; x_wconf 88' lang='lat' dir='ltr'><strong>persona,</strong></span> <span class='ocrx_word' id='word_1_431' title='bbox 2298 3609 2465 3689; x_wconf 91' lang='lat' dir='ltr'><strong>quod</strong></span> <span class='ocrx_word' id='word_1_432' title='bbox 2498 3625 2625 3670; x_wconf 93' lang='lat' dir='ltr'><strong>non</strong></span> <span class='ocrx_word' id='word_1_433' title='bbox 2656 3617 2823 3670; x_wconf 90' lang='lat' dir='ltr'><strong>esset</strong></span> <span class='ocrx_word' id='word_1_434' title='bbox 2855 3610 2918 3671; x_wconf 95' lang='lat' dir='ltr'><strong>in</strong></span> <span class='ocrx_word' id='word_1_435' title='bbox 2954 3611 3094 3672; x_wconf 90' lang='lat' dir='ltr'><strong>alia.</strong></span> <span class='ocrx_word' id='word_1_436' title='bbox 3130 3611 3289 3672; x_wconf 89' lang='lat' dir='ltr'><strong>Hinc</strong></span> <span class='ocrx_word' id='word_1_437' title='bbox 3320 3629 3465 3672; x_wconf 91' lang='lat' dir='ltr'><strong>cau-</strong></span> 
     </span>
     <span class='ocr_line' id='line_1_66' title="bbox 1975 3705 3465 3790; baseline 0.003 -26"><span class='ocrx_word' id='word_1_438' title='bbox 1975 3711 2033 3766; x_wconf 91' lang='lat' dir='ltr'><strong>te</strong></span> <span class='ocrx_word' id='word_1_439' title='bbox 2083 3705 2471 3787; x_wconf 91' lang='lat' dir='ltr'><strong>loquendum</strong></span> <span class='ocrx_word' id='word_1_440' title='bbox 2522 3714 2618 3767; x_wconf 90' lang='lat' dir='ltr'><strong>est</strong></span> <span class='ocrx_word' id='word_1_441' title='bbox 2671 3707 2797 3780; x_wconf 89' lang='lat' dir='ltr'><strong>hic,</strong></span> <span class='ocrx_word' id='word_1_442' title='bbox 2840 3707 3085 3769; x_wconf 90' lang='lat' dir='ltr'><strong>scilicet</strong></span> <span class='ocrx_word' id='word_1_443' title='bbox 3136 3715 3205 3768; x_wconf 87' lang='lat' dir='ltr'><strong>ut</strong></span> <span class='ocrx_word' id='word_1_444' title='bbox 3255 3725 3465 3790; x_wconf 91' lang='lat' dir='ltr'><strong>perso-</strong></span> 
     </span>
     <span class='ocr_line' id='line_1_67' title="bbox 1972 3803 3463 3887; baseline 0.002 -23"><span class='ocrx_word' id='word_1_445' title='bbox 1972 3822 2054 3864; x_wconf 90' lang='lat' dir='ltr'><strong>na</strong></span> <span class='ocrx_word' id='word_1_446' title='bbox 2083 3803 2407 3884; x_wconf 83' lang='lat' dir='ltr'><strong>significet</strong></span> <span class='ocrx_word' id='word_1_447' title='bbox 2436 3804 2854 3867; x_wconf 87' lang='lat' dir='ltr'><strong>substantiam</strong></span> <span class='ocrx_word' id='word_1_448' title='bbox 2888 3806 3282 3887; x_wconf 90' lang='lat' dir='ltr'><strong>suppositam</strong></span> <span class='ocrx_word' id='word_1_449' title='bbox 3316 3825 3463 3868; x_wconf 92' lang='lat' dir='ltr'><strong>cum</strong></span> 
     </span>
     <span class='ocr_line' id='line_1_68' title="bbox 1974 3901 3464 3986; baseline 0.003 -24"><span class='ocrx_word' id='word_1_450' title='bbox 1974 3901 2281 3983; x_wconf 86' lang='lat' dir='ltr'><strong>singulari</strong></span> <span class='ocrx_word' id='word_1_451' title='bbox 2342 3903 2745 3985; x_wconf 87' lang='lat' dir='ltr'><strong>proprietate,</strong></span> <span class='ocrx_word' id='word_1_452' title='bbox 2807 3904 2868 3965; x_wconf 93' lang='lat' dir='ltr'><strong>in</strong></span> <span class='ocrx_word' id='word_1_453' title='bbox 2929 3923 3053 3986; x_wconf 87' lang='lat' dir='ltr'><strong>qua</strong></span> <span class='ocrx_word' id='word_1_454' title='bbox 3111 3905 3464 3966; x_wconf 88' lang='lat' dir='ltr'><strong>secuudum</strong></span> 
     </span>
     <span class='ocr_line' id='line_1_69' title="bbox 1973 4001 3461 4076; baseline 0.002 -15"><span class='ocrx_word' id='word_1_455' title='bbox 1973 4001 2359 4064; x_wconf 79' lang='lat' dir='ltr'><strong>exsistentiae</strong></span> <span class='ocrx_word' id='word_1_456' title='bbox 2414 4002 2671 4064; x_wconf 91' lang='lat' dir='ltr'><strong>modum</strong></span> <span class='ocrx_word' id='word_1_457' title='bbox 2730 4001 3087 4063; x_wconf 88' lang='lat' dir='ltr'><strong>admittitur</strong></span> <span class='ocrx_word' id='word_1_458' title='bbox 3135 4021 3461 4076; x_wconf 82' lang='lat' dir='ltr'><strong>numeruS,</strong></span> 
     </span>
     <span class='ocr_line' id='line_1_70' title="bbox 1973 4098 3461 4180; baseline 0.002 -21"><span class='ocrx_word' id='word_1_459' title='bbox 1973 4098 2092 4160; x_wconf 91' lang='lat' dir='ltr'><strong>etsi</strong></span> <span class='ocrx_word' id='word_1_460' title='bbox 2125 4116 2249 4161; x_wconf 92' lang='lat' dir='ltr'><strong>non</strong></span> <span class='ocrx_word' id='word_1_461' title='bbox 2284 4108 2653 4162; x_wconf 89' lang='lat' dir='ltr'><strong>numeretur</strong></span> <span class='ocrx_word' id='word_1_462' title='bbox 2683 4099 3036 4162; x_wconf 83' lang='lat' dir='ltr'><strong>substantia</strong></span> <span class='ocrx_word' id='word_1_463' title='bbox 3064 4101 3461 4180; x_wconf 88' lang='lat' dir='ltr'><strong>significata:</strong></span> 
     </span>
    </p>
   </div>
   <div class='ocr_carea' id='block_1_11' title="bbox 365 4197 3463 4282">
    <p class='ocr_par' dir='ltr' id='par_1_13' title="bbox 365 4197 3463 4282">
     <span class='ocr_line' id='line_1_71' title="bbox 365 4197 3463 4282; baseline -0.001 -19"><span class='ocrx_word' id='word_1_464' title='bbox 365 4202 678 4263; x_wconf 88' lang='lat' dir='ltr'><strong>nitionem</strong></span> <span class='ocrx_word' id='word_1_465' title='bbox 709 4219 995 4282; x_wconf 81' lang='lat' dir='ltr'><strong>personae</strong></span> <span class='ocrx_word' id='word_1_466' title='bbox 1035 4219 1110 4262; x_wconf 86' lang='lat' dir='ltr'><strong>ex</strong></span> <span class='ocrx_word' id='word_1_467' title='bbox 1143 4200 1494 4262; x_wconf 88' lang='lat' dir='ltr'><strong>substantia</strong></span> <span class='ocrx_word' id='word_1_468' title='bbox 1535 4201 1864 4282; x_wconf 87' lang='lat' dir='ltr'><strong>supposita</strong></span> <span class='ocrx_word' id='word_1_469' title='bbox 1893 4199 1943 4260; x_wconf 91' lang='lat' dir='ltr'>D</span> <span class='ocrx_word' id='word_1_470' title='bbox 1975 4205 2044 4258; x_wconf 92' lang='lat' dir='ltr'><strong>ut</strong></span> <span class='ocrx_word' id='word_1_471' title='bbox 2084 4216 2285 4278; x_wconf 87' lang='lat' dir='ltr'><strong>quum</strong></span> <span class='ocrx_word' id='word_1_472' title='bbox 2333 4197 2587 4271; x_wconf 90' lang='lat' dir='ltr'><strong>dicitur,</strong></span> <span class='ocrx_word' id='word_1_473' title='bbox 2621 4199 2769 4260; x_wconf 79' lang='lat' dir='ltr'><strong>Duae</strong></span> <span class='ocrx_word' id='word_1_474' title='bbox 2811 4205 2959 4259; x_wconf 91' lang='lat' dir='ltr'><strong>sunt</strong></span> <span class='ocrx_word' id='word_1_475' title='bbox 2998 4217 3303 4280; x_wconf 68' lang='lat' dir='ltr'><strong>personna,</strong></span> <span class='ocrx_word' id='word_1_476' title='bbox 3339 4199 3463 4272; x_wconf 87' lang='lat' dir='ltr'><strong>vel,</strong></span> 
     </span>
    </p>
   </div>
   <div class='ocr_carea' id='block_1_12' title="bbox 363 4297 1862 4558">
    <p class='ocr_par' dir='ltr' id='par_1_14' title="bbox 363 4297 1862 4558">
     <span class='ocr_line' id='line_1_72' title="bbox 363 4297 1862 4381; baseline -0.001 -21"><span class='ocrx_word' id='word_1_477' title='bbox 363 4307 422 4360; x_wconf 87' lang='lat' dir='ltr'><strong>et</strong></span> <span class='ocrx_word' id='word_1_478' title='bbox 473 4299 859 4381; x_wconf 88' lang='lat' dir='ltr'><strong>proprietate</strong></span> <span class='ocrx_word' id='word_1_479' title='bbox 899 4297 1350 4378; x_wconf 90' lang='lat' dir='ltr'><strong>distinguente,</strong></span> <span class='ocrx_word' id='word_1_480' title='bbox 1384 4298 1654 4361; x_wconf 89' lang='lat' dir='ltr'><strong>dicendo</strong></span> <span class='ocrx_word' id='word_1_481' title='bbox 1693 4298 1862 4379; x_wconf 90' lang='lat' dir='ltr'><strong>quod</strong></span> 
     </span>
     <span class='ocr_line' id='line_1_73' title="bbox 369 4395 1862 4478; baseline -0.001 -20"><span class='ocrx_word' id='word_1_482' title='bbox 369 4415 641 4478; x_wconf 80' lang='lat' dir='ltr'><strong>persona</strong></span> <span class='ocrx_word' id='word_1_483' title='bbox 669 4405 766 4458; x_wconf 90' lang='lat' dir='ltr'><strong>est</strong></span> <span class='ocrx_word' id='word_1_484' title='bbox 797 4396 1126 4458; x_wconf 89' lang='lat' dir='ltr'><strong>individua</strong></span> <span class='ocrx_word' id='word_1_485' title='bbox 1155 4396 1508 4458; x_wconf 89' lang='lat' dir='ltr'><strong>substantia</strong></span> <span class='ocrx_word' id='word_1_486' title='bbox 1541 4395 1862 4457; x_wconf 90' lang='lat' dir='ltr'><strong>rationalis</strong></span> 
     </span>
     <span class='ocr_line' id='line_1_74' title="bbox 366 4494 1862 4558; baseline 0 -2"><span class='ocrx_word' id='word_1_487' title='bbox 366 4504 628 4558; x_wconf 80' lang='lat' dir='ltr'><strong>naturae.</strong></span> <span class='ocrx_word' id='word_1_488' title='bbox 662 4494 870 4557; x_wconf 84' lang='lat' dir='ltr'><strong>Tertia</strong></span> <span class='ocrx_word' id='word_1_489' title='bbox 897 4502 994 4556; x_wconf 92' lang='lat' dir='ltr'><strong>est</strong></span> <span class='ocrx_word' id='word_1_490' title='bbox 1023 4494 1315 4557; x_wconf 85' lang='lat' dir='ltr'><strong>Richardi</strong></span> <span class='ocrx_word' id='word_1_491' title='bbox 1349 4495 1413 4555; x_wconf 91' lang='lat' dir='ltr'><strong>in</strong></span> <span class='ocrx_word' id='word_1_492' title='bbox 1448 4494 1608 4556; x_wconf 88' lang='lat' dir='ltr'><strong>libro</strong></span> <span class='ocrx_word' id='word_1_493' title='bbox 1639 4513 1754 4556; x_wconf 91' lang='lat' dir='ltr'><strong>suo</strong></span> <span class='ocrx_word' id='word_1_494' title='bbox 1785 4495 1862 4556; x_wconf 92' lang='lat' dir='ltr'><strong>de</strong></span> 
     </span>
    </p>
   </div>
   <div class='ocr_carea' id='block_1_13' title="bbox 303 4593 1860 4673">
    <p class='ocr_par' dir='ltr' id='par_1_15' title="bbox 303 4593 1860 4673">
     <span class='ocr_line' id='line_1_75' title="bbox 303 4593 1860 4673; baseline 0.002 -22"><span class='ocrx_word' id='word_1_495' title='bbox 303 4639 338 4650; x_wconf 79' lang='lat'><strong>-.</strong></span> <span class='ocrx_word' id='word_1_496' title='bbox 367 4595 672 4656; x_wconf 86' lang='lat' dir='ltr'><strong>Trinitate</strong></span> <span class='ocrx_word' id='word_1_497' title='bbox 711 4593 982 4655; x_wconf 82' lang='lat' dir='ltr'><strong>dicentis</strong></span> <span class='ocrx_word' id='word_1_498' title='bbox 1017 4610 1030 4654; x_wconf 74' lang='grc' dir='ltr'>ε</span> <span class='ocrx_word' id='word_1_499' title='bbox 1065 4594 1334 4655; x_wconf 87' lang='lat' dir='ltr'><strong>Persona</strong></span> <span class='ocrx_word' id='word_1_500' title='bbox 1364 4593 1684 4673; x_wconf 86' lang='lat' dir='ltr'><strong>significat</strong></span> <span class='ocrx_word' id='word_1_501' title='bbox 1714 4593 1860 4655; x_wconf 93' lang='lat' dir='ltr'><strong>sub-</strong></span> 
     </span>
    </p>
   </div>
   <div class='ocr_carea' id='block_1_14' title="bbox 362 4689 1864 5362">
    <p class='ocr_par' dir='ltr' id='par_1_16' title="bbox 362 4689 1864 5362">
     <span class='ocr_line' id='line_1_76' title="bbox 367 4689 1860 4772; baseline 0 -20"><span class='ocrx_word' id='word_1_502' title='bbox 367 4691 662 4753; x_wconf 88' lang='lat' dir='ltr'><strong>stantiale</strong></span> <span class='ocrx_word' id='word_1_503' title='bbox 700 4710 838 4753; x_wconf 88' lang='lat' dir='ltr'><strong>esse</strong></span> <span class='ocrx_word' id='word_1_504' title='bbox 879 4709 954 4752; x_wconf 85' lang='lat' dir='ltr'><strong>ex</strong></span> <span class='ocrx_word' id='word_1_505' title='bbox 987 4690 1199 4771; x_wconf 90' lang='lat' dir='ltr'><strong>aliqua</strong></span> <span class='ocrx_word' id='word_1_506' title='bbox 1236 4689 1540 4770; x_wconf 86' lang='lat' dir='ltr'><strong>singulari</strong></span> <span class='ocrx_word' id='word_1_507' title='bbox 1579 4691 1860 4772; x_wconf 88' lang='lat' dir='ltr'><strong>proprie-</strong></span> 
     </span>
     <span class='ocr_line' id='line_1_77' title="bbox 367 4787 1861 4870; baseline 0 -20"><span class='ocrx_word' id='word_1_508' title='bbox 367 4797 512 4852; x_wconf 85' lang='lat' dir='ltr'><strong>tate.</strong></span> <span class='ocrx_word' id='word_1_509' title='bbox 549 4789 696 4852; x_wconf 90' lang='lat' dir='ltr'><strong>ldeo</strong></span> <span class='ocrx_word' id='word_1_510' title='bbox 721 4806 872 4870; x_wconf 86' lang='lat' dir='ltr'><strong>ergo</strong></span> <span class='ocrx_word' id='word_1_511' title='bbox 912 4788 1310 4850; x_wconf 79' lang='lat' dir='ltr'><strong>confidenter</strong></span> <span class='ocrx_word' id='word_1_512' title='bbox 1343 4787 1618 4850; x_wconf 82' lang='lat' dir='ltr'><strong>fatemur</strong></span> <span class='ocrx_word' id='word_1_513' title='bbox 1651 4807 1861 4869; x_wconf 89' lang='lat' dir='ltr'><strong>perso·</strong></span> 
     </span>
     <span class='ocr_line' id='line_1_78' title="bbox 369 4886 1860 4968; baseline 0 -19"><span class='ocrx_word' id='word_1_514' title='bbox 369 4907 480 4949; x_wconf 87' lang='lat' dir='ltr'><strong>nas</strong></span> <span class='ocrx_word' id='word_1_515' title='bbox 533 4888 600 4948; x_wconf 91' lang='lat' dir='ltr'><strong>in</strong></span> <span class='ocrx_word' id='word_1_516' title='bbox 645 4887 878 4950; x_wconf 88' lang='lat' dir='ltr'><strong>divinis</strong></span> <span class='ocrx_word' id='word_1_517' title='bbox 925 4906 1037 4968; x_wconf 91' lang='lat' dir='ltr'><strong>per</strong></span> <span class='ocrx_word' id='word_1_518' title='bbox 1080 4886 1499 4948; x_wconf 90' lang='lat' dir='ltr'><strong>substantiam</strong></span> <span class='ocrx_word' id='word_1_519' title='bbox 1546 4887 1766 4960; x_wconf 81' lang='lat' dir='ltr'><strong>dictaS‚</strong></span> <span class='ocrx_word' id='word_1_520' title='bbox 1801 4895 1860 4949; x_wconf 89' lang='lat' dir='ltr'><strong>ct</strong></span> 
     </span>
     <span class='ocr_line' id='line_1_79' title="bbox 365 4984 1860 5066; baseline 0.001 -20"><span class='ocrx_word' id='word_1_521' title='bbox 365 4985 788 5046; x_wconf 88' lang='lat' dir='ltr'><strong>substantiam</strong></span> <span class='ocrx_word' id='word_1_522' title='bbox 829 4984 1216 5066; x_wconf 87' lang='lat' dir='ltr'><strong>significare,</strong></span> <span class='ocrx_word' id='word_1_523' title='bbox 1252 4992 1315 5046; x_wconf 90' lang='lat' dir='ltr'><strong>et</strong></span> <span class='ocrx_word' id='word_1_524' title='bbox 1346 4985 1562 5066; x_wconf 83' lang='lat' dir='ltr'><strong>plures</strong></span> <span class='ocrx_word' id='word_1_525' title='bbox 1594 4985 1689 5066; x_wconf 29' lang='lat' dir='ltr'><strong>‘ibi</strong></span> <span class='ocrx_word' id='word_1_526' title='bbox 1722 5003 1860 5047; x_wconf 89' lang='lat' dir='ltr'><strong>esse</strong></span> 
     </span>
     <span class='ocr_line' id='line_1_80' title="bbox 367 5082 1864 5164; baseline 0 -20"><span class='ocrx_word' id='word_1_527' title='bbox 367 5101 692 5164; x_wconf 78' lang='lat' dir='ltr'><strong>personaS,</strong></span> <span class='ocrx_word' id='word_1_528' title='bbox 744 5102 871 5145; x_wconf 93' lang='lat' dir='ltr'><strong>non</strong></span> <span class='ocrx_word' id='word_1_529' title='bbox 931 5083 1148 5164; x_wconf 86' lang='lat' dir='ltr'><strong>plures</strong></span> <span class='ocrx_word' id='word_1_530' title='bbox 1207 5082 1592 5144; x_wconf 89' lang='lat' dir='ltr'><strong>substantias</strong></span> <span class='ocrx_word' id='word_1_531' title='bbox 1647 5100 1660 5144; x_wconf 75' lang='grc' dir='ltr'>ε</span> <span class='ocrx_word' id='word_1_532' title='bbox 1715 5083 1864 5164; x_wconf 92' lang='lat' dir='ltr'><strong>quia</strong></span> 
     </span>
     <span class='ocr_line' id='line_1_81' title="bbox 363 5180 1862 5264; baseline 0 -21"><span class='ocrx_word' id='word_1_533' title='bbox 363 5189 514 5243; x_wconf 89' lang='lat' dir='ltr'><strong>sunt</strong></span> <span class='ocrx_word' id='word_1_534' title='bbox 560 5181 648 5242; x_wconf 90' lang='lat' dir='ltr'><strong>ibi</strong></span> <span class='ocrx_word' id='word_1_535' title='bbox 691 5181 902 5262; x_wconf 88' lang='lat' dir='ltr'><strong>plures</strong></span> <span class='ocrx_word' id='word_1_536' title='bbox 944 5180 1252 5244; x_wconf 88' lang='lat' dir='ltr'><strong>habentes</strong></span> <span class='ocrx_word' id='word_1_537' title='bbox 1299 5201 1498 5243; x_wconf 90' lang='lat' dir='ltr'><strong>unum</strong></span> <span class='ocrx_word' id='word_1_538' title='bbox 1539 5189 1729 5264; x_wconf 87' lang='lat' dir='ltr'><strong>atque</strong></span> <span class='ocrx_word' id='word_1_539' title='bbox 1771 5182 1862 5243; x_wconf 90' lang='lat' dir='ltr'><strong>in-</strong></span> 
     </span>
     <span class='ocr_line' id='line_1_82' title="bbox 362 5278 1854 5362; baseline 0 -20"><span class='ocrx_word' id='word_1_540' title='bbox 362 5279 678 5342; x_wconf 81' lang='lat' dir='ltr'><strong>differens</strong></span> <span class='ocrx_word' id='word_1_541' title='bbox 733 5299 872 5342; x_wconf 90' lang='lat' dir='ltr'><strong>esse</strong></span> <span class='ocrx_word' id='word_1_542' title='bbox 929 5299 1006 5342; x_wconf 84' lang='lat' dir='ltr'><strong>ex</strong></span> <span class='ocrx_word' id='word_1_543' title='bbox 1065 5278 1390 5342; x_wconf 85' lang='lat' dir='ltr'><strong>differenti</strong></span> <span class='ocrx_word' id='word_1_544' title='bbox 1452 5281 1854 5362; x_wconf 89' lang='lat' dir='ltr'><strong>proprietate.</strong></span> 
     </span>
    </p>
   </div>
   <div class='ocr_carea' id='block_1_15' title="bbox 1973 4295 3468 5362">
    <p class='ocr_par' dir='ltr' id='par_1_17' title="bbox 1973 4295 3468 5362">
     <span class='ocr_line' id='line_1_83' title="bbox 1974 4295 3466 4376; baseline 0.002 -17"><span class='ocrx_word' id='word_1_545' title='bbox 1974 4297 2124 4359; x_wconf 87' lang='lat' dir='ltr'><strong>Tres</strong></span> <span class='ocrx_word' id='word_1_546' title='bbox 2165 4303 2311 4357; x_wconf 90' lang='lat' dir='ltr'><strong>sunt</strong></span> <span class='ocrx_word' id='word_1_547' title='bbox 2354 4313 2660 4376; x_wconf 83' lang='lat' dir='ltr'><strong>personae‚</strong></span> <span class='ocrx_word' id='word_1_548' title='bbox 2694 4295 3004 4358; x_wconf 85' lang='lat' dir='ltr'><strong>referatur</strong></span> <span class='ocrx_word' id='word_1_549' title='bbox 3044 4317 3348 4361; x_wconf 91' lang='lat' dir='ltr'><strong>numerus</strong></span> <span class='ocrx_word' id='word_1_550' title='bbox 3388 4300 3466 4361; x_wconf 92' lang='lat' dir='ltr'><strong>ad</strong></span> 
     </span>
     <span class='ocr_line' id='line_1_84' title="bbox 1974 4394 3468 4480; baseline 0.003 -25"><span class='ocrx_word' id='word_1_551' title='bbox 1974 4412 2309 4476; x_wconf 88' lang='lat' dir='ltr'><strong>personam</strong></span> <span class='ocrx_word' id='word_1_552' title='bbox 2355 4395 2707 4456; x_wconf 88' lang='lat' dir='ltr'><strong>secundum</strong></span> <span class='ocrx_word' id='word_1_553' title='bbox 2752 4394 3136 4459; x_wconf 81' lang='lat' dir='ltr'><strong>exsistentiae</strong></span> <span class='ocrx_word' id='word_1_554' title='bbox 3187 4399 3468 4480; x_wconf 89' lang='lat' dir='ltr'><strong>proprie-</strong></span> 
     </span>
     <span class='ocr_line' id='line_1_85' title="bbox 1974 4493 3466 4565; baseline 0.004 -13"><span class='ocrx_word' id='word_1_555' title='bbox 1974 4500 2191 4565; x_wconf 88' lang='lat' dir='ltr'><strong>tatem,</strong></span> <span class='ocrx_word' id='word_1_556' title='bbox 2252 4499 2315 4553; x_wconf 89' lang='lat' dir='ltr'><strong>et</strong></span> <span class='ocrx_word' id='word_1_557' title='bbox 2377 4510 2502 4554; x_wconf 91' lang='lat' dir='ltr'><strong>non</strong></span> <span class='ocrx_word' id='word_1_558' title='bbox 2568 4493 2918 4554; x_wconf 91' lang='lat' dir='ltr'><strong>secundum</strong></span> <span class='ocrx_word' id='word_1_559' title='bbox 2988 4495 3466 4558; x_wconf 89' lang='lat' dir='ltr'><strong>multitudinem</strong></span> 
     </span>
     <span class='ocr_line' id='line_1_86' title="bbox 1975 4590 3413 4671; baseline 0.003 -19"><span class='ocrx_word' id='word_1_560' title='bbox 1975 4590 2344 4653; x_wconf 84' lang='lat' dir='ltr'><strong>substantiae</strong></span> <span class='ocrx_word' id='word_1_561' title='bbox 2388 4590 2781 4671; x_wconf 55' lang='lat' dir='ltr'><strong>significatae.</strong></span> <span class='ocrx_word' id='word_1_562' title='bbox 2816 4627 2895 4637; x_wconf 91' lang='lat'>—</span> <span class='ocrx_word' id='word_1_563' title='bbox 2926 4591 3067 4655; x_wconf 81' lang='lat' dir='ltr'><strong>Haec</strong></span> <span class='ocrx_word' id='word_1_564' title='bbox 3097 4592 3413 4657; x_wconf 84' lang='lat' dir='ltr'><strong>Albertus.</strong></span> 
     </span>
     <span class='ocr_line' id='line_1_87' title="bbox 2066 4689 3468 4764; baseline 0.002 -12"><span class='ocrx_word' id='word_1_565' title='bbox 2066 4689 2415 4752; x_wconf 90' lang='lat' dir='ltr'><strong>Concordat</strong></span> <span class='ocrx_word' id='word_1_566' title='bbox 2478 4689 2827 4764; x_wconf 89' lang='lat' dir='ltr'><strong>Udalricus,</strong></span> <span class='ocrx_word' id='word_1_567' title='bbox 2893 4690 3057 4752; x_wconf 84' lang='lat' dir='ltr'><strong>inter</strong></span> <span class='ocrx_word' id='word_1_568' title='bbox 3114 4700 3319 4754; x_wconf 87' lang='lat' dir='ltr'><strong>cetera</strong></span> <span class='ocrx_word' id='word_1_569' title='bbox 3385 4693 3468 4755; x_wconf 93' lang='lat' dir='ltr'><strong>lo-</strong></span> 
     </span>
     <span class='ocr_line' id='line_1_88' title="bbox 1973 4788 3464 4870; baseline 0.003 -22"><span class='ocrx_word' id='word_1_570' title='bbox 1973 4807 2176 4869; x_wconf 90' lang='lat' dir='ltr'><strong>quens</strong></span> <span class='ocrx_word' id='word_1_571' title='bbox 2222 4805 2236 4848; x_wconf 89' lang='lat'>:</span> <span class='ocrx_word' id='word_1_572' title='bbox 2280 4789 2369 4848; x_wconf 89' lang='lat' dir='ltr'><strong>Ex</strong></span> <span class='ocrx_word' id='word_1_573' title='bbox 2419 4788 2519 4850; x_wconf 91' lang='lat' dir='ltr'><strong>his</strong></span> <span class='ocrx_word' id='word_1_574' title='bbox 2569 4788 2837 4851; x_wconf 88' lang='lat' dir='ltr'><strong>solvitur</strong></span> <span class='ocrx_word' id='word_1_575' title='bbox 2881 4790 3147 4870; x_wconf 80' lang='lat' dir='ltr'><strong>quaestio</strong></span> <span class='ocrx_word' id='word_1_576' title='bbox 3194 4791 3464 4852; x_wconf 91' lang='lat' dir='ltr'><strong>multum</strong></span> 
     </span>
     <span class='ocr_line' id='line_1_89' title="bbox 1973 4886 3463 4969; baseline 0.003 -23"><span class='ocrx_word' id='word_1_577' title='bbox 1973 4887 2205 4967; x_wconf 81' lang='lat' dir='ltr'><strong>graviS,</strong></span> <span class='ocrx_word' id='word_1_578' title='bbox 2256 4886 2497 4949; x_wconf 88' lang='lat' dir='ltr'><strong>habens</strong></span> <span class='ocrx_word' id='word_1_579' title='bbox 2549 4904 2664 4969; x_wconf 91' lang='lat' dir='ltr'><strong>pro</strong></span> <span class='ocrx_word' id='word_1_580' title='bbox 2716 4896 2979 4969; x_wconf 90' lang='lat' dir='ltr'><strong>utraque</strong></span> <span class='ocrx_word' id='word_1_581' title='bbox 3037 4896 3211 4969; x_wconf 92' lang='lat' dir='ltr'><strong>parte</strong></span> <span class='ocrx_word' id='word_1_582' title='bbox 3261 4890 3463 4951; x_wconf 92' lang='lat' dir='ltr'><strong>varias</strong></span> 
     </span>
     <span class='ocr_line' id='line_1_90' title="bbox 1973 4985 3463 5068; baseline 0 -22"><span class='ocrx_word' id='word_1_583' title='bbox 1973 4985 2377 5047; x_wconf 85' lang='lat' dir='ltr'><strong>auctoritates</strong></span> <span class='ocrx_word' id='word_1_584' title='bbox 2423 4985 2817 5058; x_wconf 89' lang='lat' dir='ltr'><strong>Sanctorum,</strong></span> <span class='ocrx_word' id='word_1_585' title='bbox 2853 4985 3170 5059; x_wconf 86' lang='lat' dir='ltr'><strong>videlicet,</strong></span> <span class='ocrx_word' id='word_1_586' title='bbox 3204 5005 3281 5048; x_wconf 92' lang='lat' dir='ltr'><strong>an</strong></span> <span class='ocrx_word' id='word_1_587' title='bbox 3325 5006 3463 5068; x_wconf 90' lang='lat' dir='ltr'><strong>per-</strong></span> 
     </span>
     <span class='ocr_line' id='line_1_91' title="bbox 1975 5082 3468 5163; baseline 0.001 -18"><span class='ocrx_word' id='word_1_588' title='bbox 1975 5102 2128 5146; x_wconf 89' lang='lat' dir='ltr'><strong>sona</strong></span> <span class='ocrx_word' id='word_1_589' title='bbox 2156 5082 2473 5163; x_wconf 87' lang='lat' dir='ltr'><strong>significet</strong></span> <span class='ocrx_word' id='word_1_590' title='bbox 2509 5084 2573 5144; x_wconf 92' lang='lat' dir='ltr'><strong>in</strong></span> <span class='ocrx_word' id='word_1_591' title='bbox 2605 5084 2839 5146; x_wconf 91' lang='lat' dir='ltr'><strong>divinis</strong></span> <span class='ocrx_word' id='word_1_592' title='bbox 2870 5084 3231 5158; x_wconf 88' lang='lat' dir='ltr'><strong>essentiam,</strong></span> <span class='ocrx_word' id='word_1_593' title='bbox 3265 5104 3343 5146; x_wconf 89' lang='lat' dir='ltr'><strong>an</strong></span> <span class='ocrx_word' id='word_1_594' title='bbox 3378 5104 3468 5146; x_wconf 92' lang='lat' dir='ltr'><strong>re-</strong></span> 
     </span>
     <span class='ocr_line' id='line_1_92' title="bbox 1978 5181 3462 5263; baseline 0.001 -20"><span class='ocrx_word' id='word_1_595' title='bbox 1978 5183 2294 5244; x_wconf 87' lang='lat' dir='ltr'><strong>lationem.</strong></span> <span class='ocrx_word' id='word_1_596' title='bbox 2349 5182 2701 5243; x_wconf 87' lang='lat' dir='ltr'><strong>Dicendum</strong></span> <span class='ocrx_word' id='word_1_597' title='bbox 2756 5181 2925 5242; x_wconf 89' lang='lat' dir='ltr'><strong>enim</strong></span> <span class='ocrx_word' id='word_1_598' title='bbox 2983 5183 3148 5263; x_wconf 91' lang='lat' dir='ltr'><strong>quod</strong></span> <span class='ocrx_word' id='word_1_599' title='bbox 3208 5182 3325 5244; x_wconf 87' lang='lat' dir='ltr'><strong>tria</strong></span> <span class='ocrx_word' id='word_1_600' title='bbox 3382 5183 3462 5244; x_wconf 93' lang='lat' dir='ltr'><strong>si-</strong></span> 
     </span>
     <span class='ocr_line' id='line_1_93' title="bbox 1975 5278 3463 5362; baseline 0.003 -21"><span class='ocrx_word' id='word_1_601' title='bbox 1975 5278 2243 5362; x_wconf 86' lang='lat' dir='ltr'><strong>gnificet</strong></span> <span class='ocrx_word' id='word_1_602' title='bbox 2287 5297 2301 5341; x_wconf 75' lang='grc' dir='ltr'>ε</span> <span class='ocrx_word' id='word_1_603' title='bbox 2345 5279 2781 5361; x_wconf 91' lang='lat' dir='ltr'><strong>principaliter</strong></span> <span class='ocrx_word' id='word_1_604' title='bbox 2824 5278 2997 5340; x_wconf 90' lang='lat' dir='ltr'><strong>enim</strong></span> <span class='ocrx_word' id='word_1_605' title='bbox 3041 5279 3463 5346; x_wconf 83' lang='lat' dir='ltr'><strong>substantiam</strong></span> 
     </span>
    </p>
   </div>
  </div>
 </body>
</html>
