4359 6250
610 4120 776 4165 Coton.
797 4135 838 4173 ιι,

867 471 986 536 446

1488 487 1553 533 IN
1590 488 1813 533 LIBRUM
1853 489 1874 532 1
1917 485 2399 532 SENTENTMRUM.
2444 504 2525 512 -
2565 465 2718 532 DIS'T.
2766 486 3017 548 xxxvn3
3062 485 3285 542 QUAEST.
3333 487 3377 533 11

868 659 1066 722 aturis
1097 658 1331 722 effatur
1365 676 1378 720 :
1413 659 1767 740 Assignatio
1797 657 2133 738 Augustini
2174 656 2371 739 respi-
2399 655 2450 718 A
2478 657 2645 738 quod
2690 655 2769 718 ab
2814 657 2978 719 intra
3019 658 3322 732 continet,
3360 666 3429 720 ut
3471 657 3685 720 anima
3733 658 3795 720 in
3842 675 3987 720 cor-

871 758 957 819 eit
1009 757 1440 820 diversitatem
1495 758 1826 819 modorum
1871 756 2120 818 essendi
2167 757 2367 818 Deum

871 856 937 917 in
970 855 1197 934 rehus3
1229 856 1571 938 assignatio
1602 873 1752 918 vero
1789 855 2071 936 Gregorii
2115 873 2370 916 concer-

869 955 966 1016 nit
996 955 1390 1017 conditiones
1427 955 1756 1016 modorum
1789 952 2370 1015 essendi.Ubicum·

868 1073 992 1136 que
1025 1053 1195 1114 enim
1229 1059 1322 1114 est
1354 1053 1542 1125 DeuS,
1577 1052 1710 1114 sive
1744 1071 1855 1133 per
1886 1059 2198 1124 naturam,
2234 1050 2368 1112 sive

867 1172 982 1235 per
1019 1153 1309 1234 gratiam,
1345 1151 1434 1213 ibi
1480 1159 1574 1212 est
1620 1151 2063 1223 essentialiter,
2099 1168 2371 1231 praesen-

868 1251 1101 1312 tialiter
1139 1258 1202 1312 et
1241 1250 1687 1332 potentialiter.
1723 1285 1804 1293 —
1835 1249 2178 1310 Diversitas
2220 1266 2369 1310 vero

868 1349 1200 1412 modorum
1251 1349 1500 1410 essendi
1554 1349 1641 1422 in,
1675 1349 1988 1429 accipitur
2036 1366 2231 1428 penes
2280 1347 2370 1408 di-

867 1449 1233 1510 versitatem
1263 1447 1636 1521 effectuum,
1671 1455 1734 1508 et
1765 1465 1891 1508 non
1926 1465 2119 1528 penes
2151 1464 2371 1527 quam-

867 1565 1164 1628 cumque,
1218 1546 1326 1608 sed
1387 1546 1592 1607 solum
1653 1563 1847 1626 penes
1903 1543 2363 1604 trimembrem.

868 1646 1133 1719 Quidam
1195 1664 1470 1726 namque
1529 1653 1625 1706 est
1677 1643 1948 1706 effectus
2013 1641 2365 1704 secundum

868 1763 1062 1826 quem
1115 1751 1517 1824 comparatur
1561 1750 1846 1804 creatura
1887 1741 1964 1803 ad
2008 1741 2209 1802 Deum
2254 1758 2369 1821 per

2479 773 2651 835 pore.
2708 754 2781 816 Et
2833 773 3021 818 omne
3072 757 3239 837 quod
3292 755 3571 838 perfecte
3621 764 3717 819 est
3767 756 3833 818 in
3883 775 3979 828 re,

2476 861 2722 934 oportet
2756 872 2894 915 esse
2926 855 3273 916 secundum
3304 856 3465 916 hanc
3495 855 3811 937 triplicem
3842 873 3987 917 con-

2477 951 2783 1013 ditionem
2824 969 2837 1013 :
2883 960 2946 1013 et.
2990 953 3076 1014 ita
3118 962 3213 1014 est
3256 954 3423 1015 Deus
3469 954 3533 1015 in
3584 953 3775 1016 rebus
3820 973 3985 1035 prze-

2478 1051 2849 1124 sentialiter,
2899 1052 3049 1132 quia
3099 1071 3212 1133 per
3262 1053 3796 1134 praesentialitatis
3847 1072 3983 1116 suae

2478 1149 2973 1229 indistantiam3
3035 1151 3488 1232 potentialiter,
3549 1171 3663 1233 per
3719 1151 3981 1213 virtutis

2478 1267 2606 1310 suae
2639 1248 3041 1310 influentiam
3068 1267 3083 1328 ;
3116 1250 3557 1322 essentialiter,
3592 1270 3707 1332 per
3737 1251 3981 1313 intimi-

2479 1345 2623 1406 tatis
2688 1346 3149 1420 exsistentiam,
3212 1347 3363 1428 quia
3431 1346 3695 1410 intimus
3758 1347 3975 1410 rebus,

2478 1444 2621 1506 Haec
2667 1445 3126 1507 Bonaventura.
3390 1481 3413 1514 .

2558 1543 2862 1605 Praeterea
2910 1544 3323 1624 praeinductis
3372 1546 3712 1607 concordat
3761 1547 3983 1608 Ather-

2481 1649 2602 1714 tus,
2638 1649 2699 1702 et
2743 1641 2807 1702 in
2852 1643 3228 1723 exponendo
3270 1643 3489 1704 modos
3532 1644 3770 1724 quibus
3812 1645 3981 1706 Deus

2478 1748 2571 1801 est
2618 1741 2683 1802 in
2730 1741 3059 1814 creat-uris,
3104 1741 3283 1822 ponit
3324 1742 3803 1823 responsionem
3840 1743 3977 1822 jam

870 1843 1132 1904 modum
1194 1842 1506 1916 exeuntis,
1563 1848 1627 1902 et
1686 1859 1906 1902 omnes
1969 1837 2241 1901 effectus
2301 1837 2364 1898 hi
2403 1838 2450 1900 B
2480 1859 2556 1900 ex
2606 1839 2785 1901 Petro
2835 1839 3157 1901 inductam
3200 1857 3213 1902 :
3252 1859 3443 1922 quam
3493 1841 3714 1903 Petrus
3762 1839 3979 1903 forsan

871 1941 1277 2003 continentur
1308 1940 1427 2001 sub
1461 1940 1646 2002 modo
1676 1946 1938 2011 naturae,
1972 1937 2232 1999 nomine
2264 1957 2369 1998 na-

869 2046 1026 2101 turae
1075 2046 1335 2101 extenso
1364 2057 1379 2116 ;
1413 2039 1670 2121 quidam
1723 2057 1837 2119 per
1882 2037 2140 2098 modum
2192 2036 2366 2096 rede-

871 2137 1064 2210 untis,
1099 2145 1160 2198 et
1191 2138 1294 2199 hie
1336 2145 1430 2198 est
1467 2135 1736 2198 effectus
1775 2135 1992 2216 gratiae
2035 2134 2363 2206 inchoatae‚

867 2242 976 2297 aut
1033 2242 1485 2297 consummatae
1543 2234 1646 2296 vel
1703 2233 1919 2314 gloriae
1977 2249 1991 2294 ε
2049 2239 2112 2293 et.
2169 2250 2368 2313 quan-

869 2340 1002 2394 tum
1036 2334 1112 2394 ad
1143 2333 1336 2407 hunc,
1370 2341 1466 2395 est
1498 2333 1816 2394 secundus
1860 2331 2084 2392 modus
2115 2328 2366 2392 essendi

869 2432 1068 2494 Deum
1121 2431 1186 2492 in
1238 2439 1542 2494 creatura.
1583 2430 1762 2492 Alius
1809 2435 1906 2492 est
1954 2427 2224 2490 effectus
2272 2446 2368 2488 se«

868 2531 1149 2592 cundum
1213 2549 1405 2611 quem
1472 2535 1876 2611 comparatur
1941 2535 2228 2588 creatura
2289 2526 2367 2587 ad

867 2630 1067 2691 Deum
1119 2636 1188 2691 ut
1239 2629 1657 2710 perveniens;
1691 2635 1752 2690 et
1805 2626 1908 2688 hic
1958 2633 2052 2689 est
2096 2625 2367 2687 effectus

869 2728 1145 2802 unionis,
1181 2727 1246 2788 in
1279 2747 1404 2809 qua
1441 2734 1728 2790 creatura
1761 2732 1821 2787 et
1855 2726 2109 2788 Creator
2140 2723 2371 2785 uniun-

868 2835 972 2887 tur
1010 2827 1076 2888 in
1121 2826 1360 2887 unitate
1405 2843 1711 2907 personae,
1748 2831 1816 2886 ut·
1855 2825 2045 2885 homo
2085 2829 2146 2884 et
2176 2824 2362 2885 Deus.

868 2925 1176 2997 Quoniam
1221 2943 1368 3004 ergo
1421 2931 1545 2986 tres
1597 2930 1744 2985 sunt
1794 2923 1962 2985 modi
2013 2921 2366 2984 effectuum

2478 1957 2554 2000 ex
2594 1938 2851 2000 Alberto
2894 1939 3161 2020 accepit,
3196 1949 3255 2000 et
3303 1958 3441 2000 eam
3488 1938 3744 2001 brevius
3793 1939 3982 2001 clari-

2478 2055 2681 2116 usque
2730 2037 3062 2117 expressit.
3116 2038 3186 2099 In
3238 2037 3464 2098 ceteris
3519 2037 3856 2118 respondet
3908 2046 3980 2099 ut

2477 2134 2768 2196 Thomas,
2789 2135 2993 2196 Movet
3023 2143 3237 2197 autem
3268 2143 3330 2196 et
3360 2135 3514 2197 alias
3550 2136 3779 2197 multas
3810 2156 3982 2218 quae-

2477 2232 2713 2295 stiones
2761 2234 3059 2307 minores,
3104 2234 3182 2295 de
3226 2233 3461 2315 quibus
3510 2235 3799 2315 quaedam
3848 2244 3981 2297 tan-

2476 2339 2725 2412 gentur.

2546 2431 2761 2513 Itaque
2794 2431 3271 2512 quaerit‚Utrum
3304 2431 3473 2494 idem
3505 2433 3585 2495 sit
3612 2433 3806 2494 Deum
3836 2451 3982 2495 esse

2479 2527 2717 2610 ubique
2767 2536 2826 2591 et
2880 2549 3017 2591 esse
3070 2531 3133 2591 in
3182 2531 3357 2592 omni
3409 2549 3495 2592 re.
3549 2531 3912 2612 Respondet
3962 2549 3979 2593 :

2476 2626 2611 2688 Non
2658 2634 2753 2688 est
2799 2627 2991 2701 idem,
3026 2628 3191 2689 sicut
3235 2645 3361 2690 non
3401 2636 3497 2690 est
3536 2629 3756 2692 eadem
3798 2628 3983 2690 habi-

2479 2725 2630 2787 tudo
2662 2744 2866 2788 causae
2909 2744 3022 2807 per
3053 2745 3233 2788 suam
3271 2727 3614 2789 essentiam
3657 2728 3983 2790 causantis

2476 2831 2539 2885 et
2586 2824 3021 2886 conservantis
3074 2844 3206 2887 rem
3263 2826 3341 2886 ad
3396 2835 3863 2900 conservatum,
3914 2833 3983 2887 et

2477 2921 2783 2983 habitudo
2827 2922 2945 2984 loci
2990 2923 3067 2984 ad
3110 2922 3172 2983 id
3212 2942 3249 2984 a
3286 2941 3413 3005 quo
3450 2923 3640 2985 habet
3669 2923 3981 2985 virtutem

867 3023 1219 3084 secundum
1254 3040 1413 3104 quos
1445 3031 1732 3084 creatura
1761 3021 2183 3082 diversimode
2214 3038 2371 3081 com·
2404 3016 2447 3080 C
2478 3020 2844 3082 continendi
2898 3021 3192 3082 locatum.
3241 3022 3447 3095 Quum
3495 3022 3667 3084 enim
3717 3022 3979 3094 dicitur,

868 3129 1124 3202 paratur
1172 3120 1250 3183 ad
1301 3120 1681 3194 Creatorem,
1727 3119 1963 3181 idcirco
2013 3118 2112 3181 his
2163 3117 2368 3181 trihus

869 3219 1076 3281 modis
1106 3217 1340 3280 dicitur
1369 3237 1508 3281 esse
1541 3218 1604 3280 in
1639 3217 1964 3280 creaturis
1993 3218 2369 3299 Primusque

870 3317 1118 3391 moduS,
1152 3317 1261 3398 qui
1304 3317 1652 3379 attenditur
1685 3335 1878 3398 penes
1915 3315 2178 3389 exitum,
2214 3315 2367 3377 assi-

871 3415 1128 3477 milatur
1175 3416 1356 3477 lineae
1397 3423 1626 3494 rectae3
1659 3416 1977 3477 secundus
2022 3415 2227 3496 quoad
2278 3434 2368 3475 re-

867 3514 1096 3589 ditum,
1135 3514 1317 3576 lineae
1357 3513 1651 3593 reflexae3
1685 3514 1908 3575 tertius
1949 3520 2257 3594 quantum
2289 3513 2365 3575 ad

869 3611 1352 3694 perfectionem,
1406 3612 1666 3673 circulo.
1719 3611 1795 3673 Et
1845 3612 2091 3693 primus
2141 3612 2367 3673 modus

867 3718 964 3772 est
999 3710 1228 3773 similis
1270 3709 1549 3792 simplici
1593 3710 1811 3789 lineae3
1845 3710 2185 3783 secundus,
2218 3710 2369 3790 quia

869 3809 1140 3871 includit
1192 3809 1494 3891 primum,
1536 3808 1766 3869 similis
1815 3814 1911 3869 est
1955 3806 2322 3888 superficiei
2348 3824 2365 3885 3

867 3908 1114 3981 tertius,
1150 3906 1302 3989 quia
1342 3906 1613 3968 includit
1654 3913 2017 3987 utrumque,
2059 3904 2367 3966 assimila-

867 4013 974 4067 tur
1004 4005 1325 4067 soliditati.
1362 4005 1506 4067 Ideo
1546 4004 1785 4086 optime
1817 4004 1977 4065 dixit
2006 4003 2364 4083 ApostoluS‚

871 4104 1040 4186 quod
1073 4104 1138 4164 in
1173 4103 1420 4166 Christo
1459 4110 1590 4164 tota
1626 4102 1926 4164 divinitas
1965 4100 2207 4162 habitat
2239 4120 2370 4163 cor-

2477 3118 2585 3181 Es't
2630 3117 2871 3201 ubique
2920 3138 3032 3181 seu
3082 3119 3147 3181 in
3196 3119 3369 3183 omni
3422 3119 3581 3194 loco,
3616 3119 3986 3183 insinuatur

2476 3218 2641 3279 Deus
2673 3237 2811 3280 esse
2846 3218 2910 3279 in
2946 3219 3082 3281 loco
3112 3225 3180 3281 ut
3211 3226 3435 3281 tenens
3471 3219 3681 3282 locum
3711 3218 3777 3280 in
3810 3238 3977 3292 esse,

2475 3324 2537 3377 et
2584 3316 2741 3378 dans
2788 3317 2847 3378 ei
2897 3317 3199 3379 virtutem
3248 3318 3675 3380 contentivam
3724 3335 3738 3379 τ
3780 3337 3977 3400 quam

2476 3431 2602 3476 non
2633 3415 2738 3476 dat
2769 3415 3036 3477 cuilibet
3077 3416 3164 3477 rei
3202 3416 3275 3477 ‘in
3316 3435 3443 3497 qua
3472 3424 3588 3489 est,
3622 3417 3732 3477 sed
3769 3417 3876 3478 dat
3916 3416 3979 3477 ei

2475 3532 2549 3575 ea
2599 3533 2738 3594 quae
2788 3521 2937 3576 sunt
2986 3514 3243 3595 propria
3301 3534 3432 3577 suae
3482 3514 3971 3577 conservationi.

2474 3612 2619 3675 Haec
2661 3612 2977 3674 AlbertuS.

2558 3710 2907 3772 Concordat
2964 3710 3291 3773 Udalricus
3348 3711 3413 3771 in
3474 3711 3755 3785 Summa,
3809 3710 3979 3774 libro

2478 3810 2757 3870 secundo
2790 3826 2804 3870 ι
2838 3808 2975 3871 Non
3016 3817 3108 3870 est
3149 3809 3504 3890 (inquiens)
3547 3809 3715 3871 idem
3760 3809 3975 3871 dicere

2478 3907 2676 3968 Deum
2718 3926 2856 3969 esse
2898 3906 3158 3988 ubique,
3194 3914 3256 3969 et
3299 3907 3499 3969 Deum
3546 3926 3685 3970 esse
3730 3908 3794 3969 in
3838 3925 3975 3970 om-

2478 4006 2669 4069 nihus
2718 4006 2906 4069 rebus
2943 4008 3141 4089 :quia
3191 4026 3389 4089 quum
3438 4007 3674 4069 dicitur
3720 4027 3859 4070 esse
3905 4008 3971 4069 in

2477 4104 2776 4166 omnibus
2846 4105 3056 4177 rebuS,
3127 4104 3529 4185 significatur
3596 4107 3765 4187 quod
3836 4106 3975 4187 ipse

873 4201 1189 4283 poraliter.
1225 4200 1693 4263 Perfectissimc
1735 4199 1974 4281 quippe
2019 4199 2084 4259 in
2129 4217 2204 4261 eo
2248 4208 2365 4272 est,
2399 4198 2448 4259 D
2480 4203 2812 4283 praesentia
2871 4222 3001 4265 suae
3059 4203 3348 4265 essentia*
3403 4222 3477 4263 ac
3537 4203 3815 4275 virtutiS,
3876 4214 3972 4265 est

873 4300 1023 4381 quia
1054 4318 1167 4381 per
1199 4299 1456 4361 modum
1491 4297 1712 4359 circuli
1742 4315 1754 4358 ε
1781 4297 2061 4358 circulus
2094 4316 2370 4378 namque

872 4405 968 4459 est
1027 4397 1307 4479 perfecta
1366 4396 1591 4478 figura.
1645 4432 1726 4441 —-
1783 4397 1970 4458 Porro
2028 4396 2371 4477 assignatio

873 4496 1156 4576 Gregorii
1190 4496 1466 4557 sumitur
1497 4514 1692 4576 penes
1725 4495 2119 4557 conditiones
2153 4496 2369 4557 modo-

871 4614 1015 4656 rum
1074 4594 1344 4656 essendi.
1403 4594 1472 4655 In
1533 4593 1633 4655 his
1692 4594 1864 4654 enim
1928 4592 2130 4654 trihus
2190 4593 2369 4675 ponit

871 4693 1208 4775 Gregorius
1250 4691 1704 4774 perfectionem
1750 4692 2080 4753 modorum
2116 4692 2367 4754 essendi

871 4793 1072 4855 Deum
1123 4792 1187 4853 in
1243 4791 1568 4853 creaturis
1622 4790 1877 4871 Aliquid
1930 4790 2106 4851 enim
2153 4797 2251 4851 est
2303 4790 2367 4851 in

870 4892 995 4954 alio
1035 4890 1388 4953 secundum
1434 4888 1969 4970 praesentialitatis
2017 4888 2369 4949 indistanti-

869 5010 994 5063 am,
1057 4989 1224 5051 sicut
1286 4995 1655 5051 contentum
1723 4986 1788 5047 in
1851 4986 2237 5058 continente,
2300 4994 2368 5047 ut

867 5108 1033 5170 aqua
1081 5088 1146 5149 in
1195 5105 1378 5165 vase3
1419 5085 1659 5168 aliquid
1710 5085 2062 5147 secundum
2113 5084 2368 5145 virtutis

869 5186 1298 5258 influentiam,
1342 5193 1410 5246 ut
1466 5191 1670 5246 motor
1715 5183 1780 5245 in
1832 5182 2091 5261 mobili:
2123 5183 2365 5264 aliquid

867 5286 1222 5347 secundum
1273 5282 1635 5345 intimitatis
1686 5280 2145 5356 exsistentiam,
2200 5282 2367 5344 sicut

2478 4320 2667 4362 causa
2698 4301 2901 4383 ipsius
2931 4320 3071 4363 esse
3103 4300 3729 4383 conservationisque
3758 4320 3971 4363 rerum

2478 4399 2828 4460 secundum
2877 4399 2938 4460 id
2986 4400 3152 4481 quod
3197 4407 3381 4475 sunt3
3422 4400 3532 4460 sed
3576 4417 3775 4481 quum
3819 4399 3975 4460 diei-

2479 4504 2580 4557 tur
2629 4516 2766 4559 esse
2822 4496 3083 4579 ubique,
3136 4516 3262 4559 non
3313 4497 3518 4560 solum
3570 4496 3976 4578 significatur

2477 4595 2645 4676 quod
2696 4604 2912 4657 causet
2956 4603 3017 4656 et
3063 4602 3394 4657 conservet
3438 4595 3647 4657 locum
3691 4594 3757 4655 in
3808 4614 3971 4668 esse,

2477 4693 2587 4754 sed
2626 4693 2818 4754 etiam
2863 4694 3031 4774 quod
3080 4694 3186 4755 det
3230 4693 3369 4756 loco
3412 4694 3714 4755 virtutem
3758 4700 3821 4755 et
3864 4712 3977 4755 na-

2476 4799 2680 4852 turam
2718 4791 2835 4853 loci
2870 4793 3221 4854 secundum
3260 4792 3429 4873 quod
3465 4792 3641 4853 locus
3670 4800 3804 4853 est:
3830 4811 3979 4873 quae

2476 4888 2742 4951 virtutes
2802 4898 2949 4951 sunt
2998 4889 3237 4962 multae,
3290 4889 3591 4951 videlicet
3644 4907 3973 4969 generare,

2476 5004 2869 5061 conservare,
2913 4994 3147 5049 tenere.
3191 4987 3335 5050 Haec
3381 4987 3725 5049 Udalrieus.

2554 5086 2727 5148 Idem
2788 5094 3055 5148 testatur
3100 5085 3454 5148 Alexander
3504 5102 3517 5147 :
3569 5084 3820 5157 Differt‚
3876 5087 3978 5147 di-

2476 5202 2648 5258 cenS‚
2683 5184 2883 5245 Deum
2924 5203 3061 5246 esse
3096 5184 3159 5245 in
3192 5184 3366 5246 omni
3411 5183 3567 5256 loco,
3601 5194 3663 5245 et
3705 5182 3975 5265 ubique,

2475 5290 2537 5344 et
2582 5282 2646 5343 in
2692 5282 2865 5344 omni
2912 5301 2995 5343 re.
3033 5283 3237 5355 Quum
3285 5282 3457 5345 enim
3502 5281 3755 5357 dicitur,
3798 5282 3979 5349 Deus
