4359 6250
966 489 1051 534 AN
1094 489 1289 536 PATER
1330 489 1403 534 ET
1444 489 1637 534 riuus
1681 488 1753 534 SE
1795 488 2044 534 mvtcmt
2085 488 2372 535 ntLlGANT
2414 489 2648 536 srlm'ru
2691 489 2921 536 SANG'ro

3369 471 3490 534 335

390 656 663 720 effectus
725 659 1095 740 prolationis
1156 659 1459 736 internae3
1510 667 1573 720 et
1627 658 1889 740 insuper
1918 658 1969 721 A
2002 677 2212 734 cuare,
2246 659 2564 722 elucidare
2598 667 2708 722 aut
2741 660 2981 733 tollere,
3015 659 3171 742 quin
3201 658 3493 739 Magister

390 763 647 818 notatur
684 757 847 818 ratio
879 774 1099 819 eorum
1131 776 1271 839 quae
1302 757 1604 818 dicuntur
1645 757 1709 818 in
1739 757 1890 818 Ver·

390 853 493 926 bo,
528 873 673 935 quae
706 863 918 916 tamen
960 874 1087 918 non
1126 856 1427 917 dicuntur
1468 856 1532 916 in
1564 855 1769 918 Verbo
1800 855 1893 917 ni·-

390 953 442 1014 si
473 953 667 1015 Verbi
711 954 1082 1035 prolatione.
1118 955 1208 1016 Ita
1246 954 1589 1016 dicendum
1626 962 1722 1016 est
1760 954 1887 1028 hic,

389 1050 571 1113 Pater
601 1059 667 1113 et
695 1052 896 1115 Filius
934 1052 1207 1134 diligunt
1248 1071 1315 1114 se
1355 1052 1595 1134 Spiritu
1638 1053 1887 1125 Sancto,

390 1149 479 1210 ita
524 1150 700 1231 quod
754 1151 815 1232 ly
865 1170 929 1210 se
978 1158 1266 1212 teneatur
1316 1149 1733 1212 intransitive.
1788 1149 1890 1212 Sic

390 1248 565 1308 enim
626 1249 1087 1310 considerando
1134 1248 1401 1311 verbum
1456 1248 1763 1328 diligendi
1826 1248 1890 1309 in

389 1353 707 1427 quantum
749 1354 848 1408 est
890 1345 1228 1420 notionale,
1273 1346 1335 1407 id
1379 1347 1549 1427 quod
1593 1344 1895 1428 supponi-

390 1450 497 1504 tur
528 1443 597 1504 in
636 1462 706 1505 re
744 1443 1029 1518 ablativi,
1062 1452 1155 1506 est
1192 1443 1671 1526 principiatum,
1705 1451 1769 1505 et
1797 1451 1893 1506 est

389 1542 576 1622 quasi
619 1541 895 1604 effectus
934 1542 1133 1605 Patris
1168 1561 1242 1605 ac
1276 1542 1419 1604 Filii
1460 1543 1886 1623 diligentium.

388 1640 732 1722 Quumque
774 1640 1271 1704 considerandus
1313 1641 1398 1703 sit
1433 1641 1625 1703 etiam
1667 1642 1891 1704 modus

392 1738 805 1819 procedendi,
867 1739 1017 1820 quia
1076 1739 1363 1821 procedit
1420 1739 1557 1821 ipse
1615 1739 1891 1820 Spiritus

2002 757 2067 818 in
2118 765 2293 819 textu
2355 758 2576 820 merito
2635 759 2800 820 dicat
2854 757 3270 841 quaestionem
3327 756 3490 817 hanc

2004 854 2413 918 insolubilem
2475 875 2602 939 prae
2652 876 2767 918 sua
2813 855 3194 918 difficultate
3243 863 3305 916 et
3356 871 3495 936 pro-

2003 952 2336 1016 funditate.
2361 953 2486 1016 Nos
2518 955 2758 1037 quippe
2790 954 3052 1034 diligere
3083 951 3496 1034 perhibemur

2002 1071 2218 1115 amore
2253 1071 2366 1114 seu
2407 1053 2748 1115 dilectione
2790 1053 3169 1134 procedente
3202 1051 3278 1112 de
3310 1051 3497 1113 corde

2004 1158 2220 1213 nostro
2263 1169 2276 1212 ε
2317 1170 2354 1213 a
2394 1169 2520 1234 quo
2562 1169 2779 1213 amore
2825 1150 3176 1213 formaliter
3225 1148 3500 1210 influen-

2004 1249 2365 1332 tialiterque
2417 1249 2726 1311 habemus
2775 1249 2942 1330 quod
2983 1265 3131 1311 vere
3171 1247 3500 1328 diligimus

2004 1353 2065 1407 et
2107 1353 2392 1409 amantes
2433 1365 2758 1421 vocamur,
2795 1365 2911 1408 nec
2954 1346 3091 1408 sine
3135 1345 3246 1408 illo
3287 1362 3499 1407 amore

2005 1445 2290 1506 valemus
2322 1444 2606 1525 diligere.
2625 1445 2728 1507 Sic
2757 1451 2971 1506 autem
3003 1445 3181 1506 Pater
3210 1451 3273 1505 et
3304 1443 3499 1505 Filius

2006 1561 2131 1605 non
2170 1549 2387 1605 amant
2415 1542 2656 1624 Spiritu
2697 1543 2945 1615 Sancto,
2981 1561 3097 1604 nec
3136 1541 3216 1604 ab
3256 1541 3366 1604 illo
3406 1541 3500 1602 ul·

2006 1642 2129 1703 lam
2185 1640 2588 1702 influentiam
2639 1642 3008 1704 sortiuntur.
3063 1641 3140 1701 Et
3186 1640 3239 1701 si
3289 1640 3500 1701 dican-

2006 1748 2107 1801 tur
2153 1739 2417 1820 diligere
2467 1739 2709 1821 Spiritu
2759 1740 2986 1802 Sancto
3035 1747 3337 1822 tanquam
3386 1738 3498 1800 ali-

391 1836 663 1899 Sanctus
698 1845 769 1898 ut
796 1855 975 1899 amor
1004 1856 1152 1900 vere
1183 1845 1589 1912 connectens,
1626 1838 1768 1900 ideo
1797 1856 1891 1899 ao-
1926 1841 1973 1904 B
2004 1855 2131 1920 quo
2168 1837 2512 1900 exsistente
2552 1845 2616 1899 et
2655 1838 3095 1920 progrediente
3133 1836 3214 1899 ab
3251 1837 3344 1898 eis
3386 1856 3500 1920 per

392 1935 721 1996 cusativus
759 1935 867 1997 ille
898 1955 963 1995 se
990 1934 1276 1997 efficitur
1314 1935 1579 1997 materia
1608 1935 1891 1997 dilectio-

391 2032 493 2094 nis
535 2033 603 2094 in
644 2051 839 2114 quam
878 2034 1123 2095 transit.
1160 2034 1235 2095 Et
1265 2034 1343 2096 de
1374 2034 1476 2097 his
1514 2035 1755 2096 dictum
1795 2041 1892 2095 est

391 2150 589 2212 supra
629 2130 1037 2194 distinctione
1077 2133 1344 2196 decima.
1380 2133 1457 2194 Et
1496 2133 1617 2195 ista
1659 2132 1891 2214 positio

392 2229 595 2310 magis
643 2237 947 2292 consonat
990 2230 1256 2292 Sanctis,

473 2328 765 2410 Denique
810 2328 875 2389 in
919 2329 1317 2410 praeallegata
1356 2328 1624 2410 epistola
1666 2328 1893 2390 scribit

396 2425 703 2506 magister
743 2425 943 2506 Hugo,
974 2426 1305 2508 alloquens
1346 2427 1405 2488 S.
1450 2426 1838 2488 Bernardum
1874 2442 1887 2487 ε

394 2523 463 2585 Si
493 2523 772 2604 Spiritus
811 2524 1079 2586 Sanctus
1119 2525 1437 2586 diceretur
1475 2541 1653 2586 amor
1684 2524 1893 2586 cordis

398 2622 515 2695 tui,
566 2623 737 2684 sicut
782 2622 1019 2684 dicitur
1074 2641 1251 2685 amor
1298 2623 1495 2685 Patris
1552 2641 1626 2685 ac
1678 2622 1819 2684 Filii
1876 2642 1889 2686 :

394 2721 567 2802 quiS,
600 2737 838 2801 quaeso,
872 2729 1086 2803 posset
1114 2739 1343 2802 negare
1374 2729 1435 2783 te
1465 2721 1708 2803 Spiritu
1747 2721 1895 2783 San-

396 2828 521 2894 cto,
576 2819 641 2880 id
688 2827 785 2881 est
830 2837 1045 2882 amore
1096 2828 1227 2894 tu0,
1279 2820 1599 2901 diligeret
1650 2821 1812 2902 Ergo
1860 2840 1898 2883 a

392 2916 619 2990 simili,
672 2924 861 2998 prout
906 2918 1099 2979 etiam
1158 2917 1249 2979 ibi
1309 2917 1575 2999 probare
1624 2918 1897 2980 intendit

2004 1936 2266 1999 modum
2311 1935 2531 1999 formae
2562 1943 2871 2018 quantum
2909 1938 2988 1998 ad
3025 1945 3238 1999 aetum
3279 1936 3499 1998 unien-

2001 2034 2089 2108 di,
2124 2041 2188 2096 et
2227 2034 2394 2096 sicut
2435 2034 2624 2097 arbor
2668 2033 2858 2097 floret
2900 2052 3028 2097 non
3072 2035 3279 2097 solum
3329 2033 3502 2097 flori-

2001 2133 2195 2208 tione,
2230 2134 2341 2195 sed
2383 2133 2577 2195 etiam
2623 2132 2804 2208 flore,
2849 2140 2920 2194 ut
2963 2132 3128 2195 infra
3170 2140 3498 2214 tangetur;

2003 2231 2274 2294 difficile
2303 2233 2558 2294 videtur
2600 2249 2938 2314 exponere,
2974 2251 3088 2294 cur
3132 2250 3258 2294 non
3281 2231 3498 2294 'simili

2007 2332 2194 2392 modo
2233 2331 2412 2392 Pater
2446 2330 2694 2392 dicatur
2733 2330 2987 2411 sapiens
3027 2330 3338 2412 sapientia
3367 2349 3404 2391 a
3434 2348 3501 2392 se

2002 2429 2236 2508 genita,
2271 2436 2574 2510 tanquam
2607 2447 2672 2490 re
2702 2448 2739 2490 a
2770 2447 2834 2490 se
2865 2429 3208 2490 exsistente
3237 2435 3302 2489 et
3331 2446 3502 2490 ema·

2007 2534 2196 2589 nante
2227 2527 2766 2608 quemadmodum
2798 2525 2920 2589 flos
2942 2527 3265 2589 derivatur
3294 2546 3371 2588 ex
3404 2545 3502 2589 ar·

2006 2624 2180 2698 bore,
2218 2626 2569 2706 praesertim
2615 2625 2766 2707 quia
2814 2625 2906 2687 sic
2949 2625 3126 2706 argui
3172 2631 3379 2706 potest
3422 2626 3500 2687 de

2006 2731 2151 2785 actu
2200 2723 2596 2804 intelligendi
2646 2731 2710 2785 et
2759 2723 3067 2805 sapiendi,
3111 2724 3277 2785 sicut
3324 2724 3500 2804 Hugo

2005 2823 2214 2902 arguit
2256 2823 2334 2884 de
2377 2830 2523 2884 actu
2563 2823 2836 2884 amandi.
2871 2822 3028 2884 Nam
3071 2822 3236 2884 sicut
3280 2822 3503 2903 dilige-

2008 2939 2075 2982 re
2115 2920 2393 2982 dicimur
2431 2921 2770 2983 dilectione
2810 2939 2887 2982 ex
2926 2920 3250 2983 voluntate
3289 2928 3504 2983 nostra

392 3015 599 3096 Hugo,
642 3016 820 3077 Pater
861 3024 925 3077 et
968 3015 1163 3078 Filius
1213 3016 1491 3097 diligunt
1536 3035 1602 3078 se
1654 3015 1896 3098 Spiritu
1934 3019 1977 3083 C
2011 3019 2476 3100 progrediente,
2510 3019 2602 3081 sic
2633 3019 2988 3100 intelligere
3019 3027 3083 3081 et
3112 3039 3332 3102 sapere
3364 3038 3504 3102 per-

394 3115 651 3188 Sancto,
696 3114 807 3197 qui
850 3121 947 3177 est
987 3133 1166 3179 amor
1211 3132 1453 3177 eorum.
1497 3115 1574 3177 Et
1623 3135 1843 3179 rursus
1878 3134 1893 3178 t

390 3213 669 3275 Animus
706 3214 977 3295 (inquit)
1013 3214 1332 3276 humanus
1374 3232 1554 3276 amor
1600 3233 1728 3278 non
1778 3223 1895 3290 est,

394 3312 511 3372 sed
548 3311 633 3373 ab
676 3310 818 3393 ipso
864 3330 1043 3374 amor
1080 3312 1369 3393 procedit
1405 3330 1419 3373 :
1464 3312 1607 3375 ideo
1649 3332 1717 3375 se
1762 3313 1900 3395 ipso

393 3426 529 3471 non
580 3408 811 3489 diligit,
858 3410 970 3471 sed
1015 3427 1229 3472 amore
1278 3410 1389 3492 qui
1440 3409 1521 3472 ab
1572 3411 1711 3492 ipso
1760 3430 1900 3493 pro-

394 3508 589 3569 cedit.
624 3508 815 3570 Porro
841 3509 1008 3571 Deus
1045 3508 1222 3571 Pater
1250 3526 1429 3571 amor
1460 3517 1576 3584 est,
1610 3518 1673 3572 et
1702 3510 1898 3593 Spiri-

394 3617 505 3670 tus
552 3609 820 3671 Sanctus
870 3608 1073 3690 ipsius
1114 3616 1212 3671 est
1252 3627 1433 3671 amor
1476 3627 1489 3671 :
1534 3609 1676 3672 ideo
1723 3610 1901 3672 Pater

394 3713 572 3769 amat
612 3725 682 3769 se
722 3707 884 3788 ipsc,
927 3714 991 3768 et
1027 3706 1219 3769 etiam
1262 3714 1432 3769 amat
1469 3707 1709 3790 Spiritu
1750 3708 1900 3770 San-

394 3814 524 3868 cto.
560 3806 738 3868 Unde
778 3805 1013 3867 iterum
1052 3806 1141 3867 ait
1171 3805 1262 3867 ibi
1299 3823 1312 3868 :
1348 3806 1410 3868 Si
1444 3806 1719 3887 Spiritus
1750 3807 1901 3869 San-

392 3910 543 3967 etus
588 3922 769 3966 amor
806 3911 905 3967 est
944 3903 1297 3986 utriusque,
1333 3924 1447 3966 cur
1487 3906 1665 3967 Pater
1703 3912 1766 3967 et
1805 3906 1901 3968 Fi-

391 4003 525 4065 lius
556 4020 685 4064 non
716 4002 1008 4065 dieantur
1038 4021 1154 4066 suo
1181 4020 1419 4078 amore,
1440 4003 1503 4065 id
1534 4012 1631 4065 est
1660 4004 1901 4085 Spiritu

2011 3117 2310 3181 hibemur
2351 3117 2782 3183 intellectione
2824 3138 2935 3181 seu
2976 3118 3397 3201 intelligentia
3432 3138 3507 3182 ac

2010 3218 2322 3299 sapientia
2363 3217 2596 3280 actuali
2635 3236 2714 3279 ex
2751 3225 2969 3281 nostro
3010 3218 3336 3280 intellectu
3381 3238 3510 3281 ma-

2012 3323 2221 3378 nante.
2247 3316 2323 3377 Et
2355 3315 2406 3378 si
2439 3316 2706 3390 dicatur,
2742 3317 2913 3397 quod
2940 3335 3112 3379 amor
3142 3317 3509 3398 designatur

2014 3421 2084 3475 ut
2127 3415 2392 3477 tendens
2443 3414 2509 3476 in
2555 3415 2849 3489 alterum,
2893 3415 3207 3497 sapientia
3255 3423 3325 3476 ut
3369 3416 3509 3497 qui-

2012 3530 2270 3591 escens3
2313 3512 2432 3574 hoc
2481 3530 2608 3575 non
2657 3512 2909 3574 videtur
2959 3513 3270 3595 impedire
3318 3514 3509 3576 deno·

2014 3610 2448 3673 minationem.
2496 3611 2583 3673 De
2629 3628 2843 3673 amore
2892 3630 3148 3693 quoque
3195 3611 3504 3685 absolute,

2011 3726 2139 3771 non
2199 3708 2606 3771 notionaliter
2664 3716 2942 3791 sumpt0,
2996 3710 3107 3791 qui
3163 3716 3261 3771 est
3311 3710 3508 3771 alicui

2012 3807 2252 3870 bonum
2282 3807 2468 3881 velle,
2487 3807 2733 3869 dictum
2763 3806 2921 3869 illud
2953 3806 3341 3869 verificatur.
3359 3807 3508 3869 Mul-

2012 3913 2075 3967 ta
2122 3906 2222 3968 his
2271 3905 2627 3969 consimilia
2675 3904 3042 3988 quaestionis
3090 3904 3283 3986 hujus
3331 3905 3502 3968 diffi-

2013 4004 2315 4066 cultatem
2355 4004 2672 4085 augentia,
2707 4011 2966 4086 possent
3007 4004 3112 4065 hic
3154 4004 3345 4085 tangi.
3381 4004 3503 4066 Sed

390 4104 653 4177 Sancto,
706 4102 1026 4183 diligere?
1074 4104 1361 4185 Itemque
1414 4121 1429 4165 ε
1482 4103 1545 4165 Si
1602 4111 1671 4165 tu
1730 4112 1899 4166 recte
2013 4101 2216 4164 bestia
2255 4102 2374 4164 ista
2405 4120 2530 4165 non
2570 4104 2760 4165 audet
2789 4110 3045 4183 tangere
3085 4109 3386 4178 montem,
3422 4122 3501 4165 ne
3558 4123 3786 4175 aaran,

390 4201 667 4282 diligere
708 4200 1067 4283 perhiberis
1106 4219 1321 4263 amore
1351 4202 1464 4283 qui
1505 4202 1791 4283 procedit
1823 4203 1900 4264 de
1929 4204 1978 4265 D
2014 4200 2368 4282 lapidetur3
2410 4220 2526 4263 nec
2573 4201 2968 4282 majestatem
3013 4201 3504 4263 immoderanter
3531 4189 3681 4293 ²22⁰„-
3696 4264 3780 4295 xxv

392 4308 483 4374 te,
516 4317 669 4380 ergo
710 4300 890 4361 Pater
926 4306 991 4361 et
1030 4298 1229 4361 Filius
1269 4306 1439 4362 recte
1477 4300 1778 4362 dicuntur
1808 4300 1900 4361 di-
2014 4298 2304 4372 scrutari,
2337 4317 2417 4360 ne
2461 4299 2860 4381 opprimatur
2897 4317 2935 4360 a
2976 4298 3194 4380 gloria.
3231 4299 3391 4361 Hinc
3434 4307 3506 4361 ut
3531 4316 3600 4357 2⁷.

394 4398 599 4478 ligere
646 4416 863 4461 amore
906 4397 1018 4479 qui
1061 4397 1140 4459 ab
1182 4397 1339 4479 ipsis
1390 4398 1693 4479 procedit.
1740 4398 1899 4460 Ecce
2014 4403 2298 4477 apparet,
2353 4397 2471 4458 rite
2527 4397 2689 4458 dixit
2744 4396 3037 4478 Magister
3095 4398 3506 4461 insolubilem

393 4497 611 4559 soluta
649 4502 747 4558 est
785 4496 1054 4577 quaestio
1098 4514 1291 4577 quam
1336 4495 1744 4558 insolubilem
1791 4516 1904 4578 pu·
2013 4512 2153 4557 esse
2183 4495 2346 4557 hanc
2376 4495 2815 4576 quaestionem,
2840 4496 3145 4577 quoniam
3177 4496 3242 4559 in
3273 4497 3390 4559 hac
3422 4498 3511 4559 vi-

396 4603 561 4669 tant,
594 4594 819 4657 dicunt
859 4601 924 4655 et
966 4594 1275 4655 scribunt.
1310 4595 1379 4655 In
1424 4594 1651 4676 quibus
1692 4594 1903 4657 verbis
2019 4600 2080 4655 ta
2112 4612 2150 4655 a
2176 4594 2415 4657 viatore
2460 4592 2645 4675 plene
2686 4594 2846 4656 solvi
2887 4602 2951 4657 et
2981 4595 3123 4676 capi
3163 4613 3291 4657 non
3321 4596 3506 4659 valet.

398 4700 662 4773 tangere
702 4694 956 4755 videtur
994 4701 1317 4756 auctorem
1360 4693 1507 4755 libri
1552 4692 1757 4766 istiuS,
1792 4692 1903 4775 qui

398 4790 473 4852 in
520 4791 641 4853 hac
691 4792 1101 4854 distinctione
1153 4792 1311 4853 dicit
1360 4792 1777 4874 quaestionem
1828 4792 1907 4854 is-

398 4898 536 4951 tam
583 4890 996 4952 insolubilem
1039 4908 1198 4952 esse.
1232 4926 1314 4935 —
1342 4890 1485 4953 Haec
1525 4889 1842 4952 Albertus.

482 4989 961 5063 Verumtamen,
995 4989 1289 5071 quamvis
1328 4988 1523 5051 verba
1562 4990 1683 5051 ista
1722 5007 1907 5051 vene-

397 5087 629 5151 rabilis
688 5088 974 5168 magistri
1022 5088 1303 5168 Hugonis
1352 5087 1659 5150 catholice
1717 5095 1907 5169 atque

394 5186 751 5251 salubriter
781 5186 909 5249 sint
940 5186 1204 5267 prolata,
1237 5204 1365 5249 non
1398 5193 1607 5248 tamen
1650 5186 1735 5248 ita
1768 5204 1911 5248 cen-

394 5293 630 5350 sentur
659 5284 1031 5367 quaestionis
1063 5284 1257 5365 hujus
1286 5284 1741 5347 difficultatem
1769 5303 1912 5348 eva-

2096 4693 2364 4773 Insuper
2402 4692 2557 4753 dicit
2595 4691 2913 4767 Albertus,
2948 4693 3117 4774 quod
3162 4693 3302 4767 ista,
3337 4693 3515 4755 Pater

2016 4797 2080 4851 et
2128 4790 2327 4851 Filius
2384 4790 2662 4871 diligunt
2711 4808 2780 4853 se
2829 4791 3069 4871 Spiritu
3128 4792 3379 4863 Sanct0,
3432 4791 3516 4852 sit

2020 4889 2220 4969 magis
2271 4889 2528 4970 propria
2571 4908 2763 4971 quam
2809 4889 2948 4961 ista,
2991 4889 3170 4950 Pater
3211 4897 3271 4951 et
3317 4888 3514 4950 Filius

2020 4989 2295 5070 diligunt
2338 5007 2404 5051 se
2450 5007 2564 5071 per
2607 4988 2914 5069 Spiritum
2959 4988 3260 5049 Sanctum
3305 5007 3319 5050 :
3364 5004 3516 5070 quo—

2020 5088 2194 5149 niam
2227 5088 2590 5170 praepositio
2613 5106 2738 5164 per
2766 5085 3008 5167 aliquid
3039 5093 3214 5148 notat
3245 5104 3360 5167 per
3391 5103 3518 5148 mo-

2022 5188 2175 5249 dum
2226 5185 2635 5259 causalitatis,
2686 5193 2750 5248 et
2800 5185 2865 5246 in
2925 5184 3358 5266 propositione
3406 5184 3517 5246 illa

2020 5285 2336 5348 ablativus
2380 5284 2544 5347 eadit
2585 5303 2622 5345 a
2665 5284 2904 5347 ratione
2949 5283 3356 5358 causalitatiS,
3391 5284 3513 5349 sic-
