4359 6250
759 509 846 554 AN
888 508 1330 555 PROPRIBTATES
1371 509 1685 555 RELATWAE
1726 507 2135 553 CONSTITUANT
2178 505 2240 551 ΙΝ
2282 505 2508 552 Dllets
2551 503 2880 558 PERSONAS,
2922 502 3049 548 mc.

366 675 671 737 rationem
722 684 784 737 et
834 679 1301 760 processionem
1351 697 1364 740 :

362 775 773 856 hypostaticis
836 777 1329 858 proprietatibus
1389 777 1694 838 differunt
1755 776 1851 836 hae

362 883 481 935 tres
522 883 757 937 sanctae
798 877 1183 957 hypostases,
1221 877 1362 938 Haec
1402 877 1844 938 Damascenus.

360 1008 435 1016 —
484 973 575 1034 Ex
626 974 861 1055 quibus
914 974 1304 1036 lucidissime
1365 982 1628 1046 constat,
1680 974 1849 1055 quod

363 1072 711 1134 secundum
743 1091 891 1133 eum
932 1073 1515 1155 superdignissimae
1554 1080 1679 1134 tres
1716 1091 1853 1154 per-

364 1188 526 1232 sona·
576 1189 981 1252 nequaquam
1026 1171 1505 1252 distinguuntur
1550 1190 1661 1252 per
1712 1190 1851 1252 pro—

364 1270 659 1349 prietates
708 1270 1051 1340 absolutaS‚
1096 1271 1205 1330 sed
1256 1270 1565 1332 relativas,
1611 1270 1685 1331 Et
1734 1271 1852 1331 hoc

366 1384 583 1428 verum
633 1376 750 1436 est,
801 1369 937 1429 sive
988 1369 1549 1448 ingenerationem,
1600 1387 1854 1449 genera-

366 1465 601 1526 tionem
631 1475 695 1526 et
736 1466 1205 1546 processionem
1245 1466 1513 1546 accipiat
1550 1474 1737 1546 prout
1768 1465 1855 1526 di-

369 1571 513 1623 cunt
550 1563 861 1643 originem
914 1573 1223 1644 quantum
1266 1563 1345 1624 ad
1384 1564 1852 1643 generationem

369 1671 427 1722 et
476 1662 972 1742 processionem,
1024 1669 1087 1723 et
1138 1661 1401 1742 originis
1458 1661 1855 1742 negationem

368 1768 669 1840 quantum
719 1761 795 1821 ad
850 1760 1411 1841 ingenerationem,
1462 1759 1596 1820 sive
1645 1759 1853 1820 dicant

3336 480 3456 545 219

1412 679 1478 740 in
1527 679 1625 739 his
1679 679 1849 739 enim
1881 675 1933 739 A
1961 676 2176 758 aliquo
2208 677 2394 738 modo
2427 694 2648 736 verum
2679 683 2804 752 est3
2832 683 3040 735 tamen
3076 672 3210 753 ipse
3240 671 3456 732 Ansel-

1965 795 2105 837 mus
2158 775 2445 837 relationi
2497 781 2558 834 et
2616 773 2754 853 ejus
2803 771 3188 854 oppositioni
3252 777 3452 832 totum

1960 874 2282 936 adscribit.
2311 874 2481 934 Unde
2511 880 2573 933 et
2605 879 3064 952 consequenter
3095 869 3300 951 palam
3333 868 3457 929 dis-

1960 974 2179 1046 seruit,
2213 981 2275 1034 et
2316 979 2614 1054 praetacta
2655 991 2768 1032 sua
2813 969 3004 1031 verba
3043 968 3223 1050 quasi
3269 986 3456 1050 expo-

1962 1071 2086 1132 suit
2125 1088 2138 1132 :
2174 1071 2275 1132 Sic
2307 1087 2476 1149 ergo,
2513 1068 2829 1149 inquienS‚
2865 1067 3055 1146 hujus
3097 1065 3358 1128 unitatis
3393 1073 3458 1126 et

1964 1170 2156 1249 hujus
2197 1169 2518 1231 relationis
2562 1166 3028 1247 consequentiae
3065 1184 3131 1226 se
3177 1171 3455 1226 contem-

1966 1275 2210 1346 perant,
2245 1275 2314 1326 ut
2343 1285 2459 1328 nec
2500 1264 2830 1347 pluralitas
2861 1283 3002 1344 qua·
3036 1262 3322 1344 sequitur
3361 1281 3455 1324 re-

1968 1365 2288 1436 lationem,
2324 1365 2596 1425 transeat
2639 1363 2716 1424 ad
2764 1382 2838 1424 ea
2882 1363 2946 1422 in
2995 1361 3228 1442 quibus
3278 1369 3457 1423 sonat

1966 1462 2342 1543 simplicitas
2389 1462 2648 1523 unitatis
2695 1460 3042 1542 praedictae3
3082 1479 3196 1521 nec
3250 1460 3456 1520 unitas

1969 1562 2254 1624 cohibeat
2285 1562 2734 1643 pluralitatem,
2757 1560 2866 1622 ubi
2891 1561 3108 1622 eadem
3143 1559 3459 1640 significa—

1968 1667 2069 1721 tur
2120 1660 2386 1721 relatio:
2423 1667 2735 1741 quatenus
2787 1677 2904 1720 nec
2953 1659 3162 1720 unitas
3213 1659 3458 1719 amittat

1966 1758 2307 1839 aliquando
2347 1777 2741 1839 consequens
2786 1777 2997 1827 suum,
3032 1756 3142 1817 ubi
3188 1774 3315 1818 non
3348 1756 3458 1817 ob-

368 1859 689 1920 relativam
750 1859 1201 1940 proprietatem
1256 1877 1270 1920 τ
1324 1859 1625 1939 quoniam
1680 1858 1856 1919 nullo
1896 1859 1941 1921 B
1970 1857 2097 1918 viat
2122 1857 2335 1937 aliqua
2363 1856 2686 1918 relationis
2717 1856 3210 1937 oppositi03nec
3238 1855 3459 1917 relatio

368 1957 550 2019 modo
588 1956 879 2018 absolute
923 1957 1240 2018 dicuntur.

438 2055 705 2116 Sanctus
756 2073 1009 2136 quoque
1057 2055 1413 2116 Bernardus
1462 2055 1541 2116 ad
1592 2055 1858 2135 Eugeni-

368 2173 466 2214 um
498 2153 731 2235 Papam
774 2153 1055 2215 affirmat
1095 2154 1342 2215 divinas
1383 2172 1683 2235 personas
1717 2171 1856 2233 pro-

368 2253 623 2334 prietate
674 2253 1004 2333 distingui,
1056 2253 1120 2314 in
1168 2253 1443 2314 essentia
1493 2253 1851 2314 convenire.

437 2351 595 2412 Hinc
648 2351 713 2412 in
775 2350 940 2413 libro
986 2352 1063 2413 de
1123 2351 1525 2414 Processione
1585 2351 1857 2432 Spiritus

366 2449 570 2511 Sancti
622 2450 834 2530 inquit
874 2450 1211 2512 Anselmus
1247 2468 1262 2511 :
1296 2450 1439 2512 Haec
1490 2449 1621 2510 sola
1671 2467 1859 2510 causa

368 2547 747 2628 pluralitatis
791 2557 885 2610 est
930 2548 993 2610 in
1038 2549 1185 2619 Dec,
1222 2558 1291 2609 ut
1332 2548 1512 2609 Pater
1552 2554 1615 2608 et.
1664 2547 1858 2609 Filius

366 2653 423 2705 et
454 2645 729 2725 Spiritus
762 2644 1028 2705 Sanctus
1058 2646 1135 2706 de
1167 2664 1233 2706 se
1266 2645 1539 2706 invicem
1574 2645 1699 2706 dici
1732 2662 1857 2706 non

372 2744 631 2823 possint,
672 2743 822 2823 quia
872 2742 1119 2804 duobus
1172 2743 1373 2805 modis
1422 2751 1517 2804 est
1565 2744 1730 2805 Deus
1782 2743 1857 2804 de

368 2841 511 2913 Deo,
561 2840 858 2902 videlicet
908 2841 1223 2903 nascendo
1270 2859 1343 2902 ac
1395 2827 1793 2922 procedendo
1842 2859 1855 2902 τ

368 2940 532 3020 quod
575 2947 780 3000 totum
826 2946 1031 3020 potest
1070 2939 1195 3000 dici
1238 2941 1476 3001 relatio,
1512 2940 1669 3002 Nam
1709 2959 1859 3021 quo-

368 3037 532 3098 niam
570 3037 767 3098 Filius
806 3045 903 3098 est
933 3038 1010 3099 de
1050 3038 1177 3100 Deo
1217 3039 1534 3100 nascendo
1571 3045 1630 3099 et.
1664 3038 1857 3119 Spiri-
1898 3041 1941 3106 G

368 3144 465 3197 tus
512 3137 787 3198 Sanctus
837 3136 1255 3217 procedendo,
1312 3138 1447 3218 ipsa
1496 3137 1856 3198 diversitate

366 3235 715 3297 nativitatis
774 3253 847 3296 ac
898 3234 1321 3315 processionis
1370 3234 1732 3296 referuntur
1778 3235 1856 3295 ad

368 3332 642 3395 invicem
677 3342 746 3393 ut
775 3332 1009 3395 diversi
1042 3333 1277 3414 aliique
1318 3332 1397 3394 ab
1430 3333 1725 3395 invicem.
1763 3333 1855 3393 Fi-

366 3431 481 3493 lius
514 3450 775 3513 quoque
808 3432 948 3494 ideo
978 3450 1103 3494 non
1136 3440 1232 3493 est
1262 3431 1536 3513 Spiritus
1567 3432 1853 3503 SanctuS,

366 3548 475 3590 nec
526 3530 807 3611 Spiritus
850 3530 1115 3591 Sanctus
1159 3539 1252 3592 est
1303 3530 1519 3601 Filius,
1552 3528 1856 3609 quoniam

368 3627 551 3689 Filius
584 3628 897 3689 nascendo
926 3628 1115 3689 habet
1144 3647 1281 3689 esse
1311 3648 1347 3688 a
1372 3628 1570 3699 Patre,
1591 3626 1857 3707 Spiritus

368 3728 633 3789 Sanctus
680 3735 895 3788 autem
940 3745 1064 3789 non
1116 3728 1453 3797 nascendO,
1488 3727 1597 3787 sed
1648 3744 1855 3807 proce-

367 3826 587 3888 dendo.
609 3825 915 3887 Praedicta
946 3825 1137 3905 igitur
1169 3824 1487 3888 relationis
1518 3824 1855 3906 oppositiO,

365 3943 501 4004 quae
541 3942 621 3985 ex
666 3923 788 3984 hoc
834 3922 1112 3984 nascitur
1156 3924 1306 4003 quia
1350 3921 1670 4004 praedictis
1710 3922 1860 3983 duo-

364 4024 479 4087 bus
526 4025 737 4088 modis
778 4032 873 4085 est
912 4025 1076 4085 Deus
1116 4024 1192 4085 de
1234 4025 1380 4097 De0‚
1426 4023 1718 4105 prohibet
1758 4024 1860 4085 Pa-

362 4130 517 4186 trem
562 4132 627 4185 et
680 4122 912 4185 Filium
961 4130 1023 4183 et
1072 4122 1381 4204 Spiritum
1432 4124 1729 4185 Sanctum
1781 4124 1858 4184 de

1971 1957 2185 2037 perdat
2221 1957 2386 2037 quod
2430 1975 2617 2016 suum
2659 1962 2775 2024 est,
2812 1955 2920 2016 ubi
2955 1972 3082 2016 non
3120 1954 3287 2017 obsit
3324 1955 3459 2015 uni-

1966 2062 2059 2116 ·tas
2110 2053 2572 2135 inseparabilis
2618 2054 2846 2134 Sicque
2894 2053 3114 2116 relatio
3164 2053 3460 2134 prohibet

1968 2153 2198 2216 Filium
2230 2160 2336 2214 aut
2365 2153 2671 2233 Spiritum
2701 2153 2998 2214 Sanctum
3032 2171 3170 2213 esse
3194 2152 3453 2213 Patrem.

1966 2252 2093 2314 Nec
2124 2252 2365 2333 aliquid
2405 2251 2616 2314 obviat
2661 2251 3128 2330 consequentiae
3170 2250 3458 2310 identita-

1970 2350 2071 2422 tis,
2117 2350 2239 2410 nisi
2280 2349 2494 2430 aliqua
2533 2348 2609 2409 de
2653 2347 2969 2429 praedictis
3007 2347 3326 2428 oppositio
3367 2366 3459 2408 re-

1970 2449 2241 2510 lationis,
2285 2483 2364 2492 —
2407 2449 2578 2510 Hanc
2627 2448 2957 2509 veritatem
3005 2446 3342 2508 Anselmus
3394 2446 3457 2506 in

1971 2547 2133 2608 libro
2196 2547 2591 2627 praeallegato
2645 2555 2773 2607 tam
2827 2546 3155 2607 evidenter
3203 2552 3459 2625 tamque

1970 2644 2335 2725 frequenter
2365 2645 2697 2726 expressit,
2728 2651 2795 2704 ut
2827 2643 3016 2705 nemo
3045 2643 3328 2705 veritatis
3363 2661 3459 2704 ze-

1972 2745 2129 2805 lator
2160 2743 2356 2825 possit
2387 2744 2710 2824 ambigere
2747 2744 2913 2804 istud
2943 2743 3143 2804 fuisse
3179 2743 3256 2804 de
3290 2760 3460 2803 men-

1971 2850 2029 2904 te
2074 2843 2283 2904 Sancti
2335 2842 2543 2919 illius;
2575 2849 2638 2903 et
2678 2842 2874 2904 verba
2911 2843 3050 2922 ejus
3090 2843 3166 2904 ad
3208 2842 3460 2923 opposi-

1973 2951 2105 3003 tum
2141 2949 2526 3022 retorquere,
2561 2949 2655 3001 est
2688 2959 2946 3021 prorsus
2980 2947 3454 3021 praeposterum.

2049 3041 2156 3101 His
2209 3038 2541 3100 manifest-e
2601 3039 2938 3101 concordat.
2987 3039 3334 3101 Richardus
3384 3041 3460 3101 de

1969 3142 2027 3202 S.
2061 3141 2310 3201 Victore
2343 3140 2406 3201 in
2442 3139 2602 3201 libro
2641 3156 2757 3200 suo
2796 3140 2872 3199 (le
2905 3139 3229 3212 Trinitate,
3265 3140 3329 3200 in
3370 3140 3462 3201 di-

1968 3237 2167 3299 versis
2212 3236 2508 3317 capitulis
2557 3256 2630 3297 ac
2673 3236 3047 3317 partialibus
3097 3237 3296 3298 libris,
3346 3238 3462 3299 lta-

1968 3353 2091 3415 que
2123 3341 2348 3415 quarto
2389 3333 2573 3406 libro,
2609 3332 2887 3414 capitulo
2928 3333 3265 3395 undecimo
3300 3352 3312 3394 :
3348 3334 3460 3395 Ec—

1969 3451 2061 3502 ce,
2112 3433 2222 3506 ait,
2279 3432 2637 3493 invenimus
2697 3449 2823 3493 non
2878 3450 3015 3492 esse
3067 3431 3462 3513 impossibile

1969 3531 2184 3611 plures
2231 3549 2370 3591 esse
2422 3547 2718 3609 personas
2768 3530 2832 3590 in
2884 3530 3124 3590 unitate
3173 3529 3462 3590 substan-

1968 3628 2089 3690 tiae.
2127 3628 2532 3708 Consequens
2573 3635 2665 3688 est
2707 3635 2773 3687 ut
2813 3646 3169 3707 quaeramus
3200 3645 3460 3708 quomo-

1970 3727 2049 3789 do
2094 3727 2294 3807 possit
2336 3746 2474 3787 esse
2518 3724 2796 3786 alteritas
2839 3725 2931 3804 (id
2975 3733 3068 3786 est
3113 3726 3463 3805 distinctio)

1970 3843 2383 3907 personarum
2417 3824 2552 3885 sine
2587 3822 2897 3884 alteritate
2937 3822 3454 3885 substantiarum.

1968 3926 2037 3985 ln
2082 3922 2517 3985 discernendis
2563 3921 2774 4002 itaque
2818 3921 3102 4001 personis
3141 3940 3302 4003 opus
3341 3930 3458 3993 est,

1970 4031 2037 4084 ut
2068 4022 2363 4096 arbitror,
2382 4021 2634 4102 gemina
2666 4019 3190 4091 consideratione,
3210 4028 3279 4081 ut
3308 4022 3463 4082 scia-

1973 4142 2112 4182 mus
2145 4122 2441 4183 videlieet
2469 4128 2528 4181 et
2562 4119 2768 4201 qualis
2799 4120 2878 4180 sit
2911 4118 3048 4201 ipsa
3079 4137 3367 4199 persona,
3401 4128 3462 4181 et

362 4222 639 4285 invicem
683 4222 833 4293 dici,
876 4229 938 4283 et
977 4222 1233 4303 propria
1276 4221 1671 4302 singulorum
1716 4220 1857 4282 aliis
1890 4222 1939 4283 D
1972 4221 2139 4281 unde
2198 4219 2427 4281 habeat
2482 4237 2639 4280 esse.
2697 4220 2829 4281 Una
2886 4217 3460 4280 considerationum

362 4321 573 4382 tribui.
610 4356 697 4365 -—-
728 4320 888 4380 Ecce
929 4320 993 4379 in
1034 4319 1245 4380 verbis
1287 4318 1385 4381 his
1428 4320 1485 4381 S.
1522 4320 1858 4381 Anselmus

363 4418 713 4481 clarissime
748 4425 1157 4490 contestatur,
1178 4419 1346 4498 quod
1380 4425 1507 4480 tota
1537 4418 1697 4479 ratio
1730 4418 1861 4499 plu-

364 4516 627 4577 ralitatis
690 4515 1245 4595 distinctionisque
1309 4534 1719 4596 personarum
1780 4516 1862 4577 sit

364 4614 686 4696 oppositio
736 4612 1018 4684 relativa,
1071 4632 1212 4694 quae
1258 4621 1353 4675 est
1407 4614 1630 4676 relatio
1679 4616 1863 4695 origi-

367 4714 507 4774 nis:
540 4732 741 4794 quam
794 4711 1163 4773 relationem
1209 4730 1319 4772 seu
1365 4712 1576 4792 potius
1620 4712 1865 4775 relatio-

370 4809 463 4871 nis
511 4810 990 4892 oppositionem
1036 4810 1208 4871 nasci
1253 4808 1485 4870 fatetur
1528 4828 1603 4870 ex
1647 4810 1867 4872 distin-

370 4916 463 4969 cta
516 4908 947 4989 originatione
1005 4927 1115 4969 seu
1176 4908 1574 4969 emanatione
1632 4908 1771 4968 Filii
1831 4927 1868 4969 a

370 5006 563 5079 Patre,
598 5014 664 5068 et
708 5004 986 5086 Spiritus
1031 5005 1239 5068 Sancti
1284 5024 1319 5065 a
1356 5006 1533 5067 Patre
1574 5024 1646 5067 ac
1687 5005 1861 5067 Filio.

370 5104 441 5165 Et
482 5106 787 5187 quamvis
830 5123 907 5167 ex
954 5104 1161 5165 verbis
1205 5104 1345 5185 eJus
1389 5105 1679 5169 videatur
1719 5104 1867 5167 insi-

370 5206 573 5275 nuari,
608 5204 785 5287 quod
830 5202 1155 5265 distinctio
1206 5220 1616 5284 personarum
1668 5203 1749 5264 sit
1793 5223 1868 5265 ex

372 5302 702 5365 differenti
733 5301 999 5383 origine,
1023 5302 1192 5383 quod
1224 5309 1286 5363 et
1313 5301 1495 5383 juxta
1527 5302 1874 5383 praehabita

1970 4320 2235 4379 istarum
2279 4324 2565 4378 versatur
2609 4317 2672 4377 in
2716 4316 3132 4377 discernenda
3179 4317 3268 4377 rei
3317 4336 3464 4397 qua-

1973 4418 2147 4478 litate
2197 4424 2260 4477 et
2309 4416 2714 4497 proprietate,
2747 4413 2870 4475 alia
2915 4414 2979 4475 in
3031 4415 3464 4495 investiganda

1972 4516 2064 4577 rei
2096 4515 2358 4595 origine.
2396 4513 2471 4574 Et
2501 4514 2591 4575 sic
2635 4522 3096 4594 consequenter
3126 4515 3309 4575 docet
3348 4514 3464 4575 ibi-

1973 4614 2117 4675 dem
2158 4620 2220 4674 et
2260 4612 2487 4673 deinde
2529 4612 2592 4672 in
2638 4611 2904 4673 diversis
2946 4611 3263 4692 capitulis,
3298 4613 3464 4693 quod

1977 4730 2387 4792 personarum
2435 4710 2758 4773 distinctio
2800 4710 3156 4790 assignetur
3201 4718 3468 4790 utroque

1978 4810 2187 4884 modo,
2223 4810 2570 4890 praesertim
2617 4830 2811 4889 penes
2852 4809 3185 4890 originem,
3219 4816 3278 4869 et
3321 4826 3469 4870 con-

1976 4914 2318 4988 sequenter
2350 4925 2541 4987 penes
2574 4905 2974 4969 discretivam
3016 4905 3468 4988 proprietatem

1978 5026 2053 5067 ex
2098 5004 2342 5085 origine
2385 5011 2606 5066 ortam.

2062 5203 2304 5265 Solutio
2343 5202 2743 5282 objectorum
2786 5200 2848 5261 in
2889 5202 3140 5263 exordio
3173 5201 3468 5285 quaestio—

1984 5302 2082 5365 nis
2148 5303 2460 5365 factorum
2527 5309 2698 5384 patet
2761 5320 2835 5363 ex
2904 5299 3106 5362 dictis.
3167 5300 3467 5375 Quamvis
