4359 6250
737 498 823 547 AN
864 501 1142 549 sommia
1184 501 1286 547 DE!
1328 499 1727 547 APPELLANnA
1772 499 1865 546 SIT
1906 497 2302 546 UNIVERSALIS
2345 499 2430 544 AN
2472 495 2926 556 PARTIGULAMS,
2965 497 3092 544 ss’rc.

3350 470 3470 542 387

380 671 721 733 scientiam.
756 707 836 717 —
870 671 1193 744 Praeterea,
1228 669 1623 732 conditiones
1669 668 1868 730 scien·
1896 669 1947 731 A
1982 684 2094 748 pro
2137 667 2356 748 regula
2398 667 2664 742 dictum,
2698 668 2866 750 quod
2911 668 2988 730 de
3033 666 3323 729 Creatore
3371 685 3471 728 su-

382 770 475 832 tiae
517 777 580 830 et
629 769 977 850 cujuslibet
1026 768 1407 849 cognitionis
1452 768 1870 830 attenduntur

382 867 691 948 praecipue
739 867 1092 930 secundum
1154 867 1461 928 rationem
1514 864 1707 927 medii
1756 883 1870 946 per

383 965 539 1047 quod
584 984 685 1026 res
730 965 871 1047 ipsa
913 965 1335 1045 cognoscitur.
1383 964 1446 1025 ld
1490 970 1703 1024 autem
1742 978 1870 1043 quo

380 1064 534 1125 Deus
566 1062 889 1143 cognoscit
922 1071 990 1124 ut
1021 1062 1253 1135 medio,
1286 1069 1381 1123 θεῖ
1411 1061 1628 1123 divina
1662 1079 1871 1122 essen-

382 1161 459 1222 tia
490 1178 503 1222 :
537 1181 681 1242 quae
721 1179 850 1223 non
889 1168 1097 1242 potest
1134 1160 1264 1222 dici
1306 1159 1686 1232 universale,
1721 1175 1871 1240 quo-

382 1259 539 1320 niam
578 1276 770 1321 omne
812 1258 1169 1321 universale
1210 1258 1599 1320 additionem
1640 1257 1867 1339 recipit

381 1357 641 1437 alicujus
690 1375 819 1439 quo
866 1357 1348 1431 determinatur,
1402 1363 1465 1418 et
1514 1356 1601 1418 ita
1658 1363 1753 1418 est
1802 1355 1867 1416 in

383 1455 655 1536 potentia
685 1463 749 1517 et
778 1453 1226 1536 imperfectum
1269 1454 1335 1516 in
1373 1473 1533 1529 esse,
1568 1454 1737 1537 quod
1777 1453 1867 1514 di-

382 1553 534 1616 vinae
577 1571 982 1635 nequaquam
1028 1555 1319 1617 essentiae
1370 1552 1687 1616 convenit.
1722 1552 1869 1624 Quae

383 1653 561 1713 etiam
611 1667 741 1714 non
790 1659 887 1713 θεῖ
934 1651 1205 1714 dicenda
1253 1651 1681 1734 particulare:
1719 1648 1871 1732 quia

385 1748 767 1831 principium
828 1749 1229 1830 particularis
1286 1757 1383 1811 est
1443 1749 1706 1811 materia
1761 1754 1871 1809 aut

1979 765 2440 846 peressentiali,
2505 765 2988 848 incomparabili
3051 784 3124 826 ac
3189 764 3466 838 infinite,

1977 880 2165 924 omne
2210 881 2410 944 genus
2453 865 2959 938 transcendente,
3001 873 3066 927 et
3107 865 3186 926 de
3230 871 3471 926 creatu-

1978 961 2087 1033 ris,
2122 960 2284 1022 nihil
2331 961 2598 1025 univoce
2637 962 2889 1024 dicitur.
2926 963 3168 1024 Idcirco
3207 961 3474 1024 scientia

1976 1058 2314 1140 analogum
2353 1067 2450 1122 est
2486 1061 2564 1122 ad
2605 1060 2937 1123 scientiam
2979 1061 3089 1123 Dei
3128 1069 3319 1142 atque
3358 1059 3476 1121 sci—

1978 1156 2216 1219 entiam
2255 1158 2660 1220 rationalium
2691 1166 2755 1220 et
2787 1159 3316 1222 intellectualium
3349 1175 3478 1219 cre-

1979 1263 2324 1318 aturarum.
2367 1256 2494 1319 Nec
2543 1263 2639 1319 est
2689 1257 2779 1319 ibi
2829 1258 3245 1339 aequivocatio
3294 1275 3475 1338 pura,

1982 1353 2113 1416 imo
2143 1354 2412 1416 scientia
2444 1362 2653 1417 creata
2695 1354 2762 1417 in
2792 1355 3010 1437 aliquo
3048 1354 3386 1438 participat
3418 1363 3481 1416 et

1983 1453 2270 1514 imitatur
2309 1451 2768 1533 perfectionem
2813 1455 3107 1516 increatae
3145 1453 3428 1517 scientiae
3465 1473 3480 1517 :

1979 1550 2219 1632 alioqui
2249 1569 2328 1612 ex
2359 1550 2719 1632 cognitione
2762 1559 2988 1615 creatae
3027 1551 3310 1614 scientiae
3354 1569 3482 1612 non

1982 1667 2314 1730 possemus
2363 1649 2442 1710 ad
2503 1649 2798 1712 increatae
2847 1649 3129 1712 scientiae
3181 1648 3484 1729 cognitio-

1984 1765 2132 1808 nem
2190 1747 2550 1808 ascendere.
2615 1748 2739 1810 Ista
2797 1756 2893 1810 est
2949 1747 3279 1829 responsio
3335 1745 3481 1808 Ale·

384 1847 613 1929 aliquid
674 1847 1056 1929 potentiale3
1115 1847 1334 1909 divina
1390 1865 1539 1910 vero
1596 1845 1870 1908 essentia
1908 1851 1955 1914 Β
1984 1844 2229 1917 xandri,
2263 1844 2538 1918 Thomae,
2572 1845 3050 1920 Bonaventurae,
3085 1845 3480 1926 sequacium-

384 1964 571 2026 purus
602 1953 700 2008 est
727 1953 927 2007 actus,
962 1944 1076 2008 Cui
1109 1963 1226 2007 nec
1257 1945 1419 2008 ratio
1447 1943 1701 2006 habitus
1734 1960 1873 2026 pro-

385 2043 511 2124 prie
558 2043 878 2117 convenit,
931 2043 1234 2125 quoniam
1294 2043 1551 2105 habitus
1599 2060 1727 2104 non
1774 2048 1872 2102 est

387 2141 599 2203 ultima
645 2140 958 2223 perfectio
1006 2141 1120 2214 rei,
1163 2148 1227 2204 et
1268 2141 1596 2203 ordinatur
1645 2140 1724 2202 ad
1771 2158 1873 2201 ac-

385 2239 695 2302 tumHinc
725 2239 995 2301 scientia
1025 2239 1135 2301 Dei
1168 2257 1295 2302 non
1326 2247 1421 2300 est
1444 2239 1713 2300 dicenda
1744 2237 1878 2298 uni-

385 2337 638 2399 versalis
685 2355 805 2400 nec
852 2336 1275 2419 particulariS,
1319 2355 1437 2398 nec
1482 2337 1547 2398 in
1594 2333 1877 2418 potentia

386 2454 586 2517 neque
618 2436 681 2497 in
711 2435 959 2508 habitu,
993 2435 1105 2498 sed
1147 2453 1400 2517 semper
1432 2435 1497 2496 in
1530 2442 1699 2502 actu.
1733 2434 1876 2496 Haec

388 2534 669 2596 Thomas,

461 2633 771 2696 Consonat
817 2633 1037 2695 Petrus
1071 2650 1085 2693 :
1120 2633 1225 2695 11ae
1267 2639 1437 2706 sunt,
1481 2632 1722 2706 dicenS,
1757 2631 1879 2692 dif-

391 2729 665 2794 l'erentiae
712 2730 999 2793 scientiae
1046 2732 1317 2793 creatae*
1363 2737 1426 2791 et
1465 2735 1503 2792 a'
1541 2729 1733 2792 rebus
1781 2749 1880 2791 ac-

392 2837 605 2910 ceptae,
652 2847 795 2910 quae
854 2847 967 2910 per
1022 2827 1273 2890 diversa
1330 2827 1539 2890 media
1594 2847 1633 2889 a
1687 2827 1878 2890 rebus

390 2927 726 3009 accipitur3
778 2943 907 2989 non
962 2933 1177 2988 autem
1228 2925 1511 2989 scientia>
1559 2926 1876 3000 increatae,

1984 1961 2109 2022 que
2153 1943 2460 2024 ipsorum.

2067 2040 2239 2102 Unde
2271 2048 2335 2102 et
2363 2040 2658 2103 Albertus
2691 2041 2796 2104 hic
2827 2041 3089 2105 scribit:
3115 2041 3478 2104 Secundum

1982 2137 2047 2199 B.
2102 2138 2474 2221 Dionysium
2533 2139 2807 2219 septimo
2866 2140 3144 2222 capitulo
3205 2138 3350 2200 libri
3404 2139 3480 2200 de

1986 2236 2233 2298 Divinis
2292 2236 2685 2312 nominibuS‚
2737 2237 3004 2300 scientia
3052 2237 3164 2299 Dei
3213 2255 3341 2299 non
3389 2244 3486 2298 θεῖ

1987 2335 2260 2398 univoca
2310 2335 2594 2399 scientiae
2645 2345 2894 2409 nostrae,
2946 2354 3153 2419 neque
3202 2334 3486 2398 scientiae

1986 2434 2382 2515 angelorum,
2417 2434 2570 2515 quia
2609 2435 2876 2497 scientia
2911 2434 3023 2497 Dei
3053 2442 3150 2496 θεῖ
3181 2434 3259 2496 de
3294 2433 3486 2495 rebus

1993 2540 2060 2593 ut
2102 2532 2678 2594 substantificatrix
2728 2532 3056 2615 sapientiae
3099 2539 3162 2594 et
3207 2532 3488 2594 scientiae

1991 2630 2304 2693 mentium
2345 2639 2700 2694 creatarum
2729 2638 2794 2692 et
2823 2631 3111 2694 omnium
3143 2632 3221 2693 de
3252 2629 3489 2712 quibus

1990 2737 2105 2791 est.
2142 2730 2288 2793 Haec
2326 2729 2645 2792 Albertus.

2071 2927 2375 2988 Praeterea
2415 2927 2722 3008 quaeritur
2763 2925 2889 3001 hic,
2923 2927 3019 2988 An
3062 2925 3330 2988 scientia
3377 2925 3490 2988 Dei

389 3044 522 3106 quae
562 3032 780 3087 causat
810 3043 931 3097 reS,
964 3031 1027 3085 et
1068 3023 1365 3086 universa
1402 3024 1727 3104 cognoscit
1766 3042 1881 3105 per
1916 3030 1959 3093 C
1990 3034 2283 3106 respectu
2324 3024 2596 3088 aliorum
2627 3045 2664 3087 a
2693 3044 2763 3088 se
2793 3025 2876 3087 sit
2914 3025 3192 3107 practica
3231 3044 3311 3087 an
3353 3043 3492 3107 spe-

390 3124 663 3186 medium
708 3143 932 3197 unum,
972 3123 1144 3205 quod
1184 3130 1279 3185 est
1323 3123 1541 3186 divina
1579 3123 1875 3197 essentia,

391 3242 525 3304 quae
588 3241 715 3286 non
778 3231 876 3285 est
934 3222 1315 3296 universale,
1368 3212 1487 3285 nec
1547 3222 1881 3305 particula·

390 3340 474 3395 re,
514 3340 631 3385 nec
670 3321 951 3395 habituS,
993 3339 1112 3383 nec
1155 3321 1407 3402 passiva
1459 3321 1757 3404 potentia.
1804 3321 1880 3383 Et

390 3421 677 3501 quamvis
722 3419 989 3481 scientia
1032 3419 1145 3481 Dei
1190 3419 1274 3480 sit
1315 3438 1505 3481 causa
1550 3438 1785 3494 rerum,
1819 3426 1881 3481 et

390 3518 469 3579 sit
500 3537 754 3600 semper
786 3518 853 3579 in
882 3524 1067 3596 actu3
1100 3535 1229 3580 non
1260 3526 1472 3580 tamen
1503 3536 1756 3600 semper
1786 3524 1881 3579 est

392 3634 574 3679 causa
614 3617 681 3678 in
722 3625 891 3689 actu,
935 3635 1137 3698 quum
1178 3617 1261 3678 sit
1298 3635 1489 3678 causa
1526 3615 1881 3678 voluntarie

391 3732 576 3795 agens
600 3715 785 3796 juxta
820 3714 1149 3796 sapientiae
1187 3734 1317 3777 suae
1348 3732 1701 3777 censuram.
1738 3714 1884 3776 Ideo

393 3812 527 3875 sine
563 3832 677 3875 sua
723 3812 1073 3874 mutatione
1113 3820 1210 3874 est
1250 3812 1559 3875 dilatoria.
1595 3812 1739 3876 Haec
1783 3813 1887 3874 Pe-

392 3918 544 3973 truS.
577 3948 657 3958 —
687 3912 1039 3975 Concordat
1082 3912 1450 3974 Richardus.

468 4009 765 4073 Albertus
796 4028 1051 4092 quoque
1080 4010 1159 4072 ad
1191 4011 1311 4072 ista
1338 4011 1678 4093 respondet
1712 4026 1726 4071 ε
1760 4009 1889 4072 Sci·

394 4108 563 4168 entia
604 4108 715 4171 Dei
762 4126 881 4170 nec
924 4116 1021 4170 θεῖ
1062 4108 1127 4169 in
1169 4108 1535 4182 universali,
1569 4126 1776 4189 neque
1821 4107 1885 4169 in

1990 3123 2283 3186 culativa.
2336 3124 2430 3186 Ad
2478 3125 2648 3206 quod
2709 3124 2898 3207 paulo
2955 3132 3100 3187 ante
3161 3125 3226 3187 in
3276 3123 3489 3187 verbis
3543 3144 3744 3200 p.:›‚sec.

1991 3223 2270 3287 Udalrici
2310 3240 2690 3305 responsum
2721 3232 2836 3299 est,
2871 3225 3040 3306 quod
3072 3225 3154 3286 sit
3187 3224 3483 3307 practica.

2070 3322 2420 3384 Richardus
2460 3340 2612 3384 vero
2650 3322 2728 3384 ad
2767 3323 2887 3384 hoc
2933 3323 3133 3403 magis
3176 3322 3490 3404 exquisite

1992 3420 2352 3500 respondet,
2386 3419 2657 3481 dicendo
2700 3438 2714 3483 :
2758 3419 2984 3482 Divina
3033 3420 3300 3482 scientia
3347 3437 3493 3481 con-

1994 3518 2258 3580 siderari
2293 3525 2500 3601 potest
2526 3518 2606 3579 ad
2638 3536 2736 3580 res
2776 3517 2987 3592 scitas,
3021 3526 3084 3580 et
3113 3519 3191 3579 ad
3229 3518 3519 3580 modum.

1992 3617 2260 3691 sciendi,
2293 3626 2482 3699 atque
2516 3618 2594 3679 ad
2625 3616 3018 3679 voluntatem
3055 3618 3336 3679 scientiS.
3373 3616 3494 3678 Pri-

1996 3734 2099 3779 mo
2150 3716 2338 3779 modo
2387 3715 2656 3777 scientia
2706 3716 2818 3777 Dei
2870 3723 3163 3797 respectu
3217 3715 3490 3777 aliorum

1993 3834 2029 3876 a
2060 3832 2127 3875 se
2169 3814 2447 3895 practica
2485 3822 2601 3886 est,
2635 3832 2836 3894 quum
2880 3813 2964 3875 sit
3007 3821 3300 3895 respectu
3345 3829 3492 3894 ope-

1996 3912 2298 3973 rabilium
2336 3930 2450 3994 per
2480 3911 2713 3993 ipsum.
2747 3947 2827 3957 —
2857 3912 3146 3976 Secundo
3177 3912 3365 3975 modo
3395 3918 3493 3973 est

1996 4009 2388 4091 speculativa
2433 4016 2497 4072 et
2544 4009 2823 4091 practica
2881 4011 3232 4073 secundum
3292 4009 3496 4072 consi-

1996 4109 2351 4171 derationes
2392 4108 2694 4171 diversas.
2733 4109 2841 4169 Est
2878 4107 3115 4170 etenim
3158 4108 3494 4190 speculati-

396 4206 782 4285 particulari,
834 4223 953 4267 nec
1012 4205 1077 4266 in
1133 4223 1339 4287 agere,
1391 4206 1693 4288 quoniam
1753 4206 1889 4269 istae
1917 4217 1967 4279 D
1999 4226 2077 4268 va
2118 4206 2184 4268 in
2223 4213 2532 4287 quantum
2573 4206 2695 4268 scit
2732 4224 2806 4268 ea
2847 4206 3035 4268 modo
3073 4206 3490 4288 speculativo.

396 4312 541 4365 sunt
580 4302 961 4367 differentiae
1000 4303 1173 4366 illius
1218 4303 1499 4367 scientim
1546 4323 1688 4386 quae
1729 4304 1889 4365 acci-

398 4400 487 4481 pit
545 4402 971 4482 cognitionem
1032 4402 1222 4464 unius
1271 4421 1347 4464 ex
1396 4403 1887 4483 praecognitione

396 4497 651 4561 alterius
702 4516 717 4561 ε
770 4500 941 4581 quod
1000 4516 1126 4562 non
1186 4500 1483 4563 convenit
1539 4500 1773 4563 divinae
1824 4510 1888 4563 et

398 4594 687 4661 increatae
735 4596 1039 4661 scientim.
1084 4598 1231 4670 Quae
1273 4597 1465 4660 etiam
1510 4616 1638 4661 non
1680 4605 1777 4660 est
1819 4599 1885 4661 in

400 4696 675 4775 potentia
716 4704 827 4759 aut
868 4696 1114 4772 habitu,
1156 4698 1267 4759 sed
1309 4716 1561 4779 semper
1606 4696 1672 4759 in
1714 4707 1879 4759 actu.

474 4892 786 4966 Quaeritur
822 4894 1017 4957 etiam
1056 4894 1162 4955 hic
1200 4912 1238 4956 a
1277 4894 1516 4970 multis,
1550 4896 1645 4957 An
1684 4895 1887 4957 scien—

398 4988 485 5052 tia
520 4990 766 5054 dicatur
809 4992 1081 5055 univoce
1120 4993 1199 5055 de
1239 4993 1506 5056 scientia
1548 4994 1659 5056 Dei
1706 5002 1770 5055 et
1808 4993 1886 5055 de

399 5090 665 5153 scientia
704 5100 1027 5156 creaturae.

476 5188 627 5263 Quae
654 5190 921 5272 quaes'tio
951 5190 1017 5252 in
1047 5189 1509 5273 quaestionibus
1548 5190 1674 5252 sibi
1715 5191 1888 5253 simi-

400 5285 571 5349 libus
617 5286 744 5369 jam
795 5307 989 5370 supra
1036 5295 1133 5351 est
1174 5307 1340 5371 saepe
1390 5289 1611 5352 soluta.
1656 5288 1891 5372 Estque

1999 4305 2132 4368 Scit
2177 4322 2452 4386 namque
2497 4322 2718 4366 eorum
2766 4304 3136 4379 divisioneS,
3181 4303 3500 4367 definitio·

1999 4422 2132 4476 neS,
2179 4411 2243 4464 et
2289 4401 2694 4465 habitudines
2741 4404 2819 4465 ad
2869 4421 3090 4465 eorum
3147 4404 3495 4486 superiora,

1997 4518 2070 4561 ac
2102 4500 2390 4581 proprias
2429 4500 2752 4581 passiones
2788 4518 2801 4562 ε
2838 4501 2950 4582 qui
2984 4502 3208 4563 modus
3248 4502 3490 4564 sciendi

1998 4597 2351 4679 operabilia
2387 4604 2482 4659 est
2525 4598 2976 4679 speculativas.
3014 4598 3146 4661 Scit
3185 4598 3378 4661 etiam
3429 4616 3503 4661 ea

2000 4696 2282 4779 practico
2325 4696 2532 4770 mod0,
2569 4696 2875 4759 intuendo
2917 4697 3242 4778 simplices
3284 4697 3498 4759 condi-

2000 4795 2204 4858 tiones
2252 4813 2497 4869 eornm,
2547 4793 3084 4877 habitudinesque
3143 4812 3365 4857 eorum
3423 4794 3501 4856 ad

2002 4894 2280 4957 invicem
2319 4901 2383 4955 et
2420 4893 2500 4955 ad
2537 4892 3021 4975 productionem
3063 4910 3287 4955 eorum
3330 4912 3344 4956 :
3389 4893 3502 4974 qui

2005 4994 2230 5057 modus
2269 4991 2512 5055 sciendi
2542 4992 2894 5074 operabilia
2932 4991 3253 5074 practicus
3294 4992 3505 5073 perhi-

2001 5093 2205 5155 betur.
2240 5126 2320 5137 —
2349 5090 2558 5153 Tertio
2600 5090 2786 5153 modo
2826 5089 3094 5152 scientia
3139 5089 3252 5152 Dei
3296 5108 3504 5171 respe-

2000 5200 2107 5253 ctu
2154 5191 2424 5253 aliorum
2474 5206 2600 5253 non
2649 5196 2744 5251 est
2793 5188 2978 5270 plene
3036 5188 3334 5271 practica,
3381 5206 3500 5251 nec

2002 5298 2250 5352 tantum
2279 5288 2687 5371 speculativa.
2727 5287 2911 5350 Plene
2946 5288 3188 5351 etenim
3227 5286 3508 5371 practica
