4359 6250
883 469 1002 533 180

1509 488 1574 533 IN
1614 487 1836 533 LIBRUM
1877 488 1897 531 1
1940 486 2421 533 SENTENTIARUM.
2463 503 2544 513 -
2584 486 2735 531 DIST.
2780 486 2966 549 xxlv;
3011 487 3233 542 QUAEST.
3280 487 3349 532 111

878 654 1212 719 divisionis
1259 657 1510 739 negatio
1569 657 1950 739 importatur
1998 655 2064 718 in
2126 656 2369 718 ratione
2398 656 2452 719 A
2482 655 2650 717 idem
2706 674 2846 718 esse
2905 675 3106 718 unum
3154 657 3324 738 quod
3382 655 3775 719 convertitur
3820 674 3971 717 cum

878 754 1089 816 unius,
1143 755 1358 817 Unum
1399 772 1549 817 vero
1599 763 1785 837 prout
1833 762 1930 816 est
1978 754 2371 835 principium

880 853 1154 929 numeri,
1207 854 1574 936 superaddit
1621 854 1752 915 enti
1801 872 1942 915 esse
1989 871 2305 915 mensurae
2353 869 2367 913 :

881 950 1066 1031 cujus
1125 951 1284 1013 ratio
1342 952 1552 1033 primo
1607 951 1930 1013 invenitur
1981 949 2047 1012 in
2105 950 2369 1023 unitate,

880 1049 1109 1112 deinde
1170 1050 1235 1111 in
1284 1049 1427 1111 aliis
1476 1050 1781 1122 numeriS‚
1833 1068 1907 1111 ac
1954 1048 2257 1129 deinceps
2306 1048 2372 1109 in

878 1147 1341 1229 quantitatibus
1373 1165 1627 1231 quoque
1667 1148 2008 1220 continuiS,
2043 1154 2105 1208 et
2144 1146 2372 1208 exinde

876 1245 1252 1308 translatum
1296 1253 1392 1308 est
1429 1264 1662 1309 nomen
1703 1264 2002 1308 mensura
2036 1245 2113 1306 ad
2157 1244 2374 1307 omnia

874 1344 999 1407 alia
1034 1363 1287 1426 genera,
1324 1353 1395 1407 ut
1432 1344 1668 1407 dicitur
1707 1344 1958 1407 decimo
1995 1342 2372 1425 Metaphysi-

876 1460 983 1505 cae.
1020 1478 1101 1487 —
1128 1443 1432 1505 Praeterea
1467 1443 1728 1524 quidam
1772 1442 2048 1504 mediam
2078 1441 2250 1503 viam
2281 1448 2369 1502 te—

876 1548 1049 1616 nent,
1084 1541 1551 1604 consentientes
1582 1540 1903 1603 Aristoteli
1945 1540 2011 1601 in
2042 1540 2162 1601 hoc
2200 1538 2369 1621 quod

875 1658 1080 1701 unum
1125 1640 1295 1721 quod
1344 1658 1490 1701 cum
1545 1646 1690 1701 ente
1744 1638 2155 1735 conyertitur‚
2208 1636 2368 1698 nihil

877 1737 1044 1800 reale
1073 1738 1260 1799 addat
1291 1737 1422 1799 enti
1453 1738 1558 1799 cui
1595 1736 1999 1818 adjungitur3
2030 1735 2370 1816 Avicennae

2479 760 2645 827 ente,
2687 762 2751 817 et
2791 755 2961 836 quod
3010 762 3106 816 est
3148 754 3538 836 principium
3588 754 3862 829 numeri,
3906 754 3976 815 in

2480 854 2637 915 duas
2668 853 3001 934 opiniones
3031 855 3378 917 contrarias
3406 862 3557 916 sunt
3586 854 3794 917 divisi.
3814 853 3975 916 Nam

2480 952 2782 1032 quoniam
2815 971 3017 1014 unum
3046 954 3219 1034 quod
3258 952 3653 1016 convertitur
3683 971 3829 1014 cum
3864 971 3977 1014 en-

2481 1057 2566 1122 te,
2598 1068 2727 1112 non
2757 1051 2932 1113 addit
2961 1051 3091 1113 enti
3133 1052 3485 1134 quidquam
3527 1051 3715 1124 reale,
3749 1051 3859 1113 sed
3896 1050 3981 1113 si·

2479 1146 2743 1227 gnificat
2772 1149 3193 1211 substantiam
3221 1149 3312 1211 rei
3346 1158 3533 1231 prout
3561 1156 3659 1211 est
3686 1148 3973 1221 indivisa,

2480 1246 2857 1328 Pythagoras
2888 1254 2951 1309 et
2979 1247 3151 1309 Plato
3179 1247 3421 1329 opinati
3452 1255 3602 1310 sunt
3632 1248 3801 1309 idem
3834 1265 3979 1308 esse

2480 1344 2823 1407 dicendum
2880 1346 2959 1407 de
3017 1363 3146 1407 uno
3202 1346 3373 1427 quod
3432 1354 3525 1408 est
3581 1344 3977 1427 principium

2481 1443 2769 1521 numeri3
2802 1451 2864 1505 et
2895 1443 3196 1525 quoniam
3227 1462 3534 1507 numerus
3568 1443 3981 1525 componitur

2479 1559 2558 1603 ex
2608 1541 2981 1615 unitatibuS,
3036 1542 3440 1604 crediderunt
3497 1542 3668 1623 quod
3720 1539 3979 1603 numeri

2478 1648 2691 1701 essent
2738 1639 3107 1703 substantiae
3156 1641 3445 1703 omnium
3490 1658 3725 1702 rerum.
3774 1639 3979 1701 Econ-

2479 1737 2673 1800 trario
2718 1737 3044 1800 Avicenna
3093 1739 3501 1801 considerans
3550 1737 3722 1820 quod
3770 1756 3979 1799 unum

876 1854 1048 1909 vero,
1082 1836 1150 1898 in
1193 1836 1314 1899 hoc
1353 1837 1524 1917 quod
1564 1836 1720 1899 dicit
1759 1854 1961 1897 unum
2005 1835 2176 1916 quod
2221 1852 2369 1897 con·
2400 1831 2446 1893 B
2479 1835 2649 1916 quod
2678 1843 2776 1897 est
2805 1835 3196 1917 principium
3236 1835 3486 1899 numeri
3519 1835 3695 1898 addit
3729 1834 3981 1916 aliquid

875 1935 1146 1997 vertitur
1177 1954 1325 1996 cum
1355 1942 1524 2007 ente,
1557 1941 1620 1995 et
1649 1934 1821 2015 quod
1850 1941 1947 1995 est
1977 1932 2369 2015 principium

875 2032 1148 2107 numeri,
1201 2050 1328 2095 non
1377 2032 1638 2095 differre
1688 2030 1958 2093 realiter.
2014 2031 2091 2092 Et
2141 2030 2227 2092 ita
2274 2048 2367 2093 se-

874 2130 1157 2192 cundum
1205 2148 1334 2204 θος,
1380 2148 1579 2192 unum
1627 2128 1915 2211 quolibet
1966 2128 2154 2191 modo
2202 2147 2371 2190 sum-

873 2235 1069 2310 ptum,
1091 2229 1181 2291 nil
1211 2229 1386 2291 addit
1417 2229 1582 2291 reale
1613 2228 1673 2290 ei
1705 2228 1808 2289 cui
1837 2226 2221 2308 adjungitur.
2246 2225 2367 2289 Sed

871 2326 994 2390 hoc
1039 2336 1203 2389 stare
1249 2345 1376 2390 non
1415 2326 1583 2390 valet
1618 2344 1632 2387 :
1676 2326 1829 2407 quia
1872 2325 1926 2387 si
1972 2325 2183 2387 unitas
2226 2343 2368 2406 quae

871 2434 968 2488 est
997 2425 1391 2507 principium
1429 2425 1681 2487 numeri
1720 2424 1889 2487 dicat
1919 2423 2363 2505 privationem,

873 2531 1028 2585 tunc
1075 2542 1207 2587 non
1255 2523 1375 2586 erit
1424 2523 1548 2585 nisi
1600 2522 1668 2584 in
1715 2521 1948 2594 anima,
2000 2528 2064 2583 et
2113 2521 2201 2583 ita
2248 2539 2367 2582 nec

873 2640 1179 2684 numerus
1227 2620 1412 2702 cujus
1457 2628 1660 2683 exstat
1702 2619 2136 2702 principium3
2177 2627 2241 2681 et
2282 2618 2368 2680 ita

874 2738 1000 2783 non
1042 2727 1256 2803 posset
1289 2738 1426 2783 esse
1467 2719 1712 2801 species
1755 2718 1820 2779 in
1859 2717 2074 2799 aliquo
2110 2735 2361 2797 genere.

951 2819 1168 2901 Itaque
1225 2818 1390 2891 dico,
1440 2817 1610 2899 quod
1670 2816 1880 2878 unitas
1937 2824 2000 2878 et
2058 2835 2365 2878 numerus

871 2917 1224 2979 secundum
1264 2916 1435 2998 quod
1475 2923 1624 2977 sunt
1666 2914 1733 2977 in
1773 2933 2006 2996 genere
2051 2914 2365 2996 quantita-

2480 1952 2672 2014 supra
2702 1932 3121 1996 substantiam
3154 1934 3268 2008 rei,
3289 1934 3557 1996 credidit
3587 1932 3755 2015 quod
3784 1932 3982 1994 etiam

2481 2050 2681 2093 unum
2726 2032 2896 2113 quod
2946 2031 3338 2094 convertitur
3386 2051 3533 2093 cum
3582 2038 3751 2105 ente,
3782 2030 3981 2092 addat

2478 2128 2721 2210 aliquid
2764 2148 2959 2211 supra
3004 2130 3347 2192 essentiam
3390 2130 3555 2192 entis
3592 2147 3607 2190 ε
3640 2129 3807 2211 quod
3860 2128 3979 2191 fal—

2478 2246 2622 2290 sum
2664 2236 2779 2290 est.
2826 2228 2969 2291 Haec
3012 2228 3281 2291 Thomas
3326 2228 3392 2290 in
3437 2228 3716 2291 Summa.

2558 2424 2650 2485 Ad
2691 2432 3065 2504 argumenta
3093 2425 3457 2499 dicendum,
3492 2426 3661 2507 quod
3699 2425 3980 2507 probant

2478 2521 2804 2584 dumtaxat
2833 2523 3003 2604 quod
3036 2524 3100 2585 in
3131 2523 3365 2585 divinis
3395 2541 3525 2586 non
3554 2524 3637 2586 sit
3666 2542 3979 2587 numerus

2480 2620 2735 2701 proprie
2782 2639 2855 2682 ac
2904 2621 3286 2703 simpliciter
3331 2622 3561 2695 dictus,
3606 2622 3718 2703 qui
3767 2622 3979 2685 diver·

2478 2718 2729 2781 sitatem
2779 2727 2842 2781 et
2888 2720 3291 2782 essentialem
3340 2720 3816 2783 distinctionem
3877 2720 3978 2783 in-

2478 2816 2699 2889 cludit,
2744 2816 2911 2879 sicut
2956 2825 3053 2879 est
3102 2817 3512 2880 declaratum.
3553 2818 3682 2880 Nec
3730 2818 3795 2880 in
3845 2818 3979 2881 Deo

2478 2922 2574 2976 est
2623 2914 2877 2997 proprie
2929 2916 3293 2991 multitudo,
3340 2916 3464 2979 nisi
3515 2916 3845 2998 pluralitas
3894 2936 3979 2979 ex

870 3014 976 3089 tis,
1009 3032 1137 3078 non
1183 3014 1597 3077 inveniuntur
1638 3012 1762 3074 nisi
1807 3012 1875 3074 in
1917 3012 2152 3094 quibus
2193 3012 2367 3075 inve·
2402 3016 2445 3080 C
2478 3012 2892 3075 relationibus
2922 3014 3185 3094 originis
3228 3033 3511 3077 manans.
3548 3014 3825 3089 Qualiter
3862 3033 3978 3077 au-

870 3114 1046 3176 nitur
1076 3112 1610 3177 commensuratio
1647 3111 2070 3194 quantitatis:
2106 3120 2368 3195 propter

871 3214 1041 3295 quod
1103 3213 1518 3275 inveniuntur
1575 3218 1823 3273 tantum
1884 3211 1948 3273 in
2005 3211 2197 3274 rebus
2257 3210 2367 3273 ha-

869 3310 1172 3374 bentibus
1211 3309 1630 3392 quantitatem
1673 3309 2062 3372 continuam.
2106 3309 2367 3391 Propter

869 3409 1062 3491 quod,
1107 3409 1290 3490 juxta
1335 3408 1811 3490 Philosophum,
1866 3426 1994 3471 non
2044 3408 2369 3489 cognosci-

873 3526 1016 3569 mus
1055 3526 1397 3569 numerum
1437 3506 1563 3568 nisi
1603 3505 1913 3568 divisione
1947 3507 2255 3568 continui.
2292 3507 2367 3568 Et

870 3606 978 3668 hic
1007 3624 1313 3669 numerus
1343 3604 1708 3686 subjectum
1738 3611 1836 3667 est
1863 3605 2271 3680 arithmetici,
2297 3611 2368 3666 ut

874 3704 1195 3766 Avicenna
1223 3711 1508 3766 testatur.
1546 3703 1778 3785 Sicque
1817 3722 2123 3765 numerus
2155 3703 2275 3764 iste
2306 3710 2366 3764 et

875 3803 1084 3864 unitas
1126 3820 1254 3865 non
1293 3803 1561 3866 veniunt
1603 3802 1672 3863 in
1712 3801 2230 3884 praedicationem
2272 3801 2367 3862 di-

874 3901 1112 3977 vinam,
1146 3901 1255 3963 sed
1288 3919 1488 3963 unum
1519 3908 1583 3962 et
1622 3900 1966 3963 multitudo
1999 3907 2188 3982 prout
2220 3918 2367 3962 con-

874 4006 1230 4081 sequuntur
1257 4000 1470 4082 ipsum
1503 4018 1614 4061 ens
1657 3998 2106 4061 universaliter
2141 4016 2154 4060 :
2188 4005 2251 4060 et
2282 3999 2371 4060 ita

873 4097 966 4160 nil
1003 4098 1244 4159 addunt
1284 4098 1351 4159 in
1391 4097 1627 4159 divinis
1669 4096 1792 4158 nisi
1832 4096 2143 4159 rationem
2187 4114 2370 4177 nega-

870 4194 1086 4269 tioniS,
1137 4195 1305 4257 sicut
1351 4195 1645 4274 Magister
1693 4193 1850 4256 dicit
1899 4195 1965 4255 in
2013 4193 2243 4256 littera.
2290 4229 2371 4240 —
2400 4190 2449 4251 D

869 4292 1012 4356 Haec
1057 4292 1326 4355 Thomas
1367 4292 1438 4353 in
1483 4292 1748 4374 Scripto.

951 4390 1216 4473 Insuper
1264 4390 1329 4452 in
1379 4390 1587 4472 prima
1634 4397 1813 4472 parte
1863 4390 2162 4463 Summae,
2202 4409 2370 4472 quae-

871 4489 1076 4552 stione
1108 4489 1482 4552 undecima:
1507 4489 1737 4562 Unum,
1772 4489 2000 4570 inquit,
2038 4505 2162 4550 non
2194 4488 2371 4550 addit

873 4605 1066 4668 super
1104 4606 1216 4650 ens
1256 4587 1383 4650 nisi
1423 4587 1757 4651 divisionis
1790 4587 2192 4668 negationem
2229 4604 2243 4648 :
2280 4587 2371 4648 id-

873 4685 1045 4749 circo
1104 4705 1250 4748 cum
1300 4694 1445 4749 ente
1495 4686 1904 4749 convertitur.
1958 4685 2117 4748 Nam
2177 4703 2367 4748 omne

871 4803 985 4848 ens
1013 4793 1124 4846 aut
1153 4785 1426 4867 simplex
1453 4792 1568 4858 est,
1589 4791 1698 4846 aut
1728 4784 2365 4866 compositquuod

867 4891 1082 4946 autern
1115 4892 1210 4946 est
1249 4884 1544 4965 simplex,
1580 4891 1676 4944 est
1717 4883 2064 4946 indivisum
2100 4889 2244 4944 actu
2275 4891 2365 4944 at-

867 5001 992 5064 que
1025 4983 1342 5064 potentia3
1375 4982 1802 5064 compositum
1835 5000 1984 5044 vero
2017 4998 2140 5043 non
2173 4981 2365 5044 habet

863 5101 1003 5144 esse
1034 5082 1338 5162 quamdiu
1374 5089 1582 5164 partes
1623 5080 1765 5160 ejus
1796 5081 1875 5143 ab
1908 5081 2183 5142 invicem
2217 5087 2365 5142 sunt

863 5179 1104 5253 divisis,
1143 5181 1252 5242 sed
1298 5187 1634 5262 postquam
1682 5187 2076 5261 componunt
2113 5186 2176 5240 et
2217 5197 2361 5240 con-

863 5276 1138 5338 stituunt
1196 5277 1427 5358 ipsum.
1479 5313 1560 5324 —
1617 5277 1734 5350 Qui
1793 5284 2007 5339 autem
2063 5277 2363 5338 dixerunt

2478 3118 2607 3173 tem
2646 3110 3302 3195 incircumscriptibili
3337 3113 3467 3176 Deo
3496 3113 3829 3176 conveniat
3862 3112 3979 3177 ha·

2477 3209 2628 3272 bere
2659 3228 3025 3273 mensuram
3054 3220 3163 3272 aut
3193 3212 3571 3286 mensurari,
3604 3218 3843 3274 tactum
3874 3219 3979 3276 est

2478 3308 2669 3390 paulo
2715 3317 2883 3383 ante,
2926 3315 2991 3371 et
3034 3309 3286 3392 plenius
3334 3329 3549 3392 supra,
3593 3310 3705 3372 ubi
3748 3318 3979 3374 tracta-

2477 3412 2614 3468 tum
2648 3414 2745 3469 est
2776 3407 2855 3469 de
2894 3408 3263 3482 aeternitate,
3296 3409 3571 3490 qualiter
3600 3407 3683 3470 sit
3714 3428 3978 3471 mensu-

2478 3522 2547 3566 ra
2584 3505 2714 3566 Dei.
2758 3505 2901 3568 Haec
2946 3525 3222 3589 namque
3266 3507 3659 3570 mensuratio
3704 3523 3833 3570 non
3877 3517 3982 3570 est

2478 3621 2592 3685 per
2632 3603 2877 3685 aliquid
2922 3605 3175 3668 realiter
3209 3605 3498 3668 additum
3541 3604 3808 3684 Deitati;
3854 3623 3980 3668 nec

2477 3720 2784 3786 numerus
2830 3702 2895 3763 in
2940 3703 3178 3765 divinis
3204 3703 3480 3766 realiter
3520 3703 3742 3766 differt
3780 3723 3819 3766 a
3863 3723 3986 3766 nu-

2479 3799 2735 3861 meratis
2785 3801 3091 3883 personis.
3144 3801 3399 3864 Boetius
3447 3819 3703 3885 quoque
3756 3821 3983 3865 nume—

2480 3916 2623 3959 rum
2662 3899 3064 3962 essentialem
3106 3919 3179 3962 ac
3224 3900 3481 3982 proprie
3524 3901 3801 3974 dictum,
3846 3917 3982 3962 non

2482 3997 2901 4077 personalem,
2924 4016 2961 4059 a
2989 3998 3224 4061 divinis
3256 3999 3555 4061 excludit.
3582 3999 3671 4061 Ex
3700 3998 3802 4061 his
3836 4016 3979 4060 om-

2482 4092 2589 4154 nia
2631 4093 2739 4156 illa
2780 4094 3117 4158 solvuntur
3158 4095 3236 4158 de
3278 4094 3451 4158 sacili
3494 4103 3888 4176 argumenta.

2890 4421 3362 4498 QUAESTIO
3435 4423 3560 4486 ΙΙΙ

2607 4685 2780 4747 Ertio
2827 4685 3153 4767 quaeritur,
3204 4686 3335 4751 An
3384 4686 3779 4752 dictiones
3832 4701 3993 4753 nu-

2633 4783 2971 4850 merales
3028 4784 3115 4848 in
3166 4784 3468 4849 divinis
3513 4784 3784 4849 dicant
3830 4785 3987 4850 all·

2477 4881 2670 4964 quid
2729 4884 3207 4964 positivum3
3256 4884 3339 4948 et
3382 4881 3454 4948 si
3500 4883 3807 4963 aliquid
3854 4883 3989 4949 di-

2476 4983 2682 5061 cant,
2744 4995 2846 5046 an
2911 4982 3184 5047 dicant
3246 4980 3771 5048 substanttam
3837 4984 3989 5050 vel

2474 5079 2951 5145 relationem
2994 5081 3284 5158 potius.

2554 5177 2697 5239 Haec
2734 5177 3003 5258 quaestio
3034 5177 3161 5238 duo
3201 5176 3490 5239 includit.
3526 5177 3806 5239 Primum
3848 5185 3981 5252 est,

2473 5294 2553 5336 an
2603 5275 2913 5337 dictiones
2963 5274 3086 5337 illae
3132 5275 3377 5356 aliquid
3436 5284 3674 5358 ponant
3722 5276 3788 5337 in
3838 5277 3985 5341 Deo
