4359 6250
862 473 983 536 258
1752 489 1925 534 mnan
1969 489 1988 533 1
2030 487 2511 532 sauram-uuum.
2559 504 2638 514 —
2681 487 2831 532 msr.
2879 487 3070 532 xxviii

864 660 1327 741 ferentiamque
1368 665 1827 740 repugnantem
1868 657 2265 738 abjiciend03
2299 663 2360 717 et
2388 655 2439 716 A
2545 655 2777 717 Positio
2809 662 3016 716 tamen
3062 655 3322 716 recitata
3361 673 3439 716 ex
3470 655 3676 728 Scot0,
3712 653 3966 735 planior

866 758 959 820 sic
1010 757 1409 840 procedendo
1450 757 1752 818 discurrit
1795 773 2127 837 quousque
2178 755 2362 814 attin-

863 865 969 936 gat
998 856 1074 918 ad
1104 856 1346 937 aliquid
1378 855 1794 917 convertibile
1828 873 1973 915 cum
2007 872 2073 914 re
2108 871 2122 914 ε
2156 860 2216 914 et
2250 871 2362 933 per

866 954 1038 1015 hunc
1069 954 1429 1016 discursum
1470 960 1566 1015 est
1610 954 1807 1034 ipsius
1849 959 2196 1032 conceptus
2238 951 2361 1012 for-

868 1053 1080 1115 matio.
1116 1053 1257 1134 lpse
1305 1071 1456 1115 vero
1506 1058 1851 1132 conceptus
1903 1051 2234 1122 formatuS,
2265 1056 2363 1111 est

866 1151 1271 1212 immediatus
1314 1151 1627 1213 terminus
1672 1149 1843 1211 illius
1893 1149 2266 1211 discursus:
2301 1155 2364 1210 et

866 1254 963 1308 est
992 1249 1309 1329 quoddam
1348 1267 1461 1309 ens
1496 1248 1907 1320 diminutum,
1944 1247 2361 1308 constitutum

866 1363 904 1404 a
953 1346 1215 1418 ratione,
1266 1353 1455 1426 atque
1506 1345 1596 1407 rei
1648 1345 1914 1426 cognitae
1968 1344 2362 1406 elaboratum

866 1444 1212 1525 exemplar,
1248 1443 1596 1505 intellectui
1646 1462 1945 1525 praesens,
1982 1442 2046 1503 in
2092 1460 2220 1523 quo
2266 1443 2360 1504 in-

866 1541 1156 1602 tellectus
1202 1541 1485 1603 intuetur
1522 1542 1819 1603 distincte
1862 1559 1995 1602 rem
2040 1539 2225 1620 cujus
2266 1547 2360 1601 est

870 1639 1027 1700 illud
1078 1640 1437 1721 exemplar3
1484 1658 1602 1701 nec
1653 1647 1866 1701 manet
1913 1639 1980 1700 in
2032 1638 2362 1699 intellectu

867 1737 990 1798 nisi
1032 1738 1337 1818 quamdiu
1376 1746 1520 1799 actu
1568 1737 1883 1818 intelligit.
1920 1737 1995 1798 Et
2038 1737 2159 1798 hoe
2206 1736 2360 1798 dici-

2465 754 3026 834 rationabiliorque
3057 753 3311 815 videtur
3343 771 3357 814 :
3394 753 3544 834 quia
3586 770 3712 815 non
3751 753 3964 814 solum

2468 851 2532 912 in
2565 853 2872 914 memoria
2904 852 3101 933 partis
3130 852 3448 914 sensitivae
3479 852 3840 914 continetur
3871 851 3966 912 rei

2468 950 2862 1030 phantasma,
2897 951 3006 1012 sed
3050 958 3115 1012 et
3160 950 3227 1012 in
3273 951 3580 1012 memoria
3625 950 3822 1032 partis
3869 949 3968 1012 in-

2467 1049 2801 1112 tellectivae
2840 1057 2936 1111 est
2977 1049 3224 1131 species
3264 1048 3692 1129 intelligibilis
3729 1049 3973 1110 abstra-

2469 1154 2589 1220 cta,
2625 1147 2960 1230 quiescens
3010 1155 3074 1208 et
3124 1166 3410 1220 manenS,
3444 1147 3676 1209 actuali
3723 1146 3972 1208 intelle—

2469 1247 2678 1309 ctione
2739 1255 3044 1309 cessante.
3109 1248 3284 1310 Unde
3342 1247 3420 1308 ad
3478 1246 3970 1326 intelligendum

2471 1363 2690 1406 rursus
2747 1345 3102 1418 actualiter,
3156 1363 3286 1406 non
3338 1345 3594 1406 videtur
3645 1343 3770 1405 alia
3825 1363 3972 1426 spe-

2471 1442 2600 1504 cies
2646 1461 2760 1504 seu
2805 1442 3160 1505 similitudo
3207 1442 3633 1523 intelligibilis
3685 1461 3974 1504 necessa-

2470 1541 2583 1613 ria,
2617 1560 2758 1621 quae
2807 1542 2888 1603 ab
2939 1541 3048 1603 illa
3095 1541 3309 1622 specie
3361 1541 3844 1623 multiplicetur,
3879 1543 3976 1622 gi-

2468 1647 2698 1720 gnatur
2745 1648 2854 1702 aut
2903 1641 3285 1703 extrahatur.
3342 1640 3462 1703 Sed
3511 1647 3575 1701 et
3632 1639 3972 1721 conceptio

2469 1737 2560 1798 rei
2603 1739 2757 1820 quid
2797 1739 2970 1801 aliud
3014 1746 3110 1800 est
3147 1757 3340 1820 quam
3384 1737 3808 1820 apprehensio
3851 1757 3970 1799 seu

866 1842 971 1896 tur
1027 1836 1309 1916 primum
1369 1836 1693 1916 obJeetum
1754 1843 1983 1898 nostrae
2046 1834 2361 1898 distinctae
2395 1833 2440 1894 B
2473 1836 2817 1899 intellectio
2866 1838 3053 1918 ejus?
3103 1837 3177 1898 Et
3222 1845 3462 1918 quanto
3513 1836 3656 1918 plus
3705 1835 3974 1917 proficit

866 1933 1352 2013 intellectionis3
1398 1935 1717 2017 quidditas
1768 1942 1981 1996 autem
2032 1933 2218 2013 cujus
2267 1939 2362 1995 est
2471 1935 2830 1997 intellectus
2890 1936 2956 1997 in
3018 1937 3376 2017 cognitione
3441 1936 3554 2010 rei,
3617 1943 3793 1998 tanto
3855 1953 3976 2015 per

866 2032 1212 2112 exemplar,
1264 2039 1361 2093 est
1408 2032 1857 2094 secundarium
1909 2031 2360 2093 intellectionis
2467 2034 2757 2095 eamdem
2803 2035 3084 2115 speciem
3135 2034 3608 2114 intelligibilem
3660 2052 3794 2094 rem
3845 2033 3976 2093 ela—

866 2129 1210 2209 objectum.
1267 2165 1349 2175 —
1395 2130 1610 2212 Aliqui
1674 2139 1886 2192 tamen
1945 2137 2177 2210 negant
2237 2129 2359 2191 tale
2468 2131 2600 2192 rius
2651 2131 2952 2193 intuetur.
2999 2133 3168 2194 Istud
3221 2149 3475 2216 quoque
3525 2131 3779 2193 videtur
3823 2149 3972 2192 esse

866 2229 1212 2311 exemplar,
1246 2230 1529 2292 dicentes
1562 2228 1875 2292 distinctae
1909 2228 2358 2291 intellectionis
2467 2231 2543 2291 de
2587 2238 2797 2292 mente
2826 2231 3189 2313 Augustini,
3225 2231 3335 2312 qui
3379 2231 3447 2291 in
3488 2247 3778 2292 sermone
3808 2246 3975 2310 quo-

864 2325 1187 2407 objectum
1249 2327 1689 2389 immediatum
1749 2345 1887 2388 esse
1937 2326 2356 2408 quidditatem
2467 2329 2610 2389 dam
2653 2329 2730 2390 de
2771 2328 3140 2391 beatissimo
3181 2329 3417 2390 Joanne
3459 2327 3738 2409 Baptista
3781 2333 3974 2387 testa-

862 2424 1159 2487 distincte
1200 2432 1735 2507 repraesentatam,
1768 2432 1829 2485 et
1872 2425 2075 2506 ipsam
2118 2424 2360 2486 intelle·
2467 2433 2570 2487 tur
2604 2444 2617 2487 ε
2653 2427 2784 2488 Vox
2822 2445 3015 2488 sonus
3061 2435 3122 2488 et
3169 2427 3356 2488 index
3400 2434 3496 2488 est
3539 2425 3968 2507 cogitationiS,

861 2523 1136 2586 ctionem
1164 2524 1476 2586 actualem
1503 2524 1720 2584 dicunt
1753 2540 1936 2604 posse
1969 2523 2181 2585 vocari
2214 2523 2360 2604 ipsi·
2465 2523 2734 2586 verbum
2765 2543 2915 2586 vero
2947 2524 3085 2606 ipsa
3124 2524 3436 2605 cogitatio.
3473 2524 3550 2585 Et
3580 2541 3772 2604 super
3801 2522 3968 2584 illud

859 2641 933 2682 us
986 2621 1345 2684 intellectus
1396 2628 1797 2702 conceptum.
1850 2621 1925 2681 Et
1974 2629 2356 2703 conceptum
2462 2622 2740 2696 JoanniS,
2774 2622 2844 2684 In
2885 2623 3204 2705 principio
3245 2630 3378 2684 erat
3408 2621 3686 2684 Verbum
3722 2639 3736 2682 ε
3770 2620 3964 2694 Quid,
4002 2645 4276 2693 ,νοω-,ιφ
4318 2685 4319 2688 ,

857 2718 1226 2799 hujusmodi
1278 2721 1500 2782 dicunt
1549 2719 1841 2781 nonnulli
1888 2738 2000 2799 per
2050 2720 2228 2801 prius
2278 2721 2359 2781 si·
2466 2721 2696 2803 inquit,
2731 2721 2970 2783 sactum
3001 2731 3099 2784 est
3134 2723 3199 2784 in
3240 2723 3429 2785 corde
3469 2729 3578 2783 tuo
3611 2739 3808 2802 quum
3850 2739 3970 2781 au-

855 2817 1151 2898 gnificari
1192 2839 1306 2901 per
1335 2838 1591 2892 nomen,
1627 2837 1817 2899 quam
1859 2837 2017 2892 rem,
2053 2819 2355 2899 quoniam
2465 2819 2655 2892 direS‚
2718 2821 2932 2882 Deus?
2983 2821 3058 2882 Et
3117 2821 3458 2902 respondet
3519 2836 3533 2880 :
3597 2818 3972 2881 Substantia

856 2915 1077 2977 ordine
1127 2924 1367 2979 naturae
1428 2917 1604 2998 prius
1665 2916 2083 2996 intelligimus
2133 2934 2357 2979 conce·
2465 2918 2754 2997 quaedam
2799 2937 3071 2992 summa,
3119 2917 3587 2992 intellectualiS,
3621 2918 3967 2978 immensa.

856 3019 1038 3095 ptum
1080 3015 1171 3076 rei
1212 3033 1405 3096 quam
1446 3033 1581 3075 rem
1626 3013 2051 3094 significatam
2092 3034 2206 3096 per
2245 3034 2354 3078 no-
2391 3014 2434 3078 C
2467 3015 2845 3098 Certumque
2875 3017 3164 3098 estquod
3196 3036 3310 3098 per
3340 3016 3753 3078 substantiam
3787 3014 3970 3076 illam

859 3130 1026 3173 men.
1067 3112 1189 3175 Alii
1228 3113 1450 3175 dicunt
1490 3132 1625 3175 rem
1668 3111 1876 3195 primo
1918 3133 1989 3174 ac
2032 3113 2354 3196 principa·
2467 3113 2910 3189 infactibilem,
2964 3115 3430 3189 invariabilem,
3484 3113 3796 3194 intelligat
3853 3132 3976 3195 ap—

859 3210 1003 3271 liter
1060 3212 1411 3292 significari
1474 3232 1587 3293 per
1646 3229 1900 3285 nomen,
1952 3219 2164 3274 tamen
2227 3234 2353 3276 me·
2465 3214 2975 3293 prehensionem,
3021 3223 3424 3298 conceptum,
3458 3232 3572 3275 seu
3611 3213 3978 3294 aliquantu·

857 3308 1071 3370 diante
1119 3318 1451 3392 conceptu.
1499 3346 1579 3354 —
1628 3310 1771 3372 Haec
1818 3309 2187 3373 Richardus.
2237 3313 2354 3385 Qui
2467 3312 2589 3373 lam
2621 3314 3050 3393 cognitionem
3091 3314 3264 3377 illius
3300 3332 3313 3375 :
3349 3330 3542 3395 quam
3587 3311 3976 3373 intellectio-

858 3408 1183 3470 recitative
1236 3409 1370 3472 haec
1422 3408 1669 3481 scribit,
1716 3425 1843 3469 non
1896 3408 2224 3471 declinans
2275 3412 2351 3473 ad
2465 3428 2610 3471 nem
2654 3411 2809 3471 dicit
2850 3431 2988 3475 esse
3034 3413 3302 3475 verbum
3347 3411 3621 3473 mentale
3664 3410 3804 3489 ejus
3848 3412 3974 3491 qui

858 3525 1050 3567 unam
1084 3508 1473 3588 positionum
1508 3507 1768 3569 istarum
1800 3506 2011 3587 potius
2047 3526 2238 3588 quam
2274 3510 2351 3571 ad
2462 3510 2664 3570 Deum
2717 3509 2994 3573 fideliter
3045 3511 3488 3593 apprehendit,
3531 3528 3730 3591 quum
3781 3510 3978 3571 audit

856 3604 1062 3667 aliam.
2462 3607 2582 3668 hoc
2625 3625 2879 3682 nomen,
2927 3611 3111 3671 DeuS.

1675 4064 2542 4177 DISTINCTIO
2649 4066 3145 4175 XXVIII

858 4454 936 4516 A.
976 4456 1171 4521 Quod
1204 4469 1353 4518 non
1390 4454 1683 4516 tantum
1720 4456 1873 4517 tres
1904 4458 2280 4528 praedtctoe
2309 4456 2814 4529 proprtetates
2842 4456 3015 4519 sunt
3061 4459 3140 4520 in
3169 4460 3538 4533 personia,
3567 4462 3696 4521 sed
3731 4460 3986 4526 etiam

1412 4586 1571 4645 quoe
1618 4574 1794 4633 aliis
1837 4574 2355 4647 sioniltcantur
2398 4576 2843 4648 nominibuS,
2885 4575 2968 4635 ut
3013 4574 3400 4648 invenitus.

1124 4928 1263 4992 sive
1306 4930 1607 4992 notiones
1656 4929 1725 4991 in
1771 4931 2071 5010 personis
2110 4932 2286 5009 sunt,
2330 4949 2560 4994 verum
2601 4931 2800 4993 etiam
2839 4930 2985 4994 aliae
3024 4948 3171 5011 quae
3210 4931 3358 4995 aliis
3394 4935 3704 4996 notantur
3739 4940 3996 5002 nomi-

1123 5045 1340 5108 nibuS.
1384 5046 1553 5109 Nam
1606 5046 1803 5109 etiam
1842 5048 1967 5109 hoc
2018 5064 2284 5127 nomen,
2325 5049 2679 5129 ingenitus,
2721 5047 2990 5111 relative
3031 5048 3272 5113 dicitur
3317 5050 3398 5113 de
3437 5050 3627 5114 Patre
3679 5052 3993 5138 tantum,

860 5164 925 5225 et
985 5162 1180 5225 aliam
1237 5162 1538 5243 designat
1587 5160 1925 5227 notionem
1975 5181 2175 5244 quam
2233 5164 2428 5228 Pater
2477 5164 2580 5227 vel
2639 5165 2914 5249 genitor.
2967 5165 3116 5228 Non
3171 5168 3270 5228 est
3324 5167 3498 5229 enim
3565 5167 3766 5247 idem,
3817 5186 4000 5239 esse

861 5276 1123 5340 Patrem
1162 5280 1228 5340 et
1264 5296 1405 5341 esse
1436 5279 1825 5359 ingenitum,
1868 5280 1935 5342 id
1974 5282 2095 5360 est,
2136 5298 2268 5343 non
2307 5299 2383 5345 ea
2419 5281 2685 5343 notione
2721 5281 2916 5343 Pater
2951 5281 3193 5344 dicitur
3217 5299 3350 5363 qua
3384 5284 3737 5363 ingenitus.
3769 5284 4004 5353 Pater

865 4811 1535 5110 PRAETEREA
1564 4812 1959 4876 considerari
1999 4815 2277 4895 oportet,
2319 4814 2497 4895 quod
2535 4831 2666 4876 non
2704 4816 2960 4876 tantum
3002 4816 3131 4878 tres
3159 4816 3487 4896 praedictae
3519 4820 3993 4899 *proprietates
