4359 6250
748 523 836 568 AN
876 522 1191 571 chrloNBs
1231 522 1592 569 NUMERALES
1637 522 1700 567 ΙΝ
1741 522 1970 568 mvlms
2012 522 2235 567 Dicam·
2275 524 2521 579 ALIQUID
2562 525 2903 581 PostTlthM,
2944 526 3071 571 mc.

3339 506 3449 569 181

371 694 462 756 vel
508 694 718 756 solum
767 700 1151 755 removeant.
1197 691 1559 754 Secundum
1608 698 1725 764 est,
1771 710 1852 752 an
1884 691 1933 752 A
2040 691 2344 754 Praeterea
2390 692 2467 755 de
2516 695 2794 756 secunda
2852 702 3028 775 parte
3087 694 3454 776 quaestionis

370 792 703 873 praedieent
745 791 1090 855 essentiam
1133 790 1233 852 vel
1278 789 1669 851 relationem.

438 890 644 952 Prima
691 908 838 972 pars
887 887 1256 970 quaestionis
1307 887 1490 949 istius
1538 888 1854 969 dependet

368 1006 438 1049 ex
470 987 866 1051 introductis.
903 986 969 1050 Si
1000 985 1174 1049 enim
1215 986 1422 1047 unitas
1453 993 1518 1048 et
1547 1004 1853 1048 numerus

367 1092 504 1148 sunt
533 1086 600 1149 in
632 1085 892 1161 diviniS,
927 1092 1172 1147 certum
1212 1091 1309 1145 est
1337 1084 1506 1165 quod
1543 1083 1852 1146 dictiones

368 1185 720 1247 numerales
765 1192 830 1246 et
877 1183 1211 1265 partitivae‚
1262 1190 1326 1245 et
1377 1202 1518 1264 quae
1567 1200 1852 1263 compre-

367 1283 646 1345 hendunt
678 1288 1044 1363 utrumque,
1079 1281 1248 1343 sicut
1289 1298 1522 1343 nomen
1567 1280 1708 1353 hoc,
1745 1279 1852 1341 tri-

365 1380 540 1454 nitas,
572 1380 789 1444 dicant
825 1379 1068 1461 aliquid
1108 1378 1457 1461 positivum
1496 1378 1562 1440 in
1594 1378 1740 1440 Deo.
1776 1378 1854 1440 Et

365 1480 505 1561 quia
540 1480 836 1561 Magister
875 1479 1036 1543 dixit
1075 1497 1416 1541 numerum
1458 1495 1586 1540 non
1625 1494 1850 1541 conve-

363 1578 492 1641 nire
538 1577 800 1651 diviniS,
850 1582 1313 1658 consequenter
1359 1576 1630 1638 asseruit
1680 1576 1849 1656 quod

361 1675 662 1737 dictiones
711 1675 846 1737 istae
897 1676 962 1737 in
1010 1674 1247 1736 divinis
1294 1674 1388 1735 nil
1437 1680 1696 1754 ponant,
1739 1673 1851 1736 sed

361 1774 559 1836 solum
610 1781 1004 1847 removeant,
1055 1773 1224 1834 sicut
1272 1772 1338 1833 in
1385 1778 1564 1833 textu
1611 1770 1848 1834 diffuse

1963 788 2131 851 idem
2190 790 2415 853 asserit
2462 792 2690 855 Doctor
2742 811 2756 855 ε
2808 789 3075 866 Quidam
3135 792 3451 867 dixerunt,

1962 889 2130 969 quod
2172 889 2482 952 dictiones
2526 891 2658 953 istae
2700 891 3057 954 numerales
3099 892 3164 953 in
3196 892 3324 953 Deo
3360 891 3453 953 ni-

1962 985 2054 1047 hil
2118 988 2343 1049 dicunt
2399 989 2523 1051 nisi
2586 991 2755 1073 quod
2818 990 2939 1052 hoc
3000 1007 3255 1064 nomen,
3318 1010 3457 1073 per-

1964 1102 2155 1159 sonae,
2210 1086 2578 1168 pluraliter3
2630 1096 2700 1150 ut
2747 1089 2800 1150 si
2850 1089 3117 1163 dicatur,
3169 1090 3455 1152 Personae

1963 1191 2114 1246 sunt
2147 1192 2297 1256 treS,
2333 1186 2502 1249 idem
2543 1187 2924 1268 subjiciatur
2956 1195 3019 1249 et
3054 1187 3449 1270 praedicetur.

1962 1281 2140 1346 Ratio
2197 1290 2411 1346 autem
2460 1292 2521 1347 et
2570 1286 2797 1347 modus
2856 1285 3251 1366 intelligendi
3308 1285 3451 1359 hoc,

1963 1380 2081 1442 iste
2135 1388 2232 1442 est
2284 1398 2299 1442 τ
2351 1382 2507 1454 Quia
2554 1382 2608 1445 si
2662 1390 3049 1463 ponerentur
3107 1381 3327 1446 sormae
3373 1382 3454 1444 ab

1961 1487 2199 1542 aeterno
2242 1479 2463 1555 fuisse,
2499 1480 2665 1543 sicut
2710 1480 2911 1543 fertur
2953 1481 3124 1543 Plato
3166 1480 3455 1562 posuisse

1962 1576 2155 1652 ideaS,
2209 1587 2361 1640 tunc
2408 1578 2629 1642 formae
2676 1579 3046 1660 hujusmodi
3095 1580 3310 1662 plures
3358 1598 3453 1643 es-

1961 1682 2122 1749 sent,
2175 1683 2365 1759 atque
2419 1677 2485 1740 in
2534 1678 2749 1759 aliquo
2808 1696 3075 1740 numero
3133 1685 3341 1757 certo;
3392 1686 3454 1740 et

1961 1793 2269 1837 numerus
2330 1775 2449 1837 iste
2508 1794 2634 1839 non
2694 1784 2861 1838 esset
2919 1775 3273 1858 proprietas
3335 1794 3453 1838 nec

362 1871 640 1934 habetur.
665 1872 875 1945 Quum
905 1888 1054 1952 ergo
1084 1878 1410 1933 ostensum
1443 1870 1546 1943 sit,
1575 1870 1850 1951 qualiter
1887 1874 1934 1935 B
1961 1872 2174 1953 passio
2229 1892 2523 1955 sequenS,
2574 1875 2683 1937 sed
2742 1875 3028 1956 ipsaemet
3077 1873 3296 1937 sormae
3343 1894 3455 1936 nu-

361 1970 560 2031 unitas
598 1978 663 2031 et
703 1987 1008 2031 numerus
1053 1970 1181 2031 Deo
1222 1968 1439 2049 aliquo
1479 1967 1666 2030 modo
1703 1985 1850 2029 con-

363 2067 634 2141 veniant,
685 2068 894 2130 unitas
945 2068 1166 2149 utique
1215 2065 1492 2148 proprie,
1545 2084 1850 2127 numerus

363 2182 504 2228 vero
541 2166 902 2227 seeundum
944 2165 1122 2247 quid,
1158 2164 1503 2227 dicendum
1547 2164 1716 2245 quod
1762 2163 1850 2225 di-

361 2263 592 2326 ctiones
629 2264 754 2326 illae
778 2263 1020 2345 aliquid
1052 2262 1324 2345 positive
1355 2262 1577 2325 dicunt
1607 2262 1674 2323 in
1699 2262 1846 2324 Deo.

433 2362 590 2425 Hinc
639 2362 726 2425 ait
769 2363 1210 2425 Bonaventura
1245 2379 1258 2423 :
1294 2361 1524 2443 Opinio
1565 2360 1686 2421 fuit
1730 2361 1851 2423 Ma-

359 2460 552 2542 gistri,
589 2461 764 2542 quod
807 2461 1068 2524 nomina
1109 2460 1464 2523 numeralia
1507 2461 1572 2522 in
1618 2459 1852 2522 divinis

360 2559 443 2620 nil
487 2566 761 2642 ponunt,
796 2558 948 2640 quia
985 2558 1038 2619 si
1079 2566 1390 2640 ponerent
1433 2557 1698 2639 aliquid,
1733 2557 1854 2620 hoc

359 2665 517 2720 esset
557 2676 888 2719 numerus.
923 2656 1238 2719 Numerus
1280 2664 1495 2718 autern
1539 2674 1665 2719 non
1711 2673 1856 2718 con-

359 2754 528 2816 venit
573 2756 646 2816 in
695 2754 955 2827 divinis,
1007 2754 1310 2835 quoniam
1358 2753 1468 2816 ubi
1522 2773 1850 2825 numeruS,

331 2852 445 2914 ·ibi
490 2852 748 2925 divisio,
791 2852 1107 2933 separatio
1148 2858 1211 2913 et
1252 2852 1610 2932 aggregatio
1654 2870 1668 2913 :
1711 2870 1854 2933 quae

359 2950 420 3013 in
450 2951 578 3015 Deo
613 2952 827 3014 locum
858 2968 987 3012 non
1019 2950 1272 3013 habent.
1311 2951 1545 3012 Verum
1583 2969 1701 3013 nec
1733 2951 1853 3011 ista

1963 1971 2231 2053 merales
2284 1990 2297 2033 ε
2351 1972 2572 2054 sicque
2629 1972 2838 2035 dicere
2893 1982 3024 2033 tres
3076 1972 3142 2034 in
3194 1972 3451 2047 diviniS,

1964 2086 2090 2130 non
2135 2077 2231 2130 est
2274 2070 2446 2132 aliud
2492 2071 2616 2132 nisi
2660 2071 2872 2133 dicere
2917 2070 3084 2152 ipsas
3130 2088 3449 2151 personas,

1962 2166 2411 2230 Verumtamen
2448 2186 2574 2231 non
2608 2175 2859 2250 oportet
2888 2168 2982 2231 sic
3011 2169 3221 2231 dicere
3256 2187 3270 2231 :
3306 2170 3456 2251 quia

1963 2264 2016 2327 si
2065 2267 2329 2328 omnino
2378 2274 2473 2329 est
2522 2267 2689 2329 idem
2751 2267 2982 2341 dicere,
3035 2285 3342 2349 personae,
3393 2276 3458 2330 et

1963 2372 2112 2437 treS,
2155 2372 2321 2427 esset
2360 2365 2619 2445 nugatio
2659 2366 2813 2427 dum
2857 2365 3111 2439 dicitur,
3146 2372 3273 2428 tres
3319 2385 3457 2448 per-

1963 2478 2154 2535 sonae,
2212 2481 2324 2525 seu
2379 2482 2505 2525 una
2557 2481 2847 2545 persona,
2900 2463 3003 2526 vel
3053 2464 3194 2527 duae
3246 2482 3455 2545 perso-

1963 2578 2111 2638 nae3
2164 2566 2228 2622 et
2276 2560 2599 2623 videretur
2646 2561 2806 2622 nihil
2858 2562 3002 2643 plus
3053 2561 3201 2635 dici,
3252 2582 3454 2643 quum

1963 2656 2220 2730 dicitur,
2262 2657 2412 2719 Tres
2460 2664 2610 2719 sunt
2659 2675 2965 2740 personae,
3012 2677 3203 2740 quarn
3252 2679 3453 2741 quum

1963 2754 2219 2830 dicitur,
2270 2755 2556 2818 Personae
2612 2763 2761 2817 sunt
2813 2773 3116 2837 personae.
3168 2792 3249 2801 —
3294 2755 3455 2819 Hinc

1965 2860 2060 2914 est
2094 2852 2257 2915 alius
2300 2854 2525 2915 modus
2565 2852 2840 2926 dicendi,
2873 2854 3043 2935 quod
3083 2853 3451 2935 hujusmodi

1964 2949 2276 3013 dictiones
2334 2951 2692 3013 numerales
2751 2952 3051 3013 dicuntur
3101 2953 3453 3014 secundum

358 3050 568 3132 opinio
607 3067 732 3111 nec
773 3048 939 3111 ratio
975 3048 1116 3130 ejus
1161 3048 1549 3112 conveniens
1586 3056 1700 3111 est.
1745 3048 1854 3111 Po-
1891 3049 1935 3112 C
1966 3049 2362 3123 relationem,
2405 3056 2467 3110 et
2507 3048 2855 3132 important
2900 3050 3067 3133 ipsas
3111 3052 3401 3114 notiones
3436 3069 3451 3113 ε

356 3148 495 3211 sitio
527 3148 710 3211 enim
750 3148 871 3210 ista
903 3147 1172 3209 destruit
1209 3147 1638 3228 semetipsam.
1673 3147 1854 3209 Ponit

356 3264 630 3328 namque
677 3245 848 3327 quod
909 3244 1168 3307 nomina
1226 3242 1656 3324 significantia
1714 3244 1851 3326 plu-

355 3344 671 3407 ralitatem
711 3343 1008 3405 dicantur
1048 3342 1360 3424 privative
1400 3343 1464 3403 in
1496 3343 1645 3415 Deo,
1680 3342 1854 3403 simi-

357 3441 496 3504 liter
536 3441 805 3505 nomina
850 3440 1248 3522 designantia
1297 3440 1625 3502 unitatem.
1672 3439 1748 3503 Et
1797 3439 1851 3501 si

357 3541 468 3603 hoc
499 3541 590 3603 ita
621 3547 742 3616 est,
777 3540 842 3602 id
881 3546 998 3613 est,
1032 3538 1086 3601 si
1126 3538 1263 3602 haec
1303 3539 1396 3600 sic
1436 3538 1714 3601 invicem
1744 3555 1854 3620 op-

359 3647 684 3719 ponuntur
731 3645 802 3700 ut
851 3644 1196 3718 utrumque
1243 3637 1327 3699 sit
1384 3637 1656 3718 privatio
1703 3636 1852 3698 alte-

357 3737 504 3810 rius,
535 3737 666 3800 erit
711 3737 800 3798 ibi
846 3736 1178 3798 circulatio
1217 3735 1284 3796 in
1323 3735 1750 3814 notificand03
1791 3743 1854 3798 et

358 3835 408 3896 si
437 3843 788 3917 utrumque
819 3834 1091 3916 privatio
1121 3841 1325 3898 exstat
1353 3833 1850 3915 alteriuS,quum

358 3934 626 4014 privatio
672 3951 802 3996 non
851 3933 935 3994 sit
982 3932 1254 4014 privatio
1300 3930 1698 4014 privationiS,
1741 3932 1851 3994 sed

357 4031 607 4094 habitus
640 4031 940 4112 alicujuS‚
977 4037 1316 4112 utrumque
1348 4030 1588 4112 aliquid
1621 4031 1799 4111 ponit
1833 4047 1846 4091 :

357 4138 415 4192 et
461 4131 548 4192 ita
595 4131 656 4193 si
707 4129 1003 4191 dicantur
1054 4128 1388 4210 privative,
1442 4129 1741 4190 dicuntur
1789 4135 1852 4190 et

1965 3147 2116 3228 quia
2164 3147 2231 3208 in
2276 3147 2512 3209 divinis
2563 3147 2909 3230 ‚important
2952 3149 3450 3224 distinctionem,

1965 3265 2106 3326 quae
2149 3253 2245 3307 est
2289 3264 2326 3307 a
2370 3246 2864 3327 proprietatibus
2910 3247 2975 3309 in
3021 3248 3273 3310 divinis,
3323 3248 3451 3312 Sic-

1963 3363 2088 3425 que
2139 3343 2202 3426 ly
2251 3351 2398 3416 treS,
2448 3343 2749 3426 importat
2797 3345 2989 3407 trium
3038 3363 3454 3427 personarum

1963 3441 2381 3523 proprietates
2431 3442 2497 3502 in
2544 3443 2964 3505 concretione.
3008 3443 3193 3505 Notio
3238 3451 3452 3506 autern

1963 3540 2028 3601 in
2089 3531 2401 3621 quantum
2461 3540 2758 3602 convenit
2810 3540 2951 3614 soli,
3001 3549 3263 3603 vocatur
3311 3561 3450 3623 pro-

1963 3634 2247 3718 prietas3
2306 3636 2372 3697 in
2427 3643 2738 3716 quantum
2791 3653 2942 3697 vero
2996 3635 3327 3716 distinguit
3371 3638 3451 3700 ab

1961 3734 2108 3808 alio,
2160 3733 2396 3796 dicitur
2443 3733 2671 3796 unitas.
2725 3733 2900 3796 Unde
2956 3733 3258 3795 dicuntur
3311 3754 3451 3817 per-

1963 3851 2135 3896 sonae
2190 3841 2316 3895 tres
2372 3831 2864 3914 proprietatibus
2924 3833 3054 3894 suis
3114 3833 3446 3897 distinctae.

1964 3933 2040 3994 Et
2089 3932 2142 3993 si
2194 3950 2439 4013 quaeras
2490 3931 2644 4012 quid
2694 3930 2949 4004 dicitur,
2997 3932 3251 4012 quando
3298 3932 3452 3994 dici-

1963 4039 2086 4104 tur,
2141 4038 2271 4092 tres
2331 4029 2620 4092 notiones
2672 4046 2687 4090 :
2741 4029 3105 4104 dicendum,
3157 4031 3327 4111 quod
3384 4051 3453 4093 se

1964 4129 2120 4211 ipsis
2169 4128 2650 4208 distinguuntur
2698 4128 3112 4210 proprietates
3159 4129 3302 4209 (seu
3348 4148 3456 4193 no-

359 4227 651 4309 positive.
702 4226 946 4288 Idcirco
1005 4226 1238 4308 positio
1285 4227 1351 4290 in
1401 4246 1470 4290 se
1529 4225 1668 4308 ipsa
1724 4243 1850 4289 non
1882 4229 1930 4291 D
1959 4227 2213 4306 tiones),
2264 4226 2502 4289 idcirco
2545 4242 2672 4288 non
2721 4226 2943 4288 dicunt
2989 4227 3117 4288 nisi
3164 4228 3453 4291 notiones

359 4327 534 4388 valet.
583 4326 770 4390 Ratio
818 4342 1073 4407 quoque
1121 4325 1260 4406 ejus
1310 4343 1436 4388 non
1484 4333 1580 4388 est
1627 4343 1852 4387 conve-

361 4424 605 4487 nienter
658 4430 939 4505 accepta.
991 4423 1150 4485 Nam
1200 4443 1503 4486 numerus
1556 4423 1856 4505 importat

359 4523 861 4596 distinctionem,
895 4529 958 4584 et
999 4522 1168 4584 ultra
1211 4522 1355 4595 hoc,
1397 4522 1854 4604 aggregationis

360 4621 914 4705 compositionem.
950 4621 1247 4695 Quamvis
1278 4629 1492 4682 autem
1524 4621 1590 4682 in
1621 4620 1855 4682 divinis

358 4739 479 4783 non
519 4721 608 4783 sit
647 4719 1012 4802 aggregatio
1051 4737 1170 4782 nec
1213 4718 1609 4801 compositio,
1643 4726 1738 4781 est
1767 4727 1855 4780 ta-

359 4836 500 4882 men
542 4817 636 4881 ibi
669 4816 1002 4879 distinctio
1035 4835 1048 4880 :
1083 4816 1228 4879 ideo
1263 4835 1569 4878 numerus
1604 4833 1733 4878 non
1764 4823 1860 4877 est

360 4916 614 5004 penitus
658 4915 1084 4978 removendus
1123 4933 1161 4977 a
1199 4914 1455 4988 diviniS,
1489 4915 1600 4976 sed
1643 4933 1862 4976 nume-

361 5031 464 5076 rus
511 5013 684 5076 talis.
743 5011 1038 5092 Magister
1085 5019 1302 5075 autem
1348 5011 1610 5074 omnino
1658 5028 1862 5074 remo-

363 5119 484 5186 vet,
544 5111 694 5174 ideo
753 5109 994 5172 deficit.
1051 5109 1228 5172 Unde
1286 5110 1352 5172 in
1416 5109 1538 5173 isto
1598 5109 1868 5173 articulo

368 5209 801 5273 communiter
849 5224 976 5269 non
1027 5214 1278 5272 tenetur
1320 5228 1356 5270 a
1400 5207 1716 5289 magistris
1763 5208 1872 5270 Pa-

371 5307 777 5372 risiensibus.
812 5307 959 5371 Haec
999 5307 1456 5372 Bonaventura.

1961 4345 2149 4408 ipsaS.

2043 4422 2164 4486 Sed
2198 4422 2299 4484 his
2330 4422 2526 4502 objici
2567 4429 2793 4504 potest,
2826 4421 2977 4504 quia
3013 4422 3111 4486 hae
3144 4423 3453 4488 dictiones

1963 4519 2324 4583 numerales
2358 4518 2581 4580 dicunt
2610 4538 2973 4594 numerum,
3008 4521 3119 4601 qui
3152 4521 3454 4602 exprimit

1963 4619 2403 4704 quantitatem.
2457 4617 2780 4692 Quantitas
2840 4625 3052 4681 autem
3104 4618 3169 4680 in
3217 4619 3455 4683 divinis

1966 4717 2030 4778 in
2064 4715 2483 4778 substantiam
2514 4715 2761 4789 transit,
2787 4723 2857 4777 ut
2884 4716 3274 4796 Augustinus
3304 4719 3455 4781 Boe—

1967 4815 2223 4896 tiusque
2252 4820 2565 4876 testantur
2600 4832 2613 4876 :
2647 4830 2798 4895 ergo
2829 4814 2927 4876 hae
2960 4814 3270 4877 dictiones
3308 4816 3457 4878 sub-

1970 4913 2269 4974 stantiam
2313 4911 2556 4984 dicunt,
2598 4928 2724 4972 non
2767 4911 3159 4974 relationem.
3192 4948 3275 4958 —
3302 4913 3460 4977 Prae-

1970 5019 2161 5083 terea,
2196 5009 2416 5072 omnia
2448 5009 2708 5072 nomina
2748 5029 2889 5091 quoe
2918 5010 2996 5072 ad
3035 5029 3102 5072 se
3136 5010 3459 5087 dicuntur,

1977 5109 2333 5173 secundum
2382 5107 2803 5170 substantiam
2853 5107 3294 5188 praedicantur.
3344 5109 3464 5174 Sed

1978 5208 2114 5272 haec
2156 5206 2440 5280 nomina,
2474 5206 2600 5269 duo
2640 5212 2702 5266 et
2740 5211 2890 5280 treS,
2924 5205 3227 5268 dicuntur
3259 5207 3336 5269 ad
3374 5226 3463 5282 se,

1981 5324 2129 5388 ergo
2173 5323 2301 5368 non
2344 5303 2623 5367 relative.
