4359 6250
627 777 692 820 Is.
711 791 790 828 ux,
813 780 835 820 2
853 793 864 830 ;

597 839 694 884 Jer.
716 853 759 892 v,
779 842 846 882 25.

621 3053 815 3099 lloann.
833 3069 862 3107 ι.

598 3119 641 3162 8.

595 3252 748 3297 Jacob.
761 3257 863 3308 m,2.

597 3352 732 3397 Pron.
749 3366 862 3405 xxiv,

600 3419 664 3459 ¹6.

595 3646 678 3691 lob
691 3653 864 3701 intrusi.

636 3744 755 3791 Ibid-
776 3761 863 3799 xm,

599 3810 664 3851 ¹8.

635 4040 757 4086 [bid.
775 4056 862 4095 xiv,

600 4107 648 4148 ¹⁷

635 4135 756 4213 ι’ῡεα.
781 4174 843 4213 ιε.

597 4340 711 4384 Ibtd.
725 4350 782 4388 tx.
793 4340 860 4381 2⁰.

895 477 975 540 60

1532 493 1594 540 ΙΝ
1637 494 1858 540 LIBRUM
1901 495 1921 538 l
1965 492 2450 538 SENTENTlARmt.
2497 510 2577 521 —
2620 491 2772 537 ms'r.
2820 490 2989 552 xvu3
3035 490 3258 546 QUAEST.
3306 491 3369 536 lx

897 685 986 739 re,
1021 674 1084 727 et
1135 667 1374 729 bonum
1426 666 1642 747 gratiae
1693 666 2026 748 impedire,
2059 667 2225 730 sicut
2275 687 2390 751 per
2419 664 2470 727 A
2502 673 2587 733 to,
2608 682 2723 725 seu
2755 663 2923 745 quod
2956 663 3172 726 oculos
3206 663 3268 724 in
3302 661 3583 744 aliquem
3616 660 4000 742 injecerunt,

895 766 1118 828 Isaiam
1175 767 1488 847 prolatum
1542 773 1638 828 est
1685 784 1698 828 :
1747 767 2116 848 Iniquitates
2165 776 2391 831 vestrae

895 866 1251 928 diviserunt
1289 865 1454 928 inter
1493 868 1694 928 Deum
1729 875 2012 930 vestrum
2055 877 2116 932 et
2159 887 2295 941 νος,
2328 877 2391 931 et

897 975 1155 1046 peccata
1184 975 1392 1029 vestra
1434 967 1901 1048 prohibuerunt
1940 968 2180 1031 bonum
2222 990 2259 1032 a
2288 987 2392 1031 vo-

895 1065 1014 1127 bis.
1069 1065 1376 1128 Similiter
1419 1064 1688 1128 effectus
1731 1068 1976 1147 peccati
2023 1077 2139 1143 est,
2189 1071 2389 1131 Deum

893 1163 1221 1227 offendere
1251 1165 1437 1245 eique
1474 1165 1832 1246 displicere,
1872 1176 2149 1230 mentem
2181 1187 2391 1230 macu-

897 1263 1024 1324 lare
1072 1271 1136 1325 et
1185 1263 1428 1325 laedere.
1465 1264 1763 1337 Quamvis
1810 1265 2023 1348 itaque
2069 1267 2191 1330 ista
2239 1267 2390 1330 solis

897 1360 1269 1424 mortalibus
1301 1361 1474 1424 vitiis
1518 1362 1701 1443 plene
1735 1372 1798 1425 et
1837 1365 2125 1428 absolute
2166 1385 2391 1430 conve-

894 1461 1102 1534 niunt,
1136 1469 1346 1523 tamen
1378 1469 1442 1522 et
1469 1461 1828 1524 venialibus
1859 1464 2068 1546 culpis
2105 1464 2394 1547 aliquali-

896 1568 992 1621 ter
1035 1567 1423 1640 competunt.

961 1659 1221 1740 Propter
1263 1659 1430 1740 quod
1486 1659 1668 1722 multi
1721 1661 1923 1723 sancti
1965 1669 2030 1723 et
2073 1661 2393 1724 illumina-

895 1757 1125 1818 tissimi
1173 1756 1314 1831 viri,
1351 1757 1480 1820 imo
1527 1758 1735 1820 Sancti
1785 1768 1848 1821 et
1892 1760 2180 1842 perfecti,
2224 1778 2391 1823 com—

2502 762 2853 844 praeser‘tim
2900 763 2965 823 in
3008 762 3227 825 divino
3270 761 3519 824 Officio.

2581 861 2741 923 Hinc
2772 870 3027 924 sanctus
3066 860 3367 923 disseruit
3396 858 3785 942 Augustinus
3819 877 3833 921 :
3866 859 4005 922 Hoc

2503 961 2655 1022 facit
2712 960 2961 1023 sentina
3023 960 3329 1040 neglecta,
3388 960 3558 1042 quod
3618 957 3855 1021 fluctus
3912 959 4001 1021 ir-

2502 1079 2711 1123 ruenS.
2760 1061 2835 1122 Et
2884 1061 3116 1122 iterum
3164 1077 3178 1120 :
3225 1059 3431 1122 Nolite
3480 1059 3659 1142 parvi
3718 1059 3999 1141 pendere

2502 1159 2776 1242 venialia
2837 1159 2989 1240 quia
3052 1159 3317 1220 minima
3378 1165 3546 1231 sunt,
3608 1157 3717 1220 sed
3774 1157 3999 1219 timete

2502 1256 2654 1339 quia
2685 1257 2868 1340 plura
2908 1265 3076 1319 sunt..
3110 1256 3535 1319 Minutissima
3562 1264 3660 1318 est
3686 1274 3898 1324 arena,
3929 1263 4000 1318 et

2503 1365 2713 1418 vtamen
2755 1357 2807 1418 si
2850 1357 3041 1418 nimis
3082 1357 3146 1417 in
3192 1355 3405 1418 navim
3448 1354 3756 1423 mittatur,
3790 1355 4001 1437 depri-

2506 1456 2622 1517 mit
2651 1463 2714 1517 et
2742 1455 3114 1536 submergit.
3141 1455 3301 1517 Hinc
3330 1455 3539 1518 denuo
3569 1461 3993 1516 contestatur:

2502 1554 2788 1616 Venialia
2840 1555 2894 1616 si
2942 1554 3216 1616 nimium
3277 1553 3807 1636 multiplicentur,
3857 1573 4000 1634 pre-

2505 1661 2688 1714 munt
2735 1659 2799 1715 et
2846 1653 3217 1735 opprimunt
3261 1671 3275 1714 ε
3318 1671 3464 1714 nam
3514 1659 3577 1714 et
3624 1651 4000 1714 irrefrenata

2503 1751 2851 1813 venialium
2903 1751 3296 1814 consuetudo
3345 1750 3630 1814 mortalis
3686 1759 3799 1812 est.
3854 1751 3999 1813 Pro-

894 1855 1170 1917 muniter
1198 1865 1456 1937 peccata
1486 1876 1598 1918 sua
1627 1857 1901 1920 venialia
1931 1867 1994 1920 et
2021 1859 2391 1940 quotidiana
2428 1859 2475 1921 Β
2504 1857 2719 1932 pterea
2749 1850 2813 1912 B·
2851 1851 3153 1913 Caesarius
3195 1850 3425 1931 praesul
3465 1849 3747 1931 loquitur
3774 1850 3841 1912 in
3870 1868 4000 1912 ser-

895 1955 1180 2037 quotidie
1223 1955 1586 2018 cordialiter
1614 1956 2098 2038 deplanxerunt,
2131 1966 2195 2020 et
2224 1959 2292 2020 in
2324 1977 2390 2020 se

873 2054 1053 2145 ⁸ipsis
1092 2073 1166 2115 ea
1205 2054 1434 2116 acriter
1463 2055 1852 2135 castigarunt
1891 2056 2272 2139 discipliniS‚
2302 2058 2394 2139 je-

893 2151 1117 2233 juniis,
1169 2171 1240 2213 ac
1291 2153 1433 2214 aliis
1485 2153 1877 2236 poenitentiae
1925 2155 2223 2218 actibus:
2262 2155 2392 2218 imo

895 2258 958 2312 et
989 2249 1342 2312 docuerunt
1371 2250 1694 2314 hominem
1737 2252 1950 2334 potius
1990 2253 2221 2316 debere
2261 2272 2392 2316 om-

895 2367 1043 2411 nem
1087 2366 1337 2429 poenam
1379 2357 1444 2411 et
1482 2357 1751 2413 mortem
1791 2351 2028 2425 subire,
2064 2372 2256 2434 quam
2287 2353 2389 2416 vel

894 2447 1092 2512 semel
1135 2447 1469 2510 venialiter
1504 2468 1803 2531 peccare:
1838 2470 1955 2513 nec
1999 2470 2388 2534 quemquam

893 2546 1124 2608 debere
1155 2547 1402 2609 veniale
1433 2555 1764 2628 peccatum
1804 2550 2138 2613 admittere
2178 2558 2249 2612 ut
2278 2570 2392 2633 per

894 2644 1012 2707 hoc
1044 2644 1245 2726 possit
1275 2647 1632 2727 proximum
1666 2666 1854 2710 suum
1885 2668 1921 2710 a
1953 2649 2205 2711 mortali
2236 2650 2391 2712 vitio

893 2761 1296 2824 praeservare.
1331 2743 1490 2805 Hinc
1538 2753 1600 2806 et
1651 2745 1979 2827 Scriptura
2026 2747 2243 2809 divina
2286 2767 2388 2810 ve-

893 2840 1091 2902 niales
1141 2841 1362 2923 culpas
1403 2840 1772 2923 frequenter
1811 2844 2091 2925 appellat
2129 2854 2387 2926 peccata

893 2937 1029 3001 sine
1059 2938 1507 3013 additamento,
1531 2948 1600 3001 ut
1628 2960 1828 3022 quum
1861 2941 1918 3004 S.
1944 2943 2211 3006 Joannes
2242 2963 2385 3026 apo-

2506 1966 2691 2011 mone
2728 1966 2741 2010 :
2777 1950 2952 2010 Sicut
2980 1948 3161 2010 navis
3194 1956 3607 2030 posteaquam
3640 1949 3846 2030 pelagi
3875 1949 3999 2012 flu-

2504 2055 2643 2108 ctus
2700 2046 2993 2120 evaserit,
3046 2047 3097 2108 si
3150 2046 3214 2108 in
3266 2054 3451 2129 portu
3506 2046 3821 2109 sentinata
3866 2067 3993 2111 non

2501 2144 2718 2219 fuerit,
2770 2144 3035 2206 minutis
3093 2144 3289 2225 guttis
3350 2145 3653 2226 impletur
3706 2165 3779 2207 ac
3836 2166 3997 2208 mer-

2500 2243 2719 2322 gitur3
2764 2242 2857 2304 sic
2911 2242 3245 2324 religiosus
3292 2243 3560 2306 devictis
3612 2245 3831 2307 mundi
3882 2246 3999 2307 hu-

2497 2342 2603 2422 jus
2632 2341 3012 2404 criminibus
3043 2342 3225 2424 quasi
3257 2342 3635 2423 periculosis
3665 2343 3992 2413 fluctibus,

2500 2459 2698 2522 quum
2730 2440 2808 2503 ad
2840 2449 3095 2522 portum
3128 2440 3495 2504 monasterii
3526 2442 3793 2515 venerit,
3818 2443 3869 2504 si
3902 2442 3993 2504 ibi

2499 2539 2924 2621 subripientia
2964 2548 3028 2601 et
3068 2539 3315 2601 minuta
3348 2548 3606 2621 peccata
3649 2540 3727 2603 de
3766 2540 3996 2603 animae

2499 2657 2630 2699 sua».
2672 2638 2920 2699 sentina
2961 2638 3296 2699 exhaurire
3340 2638 3710 2718 neglexerit,
3746 2638 3811 2700 in
3854 2639 3997 2719 ipso

2500 2737 2867 2799 monasterii
2911 2744 3096 2818 portu
3143 2735 3455 2818 naufragii
3497 2738 3741 2799 crimen
3786 2737 3997 2800 incur-

2494 2837 2595 2898 rit..
2647 2836 2807 2897 Hinc
2856 2835 3065 2897 denuo
3114 2834 3320 2898 fassus
3370 2844 3465 2899 est
3497 2854 3511 2898 ε
3544 2835 3661 2910 Qui
3713 2836 3845 2899 sola
3892 2855 3995 2898 ca-

2499 2935 2719 3016 pitalia
2749 2934 3018 2996 crimina
3056 2934 3309 3015 cogitat,
3344 2942 3408 2996 et
3438 2942 3655 2997 contra
3694 2934 3833 3016 ipsa
3860 2943 3997 2998 tan·

892 3037 1091 3100 stolus
1137 3036 1227 3100 ait
1279 3055 1292 3099 :
1347 3038 1409 3100 Si
1460 3039 1809 3102 dixerimus
1852 3041 2004 3123 quia
2052 3051 2383 3124 peecatum
2420 3039 2463 3101 C
2498 3043 2631 3096 tum
2684 3051 2967 3116 pugnare
3018 3033 3365 3107 contendit,
3416 3041 3603 3115 atque
3652 3034 3731 3096 de
3780 3036 3997 3116 parvis

893 3155 1021 3200 non
1051 3138 1383 3211 habemuS‚
1415 3156 1530 3201 nos
1571 3138 1743 3221 ipsos
1782 3141 2184 3221 seducimus;
2216 3144 2386 3206 Jaco-

893 3235 1014 3297 bus
1061 3254 1313 3318 quoque
1366 3253 1379 3297 :
1430 3237 1497 3298 In
1551 3238 1769 3300 multis
1818 3239 2206 3302 offendimus
2257 3260 2387 3303 om-

893 3352 1051 3413 nes;
1102 3342 1165 3395 et
1222 3334 1514 3398 Salomon
1568 3354 1582 3399 :
1633 3337 1846 3399 Justus
1905 3338 2138 3419 septies
2195 3340 2379 3402 cadit..

894 3433 1068 3495 Unde
1107 3440 1171 3494 et.
1214 3442 1467 3495 sanctus
1504 3434 1641 3510 Job,
1675 3435 1784 3517 qui
1828 3456 1895 3498 se
1932 3455 1969 3497 a
2013 3437 2385 3500 mortalibus

895 3530 1292 3593 confidenter
1355 3532 1791 3612 pronuntiavit
1858 3520 2235 3607 immunem,
2294 3535 2387 3597 di-

895 3631 1116 3698 cendo,
1167 3630 1382 3712 Neque
1431 3631 1603 3693 enim
1663 3634 2072 3714 reprehendit
2120 3653 2222 3696 me
2281 3652 2390 3697 cor

895 3748 1107 3791 meum
1151 3728 1215 3790 in
1255 3729 1431 3792 omni
1462 3730 1592 3791 vita
1631 3749 1812 3809 mea;
1847 3732 2149 3813 itemque,
2187 3732 2249 3796 Si
2292 3732 2391 3813 ju-

891 3826 1136 3887 dicatus
1181 3826 1382 3900 fuero,
1423 3828 1557 3889 scio
1602 3829 1754 3910 quia
1791 3830 2000 3909 justus
2047 3830 2384 3894 inveniar:

891 3925 1094 3989 nihilo
1139 3926 1350 3987 minus
1381 3927 1458 3987 de
1499 3945 1565 3988 se
1609 3927 1746 4008 ipso
1787 3935 2052 3989 testatus
2092 3938 2209 4002 est,
2244 3929 2390 3991 allo-

891 4044 1093 4107 quens
1153 4025 1374 4098 Deum,
1437 4024 1708 4105 Signasti
1770 4026 1948 4107 quasi
2011 4025 2076 4087 in
2137 4027 2389 4089 sacculo

893 4130 1149 4205 peccata
1193 4140 1366 4198 mea;
1409 4131 1470 4185 et
1514 4143 1755 4197 rursus,
1789 4124 1876 4185 Tu
1920 4124 2180 4206 quidem
2225 4144 2392 4205 gres-

2496 3133 2772 3215 peccatis
2802 3132 3078 3195 vitandis
3110 3151 3370 3214 parvam
3412 3141 3517 3195 aut
3550 3132 3795 3195 nullam
3826 3135 3999 3197 solli-

2497 3232 2847 3295 citudinem
2889 3231 3073 3313 gerit‚
3108 3247 3234 3292 non
3277 3231 3492 3293 minus
3532 3232 3803 3294 incurrit
3834 3235 4001 3315 peri-

2498 3332 2717 3393 culum
2750 3348 2941 3411 quam
2976 3329 3025 3391 si
3062 3329 3301 3409 majora
3332 3329 3759 3393 committeret
3787 3332 4003 3395 crimi—

2498 3450 2596 3492 na.
2620 3430 2813 3492 Multa
2845 3428 2945 3490 his
2976 3427 3333 3490 consimilia
3368 3428 3591 3491 scribit
3620 3430 3686 3491 in
3714 3430 3999 3495 homiliis

2498 3529 2630 3591 suis
2677 3526 2988 3589 Eusebius
3030 3526 3387 3588 EmisenuS.
3422 3526 3595 3590 Unde
3634 3536 3697 3589 et
3740 3539 3999 3593 sanctus

2499 3628 2598 3689 vir
2638 3627 2954 3689 Climacus
2992 3644 3101 3689 eos
3142 3626 3252 3706 qui
3297 3645 3468 3687 nunc
3510 3626 3824 3709 profectui
3868 3638 3999 3691 stu-

2500 3727 2651 3787 dent
2699 3725 3032 3796 virtutum,
3066 3743 3238 3786 nunc
3277 3742 3428 3787 vero
3478 3724 3542 3786 in
3586 3726 3861 3789 venialia
3903 3748 3999 3789 re—

2500 3825 2855 3895 solvuntur,
2920 3833 3245 3905 comparat
3307 3824 3574 3897 cancriS‚
3634 3824 3744 3906 qui
3806 3827 3997 3889 modo

2502 3922 2873 4003 procedunt,
2904 3920 3037 4001 jam
3076 3923 3498 3985 retrocedunt..
3537 3923 3697 3985 Hinc
3732 3924 3995 3987 demum

2501 4019 2949 4083 devotissimus
2988 4027 3168 4102 pater
3204 4020 3558 4084 Bernardus
3591 4039 3605 4083 :
3638 4022 3837 4085 Nemo
3872 4024 4000 4103 (in-

2500 4119 2667 4201 quit)
2710 4119 2879 4181 dicat
2929 4136 2942 4180 :
2989 4119 3126 4181 Non
3174 4126 3271 4181 est
3321 4138 3619 4200 magnum
3674 4121 3727 4182 si
3778 4122 3843 4185 in
3892 4123 3998 4185 his

892 4241 998 4283 sus
1041 4239 1213 4284 meos
1254 4222 1697 4295 dinumerasti,
1732 4223 1840 4283 sed
1882 4241 2071 4303 parce
2112 4225 2389 4305 peccatis
2421 4228 2471 4289 D
2502 4217 2713 4300 parvis
2781 4218 3195 4298 minimisque
3262 4236 3668 4300 permaneam
3733 4220 3940 4301 culpis
3976 4240 3996 4293 ε,

891 4320 1088 4399 meis;
1123 4328 1186 4381 et
1224 4320 1455 4393 denuo,
1490 4319 1555 4380 Si
1594 4318 1949 4398 justificare
1980 4320 2247 4403 (inquit)
2288 4342 2389 4385 me

894 4419 1176 4491 voluer0,
1211 4434 1280 4479 os
1323 4436 1538 4479 meum
1585 4417 2033 4481 condemnabit
2074 4438 2195 4481 me.
2230 4420 2390 4483 Hinc

890 4516 1180 4580 homines
1241 4516 1443 4579 sancti
1501 4535 1538 4577 a
1587 4516 1944 4579 venialibus
2003 4528 2304 4600 tanquam
2354 4540 2391 4582 a

893 4615 1266 4678 mortalibus
1300 4634 1448 4676 cum
1480 4614 1654 4676 omni
1685 4614 2015 4696 diligentia
2045 4627 2293 4692 cavent,
2328 4627 2391 4681 et

890 4734 964 4776 ea
994 4712 1278 4795 quotidie
1319 4711 1557 4774 deflent
1597 4718 1660 4773 et
1700 4713 1997 4794 puniunt.
2033 4715 2201 4777 Deus
2242 4734 2393 4798 quo-

891 4830 1016 4894 que
1056 4811 1422 4892 frequenter
1463 4810 1692 4891 legitur
1721 4810 2105 4891 quibusdam
2147 4815 2391 4877 electis-

891 4909 1072 4972 simis
1122 4908 1366 4971 Sanctis
1427 4908 1606 4991 quasi
1667 4908 1944 4989 graviter
2001 4911 2387 4994 indignatuS,

895 5008 1112 5080 iratuS,
1147 5006 1455 5079 offensus,
1489 5014 1549 5067 et
1595 5006 1847 5069 solitam
1895 5010 2391 5073 consolationem

892 5105 1360 5187 gratiosamque
1391 5104 1822 5167 visitationem
1863 5106 2243 5171 abstraxisse
2274 5109 2395 5172 eis-

894 5205 1040 5267 dem
1083 5220 1197 5286 pro
1238 5202 1688 5265 minutissimis
1730 5203 2090 5267 venialibus
2133 5206 2340 5289 culpis
2377 5225 2390 5269 :

893 5302 1064 5365 sicut
1093 5320 1210 5385 pro
1257 5302 1381 5365 levi
1421 5300 1554 5363 risu
1593 5309 1700 5364 aut
1739 5301 1936 5367 verbo
1975 5302 2398 5368 inconsidera-

2500 4315 2747 4379 sul'ficit
2792 4315 2951 4378 mihi
3001 4315 3052 4378 si
3105 4316 3343 4396 majora
3385 4317 3662 4380 devitem
3710 4326 3991 4399 peccata.

2501 4416 2643 4479 naeo
2688 4422 2782 4477 est
2836 4414 3032 4489 enim,
3084 4413 3418 4487 carissimi,
3470 4415 3867 4497 blasphemia
3927 4418 3995 4480 in
4046 4438 4301 4483 uanam,

2502 4513 2808 4595 Spiritum
2856 4513 3180 4587 Sanctum,
3213 4522 3545 4595 peccatum
3588 4514 4001 4577 irremissibi-
4034 4502 4111 4543 ³²·

2502 4614 2577 4676 le.
2616 4611 2691 4674 Et
2722 4612 2841 4676 hoc
2872 4612 3131 4694 quidem
3162 4631 3198 4674 a
3227 4612 3455 4675 Sancto
3487 4612 3596 4675 illo
3626 4632 3741 4695 per
3769 4613 4006 4696 hyper-

2501 4712 2690 4774 bolen
2743 4711 2985 4774 dictum
3029 4718 3146 4784 est,
3180 4712 3257 4773 ad
3302 4711 3755 4774 insinuandum
3800 4733 4005 4794 quam

2500 4828 2760 4873 necesse
2800 4810 2880 4872 sit
2920 4809 3257 4891 diligenter
3293 4810 3493 4873 vitare
3537 4810 3809 4874 venialia
3845 4830 4005 4875 eum

2502 4910 2612 4991 qui
2657 4909 2836 4990 cupit
2878 4909 3145 4971 evadere
3191 4917 3455 4991 peccata„
3494 4908 3804 4972 mortalia.

2584 5009 2744 5070 Ecce
2788 5026 2981 5089 quam
3020 5007 3252 5069 acriter
3288 5007 3490 5071 sancti
3530 5008 3741 5070 Patres
3778 5015 4009 5071 contra

2502 5107 2779 5170 venialia
2820 5100 3079 5189 peccata
3121 5107 3490 5189 loquuntur,
3524 5106 3613 5170 ita
3653 5115 3721 5169 ut
3762 5106 4012 5171 fatean-

2506 5214 2610 5268 tur
2652 5224 2767 5288 per
2806 5224 2878 5267 ea
2924 5214 3200 5268 mentem
3244 5204 3524 5269 incidere
3572 5205 3793 5289 culpas
3836 5224 4011 5269 mor-

2508 5304 2687 5377 taleS,
2745 5311 2809 5366 et
2868 5322 2981 5386 per
3032 5322 3427 5387 consequens
3486 5303 3812 5367 caritatem
3868 5322 4015 5368 cor—
