4359 6250
809 461 929 528 488
1405 479 1470 529 m
1509 480 1731 527 mamm
1773 481 1795 526 1
1834 479 2316 526 sauramianuu.
2361 497 2441 508 —
2479 479 2635 525 msr.
2679 479 2956 544 xxxv1113
3000 477 3223 534 QuAEsr.
3270 479 3315 525 ιι

896 651 1299 734 Objectiones
1315 653 1490 714 'vero
1531 658 1844 734 praetactae
1879 649 2153 713 faciliter
2188 649 2311 712 dis·
2336 648 2389 712 A
2416 649 2509 711 Ad
2553 650 2721 730 quod
2766 648 3155 731 respondens
3189 666 3203 710 :
3238 647 3647 730 ContingenS,
3679 648 3918 731 inquit,

813 750 1164 814 solvuntur.
1198 751 1292 813 Ad
1324 750 1606 832 primum
1636 768 1912 831 namque
1942 749 2306 822 dicendum,

812 849 979 931 quod
1013 849 1306 931 quamvis
1338 849 1545 931 prima
1575 867 1763 911 causa
1792 847 2151 911 necessario
2179 865 2311 909 mo-

811 955 989 1009 veret
1043 948 1410 1022 secundam,
1463 956 1673 1010 motus
1726 954 1938 1009 tamen
1989 953 2051 1008 et
2097 944 2308 1008 effici-

811 1046 982 1108 entia
1029 1065 1234 1109 causae
1283 1046 1578 1109 secundae
1631 1052 1842 1127 posset
1890 1043 2183 1106 frustrari
2231 1063 2309 1105 ex

785 1144 1272 1229 ¹impedimento
1319 1145 1807 1228 superveniente
1856 1162 1972 1206 suo
2020 1141 2305 1216 effectui,

813 1245 1352 1325 quemadmodum
1412 1244 1478 1306 in
1525 1242 2106 1325 exemplificatione
2152 1241 2311 1304 Tho-

812 1362 954 1418 666,
987 1342 1252 1416 Alberti,
1286 1342 1558 1406 Udalrici
1603 1350 1666 1404 et
1707 1341 1980 1404 aliorum
2025 1341 2158 1420 jam
2203 1359 2309 1422 pa-

809 1441 952 1504 tuit.
987 1477 1066 1486 —
1094 1442 1186 1503 Ad
1231 1440 1404 1503 aliud
1445 1457 1573 1523 quo
1615 1440 1869 1514 dicitur,
1906 1440 2074 1522 quod
2121 1457 2310 1500 causa

815 1540 987 1621 prior
1023 1538 1394 1602 naturaliter
1428 1539 1604 1622 prius
1647 1539 1909 1621 respicit
1937 1557 2127 1600 suum
2158 1537 2311 1599 effe-

812 1645 988 1699 ctum
1042 1655 1056 1699 ε
1108 1637 1474 1712 dicendum,
1527 1638 1697 1718 quod
1755 1637 1875 1699 hoc
1933 1654 2156 1698 verum
2214 1641 2311 1696 est

814 1743 1002 1819 prout
1032 1736 1190 1798 illud
1229 1754 1422 1817 supra
1454 1735 1813 1817 expositum
1853 1743 1965 1796 est.
2000 1735 2206 1816 Atque
2242 1734 2307 1794 in

2416 755 2679 809 vocatur
2710 748 2879 829 quod
2920 754 3128 830 potest
3160 765 3298 810 esse
3332 755 3398 810 et
3426 764 3553 810 non
3590 765 3751 810 esse.
3786 748 3921 810 Ali-

2417 846 2573 928 quid
2620 853 2831 909 autem
2882 853 3091 929 potest
3137 865 3276 910 esse
3326 854 3390 909 et
3435 864 3563 909 non
3611 866 3751 910 esse
3798 848 3923 910 du-

2419 944 2671 1026 pliciter
2713 965 2727 1009 :
2772 946 3001 1027 prim0,
3044 965 3121 1008 ex
3174 953 3351 1028 parte
3398 945 3573 1020 facti,
3621 945 3773 1027 quia
3820 954 3925 1008 est

2418 1044 2561 1106 talis
2606 1054 2846 1108 naturae
2888 1046 3058 1128 quod
3104 1052 3311 1127 potest
3356 1064 3495 1108 esse
3542 1053 3603 1107 et
3646 1063 3773 1108 non
3819 1065 3923 1107 es-

2416 1163 2508 1217 se,
2555 1142 2698 1205 fieri
2747 1150 2809 1206 et
2861 1161 2986 1206 non
3032 1143 3218 1223 fieri3
3270 1144 3570 1216 secunde,
3610 1162 3688 1205 ex
3738 1152 3926 1226 parte

2418 1241 2732 1316 facientis,
2765 1243 2915 1325 quia
2943 1251 3040 1305 est
3070 1244 3195 1306 tale
3225 1261 3419 1324 agens
3456 1242 3626 1325 quod
3664 1242 3747 1304 ab
3774 1241 3929 1324 ipso

2420 1339 2862 1403 indifferenter
2907 1341 3179 1403 effectus
3231 1347 3440 1422 potest
3486 1341 3753 1422 produci
3800 1359 3929 1403 seu

2417 1437 2586 1513 fieri,
2618 1445 2682 1500 et
2726 1455 2853 1501 non
2900 1438 3065 1501 fieri.
3109 1439 3319 1502 Primo
3369 1439 3557 1502 modo
3606 1438 3927 1500 rationem

2419 1536 2843 1617 contingentis
2907 1537 3099 1599 habet
3154 1555 3343 1600 omne
3400 1536 3787 1610 defectibile,
3852 1545 3931 1598 ut

2418 1642 2514 1697 est
2546 1635 2925 1716 generaliter
2956 1635 3166 1698 omnis
3206 1644 3513 1710 creatura,
3547 1645 3609 1698 et
3642 1635 3929 1698 maxime

2420 1733 2588 1815 quod
2633 1734 2824 1797 habet
2866 1734 2931 1796 in
2975 1754 3042 1797 se
3086 1735 3395 1798 rationem
3440 1735 3813 1817 corruptivi,
3852 1744 3931 1797 ut

811 1835 976 1898 libro
1015 1835 1092 1897 de
1133 1833 1351 1898 Causis
1388 1835 1712 1907 asseritur,
1746 1834 1915 1916 quod
1956 1852 2145 1895 causa
2185 1832 2309 1914 pri-
2343 1831 2391 1894 B
2419 1851 2608 1896 omne
2645 1833 3007 1914 generabile
3040 1842 3103 1896 et
3137 1833 3552 1916 corruptibile
3586 1853 3602 1898 ε
3636 1840 3699 1896 et
3726 1852 3930 1896 omne

812 1953 917 1996 ma
959 1933 1104 2015 plus
1149 1930 1366 1994 influit
1408 1950 1600 2014 quam
1650 1951 2068 2014 quaecumque
2119 1949 2309 1992 66636

811 2031 1090 2094 secunda
1141 2051 1156 2094 :
1209 2049 1356 2092 nam
1406 2037 1468 2091 et
1516 2049 1721 2092 causae
1774 2030 2067 2092 secundae
2114 2037 2311 2110 agunt

814 2131 879 2192 in
927 2129 1162 2192 virtute
1211 2129 1403 2210 primi
1462 2128 1727 2210 agentiS,
1781 2128 1966 2208 cujus
2023 2127 2308 2190 influxus

815 2228 1014 2310 magis
1057 2227 1353 2301 adhaeret,
1393 2227 1683 2288 intimius
1729 2226 2062 2308 imprimit,
2099 2245 2172 2288 ac
2221 2227 2311 2288 ul-

811 2328 970 2389 timo
1016 2329 1395 2388 removetur.
1430 2325 1724 2387 Attamen
1768 2343 1973 2388 causae
2016 2325 2310 2387 secundae

812 2425 1133 2489 naturales
1191 2443 1338 2487 vere
1399 2425 1779 2506 producunt,
1831 2432 1893 2486 et
1941 2423 2177 2486 formas
2231 2424 2310 2487 de

812 2524 1096 2607 potentia
1125 2524 1407 2586 educunt
1436 2523 1718 2585 materiae
1736 2541 1752 2602 3
1793 2531 2016 2604 estque
2053 2542 2219 2586 unus
2248 2530 2311 2585 et

813 2624 982 2686 idem
1022 2621 1292 2685 effectus
1327 2640 1364 2682 a
1396 2620 1602 2703 prima
1643 2639 1832 2683 causa
1871 2628 1932 2684 et
1972 2621 2178 2683 causis
2220 2639 2312 2682 se-

812 2721 1060 2796 cundiS,
1093 2720 1244 2802 quia
1287 2719 1539 2782 diverso
1587 2718 1774 2782 modo
1821 2738 1894 2781 ac
1941 2737 2172 2800 genere
2221 2719 2312 2780 in-

810 2820 1042 2883 fluunt.
1077 2820 1223 2882 Ideo
1264 2818 1541 2898 objectio
1585 2818 1692 2880 illa
1735 2837 1813 2880 ex
1861 2818 2020 2880 falsa
2062 2825 2125 2880 et
2167 2819 2311 2880 rudi

813 2919 1261 3000 imaginatione
1306 2917 1558 2980 videtur
1602 2917 1964 2998 procedere,
1997 2917 2090 2980 sic
2131 2937 2313 2998 argu-

2420 1933 2543 1994 tale
2593 1932 2965 2013 contingens
3021 1931 3643 2014 potest-immediate
3689 1932 3837 1994 fieri
3892 1951 3933 1994 a

2419 2032 2565 2094 Deo.
2618 2030 2910 2094 Secundo
2963 2031 3171 2104 modo,
3223 2029 3587 2112 dupliciter,
3632 2029 3783 2112 quia
3834 2031 3933 2094 ef-

2418 2129 2623 2192 fectus
2664 2136 2869 2210 potest
2908 2129 2986 2190 ab
3026 2130 3243 2212 aliquo
3280 2129 3426 2192 fieri
3465 2130 3567 2192 vel
3604 2148 3733 2192 non
3771 2129 3931 2192 fieri

2418 2228 2763 2310 dupliciter
2805 2246 2818 2290 :
2868 2228 3097 2310 primo,
3143 2227 3297 2310 quia
3343 2246 3470 2293 non
3516 2237 3613 2290 est
3664 2229 3728 2291 in
3778 2229 3934 2310 ipso

2418 2327 2516 2388 vis
2565 2345 2691 2409 qua
2747 2345 3007 2389 necesse
3055 2326 3139 2388 sit
3185 2326 3330 2389 fieri
3382 2345 3563 2406 eum3
3615 2328 3929 2402 secunde,

2419 2425 2570 2507 quia
2638 2443 2765 2488 non
2828 2433 2923 2488 est
2990 2424 3055 2486 in
3124 2425 3264 2506 ipso
3323 2425 3421 2488 vis
3487 2425 3935 2489 determinans

2422 2523 2631 2605 ipsum
2675 2523 2839 2585 fieri.
2875 2522 3082 2587 Primo
3125 2526 3315 2586 modo
3362 2525 3728 2587 nominatur
3766 2524 3937 2588 effe-

2420 2628 2560 2684 ctus
2591 2622 2965 2702 contingens
2996 2640 3186 2684 omne-
3216 2623 3387 2704 quod
3421 2622 3499 2685 rit
3529 2642 3566 2685 a
3594 2623 3721 2686 Deo
3751 2624 3937 2687 circa

2420 2728 2757 2783 creaturas.
2803 2721 3093 2784 Secundo
3137 2722 3347 2796 modo,
3390 2722 3605 2785 nullus
3647 2722 3935 2786 effectus

2421 2819 2794 2900 contingens
2828 2818 2906 2881 fit
2933 2840 2970 2883 a
2999 2820 3127 2883 Deo
3158 2820 3547 2896 immediate,
3581 2840 3698 2884 nec
3726 2821 3935 2885 etiam

2423 2919 2695 2980 mediate
2728 2936 2743 2980 ε
2776 2919 3079 3001 quoniam
3112 2927 3405 3001 respectu
3437 2920 3639 3002 ipsius
3668 2939 3793 2983 non
3827 2931 3937 2984 est

812 3038 926 3081 ens
964 3036 1037 3079 ac
1086 3017 1140 3078 si
1191 3015 1494 3078 inferiora
1539 3015 1659 3077 ista
1705 3015 1879 3077 aliud
1925 3034 2064 3078 esse
2112 3016 2311 3079 susci·
2346 3018 2391 3081 C
2422 3016 2513 3079 sic
2555 3017 2788 3099 aliquis
2831 3015 3103 3079 effectus
3147 3018 3542 3100 contingenS‚
3576 3019 3729 3102 quia
3768 3020 3939 3084 effe-

815 3125 1038 3199 perent
1075 3135 1112 3178 a
1154 3113 1363 3197 primo
1411 3120 1656 3195 agente,
1699 3121 1760 3176 et
1806 3113 1980 3177 aliud
2023 3134 2060 3177 a
2101 3114 2311 3178 causis

815 3216 1134 3290 secundiS,
1175 3223 1237 3277 et
1287 3232 1489 3275 unum
1539 3214 1738 3295 priuS,
1784 3214 1957 3275 aliud
2008 3232 2156 3277 vero
2205 3232 2313 3295 po-

816 3315 1082 3392 sterius3
1123 3322 1186 3375 et
1214 3311 1395 3395 quasi
1433 3332 1632 3373 unum
1673 3311 1929 3375 illorum
1969 3332 2106 3375 esse
2145 3322 2313 3375 esset

815 3412 1267 3485 necessarium,
1299 3411 1599 3493 aliudque
1630 3412 2021 3493 contingens
2047 3413 2180 3474 Imo
2212 3431 2316 3494 po-

815 3512 942 3574 tius
985 3531 1182 3573 unum
1215 3518 1277 3572 et
1308 3510 1476 3572 idem
1517 3528 1629 3591 per
1659 3509 2197 3591 comparationem
2234 3512 2311 3573 ad

816 3610 1088 3693 primam
1130 3628 1386 3671 causam
1426 3616 1488 3670 et
1526 3609 1604 3670 ad
1645 3609 2106 3689 praescientiam
2146 3610 2309 3689 ejuS,

816 3708 1017 3772 fertur
1046 3708 1474 3770 necessarium
1491 3725 1508 3787 ;
1539 3715 1603 3768 et
1632 3726 1744 3788 per
1773 3708 2311 3789 comparationem

817 3809 896 3871 ad
941 3827 1160 3870 causas
1204 3805 1522 3868 naturales
1565 3824 1639 3867 ac
1684 3806 2026 3887 proximas,
2069 3807 2313 3869 contin-

817 3926 991 3987 gens,
1034 3942 1113 3951 —
1163 3905 1256 3967 Ad
1303 3904 1428 3966 alia
1473 3904 1600 3967 duo
1647 3903 1874 3967 ultima
1929 3907 2314 3988 responden-

820 4005 996 4078 dum,
1042 4005 1211 4087 quod
1258 4003 1449 4065 etiam
1500 4002 1850 4065 materialia
1897 4011 1960 4065 et
2008 4004 2317 4086 corrupti-

822 4104 976 4166 bilia
1003 4122 1075 4165 ac
1109 4102 1361 4185 proprie
1393 4101 1843 4182 contingentia,
1863 4103 1916 4163 si
1949 4102 2313 4166 immediate

2423 3124 2563 3178 ctus
2610 3115 2696 3179 ita
2743 3115 3115 3198 contingens
3165 3136 3292 3180 non
3340 3119 3627 3200 procedit
3670 3117 3734 3181 in
3780 3139 3935 3184 esse

2424 3216 2547 3278 nisi
2598 3224 2826 3297 praeter
2873 3214 3313 3292 intentionem,
3367 3236 3481 3300 per
3528 3220 3935 3283 voluntatem

2422 3312 2687 3394 agentiS,
2722 3321 2788 3375 ut
2832 3314 2895 3375 in
2938 3312 3241 3389 fortuitiS,
3274 3316 3373 3379 vel
3417 3316 3659 3399 absque
3698 3318 3933 3381 volun-

2424 3420 2571 3487 tate,
2604 3412 2767 3474 sicut
2798 3412 2863 3474 in
2896 3413 3276 3476 casualibus
3314 3415 3481 3477 Deus
3514 3424 3728 3479 autem
3768 3437 3937 3499 prae-

2426 3520 2521 3573 ter
2580 3510 2998 3573 intentionem
3057 3512 3149 3573 nil
3206 3512 3355 3594 agit,
3416 3520 3479 3576 et
3537 3523 3765 3596 praeter
3820 3517 3935 3579 in-

2423 3610 2771 3673 tentionem
2817 3610 2915 3671 vel
2960 3611 3422 3674 ordinationem
3474 3614 3565 3674 nil
3612 3614 3691 3676 fit
3732 3635 3745 3678 :
3789 3616 3935 3680 imo

2423 3727 2844 3791 quaecumque
2881 3728 2918 3770 6
2956 3727 3106 3771 6636
3146 3717 3209 3771 et
3238 3718 3465 3792 praeter
3502 3711 3935 3777 intentionem

2422 3806 2592 3869 fiunt
2639 3826 2675 3869 a
2725 3807 2934 3869 causis
2981 3807 3417 3883 inferioribuS,
3462 3810 3711 3873 ordinat
3758 3811 3931 3893 ipse,

2423 3906 2777 3987 Augustino
2818 3925 3010 3988 super
3058 3925 3298 3970 nonum
3352 3908 3669 3989 psalmum
3710 3910 3937 3975 dicen-

2428 4012 2487 4065 te
2532 4022 2546 4066 :
2590 4004 2862 4067 Omnino
2900 4005 2978 4066 ad
3018 4005 3252 4068 divinae
3301 4007 3716 4088 providenti-‘e
3764 4009 3935 4091 regi·

2426 4122 2572 4164 men
2607 4103 2991 4177 referuntur,
3021 4124 3161 4186 quae
3191 4105 3367 4167 stulti
3400 4124 3551 4169 casu
3580 4125 3653 4169 ac
3684 4116 3933 4172 temere

823 4203 1253 4285 producantur
1285 4219 1322 4261 a
1359 4200 1508 4274 Dec,
1542 4200 1778 4262 habent
1815 4201 2311 4282 contingentiam
2345 4207 2394 4268 D
2423 4212 2486 4266 et
2524 4204 2700 4265 nulla
2741 4203 3289 4267 administratione
3330 4205 3475 4267 fieri
3524 4215 3767 4287 putant..
3808 4208 3939 4271 Ve-

821 4320 936 4383 per
985 4308 1344 4382 respectum
1393 4300 1471 4361 ad
1523 4298 1810 4381 proprias
1868 4301 2313 4383 naturalesque

819 4418 1063 4473 666363,
1097 4399 1217 4463 hoc
1246 4405 1342 4460 est
1371 4398 1450 4460 ad
1480 4397 1794 4479 principia
1827 4417 1940 4459 sua
1971 4398 2315 4462 intrinseca

817 4496 1278 4571 substantialia,
1319 4496 1611 4578 quamvis
1655 4512 1783 4557 non
1825 4497 1904 4557 ad
1948 4514 2167 4560 causas
2211 4516 2314 4559 ex-

815 4595 1120 4658 trinsecas
1167 4594 1496 4657 effectivas
1550 4612 1564 4656 :
1616 4601 1887 4676 quatuor
1932 4595 2107 4657 enim
2163 4604 2313 4658 sunt

814 4714 1020 4759 causae
1049 4713 1286 4767 rerum,
1310 4694 1450 4756 duae
1481 4692 1862 4766 intrinsecae,
1886 4694 2025 4756 duae
2057 4712 2312 4777 quoque

813 4795 1202 4857 extrinsecae.
1236 4793 1380 4855 Haec
1424 4792 1816 4854 tantumdem
1857 4792 2136 4855 breviter
2177 4794 2313 4855 teti—

811 4892 979 4974 gisse
999 4958 1002 4961 ,
1023 4891 1324 4956 sufficiat.

903 5091 1225 5155 Postremo
1284 5089 1592 5152 Henricus
1653 5088 2029 5163 Quodlibeto
2087 5096 2312 5152 octavo

819 5196 1030 5252 movet
1070 5189 1233 5251 hanc
1276 5188 1692 5271 quaestionem
1727 5208 1740 5253 :
1775 5189 1994 5251 Utrum
2039 5186 2311 5251 effectus

819 5288 1192 5367 contingens
1234 5296 1447 5369 posset
1488 5286 1630 5350 fieri
1676 5287 2038 5349 immediate
2080 5306 2116 5348 a
2158 5286 2305 5349 Deo.

2424 4310 2784 4363 rumtamen
2818 4302 2987 4363 circa
3016 4302 3139 4364 hoc
3170 4310 3377 4384 potest
3406 4303 3735 4386 distingui,
3768 4325 3935 4388 quo-

2423 4402 2594 4463 niam
2632 4401 2775 4463 fieri
2809 4401 2952 4463 talis
2986 4400 3258 4463 effectus
3299 4410 3508 4484 potest
3538 4403 3932 4468 considerari

2422 4500 2765 4581 dupliciter
2811 4519 2824 4563 :
2873 4500 3102 4581 primo,
3144 4508 3453 4581 quantum
3504 4503 3583 4564 ad
3631 4502 3935 4566 substan-

2420 4597 2574 4659 tiam
2620 4595 2802 4675 facti3
2846 4598 3148 4672 secundo,
3184 4606 3494 4679 quantum
3536 4601 3615 4662 ad
3660 4601 3933 4665 modum

2422 4717 2611 4760 suum
2666 4697 3051 4779 procedendi
3108 4697 3172 4759 in
3221 4716 3361 4760 esse
3408 4698 3489 4760 ab
3536 4707 3759 4780 agente
3808 4699 3937 4763 im-

2422 4796 2711 4858 mediate.
2744 4794 2954 4858 Primo
2997 4795 3186 4858 modo
3229 4794 3306 4857 fit
3348 4815 3384 4857 a
3427 4795 3555 4858 Deo
3606 4797 3933 4862 mediante

2419 4901 2643 4977 agente
2675 4893 3002 4977 proxim03
3035 4901 3099 4955 et
3129 4893 3274 4956 fieri
3315 4901 3525 4976 potest
3557 4894 3933 4960 immediate

2419 5014 2457 5057 a
2500 4995 2648 5069 Deo,
2691 4991 2983 5075 quamvis
3028 5010 3155 5054 non
3205 5000 3435 5074 praeter
3478 4992 3927 5060 intentionem.

2420 5092 2540 5155 Sed
2577 5090 2857 5153 secundo
2889 5091 3075 5153 modo
3106 5109 3509 5171 nequaquam
3551 5091 3628 5153 fit
3660 5110 3775 5155 666
3806 5092 3930 5155 fie-

2420 5190 2473 5251 ri
2518 5196 2725 5271 potest
2767 5207 2805 5250 a
2846 5188 2995 5262 Deo,
3038 5207 3157 5250 nec
3200 5188 3495 5263 mediate,
3538 5207 3656 5251 nec
3700 5190 3927 5254 imme-

2421 5287 2609 5361 diate,
2672 5286 2837 5350 sicut.
2894 5293 3220 5349 ostensum
3280 5292 3398 5361 est,
3459 5295 3524 5349 et
3581 5286 3731 5369 quia
3792 5306 3929 5352 non
