4359 6250
992 516 1079 561 AN
1120 514 1431 562 VOLUNTAS
1474 515 1576 562 nm
1616 511 1709 561 su·
1750 512 2079 562 EFFECTWA
2126 516 2198 561 ET
2239 512 2512 564 PnoxmA
2553 512 2749 563 CAUSA
2791 512 2996 565 RERUM

3423 502 3546 566 609

445 683 741 746 tellectus
776 704 789 748 :
824 704 973 766 ergo
1018 685 1431 767 intelligendo
1472 685 1729 748 creavit.
1768 686 1941 747 Unde
1971 685 2025 749 A
2056 706 2268 749 rerum
2343 706 2531 750 causa
2598 708 2790 769 quam
2859 690 3158 771 potentia.
3221 725 3302 734 —
3357 689 3433 751 Et
3492 689 3544 750 si

442 789 505 843 et
544 782 911 866 philosophi
956 794 1405 867 protestantur,
1441 787 1607 869 quod
1648 786 1809 849 Deus
1849 794 1945 847 est

446 878 811 971 intellectus
858 882 1303 946 universaliter
1324 879 1556 965 'agens

522 978 593 1039 In
653 980 1041 1043 contrarium
1102 990 1252 1044 sunt
1302 1002 1443 1065 quae
1504 982 1819 1045 habentur
1877 982 1943 1045 in

444 1074 675 1139 littera.

522 1272 618 1335 Ad
671 1274 805 1337 haec
852 1275 1122 1339 Thomas
1172 1280 1511 1359 respondet
1556 1298 1569 1342 :
1623 1279 1793 1361 Opus
1842 1280 1945 1340 de-

446 1371 861 1435 terminatum
918 1392 1045 1437 non
1103 1377 1427 1457 egreditur
1480 1377 1601 1439 nisi
1656 1397 1690 1438 a
1741 1377 1944 1439 deter-

446 1470 689 1533 minato
735 1481 977 1553 agente.
1026 1475 1172 1538 Ideo
1222 1476 1391 1557 quod
1438 1484 1533 1538 est
1583 1484 1827 1537 tantum
1879 1477 1945 1538 in

444 1570 753 1649 potentia,
790 1589 915 1633 non
954 1573 1103 1653 agit,
1142 1574 1292 1655 quia
1329 1594 1397 1636 se
1436 1573 1625 1636 habet
1674 1574 1945 1637 indeter-

448 1666 689 1729 minate
718 1669 794 1730 ad
829 1670 1062 1750 multa3
1094 1672 1203 1733 sed
1235 1671 1619 1754 forma,qua3
1648 1680 1745 1734 est
1768 1680 1946 1735 actus

446 1766 797 1848 potentiam
846 1768 1299 1843 determinanS,
1348 1771 1739 1853 principium
1789 1771 1947 1833 dici-

2054 793 2393 866 quaeratur,
2446 806 2645 867 quum
2696 788 2987 849 voluntas
3037 788 3119 849 sit
3166 807 3356 850 causa
3404 806 3550 851 con-

2052 882 2328 963 tingens,
2373 891 2590 965 utpote
2630 904 2696 946 se
2735 885 2814 946 ad
2859 884 3234 947 utrumlibet
3282 885 3544 959 habenS‚

2054 982 2374 1062 quomodo
2434 982 2632 1063 possit
2688 1001 2827 1044 esse
2884 981 2963 1043 ab
3024 1002 3097 1044 ea
3153 982 3549 1045 necessarius

2053 1078 2370 1157 effectus3
2430 1079 2796 1155 dicendum,
2858 1080 3026 1162 quod
3085 1080 3378 1143 voluntas
3436 1080 3550 1142 Dei

2054 1176 2248 1237 etiam
2281 1176 2471 1239 habet
2501 1176 3210 1248 immutabilitatem‚ita
3240 1178 3408 1260 quod
3440 1179 3552 1240 im·

2058 1274 2379 1337 mobiliter
2409 1276 2684 1338 adhaeret
2715 1276 2772 1337 ei
2805 1277 2974 1357 quod
3005 1276 3181 1337 vult:
3207 1296 3399 1357 quam
3433 1276 3550 1337 im-

2058 1372 2474 1436 mobilitatem
2524 1374 2857 1435 imitantur
2898 1393 2972 1436 ea
3015 1394 3154 1456 quae
3197 1374 3550 1436 necessaria

2055 1478 2207 1533 sunt
2251 1470 2315 1533 in
2358 1469 2568 1532 rebus,
2605 1470 2748 1533 Haec
2791 1470 3062 1533 Thomas
3105 1471 3170 1532 in
3213 1471 3480 1553 Scripto.

2135 1570 2403 1650 Insuper
2445 1568 2512 1629 in
2562 1568 2770 1649 prima
2818 1576 2996 1649 parte
3039 1570 3338 1643 Summae,
3382 1589 3549 1651 quae-

2056 1667 2261 1729 stione
2307 1667 2744 1740 nonadecima,
2778 1666 3023 1741 scribit,
3059 1668 3260 1730 Deum
3299 1686 3412 1748 per
3447 1686 3550 1730 vo-

2056 1766 2530 1837 lunt.atem,non
2562 1783 2639 1826 ex
2671 1765 3044 1827 necessitate
3073 1774 3544 1847 naturae,agere.

446 1872 553 1925 tur
596 1864 885 1927 actioniS.
933 1866 1177 1929 Idcirco
1219 1868 1283 1929 in
1328 1869 1628 1931 omnibus
1674 1887 1945 1951 quorum
1981 1867 2028 1930 B
2056 1863 2268 1926 Primo
2316 1870 2487 1944 patet
2536 1882 2612 1925 ex
2661 1862 2882 1925 ordine
2931 1882 3266 1926 causarum
3317 1866 3553 1945 agenti-

445 1961 655 2024 activa
702 1964 983 2044 potentia
1028 1964 1446 2028 determinata
1482 1974 1578 2028 est
1618 1967 1693 2028 ad
1745 1986 1945 2030 unum

448 2059 782 2135 effectum,
815 2061 980 2123 nihil
1010 2063 1360 2143 requiritur
1388 2083 1464 2126 ex
1498 2072 1673 2145 parte
1703 2065 1947 2145 agentis

451 2158 529 2219 ad
558 2159 877 2239 agendum
916 2180 1110 2241 supra
1149 2161 1530 2244 completam
1571 2162 1943 2243 potentiam,

451 2255 805 2319 dummodo
837 2275 965 2319 non
1006 2258 1086 2320 sit
1118 2278 1193 2321 ex
1229 2268 1405 2342 parte
1434 2260 1803 2342 recipientis
1835 2261 1949 2322 im-

452 2354 895 2434 pedimentum
943 2356 1021 2418 ad
1071 2357 1190 2419 hoc
1234 2358 1401 2441 quod
1452 2366 1755 2441 sequatur
1792 2358 1946 2420 effe-

451 2460 591 2513 ctus
644 2470 659 2514 :
712 2461 780 2514 ut
832 2462 1005 2535 patet
1053 2456 1118 2517 in
1170 2457 1419 2519 cunctis
1478 2456 1810 2537 agentibus
1868 2474 1945 2518 ex

452 2552 829 2614 necessitate
860 2561 1104 2615 naturae.
1120 2555 1405 2616 Potentia
1432 2573 1581 2617 vero
1612 2555 1719 2617 Dei
1754 2574 1945 2637 quum

450 2648 533 2709 sit
580 2648 859 2725 infinita,
911 2669 1037 2713 non
1098 2653 1298 2732 magis
1356 2654 1811 2715 determinatur
1866 2653 1945 2715 ad

448 2746 569 2809 hoc
600 2767 793 2829 quam
826 2749 905 2811 ad
936 2750 1116 2823 illud,
1142 2769 1260 2813 nec
1288 2770 1365 2813 ex
1396 2759 1573 2834 parte
1604 2753 1814 2833 operis
1845 2751 1943 2813 sui

450 2844 1047 2910 determinationem
1104 2847 1395 2930 accipere
1454 2857 1682 2931 potest,
1742 2870 1943 2931 quum

448 2943 643 3006 etiam
693 2945 965 3009 formam
1014 2955 1077 3009 et
1127 2949 1455 3010 materiam
1515 2966 1626 3010 seu
1682 2948 1947 3030 recepti·

2062 1980 2189 2022 um.
2243 1962 2446 2034 Quum
2499 1962 2670 2023 enim
2720 1967 2944 2023 natura
2991 1980 3117 2024 non
3167 1979 3553 2042 cognoscens

2058 2060 2280 2133 finem,
2313 2067 2454 2141 agat
2493 2068 2752 2142 propter
2790 2059 3014 2135 finem,
3050 2070 3120 2122 ut
3164 2061 3227 2122 in
3273 2062 3554 2124 secundo

2058 2158 2294 2221 dicitur
2350 2158 2786 2240 physicorum,
2849 2165 3100 2239 oportet
3157 2166 3227 2219 ut
3283 2160 3342 2221 ei
3403 2159 3554 2222 finis

2058 2256 2650 2339 praedeterminetur
2680 2264 2743 2317 et
2773 2257 2849 2318 de
2883 2257 3109 2318 mediis
3151 2258 3552 2339 pertingendi

2055 2354 2133 2414 ad
2190 2353 2390 2416 finem
2450 2354 2860 2436 provideatur
2908 2373 2944 2415 a
2995 2373 3184 2416 causa
3239 2354 3552 2436 superiori

2057 2471 2171 2533 per
2212 2453 2608 2515 intellectum
2650 2460 2711 2514 et
2740 2454 3133 2516 voluntatem
3171 2460 3414 2533 agente.
3450 2452 3553 2516 Se·

2058 2551 2287 2625 cundo,
2339 2551 2492 2633 quia
2541 2551 2756 2613 omnia
2812 2551 3258 2632 praeexsistunt
3307 2551 3372 2611 in
3424 2551 3552 2613 Deo

2059 2648 2570 2712 intellectualiter
2601 2657 2661 2711 et
2693 2650 3000 2724 idealiter,
3035 2649 3274 2712 idcirco
3303 2650 3550 2732 sapien·

2058 2748 2293 2809 tialiter
2335 2755 2398 2809 et
2436 2748 2634 2810 libere
2673 2756 2973 2810 emanant
3005 2747 3085 2810 ab
3124 2748 3282 2829 ipso.
3317 2747 3548 2823 Terti0,

2058 2847 2207 2927 quia
2244 2853 2468 2908 natura
2497 2846 2954 2909 determinatur
2990 2847 3068 2907 ad
3107 2864 3344 2927 unum3
3385 2847 3552 2909 Deus

2056 2953 2268 3006 autem
2301 2953 2398 3006 est
2427 2964 2564 3007 esse
2598 2945 3082 3019 incontractum,
3097 2963 3352 3007 omnem
3385 2945 3451 3008 in
3483 2964 3550 3008 se

450 3061 602 3104 vum
652 3043 790 3126 ipse
831 3045 1155 3127 producat.
1200 3046 1359 3108 Hinc
1401 3065 1595 3130 supra
1634 3047 1943 3109 rationem
1977 3052 2019 3115 C
2056 3043 2516 3126 perfectionem
2565 3043 2816 3106 essendi
2864 3042 3342 3126 simplicissime
3385 3062 3554 3106 com·

450 3141 751 3222 potentiae
786 3150 1033 3224 oportet
1060 3143 1303 3225 aliquid
1342 3162 1481 3206 esse
1516 3163 1629 3226 per
1659 3145 1827 3226 quod
1864 3145 1942 3207 ad

446 3256 611 3319 opus
651 3239 1111 3302 determinetur
1144 3261 1159 3304 z
1192 3248 1255 3304 et
1291 3241 1411 3304 hoc
1454 3251 1550 3304 est
1588 3261 1703 3325 per
1742 3243 1945 3304 scien·

446 3335 627 3409 tiam,
660 3356 803 3417 quae
842 3339 1167 3420 propriam
1207 3340 1297 3402 rei
1336 3341 1593 3420 agendae
1632 3341 1942 3403 rationem

449 3436 793 3514 cognoscit.
839 3437 960 3498 Sed
1008 3437 1159 3519 quia
1206 3431 1472 3502 scientia
1519 3459 1585 3502 se
1632 3439 1824 3502 habet.
1864 3441 1939 3502 ad

446 3533 764 3615 opposita,
797 3535 1099 3616 quoniam
1132 3544 1227 3598 est
1253 3537 1565 3601 bonorum
1594 3547 1784 3621 atque
1818 3559 1945 3602 ma·

447 3632 693 3710 lorum3
745 3633 983 3696 idcirco
1039 3643 1286 3718 oportet
1331 3636 1537 3699 adhuc
1587 3639 1939 3700 secundum

448 3731 761 3793 rationem
807 3733 1047 3815 aliquid
1092 3735 1321 3797 addere
1361 3735 1424 3796 in
1466 3753 1594 3816 quo
1633 3737 1946 3818 complea-

446 3836 554 3892 tur
591 3830 753 3893 ratio
781 3848 987 3894 causae
1022 3852 1035 3896 :
1068 3840 1132 3894 et
1162 3833 1281 3896 hoc
1320 3841 1416 3895 est
1446 3835 1759 3909 voluntaS,
1794 3838 1945 3918 quia
1980 3899 1985 3904 ,

446 3927 868 3990 determinate
910 3949 1110 3991 unum
1148 3931 1381 4013 accipit
1409 3950 1487 3993 ex
1518 3931 1767 3994 duobus
1801 3953 1943 4014 quae

445 4025 566 4087 scit
596 4025 699 4088 vel
741 4034 967 4108 potest.
1001 4027 1160 4090 Hinc
1203 4028 1483 4110 perfecta
1531 4031 1689 4092 ratio
1731 4049 1945 4095 causa-

448 4125 647 4187 litatis
678 4125 741 4187 in
773 4125 873 4188 his
904 4145 1046 4207 quae
1076 4145 1203 4188 non
1235 4137 1429 4207 agunt
1458 4147 1535 4190 ex
1567 4131 1942 4193 necessitate

2056 3143 2458 3224 prehendens
2493 3162 2508 3206 ε
2543 3160 2671 3205 non
2701 3161 2851 3223 ergo
2882 3142 3082 3204 instar
3119 3150 3358 3206 naturae
3389 3143 3552 3205 limi-

2054 3248 2226 3303 tatur
2279 3242 2357 3304 ad
2417 3261 2643 3316 unum,
2706 3241 2814 3304 sed
2880 3241 3068 3304 modo
3125 3240 3546 3316 nobilissimo,

2054 3347 2273 3421 utpote
2333 3339 2864 3414 intellectualiter,
2916 3349 3139 3422 sponte
3195 3358 3270 3401 ac
3329 3339 3546 3415 libere,

2054 3447 2370 3520 operatur.
2404 3474 2486 3483 —
2513 3438 2964 3500 Verumtamen
3003 3458 3204 3519 quum
3245 3438 3328 3500 sit
3361 3456 3550 3500 causa

2054 3556 2308 3599 summa
2356 3545 2420 3598 et
2467 3535 2868 3609 universaliS,
2919 3535 3218 3598 omnibus
3267 3536 3547 3598 influens

2055 3635 2449 3716 singulisque
2476 3635 2658 3715 juxta
2686 3653 2909 3696 eorum
2939 3635 3353 3715 capacitatem
3385 3635 3548 3697 dona

2053 3753 2125 3796 ac
2158 3732 2402 3795 lumina
2437 3752 2549 3794 sua
2581 3731 3085 3804 communicanS,
3120 3731 3179 3794 S.
3209 3731 3546 3815 Dionysius

2056 3839 2280 3913 quarto
2307 3831 2384 3892 de
2416 3830 2662 3892 Divinis
2697 3828 3068 3891 nominibus
3099 3829 3377 3910 capitulo
3407 3847 3549 3892 con-

2054 3937 2364 3992 testatur:
2399 3927 2943 4003 Quemadmodum
2989 3928 3081 3990 sol
3126 3945 3254 3990 non
3299 3929 3545 3991 ratioci-

2055 4048 2212 4090 nans
2242 4047 2448 4111 neque
2481 4027 2875 4110 praeeligenS,
2899 4046 2975 4088 ex
3005 4047 3120 4089 sua
3147 4027 3544 4108 plenitudine

2054 4127 2300 4188 cunctis
2332 4125 2673 4208 capacibus
2703 4125 2910 4187 radios
2941 4143 3088 4187 suos
3120 4124 3427 4204 infundit3
3450 4125 3542 4187 sic

446 4231 712 4297 naturae,
745 4223 953 4305 primo
982 4224 1047 4286 in
1077 4226 1399 4289 voluntate
1432 4227 1743 4303 consistit,
1777 4230 1943 4291 sicut
1972 4233 2021 4295 D
2054 4225 2294 4289 bonum
2345 4225 2635 4287 divinum
2686 4242 2800 4305 per
2847 4243 3026 4286 suam
3077 4231 3366 4287 naturam
3413 4242 3544 4287 om·

448 4320 792 4384 undecimo
820 4321 1262 4405 Metaphysicae
1290 4323 1451 4386 dixit
1481 4324 1937 4408 Philosophus:

447 4427 509 4482 et
538 4419 663 4482 hoc
702 4421 1000 4482 convenit
1029 4421 1339 4483 voluntati
1380 4422 1445 4484 in
1476 4425 1795 4504 'quantum
1832 4425 1941 4487 ob-

444 4519 689 4599 jectum
734 4519 877 4600 ejus
923 4527 1020 4581 est
1068 4519 1243 4594 finis,
1277 4520 1387 4602 qui
1428 4530 1523 4584 est
1566 4541 1757 4585 causa
1796 4544 1942 4586 cau-

447 4637 686 4691 sarum,
747 4625 811 4679 et
870 4637 907 4679 a
967 4635 1095 4699 quo
1162 4619 1438 4680 sumitur
1498 4621 1942 4685 determinatio

446 4717 680 4798 operis.
725 4716 871 4778 ldeo
916 4716 1228 4779 voluntati
1278 4717 1510 4781 divina}
1557 4720 1944 4783 adscribitur

448 4815 785 4877 causalitas
814 4815 1217 4877 rerum.Nam
1250 4823 1312 4877 et
1344 4817 1626 4880 voluntas
1654 4827 1748 4880 est
1778 4819 1946 4901 prin-

449 4913 694 4995 cipium
742 4912 1129 4994 operationis
1179 4921 1248 4975 ut
1293 4914 1572 4995 primum
1622 4916 1941 4998 imperans

446 5030 631 5094 opuS‚
672 5011 959 5094 potentia
1006 5029 1156 5074 vero
1206 5019 1277 5074 ut
1324 5032 1709 5095 exsequens;
1754 5024 1941 5097 atque

451 5113 515 5174 in
558 5111 679 5174 hoc
719 5109 1012 5172 consistit
1043 5111 1342 5192 potentiae
1380 5111 1559 5187 ratio,
1596 5119 1664 5172 ut
1693 5113 1776 5174 sit
1805 5131 1945 5195 pro-

449 5211 696 5273 ximum
760 5209 1154 5292 principium
1210 5209 1443 5291 operiS,
1506 5218 1569 5272 et
1626 5229 1753 5273 non
1812 5212 1942 5293 pri-

450 5328 627 5372 mum
663 5326 677 5370 ε
712 5307 933 5390 sicque
974 5308 1267 5370 voluntas
1310 5307 1419 5369 Dei
1459 5308 1691 5370 dicitur
1733 5310 1943 5390 potius

694 5442 759 5494 T.
798 5441 875 5495 20.

2052 4324 2245 4386 nibus
2291 4323 2498 4386 radios
2541 4343 2672 4385 suae
2716 4322 3014 4384 bonitatis
3057 4322 3366 4386 immittit.
3399 4324 3544 4387 Haec

2053 4424 2119 4485 in
2181 4424 2463 4485 Summa.
2513 4457 2595 4467 —-
2649 4421 2766 4494 Qui
2823 4429 2886 4483 et
2944 4421 3010 4483 in
3071 4423 3332 4485 Summa
3393 4441 3544 4486 con·

2052 4529 2147 4584 tra
2184 4521 2475 4602 gentiles,
2511 4520 2673 4583 libro
2711 4520 3012 4594 secundo,
3044 4521 3124 4583 de
3152 4521 3253 4583 his
3288 4521 3544 4605 plenius

2053 4619 2297 4683 scribit.

2131 4718 2436 4780 Praeterea
2477 4717 2826 4779 Richardus
2870 4717 2974 4778 hic
3015 4717 3344 4800 loquitur:
3377 4719 3544 4781 Deus

2050 4825 2148 4878 est
2195 4816 2486 4878 omnium
2543 4814 2856 4877 bonorum
2907 4822 3308 4877 causatorum
3355 4833 3546 4878 causa

2052 4915 2260 4997 prima
2292 4932 2408 4995 per
2435 4932 2612 4975 suam
2649 4913 3024 4993 sapientiam
3055 4912 3456 4994 dirigentem,
3480 4923 3544 4976 et

2053 5031 2167 5096 per
2214 5013 2608 5075 voluntatem
2666 5009 3108 5092 imperantem,
3160 5018 3224 5072 et
3271 5031 3386 5093 per
3432 5031 3543 5094 po-

2052 5110 2318 5174 tentiam
2348 5116 2821 5190 exsequentem,
2840 5108 3190 5170 secundum
3221 5110 3390 5191 quod
3423 5112 3546 5192 pri·

2056 5227 2159 5272 mo
2209 5209 2374 5271 libro
2421 5207 2498 5268 de
2549 5206 2967 5269 Sacramentis
3023 5206 3250 5269 asserit
3293 5207 3471 5290 Hugo
3523 5227 3538 5272 z

2054 5309 2260 5382 Quum
2292 5307 2419 5368 sint
2448 5305 2569 5368 tria
2602 5305 2664 5366 in
2695 5306 2844 5378 Det),
2877 5304 3206 5387 sapientia,
3236 5308 3538 5388 potentia,

3232 5443 3296 5502 39

3641 1686 3722 1725 art..

3748 1686 3788 1724 4.
