4359 6250
585 486 883 546 omum
923 487 1119 538 οιιΝιᾼ
1161 487 1296 539 sim·
1337 491 1402 538 ιΝ
1441 485 1562 537 nno
1603 485 1926 537 intem-rm
1964 485 2164 546 Arene
2205 483 2597 551 GAusAm‘mn,
2639 483 2713 537 ΕΤ
2753 481 2897 546 omn
2938 492 3031 538 srr
3071 491 3217 537 mna
3324 465 3439 538 401

365 665 472 732 cto,
518 660 688 740 quod
735 668 832 723 est
879 671 1182 725 creatura.
1236 664 1404 725 Inter
1451 664 1584 725 haec
1633 662 1841 728 solum
1871 662 1922 724 A
1951 661 2289 744 specificas
2335 682 2409 724 ac
2457 664 2744 746 proprias
2793 664 2907 737 eiS,
2950 681 3077 726 non
3122 679 3305 746 posse
3354 663 3446 726 di-

363 755 670 836 objectum
722 766 926 840 potest
977 760 1210 824 habere
1259 761 1566 823 rationem
1615 761 1771 823 ideae
1823 779 1838 824 ε

363 854 500 936 quia
545 855 686 918 idea
732 865 828 937 est
884 861 1212 942 exemplar
1257 861 1336 922 ad
1384 861 1552 942 quod
1613 860 1842 923 artifex

361 954 704 1035 adspiciens
753 966 1093 1038 operat-ur3
1143 959 1207 1021 id
1262 967 1476 1021 autem
1536 959 1612 1021 ad
1670 959 1840 1040 quod

363 1051 607 1134 inspicit
639 1054 1020 1130 intellectus»,
1054 1065 1152 1119 est
1183 1057 1324 1138 ejus
1355 1057 1706 1139 objectum,
1742 1057 1842 1118 ni-

363 1150 566 1232 hilque
603 1152 777 1215 aliud
815 1155 938 1216 nisi
979 1163 1048 1218 ut
1087 1156 1278 1218 habet
1318 1157 1626 1219 rationem
1668 1155 1842 1237 obje-

364 1249 454 1310 cti.
485 1251 557 1313 In
588 1251 772 1314 nobis
804 1272 1058 1335 quoque
1091 1254 1251 1328 idea,
1285 1256 1636 1318 secundum
1673 1255 1844 1337 quod

364 1365 582 1410 nomen
625 1349 780 1415 ideae
817 1351 1032 1432 aliquo
1071 1353 1259 1415 modo
1298 1353 1506 1415 locum
1547 1353 1735 1416 habet
1778 1353 1840 1415 in

363 1447 556 1523 nobis„
608 1468 736 1514 non
787 1461 882 1512 est
939 1452 1098 1515 ratio
1148 1473 1262 1515 seu
1311 1454 1559 1534 species
1613 1454 1844 1516 intelli-

361 1547 533 1627 gendi
587 1568 731 1630 quae
782 1567 911 1612 non
965 1558 1060 1612 est
1111 1551 1248 1633 ipsa
1301 1571 1401 1613 res
1455 1551 1774 1614 intellecta
1825 1571 1840 1616 ε

361 1646 496 1726 quia
537 1647 616 1708 ad
661 1649 970 1710 rationem
1013 1657 1078 1711 et
1120 1651 1400 1731 speciem
1447 1649 1842 1730 intelligendi

361 1743 442 1804 sic
493 1753 842 1827 sumptam,
895 1767 1221 1829 nunquam
1285 1748 1542 1830 inspicit
1601 1749 1843 1810 intelle-

1951 760 2167 824 vinam
2218 761 2452 824 habere
2500 763 2840 824 essentiam
2892 781 3005 844 pro
3057 763 3196 825 idea
3236 779 3251 823 ε
3294 761 3447 843 quia

1952 878 2080 924 non
2121 869 2389 943 possunt
2427 880 2493 922 se
2531 861 2764 924 habere
2804 862 2881 924 ad
2925 863 3124 924 Deum
3168 861 3292 923 nisi
3333 861 3445 922 ob·

1949 958 2203 1040 jective.
2257 960 2492 1022 Iterum
2542 961 2650 1034 ait,
2696 961 2866 1041 quod
2916 960 3073 1022 ideae
3121 979 3247 1023 non
3297 965 3449 1021 sunt

1953 1057 2016 1118 in
2050 1058 2178 1121 Deo
2200 1059 2507 1139 ponenda>
2537 1066 2607 1120 ut
2635 1059 2763 1121 sint
2793 1058 3181 1140 principium
3224 1074 3450 1138 cogno-

1953 1156 2170 1218 scendi
2196 1174 2213 1235 3
2243 1165 2307 1218 et
2346 1157 2521 1228 item,
2564 1158 2733 1239 quod
2774 1158 2939 1219 Deus
2980 1176 3105 1220 non
3148 1156 3448 1236 intelligit

1954 1273 2053 1316 res
2084 1273 2200 1336 per
2229 1274 2411 1317 suam
2441 1255 2781 1318 essentiam
2814 1263 3002 1338 prout
3032 1275 3146 1318 sua
3174 1255 3449 1318 essentia

1953 1360 2046 1414 est
2077 1353 2405 1434 exemplar
2432 1362 2541 1415 aut
2580 1354 2933 1416 similitudo
2961 1373 3203 1428 earum,
3235 1353 3344 1416 sed
3378 1360 3448 1415 ut

1953 1458 2049 1514 est
2090 1470 2281 1513 causa
2323 1452 2625 1534 ipsarum.

2034 1552 2103 1613 In
2162 1551 2262 1613 his
2309 1551 2521 1613 verbis
2579 1552 2857 1615 Durandi
2917 1545 3191 1634 plurima
3248 1553 3447 1615 conti-

1957 1656 2191 1710 nentur
2237 1667 2365 1711 non
2410 1649 2619 1712 solum
2662 1652 3078 1732 repugnantia
3121 1651 3340 1714 solidis
3384 1659 3448 1713 et

1957 1747 2441 1828 sapientialibus
2500 1748 2755 1829 scriptis
2815 1749 3283 1831 praecipuorum
3339 1750 3447 1813 do-

362 1850 485 1904 ctus
542 1842 830 1906 artificis
883 1845 1126 1909 Idcirco
1185 1846 1250 1907 in
1309 1846 1494 1908 nobis
1553 1847 1694 1908 idea
1749 1853 1844 1908 est
1881 1845 2228 1918 Betorum,
2261 1845 2924 1921 Alexandri,Thomae,
2958 1847 3223 1921 Alberti,
3259 1848 3454 1910 Bona·

363 1942 550 2024 ipsius
599 1943 962 2008 intellectus
1021 1944 1220 2007 nostri
1269 1943 1614 2025 objectum.
1669 1944 1844 2006 Unde

361 2049 416 2101 et
443 2041 504 2103 in
536 2042 664 2104 Deo
695 2043 1322 2126 proportionabiliter
1351 2050 1445 2104 est
1476 2042 1841 2116 dicendum,

362 2140 516 2218 quod
559 2140 805 2202 scilicet
843 2141 984 2203 idea
1015 2141 1080 2202 in
1113 2141 1252 2222 ipso
1289 2158 1414 2202 non
1454 2147 1550 2201 est
1587 2140 1746 2202 ratio
1784 2149 1846 2202 et

359 2236 594 2317 species
633 2238 1054 2319 intelligendi,
1087 2239 1197 2301 sed
1238 2238 1449 2320 ipsum
1492 2238 1840 2319 objectum.

360 2334 520 2405 Quod
566 2336 632 2397 in
676 2336 805 2398 Deo
856 2343 952 2398 est
1003 2336 1262 2418 duplex,
1312 2337 1608 2399 videlicet
1656 2354 1670 2398 :
1719 2337 1846 2418 pri-

362 2453 526 2496 mum
559 2442 620 2496 et
654 2434 1029 2517 principale,
1064 2436 1233 2517 quod
1265 2443 1359 2497 est
1390 2435 1610 2498 divina
1639 2453 1848 2498 essen-

361 2531 468 2610 tia,
495 2541 558 2594 et
589 2533 1061 2608 secundarium,
1096 2533 1265 2615 quod
1295 2541 1390 2596 est
1421 2553 1520 2596 res
1552 2533 1846 2596 creabilis

363 2632 451 2693 vel
481 2643 708 2695 ereata.
744 2633 890 2696 Ideo
920 2634 1398 2715 inquirendum,
1431 2633 1584 2715 quid
1616 2634 1843 2696 horum

361 2729 576 2794 habeat
615 2732 926 2794 rationem
960 2732 1136 2796 ideae.
1179 2768 1260 2778 -
1295 2733 1370 2794 Et
1417 2732 1670 2794 videtur
1719 2733 1846 2813 pri-

362 2849 456 2892 ma
488 2831 675 2907 facie,
718 2831 887 2913 quod
931 2850 1029 2894 res
1074 2830 1370 2894 creabilis
1415 2838 1485 2892 ut
1527 2830 1847 2893 intellecta

359 2945 392 2988 a
425 2928 568 3003 Dec,
611 2930 696 2991 sit
736 2929 876 2992 idea
913 2929 1011 2991 sui
1059 2929 1260 3010 ipsius
1312 2936 1381 2990 ut
1427 2927 1846 3010 producibilis

1957 1952 2261 2017 venturae,
2305 1950 2368 2005 et
2407 1952 2762 2007 ceterorum
2804 1965 2976 2008 nunc
3015 1946 3445 2027 praefatorum,

1956 2041 2066 2102 sed
2107 2042 2297 2103 etiam
2339 2041 2553 2104 verbis
2590 2042 2997 2114 divinissimi,
3038 2044 3449 2107 sacratissimi

1955 2147 2018 2201 et
2060 2140 2582 2221 theologicissimi
2629 2142 2933 2224 Dionysii,
2978 2143 3449 2225 illuminatique

1955 2238 2316 2319 Augustini,
2383 2239 2655 2302 aliorum
2727 2259 2981 2322 quoque
3051 2242 3446 2304 Sanctorum.

1955 2335 2201 2399 Praefati
2244 2337 2484 2419 quippe
2526 2339 2835 2412 doctoreS,
2878 2357 2954 2400 ex
2998 2338 3098 2401 his
3140 2357 3281 2421 quae
3327 2358 3452 2401 ma-

1955 2454 2117 2516 gnus
2147 2435 2486 2519 Dionysius
2516 2436 2739 2518 quinto
2770 2437 3050 2518 capitulo
3088 2439 3165 2499 de
3205 2438 3450 2500 Divinis

1956 2533 2180 2595 scribit
2209 2534 2600 2608 nominibuS,
2635 2535 2908 2617 probant
2934 2535 3104 2616 quod
3136 2535 3452 2618 exempla·

1957 2632 2051 2693 ria
2089 2651 2202 2695 seu
2236 2633 2390 2696 ideae
2422 2633 2487 2694 in
2519 2633 2648 2695 Deo
2685 2640 2834 2695 sunt
2874 2633 3027 2715 quid
3069 2633 3445 2710 increatum,

1955 2739 2017 2792 et
2061 2731 2632 2793 substantificatrix
2681 2732 2838 2794 ratio
2888 2740 3341 2806 creaturarum,
3388 2741 3452 2793 et

1955 2829 2163 2892 forma
2199 2829 2462 2892 omnino
2499 2829 2802 2912 perfecta,
2844 2830 2937 2892 nil
2979 2829 3219 2892 habens
3262 2839 3452 2892 mate-

1957 2929 2251 2991 rialitatis
2289 2947 2303 2992 ε
2343 2947 2615 3010 quorum
2655 2929 2905 2992 nullum
2946 2929 3241 2992 convenit
3286 2947 3455 2992 crea-

359 3033 447 3086 est
497 3028 576 3088 ad
637 3034 830 3089 extra.
884 3028 1028 3090 Idea
1079 3045 1356 3108 namque
1402 3033 1499 3088 est
1546 3027 1706 3088 ratio
1755 3026 1844 3088 rei
1883 3028 1926 3092 C
1957 3036 2036 3092 tae
2065 3026 2357 3090 essentiae
2390 3035 2458 3090 ut
2488 3027 2823 3091 intellectae
2852 3048 2889 3090 a
2918 3028 3221 3110 Deo,quae
3251 3027 3452 3090 solum

359 3126 513 3207 apud
563 3126 960 3189 intellectum
1009 3126 1320 3190 exsistens
1379 3126 1717 3207 objective,
1768 3126 1844 3188 ad

359 3224 532 3303 cujus
583 3223 1008 3287 imitationem
1054 3232 1149 3286 est.
1197 3224 1438 3306 aliquid
1488 3224 1850 3307 producibi-

361 3320 414 3382 le
457 3339 470 3382 :
520 3322 634 3384 sed
684 3328 970 3385 creatura
1017 3329 1088 3383 ut
1135 3323 1456 3386 intellecta
1504 3344 1540 3386 a
1586 3324 1714 3387 Deo
1764 3323 1849 3385 ita

358 3437 420 3479 se
455 3419 643 3482 habet
680 3420 758 3482 ad
797 3439 864 3482 se
905 3420 1107 3502 ipsam
1148 3428 1218 3481 ut
1256 3422 1744 3503 producibilem‚
1777 3428 1849 3483 ut

359 3517 506 3579 ratio
533 3519 706 3599 apud
738 3518 1133 3581 intellectum
1166 3519 1480 3600 objective
1510 3520 1843 3591 exsistenS,

357 3616 427 3677 ad
475 3616 662 3697 cujus
712 3616 1135 3680 imitationem
1184 3626 1280 3680 est
1327 3618 1568 3699 aliquid
1617 3618 1846 3699 produ-

357 3714 560 3778 cibile.
598 3716 753 3777 Nam
797 3715 966 3778 idem
1008 3723 1076 3777 ut
1115 3716 1518 3797 productum,
1563 3716 1848 3778 imitatur

357 3831 420 3873 se
461 3812 676 3895 ipsum
728 3822 800 3875 ut
848 3813 1244 3876 intellectum
1293 3813 1580 3895 produci,
1625 3812 1688 3875 id
1727 3820 1843 3888 est,

357 3918 422 3971 ut
456 3911 974 3974 intellectualiter
1008 3911 1480 3994 apprehensum
1513 3919 1584 3973 ut
1620 3912 1850 3994 produ·

357 4016 527 4071 catur
561 4026 580 4070 ε
623 4010 715 4071 sic
759 4008 932 4072 enim
977 4018 1042 4072 et
1083 4029 1210 4073 non
1250 4010 1434 4073 aliter
1475 4010 1850 4092 producitur

1957 3126 2272 3208 objective
2316 3145 2383 3188 se
2425 3126 2617 3188 habet
2658 3126 2736 3188 ad
2782 3126 3004 3201 Deum,
3038 3145 3157 3189 nec
3201 3126 3456 3189 realiter

1957 3226 2126 3287 idem
2159 3234 2256 3287 est
2284 3243 2430 3287 cum
2463 3225 2680 3286 divina
2708 3225 3002 3299 essentia,
3028 3225 3139 3287 sed
3172 3244 3317 3287 cum
3348 3243 3455 3285 na-

1957 3329 2099 3385 tura
2137 3330 2366 3397 creata,
2402 3323 2489 3385 ita
2528 3322 2696 3404 quod
2736 3323 2955 3384 eadem
2998 3330 3065 3383 ut
3108 3322 3449 3394 intellecta,

1957 3438 2084 3483 non
2119 3429 2217 3483 est
2249 3421 2576 3504 exemplar
2606 3420 2706 3483 sui
2748 3420 2949 3503 ipsius
2990 3428 3057 3482 ut
3094 3406 3456 3502 producibi-

1959 3519 2036 3580 lis
2077 3538 2189 3581 seu
2227 3520 2567 3601 produetae.
2602 3519 2957 3581 Alexander
2994 3537 3269 3601 quoque,
3304 3518 3455 3580 irre-

1957 3616 2283 3698 fragabilis
2314 3618 2561 3692 Doctor,
2586 3637 2663 3681 ex
2693 3616 2907 3679 verbis
2939 3617 3042 3679 SS.
3077 3616 3357 3699 Dionysii
3390 3624 3454 3678 et

1957 3715 2296 3797 Augustini
2334 3716 2629 3789 ostendit,
2665 3716 2834 3797 quod
2867 3716 3008 3777 idea
3047 3715 3113 3777 in
3151 3716 3279 3777 Deo
3304 3732 3453 3777 vere

1957 3820 2022 3874 et
2060 3812 2316 3896 proprie
2356 3820 2453 3875 est
2490 3813 2629 3895 ipsa
2666 3832 2766 3875 ars
2808 3832 2880 3875 ac
2918 3812 3230 3894 sapientia
3271 3812 3456 3875 Crea-

1958 3912 2131 3973 toriS.
2175 3912 2267 3972 Ex
2325 3929 2597 3993 quorum
2654 3912 2847 3974 etiam
2894 3911 3107 3973 verbis
3157 3911 3449 3985 ThomaS,

1957 4009 2275 4085 Albertus,
2310 4010 2769 4086 Bonavcntura,
2804 4012 3044 4085 PetruS,
3078 4010 3449 4085 RicharduS,

357 4124 472 4182 reS‚
505 4108 673 4169 sicut
711 4107 1167 4189 praeintellecta
1206 4108 1328 4171 fuit
1366 4109 1651 4190 produci.
1686 4109 1851 4190 Ergo
1961 4109 2310 4182 UdalricuS‚
2344 4108 2666 4171 declarant
2695 4116 2757 4172 et
2788 4108 3079 4190 probant,
3112 4109 3280 4190 quod
3314 4108 3457 4170 idea

359 4212 642 4268 ereatura
681 4213 754 4268 ut
795 4226 832 4268 a
874 4207 1003 4269 Deo
1046 4207 1386 4281 intellecta,
1429 4215 1526 4269 est
1567 4208 1707 4269 idea
1750 4208 1848 4269 sui
1880 4212 1929 4274 D
1962 4205 2026 4268 in
2057 4208 2186 4269 Deo
2214 4216 2309 4269 est
2340 4206 2554 4269 divina
2593 4206 2867 4269 essentia
2899 4214 2969 4268 ut
2998 4205 3330 4268 imitabilis
3362 4205 3455 4267 in-

357 4299 554 4383 ipsius
595 4314 664 4365 ut
693 4312 791 4367 est
823 4305 1242 4387 producibilis
1271 4313 1381 4368 aut
1411 4306 1736 4388 producta.
1770 4341 1852 4351 —
1963 4304 2233 4367 tellecta.

361 4399 442 4462 De
477 4402 696 4465 divina
737 4421 890 4465 vero
929 4404 1226 4479 essentia,
1267 4423 1349 4465 an
1392 4403 1620 4467 habeat
1661 4405 1851 4467 ratio·
2041 4402 2230 4465 Porro
2274 4403 2443 4486 quod
2492 4402 2581 4464 ait
2628 4403 2983 4478 DuranduS,
3027 4403 3235 4466 solum
3285 4402 3459 4484 obje-

359 4517 500 4561 nem
563 4500 722 4564 ideae
777 4510 1072 4585 respectu
1131 4508 1586 4578 creaturarum,
1639 4504 1850 4565 dicen·
1962 4508 2137 4562 ctum
2175 4500 2410 4562 habere
2450 4500 2759 4563 rationem
2792 4501 2968 4575 ideae,
2993 4501 3143 4582 quia
3182 4500 3321 4563 idea
3360 4510 3457 4564 est

362 4595 508 4660 dum
544 4600 714 4680 quod
747 4618 897 4674 non,
931 4600 1055 4663 nisi
1089 4600 1464 4682 imperfecte
1499 4619 1512 4663 :
1548 4601 1849 4682 quoniam
1963 4598 2288 4681 exemplar
2324 4598 2399 4660 ad
2443 4599 2613 4680 quod
2652 4598 2881 4661 artifex
2921 4598 3267 4681 inspiciens
3308 4618 3455 4681 ope-

363 4704 646 4759 creatura
700 4697 986 4760 divinam
1039 4698 1378 4759 essentiam
1435 4698 1675 4760 imitari
1726 4715 1852 4759 non
1966 4704 2159 4771 ratur,
2203 4698 2266 4758 id
2304 4704 2518 4758 autem
2562 4696 2730 4778 quod
2773 4696 3031 4777 inspicit
3072 4696 3453 4769 intellectuS,

363 4802 568 4873 potest
613 4796 738 4857 nisi
791 4795 1186 4877 imperfecte,
1235 4804 1451 4878 utpote
1500 4796 1851 4858 secundum
1964 4803 2062 4857 est
2099 4794 2239 4876 ejus
2282 4793 2630 4875 obJectum,
2675 4794 2963 4875 nihilque
3003 4793 3175 4856 aliud
3220 4794 3344 4855 nisi
3388 4803 3458 4856 ut

361 4894 711 4975 analogiam
742 4902 806 4957 et
837 4895 1177 4977 quamdam
1207 4894 1705 4978 proportionem,
1728 4913 1855 4958 non
1967 4893 2158 4956 habet
2195 4892 2503 4956 rationem
2540 4891 2777 4973 objecti
2812 4911 2827 4955 ε
2861 4891 3001 4963 hoc,
3048 4891 3331 4973 inquam,
3371 4890 3459 4953 fa-

363 5000 573 5054 autem
623 4994 916 5065 univoce,
948 5012 1067 5055 nec
1107 4993 1460 5055 secundum
1500 5012 1701 5073 genus
1740 5012 1857 5055 nec
1968 4992 2177 5054 ciliter
2228 4990 2620 5073 reprobatur.
2667 4989 3030 5052 Intellectus
3082 4990 3318 5051 etenim
3364 4990 3458 5051 in-

363 5092 661 5171 speciem.
694 5128 776 5137 --
803 5091 947 5154 Haec
979 5092 1331 5154 Duraudus,
1969 5090 2161 5174 spicit
2200 5098 2327 5151 tam
2370 5089 2696 5170 objectum
2734 5105 2926 5168 quam
2968 5086 3458 5149 similitudinem

438 5188 556 5262 Qui
601 5190 795 5253 etiam
839 5190 1016 5264 dicit,
1064 5190 1450 5271 quidditates
1503 5209 1716 5252 rerum
1764 5210 1862 5253 se·
1971 5208 2082 5251 seu
2116 5187 2397 5269 speciem
2429 5184 2900 5266 intelligibilem
2932 5202 3046 5265 per
3075 5203 3267 5267 quam
3298 5185 3457 5247 illud

364 5288 644 5351 cundum
700 5290 977 5351 rationes
1037 5296 1101 5350 et
1156 5288 1580 5369 perfectiones
1638 5307 1858 5351 earum
1974 5286 2313 5367 intelligit3
2354 5285 2463 5347 sed
2505 5284 2830 5365 objectum
2877 5282 3135 5365 inspicit
3178 5290 3248 5345 ut
3289 5284 3459 5364 quod

615 5424 677 5473 Τ.
713 5424 793 5474 20.
3148 5417 3212 5469 26
