4359 6250
807 509 1010 558 urium
1053 510 1206 557 usus
1247 510 1451 558 rossrr
1491 510 1610 556 Aur
1653 508 1943 556 rorusnir
1985 507 2338 557 canai-unas
2382 509 2613 558 racana
2654 511 2971 571 Μειιοιιεε,
3014 507 3142 560 arc.
3406 485 3526 557 593

418 677 522 738 vel
565 678 763 754 aliud,
807 681 1020 763 specie
1064 681 1275 742 simile
1316 680 1488 752 huic,
1525 680 1756 742 melius
1801 681 1923 744 isto
1949 679 2000 740 A
2031 698 2068 740 a
2097 680 2425 742 communi
2467 681 2756 743 doctrina
2792 682 3123 743 doctorum
3165 682 3527 763 praecellen-

413 776 752 856 (quoniam
798 779 1064 860 quaestio
1106 779 1326 842 eadem
1371 781 1526 858 est);
1570 780 1663 841 sic
1706 779 1920 841 dicen-

414 873 598 948 dum,
631 877 800 957 quod
834 896 1033 959 quum
1069 878 1440 940 universum
1475 878 1558 940 sit
1589 897 1788 939 unum
1821 896 1922 958 ag-

411 973 782 1051 gregatione
819 975 1032 1056 plures
1065 977 1397 1038 continens
1439 983 1646 1058 partes
1686 975 1920 1037 haben-

412 1075 510 1130 tes
551 1071 840 1134 ordinem
887 1072 1054 1134 inter
1091 1092 1158 1136 se
1198 1081 1262 1134 et
1297 1074 1374 1136 ad
1414 1073 1639 1146 finem,
1673 1073 1921 1135 bonitas

413 1166 558 1247 ejus
600 1170 891 1231 consistit
933 1171 999 1233 in
1046 1171 1272 1246 tribuS,
1318 1180 1490 1253 puta,
1535 1172 1601 1232 in
1640 1171 1920 1233 bonitate

416 1265 722 1346 partium,
779 1275 843 1329 et
891 1269 958 1330 in
1007 1268 1174 1332 bono
1220 1288 1437 1331 earum
1489 1269 1708 1331 ordine
1759 1269 1924 1330 inter

413 1382 506 1437 se,
539 1372 731 1446 atque
763 1366 828 1427 in
861 1367 1082 1429 ordine
1121 1366 1288 1430 bono
1328 1387 1544 1430 earum
1587 1369 1664 1429 ad
1695 1368 1916 1430 finem.

413 1461 582 1524 Ordo
611 1471 824 1526 autem
856 1467 1114 1547 proprie
1145 1465 1434 1528 consistit
1467 1467 1530 1526 in
1561 1465 1916 1548 speciebus

415 1560 538 1622 Sed
596 1579 725 1624 non
773 1569 1018 1624 constat
1063 1564 1232 1644 quod
1293 1564 1660 1625 universum
1725 1563 1922 1645 possit

415 1659 740 1722 meliorari
772 1669 1082 1743 quantum
1115 1661 1194 1723 ad
1233 1662 1516 1744 plurium
1560 1662 1919 1744 specierum

411 1758 1238 1842 productionem‚quoniam
1273 1761 1518 1841 species
1549 1779 1760 1822 rerum
1789 1778 1924 1841 pos-

2030 778 2193 839 tium
2222 779 2447 840 aliena.
2470 779 2544 840 Et
2575 781 2768 842 nimis
2798 780 3118 861 prolixum
3149 789 3246 841 est
3274 781 3524 862 singula

2032 877 2330 958 prosequi
2385 895 2399 938 ε
2452 897 2592 958 quae
2643 880 2834 940 etiam
2895 897 3012 960 pro
3064 878 3285 960 majori
3346 887 3523 961 parte

2030 974 2344 1056 aptiorem
2383 976 2539 1037 alibi
2573 976 2808 1038 habent
2841 976 3072 1038 locum.
3106 977 3390 1038 Breviter
3418 997 3524 1039 au-

2034 1080 2161 1133 tem
2205 1074 2535 1153 tangendo,
2570 1075 2724 1136 rude
2768 1075 3019 1136 videtur
3062 1075 3229 1155 quod
3268 1075 3377 1149 ait,
3416 1075 3524 1138 bo-

2032 1189 2188 1231 num
2240 1179 2523 1232 creatum
2569 1171 2848 1234 increato
2896 1173 3063 1234 bono
3106 1173 3523 1254 conjunctum

2033 1269 2418 1330 constituere
2452 1270 2659 1350 majus
2697 1269 2935 1332 bonum
2972 1289 3164 1352 quam
3204 1270 3286 1332 sit
3315 1270 3524 1333 solum

2035 1365 2386 1428 increatum
2426 1366 2689 1441 bonum,
2724 1388 2923 1450 quum
2956 1369 3269 1450 quidquid
3303 1369 3386 1430 sit
3415 1368 3525 1431 bo-

2033 1463 2248 1527 nitatis
2294 1465 2357 1525 in
2402 1468 2729 1540 creaturiS,
2773 1474 2973 1529 totum
3018 1467 3417 1530 contineatur
3458 1468 3523 1528 in

2033 1563 2543 1642 superditissimo
2585 1572 2647 1626 et
2691 1566 3350 1648 superperfectissimo
3397 1566 3525 1627 Deo

2033 1661 2670 1740 superessentialiter,
2706 1663 3012 1736 idealiter,
3046 1663 3402 1738 causaliter,
3435 1671 3525 1724 at-

2034 1776 2157 1839 que
2189 1777 2303 1839 per
2334 1760 2593 1822 modum
2628 1760 2883 1824 infinite
2912 1763 3421 1836 eminentiorem,
3442 1769 3530 1824 to-

414 1857 639 1919 sibiles
699 1866 848 1920 sunt
902 1857 1124 1932 sinitae,
1183 1867 1404 1942 estque
1463 1859 1778 1921 incertum
1837 1878 1918 1920 an
1958 1861 2004 1923 B
2035 1862 2301 1937 tumque
2338 1858 2710 1920 universum
2751 1859 2833 1921 sit
2864 1867 2933 1921 ut
2966 1867 3277 1940 punctum
3318 1879 3527 1941 respe-

413 1972 640 2018 omnes
684 1956 812 2018 sint
854 1957 1176 2038 productae
1219 1958 1317 2019 vel
1363 1975 1488 2020 non
1523 1976 1536 2018 :
1583 1958 1712 2020 imo
1752 1958 1921 2019 vide-

413 2061 522 2115 tur
566 2053 896 2136 probabile
939 2056 1107 2136 quod
1149 2074 1372 2118 omnes
1413 2056 1736 2136 productae
1769 2055 1916 2128 sint,

412 2172 620 2232 quum
653 2170 780 2214 non
812 2160 1110 2234 appareat
1139 2154 1298 2216 ratio
1330 2173 1446 2215 cur
1464 2154 1751 2235 quaedam
1786 2172 1922 2234 pro-

413 2251 624 2312 ductae
669 2251 816 2325 sint,
854 2259 918 2312 et
957 2253 1246 2332 quaedam
1289 2270 1458 2330 non;
1498 2259 1560 2313 et
1601 2259 1750 2313 tunc
1795 2271 1921 2314 non

415 2357 634 2431 posset
677 2351 1047 2412 universum
1090 2351 1412 2413 'meliorari
1457 2369 1570 2432 per
1613 2368 1921 2413 novarum

412 2447 699 2528 partium
731 2449 1236 2530 productionem.
1259 2449 1321 2511 Si
1353 2467 1504 2511 vero
1534 2467 1756 2511 omnes
1788 2469 1924 2530 spe-

413 2546 548 2607 cies
592 2545 720 2610 illae
759 2563 884 2608 non
930 2556 1079 2609 sunt
1118 2549 1460 2629 productae,
1497 2555 1646 2608 tunc
1690 2548 1921 2629 produ-

413 2644 628 2706 ctione
659 2663 880 2708 earum
912 2653 1124 2728 posset
1153 2648 1526 2709 universum
1563 2646 1918 2724 meliorari3

411 2743 528 2804 sed
580 2743 985 2806 melioratum
1035 2744 1296 2807 haberet
1333 2765 1402 2807 se
1440 2745 1516 2807 ad
1567 2765 1633 2807 se
1681 2745 1916 2826 ipsum,

413 2841 585 2903 sicut
627 2849 830 2904 totum
879 2843 955 2904 ad
1001 2851 1266 2924 partem.
1291 2879 1372 2886 —
1401 2843 1465 2905 Si
1509 2861 1660 2906 vero
1701 2850 1922 2924 agatur

411 2939 496 3000 de
529 2939 970 3002 melioratione
1004 2959 1120 3022 per
1152 2940 1577 3004 intensionem
1620 2940 1918 3003 bonitatis

2033 1960 2136 2014 ctu
2190 1955 2363 2016 illius
2405 1973 2419 2017 ε
2464 1956 2593 2018 imo
2642 1957 2783 2038 plus
2832 1957 3179 2030 occumbit,
3225 1958 3417 2019 distat
3463 1965 3527 2020 et

2032 2052 2255 2113 deficit
2311 2073 2347 2115 a
2406 2055 2554 2127 Dec,
2617 2075 2807 2136 quam
2870 2064 3179 2137 punctum
3239 2075 3276 2117 a
3335 2056 3523 2130 linea,

2031 2168 2231 2230 quum
2266 2158 2326 2212 et
2358 2159 2668 2232 punctum
2712 2153 2794 2213 sit
2827 2152 3151 2215 reductive
3191 2153 3256 2214 in
3296 2172 3525 2234 genere

2032 2250 2424 2330 quantitatiS‚
2479 2252 2643 2313 Deus
2701 2259 2914 2313 autem
2973 2270 3161 2314 omne
3210 2273 3410 2334 genus
3459 2255 3524 2316 in

2033 2346 2362 2410 infinitum
2404 2351 2809 2412 transcendit.
2844 2387 2925 2394 —
2952 2351 3190 2413 Deinde
3229 2353 3397 2433 quod
3436 2353 3527 2414 di-

2032 2446 2140 2520 cit,
2175 2447 2546 2508 universum
2589 2467 2715 2510 uno
2755 2448 2940 2511 modo
2972 2449 3177 2531 accipi
3217 2457 3405 2531 prout
3436 2451 3527 2511 in-

2031 2543 2231 2606 cludit
2274 2546 2495 2618 Deum‚
2530 2552 2626 2607 est
2669 2545 3205 2627 impropriissime
3254 2548 3520 2622 dictum,

2030 2662 2230 2724 quum
2274 2644 2439 2705 Deus
2478 2644 2983 2726 supergloriosus
3020 2644 3101 2705 sit
3132 2653 3307 2708 extra
3335 2663 3523 2708 omne

2030 2759 2230 2821 genus
2261 2749 2322 2802 et
2351 2741 2663 2814 ordinem,
2699 2761 2816 2804 nec
2847 2743 3027 2804 cadat
3057 2761 3203 2804 cum
3237 2751 3524 2806 creatura

2033 2840 2098 2901 in
2138 2858 2503 2901 numerum.
2540 2840 2713 2902 Unde
2744 2840 2999 2903 divinus
3031 2842 3367 2924 Dionysius
3405 2841 3525 2904 fre-
3571 2870 3819 2914 meeum,

2032 2945 2302 3020 quenter
2350 2945 2635 3013 testatur,
2688 2940 2858 3021 quod
2912 2939 3049 3021 ipse
3098 2958 3223 3002 non
3272 2948 3367 3002 est
3414 2941 3523 3003 ali·
3552 2933 3729 3048 ᾖξ’-ἐζ
3752 2949 3821 3039 323

413 3037 700 3119 partium
744 3056 915 3100 nunc
956 3038 1426 3113 exsistentium,
1464 3039 1554 3101 sic
1601 3039 1918 3101 meliorari
1955 3041 1998 3104 C
2032 3038 2225 3118 quod*
2260 3037 2529 3109 entium,
2590 3038 2701 3099 sed
2762 3037 3076 3100 universis
3132 3044 3197 3100 et
3254 3039 3522 3120 singulis
3554 3059 3815 3102 ammae.

413 3153 546 3196 non
597 3144 843 3216 queunt
891 3136 1096 3217 quoad
1145 3135 1492 3210 bonitatem
1541 3136 1920 3198 substantia-

413 3233 569 3306 lem,
611 3234 724 3295 sed
772 3234 1253 3308 accidentalem,
1296 3241 1366 3295 ut
1409 3234 1650 3297 dictum
1701 3242 1817 3309 est,
1858 3241 1921 3296 et

411 3350 532 3413 per
565 3349 964 3414 consequens
1000 3340 1203 3394 totum
1240 3352 1254 3396 ε
1289 3332 1381 3395 sic
1421 3340 1633 3395 tamen
1674 3340 1740 3393 ut
1781 3352 1920 3414 par-

411 3437 508 3491 tes
555 3430 972 3492 meliorentur
1020 3429 1664 3513 proportionabiliter,
1698 3438 1767 3491 ut
1807 3430 1918 3491 ali-

411 3527 530 3609 qui
569 3527 831 3607 dicunt3
871 3528 1056 3590 aliter
1093 3546 1222 3591 non
1265 3536 1545 3590 maneret
1589 3528 1920 3590 harmonia

413 3626 588 3688 inter
614 3633 844 3707 partes,
880 3625 1055 3698 Quod
1087 3645 1214 3688 non
1246 3626 1553 3706 intelligo,
1587 3625 1712 3687 nisi
1741 3644 1922 3705 gran·

410 3724 564 3785 dem
624 3723 1027 3785 latitudinem
1079 3724 1307 3786 habeat
1354 3724 1465 3787 illa
1523 3724 1850 3807 proportio
1901 3741 1915 3785 ε

411 3821 572 3903 quia
619 3821 685 3882 in
735 3830 898 3884 statu
951 3822 1330 3885 innocentiae
1371 3831 1595 3885 natura
1642 3823 1922 3885 humana

408 3920 542 3982 fuit
575 3919 777 3982 multo
807 3920 1066 4000 majoris
1100 3919 1508 4003 perfectionis
1534 3940 1726 4002 quam
1759 3929 1924 4002 post·

409 4038 488 4082 ea
523 4036 540 4080 :
577 4035 705 4080 non
743 4025 958 4080 tamen
992 4018 1074 4081 ob
1113 4019 1231 4081 hoc
1270 4027 1494 4081 ceterae
1533 4028 1742 4100 partes
1783 4020 1920 4081 uni-

409 4116 585 4179 versi
630 4123 808 4177 erant
851 4115 1478 4197 proportionabiliter
1519 4117 1834 4179 meliores.

2029 3136 2646 3217 superessentialiter
2688 3136 3142 3218 superlocatuS.
3176 3172 3257 3182 —-
3284 3138 3522 3201 DeInde
3550 3123 3820 3228 {5²2?P⁵⁵²·⁸‘¹

2030 3232 2199 3313 quod
2228 3231 2337 3305 ait,
2354 3233 2553 3294 Deum
2588 3251 2713 3295 non
2748 3252 2933 3315 posse
2964 3235 3311 3315 producere
3344 3254 3524 3297 mun-

2029 3330 2183 3392 dum
2242 3330 2439 3391 alium
2490 3329 2570 3392 ab
2622 3332 2742 3393 isto
2792 3333 3031 3394 mundo
3079 3333 3293 3414 specie
3342 3333 3526 3397 diffe-

2031 3436 2299 3502 rentem,
2333 3428 2522 3491 habet
2552 3429 2897 3509 specialem
2930 3428 3406 3506 difficultatem,
3432 3432 3524 3493 vi-

2029 3526 2261 3587 delicet
2283 3545 2363 3587 an
2390 3527 2555 3588 Deus
2586 3534 2797 3607 posset
2829 3528 3178 3609 producere
3212 3529 3523 3591 mundum

2031 3624 2216 3705 cujus
2254 3625 2500 3706 species
2530 3631 2594 3686 et
2623 3643 2854 3705 genera
2882 3634 3095 3687 essent
3125 3626 3396 3688 aliarum
3426 3646 3525 3689 ca-

2030 3722 2413 3802 tegoriarum
2455 3741 2647 3803 quam
2686 3723 2931 3804 species
2970 3731 3033 3785 et
3068 3742 3299 3804 genera
3340 3745 3523 3787 mun-

2028 3822 2092 3883 di
2138 3821 2323 3882 istius
2367 3840 2380 3883 :
2429 3821 2505 3882 de
2557 3840 2680 3902 qua
2728 3820 3110 3885 difficultate
3155 3830 3523 3903 pertranseo

2030 3919 2236 3982 modo.
2270 3954 2351 3963 --
2378 3918 2691 3999 AmpliuS,
2734 3918 3007 3999 qualiter
3056 3920 3302 4001 species
3351 3940 3520 3984 crea-

2028 4018 2191 4079 biles
2220 4035 2293 4079 ac
2326 4015 2660 4099 possibiles
2700 4016 2827 4078 sint
2857 4015 3190 4079 finitae·vel
3224 4016 3514 4094 infinit-a,

2028 4116 2269 4177 dictum
2302 4120 2588 4176 estante.
2628 4114 3075 4177 Verumtamen
3106 4133 3328 4178 omnes
3365 4135 3518 4198 prae-
3603 4139 3676 4197 cs.
3708 4142 3809 4185 disi.

491 4214 658 4275 Hinc
701 4214 866 4285 dice,
900 4214 1070 4295 quod
1121 4215 1285 4276 Deus
1335 4222 1542 4296 potest
1588 4214 1918 4277 meliorare
1948 4221 1999 4283 D
2027 4212 2278 4294 allegati
2321 4213 2607 4275 doctores
2655 4212 2933 4273 fatentur
2980 4213 3179 4275 Deum
3228 4214 3515 4295 omnipo·
3544 4210 3809 4260 ¹⁸³⁸'¹2‘¹·³³

407 4314 816 4385 universum,
879 4313 1271 4375 meliorando
1328 4322 1537 4395 partes
1593 4314 1755 4394 ejuS‚
1818 4314 1917 4376 vel

407 4430 663 4485 omneS,
714 4411 814 4473 vel
863 4412 1194 4493 quasdam,
1245 4412 1346 4473 vel
1406 4431 1597 4474 unam
1647 4420 1912 4475 tantum.

406 4509 542 4571 Nec
575 4516 791 4570 tamen
823 4507 906 4570 ob
944 4508 1063 4569 hoc
1103 4508 1369 4570 solvitur
1407 4509 1738 4571 harmonia
1778 4510 1916 4571 uni-

409 4606 584 4668 versi
623 4623 639 4667 ε
675 4605 978 4686 quoniam
1029 4605 1468 4688 principaliter
1517 4607 1806 4669 consistit
1850 4608 1912 4668 in

406 4704 614 4785 gradu
659 4710 723 4765 et
765 4705 1172 4785 proportione
1222 4703 1660 4766 essentialium
1711 4706 1914 4787 perse-

407 4801 706 4863 ctionum
750 4818 822 4862 ac
867 4800 1248 4873 bonitatum,
1294 4820 1434 4882 quae
1485 4809 1779 4882 manent3
1821 4822 1916 4865 se-

407 4899 727 4962 cundario
755 4906 970 4960 autem
1006 4899 1296 4962 consistit
1327 4907 1636 4980 quantum
1669 4902 1744 4963 ad
1777 4920 1914 4963 esse

407 5006 660 5060 naturae
703 4996 768 5058 in
811 5016 1001 5059 cursu
1044 5017 1118 5060 ac
1163 4996 1536 5059 habitudine
1575 5017 1768 5080 quam
1813 4999 1918 5060 ha-

407 5096 569 5159 bent
617 5095 924 5158 inferiora
975 5096 1140 5158 inter
1188 5115 1255 5159 se
1303 5114 1379 5157 ex
1429 5096 1681 5159 influxu
1731 5098 1918 5161 coele-

407 5195 616 5257 stium
661 5212 1023 5276 corporum.
1069 5230 1151 5241 ——
1193 5195 1336 5258 Haec
1380 5196 1732 5257 Durandus.

495 5294 568 5356 ln
619 5292 807 5373 cujus
865 5294 1120 5376 scriptis
1169 5302 1465 5355 contenta
1520 5302 1666 5355 sunt
1716 5295 1916 5357 multa

671 5426 738 5479 Τ.
773 5426 854 5479 20.

2028 4319 2267 4374 tentem
2329 4328 2512 4393 posse
2572 4311 2921 4392 producere
2980 4312 3226 4392 species
3286 4313 3517 4376 multas
3547 4270 3781 4323 mu'q'i'

2029 4430 2220 4491 supra
2254 4409 2548 4489 angelum
2583 4427 2931 4470 summum.
2966 4409 3093 4471 Nec
3127 4408 3380 4472 infinita
3410 4411 3519 4473 illa

2029 4507 2311 4589 potentia
2361 4514 2569 4588 potest
2618 4506 2681 4567 in
2731 4514 2923 4579 tanta,
2975 4507 3133 4588 quin
3191 4516 3405 4589 posset
3454 4508 3520 4571 in

2029 4604 2583 4667 innumerabiliter
2614 4604 2814 4686 plura.
2852 4605 2977 4667 Cur
3005 4623 3156 4668 vero
3189 4624 3316 4669 non
3350 4626 3519 4669 crea-

2027 4704 2119 4766 vit
2148 4704 2393 4785 species
2430 4721 2675 4775 omneS,
2709 4702 2817 4763 sed
2853 4702 3067 4783 potius
3099 4722 3291 4764 unam
3322 4724 3513 4785 quam

2025 4802 2239 4875 aliam,
2276 4800 2613 4881 respondet
2661 4800 2986 4880 Scriptura
3029 4818 3043 4861 :
3087 4800 3237 4881 quia
3287 4802 3351 4862 in
3400 4822 3515 4863 nu-
3544 4819 3809 4876 Sapmsti.

2028 4918 2224 4972 merc,
2257 4899 2534 4980 pondere
2574 4905 2637 4959 et
2676 4916 2974 4960 mensura
3016 4898 3345 4960 coustituit
3382 4918 3515 4961 om-

2026 4999 2164 5075 nia3
2201 5005 2265 5059 et
2295 4997 2444 5079 quia
2482 4996 2547 5057 in
2588 4995 2901 5077 sapientia
2938 4995 3222 5058 condidit
3264 4998 3515 5060 univer·
3544 5016 3807 5068 hami.

2025 5114 2123 5174 sa3
2164 5103 2227 5158 et
2266 5094 2407 5177 quis
2447 5093 2743 5175 cognovit
2776 5112 3033 5155 sensum
3069 5094 3360 5157 Domini?
3390 5104 3509 5159 etc.
3543 5115 3805 5167 Romanas.

2103 5195 2424 5256 Postremo
2454 5192 2677 5254 Scotus
2707 5191 2813 5253 hic
2843 5190 3083 5272 quaerit,
3100 5199 3316 5255 utrum
3348 5194 3515 5257 Deus

2027 5290 2227 5375 possit
2266 5308 2362 5351 res
2408 5288 2613 5352 facere
2656 5289 2839 5351 aliter
2882 5308 3071 5371 quam
3115 5288 3195 5352 ab
3238 5290 3378 5373 ipso
3420 5300 3516 5354 est

3203 5424 3265 5475 38
