4359 6250
1272 503 1447 550 unm
1486 507 1507 551 1
1548 502 2030 550 sumam-imon.
2075 521 2155 530 —
2196 503 2350 548 msr.
2395 503 2585 550 xxxv1
3357 479 3476 546 391

395 680 581 744 variis
634 679 853 742 modis
895 680 1367 763 accipiendam,
1414 680 1721 761 inquiens
1768 699 1781 740 :
1831 679 1901 742 Si
1952 681 2037 743 ad
2086 679 2430 743 scientiam
2487 677 2753 757 referaS,
2799 696 2931 742 non
2987 678 3244 758 ignorat
3297 677 3478 740 Deus
3519 685 3771 743 Augxpm.

394 797 637 878 aliquos
682 798 788 860 vel
844 798 1087 879 aliqua.
1137 798 1265 872 Qui
1320 801 1541 862 tamen
1598 797 1665 859 in
1716 797 1968 878 judicio
2028 796 2423 878 quibusdam
2476 796 2650 858 dicet
2698 815 2712 857 ε
2762 796 2912 858 Non
2959 795 3116 857 novi
3166 811 3304 857 vos.
3347 793 3476 858 Sed
3507 751 3771 863 ’ἷῗᾶεῗὶιῗὲιῃ

396 931 605 978 eorum
656 914 1051 995 improbatio
1098 915 1225 978 hoc
1270 913 1470 978 verbo
1518 915 1849 976 insinuata
1895 915 2015 976 est.
3505 875 3574 917 ’δ’

514 1031 677 1093 Ecce
736 1047 871 1094 non
928 1047 1317 1111 cognoscere
1368 1030 1611 1094 dicitur
1665 1030 1845 1093 Deus
1896 1047 2046 1111 quae
2104 1047 2238 1092 non
2299 1029 2638 1111 approbat,
2685 1046 2833 1110 quae
2889 1029 2950 1092 ei
3005 1045 3136 1092 non
3171 1029 3470 1110 placent.

394 1147 669 1228 Apparet
716 1147 939 1228 itaque
995 1165 1225 1210 verum
1288 1165 1431 1210 esse
1490 1146 1669 1227 quod
1732 1147 2049 1224 diximuS,
2108 1145 2360 1208 scilicet
2417 1147 2574 1226 quia
2622 1147 2908 1226 quodam
2973 1145 3172 1209 modo
3233 1160 3476 1226 cogno-

394 1264 508 1326 scit
541 1264 720 1327 Deus
762 1262 957 1342 bona,
1010 1281 1143 1344 quo
1189 1280 1320 1326 non
1370 1265 1705 1344 cognoscit
1746 1261 1940 1326 mala.
1988 1263 2245 1326 Pariter
2295 1263 2560 1343 quidem
2608 1264 2882 1343 utraque
2928 1262 3288 1342 eodemque
3334 1278 3477 1324 mo-

395 1380 471 1442 do
526 1380 737 1442 noscit
801 1381 1124 1460 quantum
1188 1381 1273 1442 ad
1338 1381 1667 1460 notitiam,
1727 1379 1839 1442 sed
1909 1378 2083 1442 bona
2148 1379 2347 1442 etiam
2409 1379 2880 1461 approbatione
2943 1379 3009 1441 et
3071 1377 3477 1459 beneplacito

398 1498 738 1578 cognoscit.

680 1756 751 1820 C.
814 1761 951 1822 Hic
1013 1759 1283 1833 aperit,
1339 1772 1572 1834 quare
1633 1760 1823 1821 bona
1886 1758 2178 1820 tantum
2241 1759 2589 1822 dicantur
2645 1772 2802 1820 esse
2861 1760 2941 1821 in
2999 1759 3170 1832 Dm,

1645 1875 1717 1935 et
1772 1888 1922 1937 non
1979 1877 2214 1936 mala.

512 2115 599 2177 Et
634 2114 783 2178 inde
823 2114 923 2176 est
970 2112 1147 2193 quod
1192 2111 1363 2174 bona
1400 2111 1659 2174 tantum
1696 2110 2006 2174 dicuntur
2051 2128 2195 2173 esse
2233 2109 2301 2171 in
2347 2109 2512 2190 De0,
2559 2128 2689 2174 non
2737 2111 2944 2194 mala3
2994 2114 3058 2175 et
3095 2111 3208 2174 illa
3253 2130 3480 2196 prope,

364 2232 519 2318 ‚haec
558 2232 749 2312 longe
784 2251 798 2291 ε
841 2229 997 2310 quia
1034 2229 1187 2292 licet
1224 2228 1294 2291 in
1330 2229 1470 2292 Deo
1510 2227 1733 2307 aliqua
1769 2227 2069 2290 dicantur
2106 2244 2249 2290 esse
2294 2228 2561 2308 propter
2607 2229 3002 2309 cognitionis
3039 2231 3480 2311 praesentiam,

391 2350 449 2412 et
490 2349 668 2412 Deus
712 2347 887 2410 bona
935 2349 1000 2409 et
1049 2345 1223 2408 mala
1278 2345 1675 2426 cognoscat3
1727 2342 1901 2406 mala
1950 2345 2172 2406 tamen
2226 2361 2358 2406 non
2413 2345 2751 2424 cognoscit
2794 2345 2923 2408 nisi
2979 2363 3096 2426 per
3149 2346 3478 2426 notitiam,

389 2463 548 2527 bona
599 2482 753 2528 vero
802 2481 937 2526 non
982 2463 1200 2526 solum
1247 2479 1364 2542 per
1414 2461 1783 2540 scientiam,
1826 2459 1941 2523 sed
1996 2461 2194 2523 etiam
2247 2477 2363 2541 per
2411 2459 2948 2541 approbationem
3001 2461 3064 2524 et
3111 2457 3481 2543 beneplaci-

388 2581 543 2643 tum.
578 2581 663 2644 Et
699 2579 785 2642 ob
820 2579 1019 2642 talem
1060 2577 1501 2658 cognitionem
1541 2576 1763 2656 aliqua
1795 2575 2105 2639 dicuntur
2141 2594 2284 2639 esse
2322 2577 2387 2638 in
2427 2576 2591 2653 Dec,
2633 2577 2882 2640 scilicet
2919 2579 3076 2658 quia
3113 2577 3205 2641 ita
3242 2595 3320 2641 ea
3355 2579 3481 2641 scit

388 2698 457 2759 ut
499 2697 694 2760 etiam
745 2695 1061 2777 approbet
1110 2696 1175 2758 et
1225 2694 1545 2775 placeant,
1584 2693 1651 2756 id
1702 2694 1825 2773 est,
1867 2693 1959 2755 ita
2005 2693 2130 2755 scit
2175 2694 2250 2755 ut
2298 2709 2522 2756 eorum
2575 2694 2665 2756 sit
2711 2695 2957 2757 auctor.

584 2966 665 3029 D.
714 2969 911 3034 Quod
955 2969 1151 3029 idem
1198 2966 1333 3040 est,
1380 2967 1633 3027 omnia
1682 2978 1838 3026 esse
1884 2978 1980 3025 eoe
2028 2965 2198 3038 Deo,
2241 2964 2313 3026 et
2349 2979 2490 3037 per
2537 2967 2803 3040 ipsum,
2846 2967 2918 3028 et
2962 2969 3042 3029 in
3088 2969 3270 3041 ipso,

512 3216 794 3281 Proinde
832 3216 891 3279 si
926 3215 1275 3295 diligenter
1311 3214 1765 3294 inspiciamuS,
1792 3212 1966 3275 idem
2007 3212 2268 3277 videtur
2299 3230 2470 3294 esse,
2509 3215 2734 3278 omnia
2769 3232 2911 3279 esse
2948 3233 3031 3280 ex
3067 3216 3232 3297 Deo,
3265 3216 3332 3280 et
3366 3234 3484 3297 per

392 3335 626 3415 ipsum,
666 3334 731 3397 et
768 3333 836 3395 in
875 3333 1045 3413 ipso.
1091 3331 1275 3395 Unde
1313 3329 1707 3393 Ambrosius
1744 3328 1813 3392 in
1850 3329 2042 3392 tertio
2081 3328 2248 3391 libro
2286 3330 2369 3394 de
2411 3330 2662 3411 Spiritu
2697 3332 2934 3397 Sancto
2970 3352 2984 3393 z
3021 3332 3182 3397 Haec
3218 3333 3366 3413 tria,
3398 3352 3482 3397 ex
3555 3348 3700 3421 Αφιπ.
3721 3348 3776 3391 ‹10

392 3449 551 3530 ipso,
593 3450 655 3513 et
690 3466 806 3529 per
842 3449 1091 3529 ipsum,
1133 3448 1197 3510 et
1238 3446 1309 3509 in
1351 3446 1497 3526 ipso
1538 3446 1694 3507 sunt
1732 3445 1977 3525 omnia,
2018 3462 2228 3508 unum
2269 3462 2410 3509 esse
2458 3463 2658 3527 supra
2701 3446 3017 3511 diximus.
3060 3448 3278 3521 Quum
3319 3449 3482 3512 dicit
3507 3410 3774 3526 ιὸῑιῗίἷιῖιιιῖι.

392 3584 500 3646 per
552 3565 769 3646 ipsum
831 3581 975 3627 aese
1033 3563 1278 3642 omnia,
1336 3579 1468 3624 non
1524 3561 1791 3641 negavit
1838 3563 1907 3623 in
1965 3562 2108 3642 ipso
2167 3579 2311 3625 esse
2373 3563 2616 3624 omnia.
2670 3564 2988 3627 Eamdem
3047 3565 3182 3627 vim
3239 3564 3483 3627 habent
3623 3558 3626 3561 ’

394 3682 608 3745 omnia
650 3682 814 3761 haec,
856 3680 1131 3759 scilicet,
1172 3696 1339 3742 cum·
1372 3678 1542 3759 ips0,
1589 3680 1653 3740 et
1700 3676 1767 3740 in
1830 3677 1998 3758 ipsc,
2033 3680 2096 3742 et
2151 3696 2270 3759 per
2317 3680 2574 3760 ipsum3
2631 3680 2695 3742 et
2739 3697 2948 3743 unum
2997 3681 3066 3743 in
3123 3680 3228 3743 his
3284 3682 3480 3761 atque

396 3798 747 3877 consimile,
793 3814 926 3859 non
984 3795 1410 3874 contrarium,
1464 3794 1873 3873 intelligitur.
1935 3796 2102 3859 Ecce
2155 3794 2358 3859 habes
2410 3794 2568 3875 quia
2624 3813 2706 3858 ex
2761 3795 2988 3859 eadem
3050 3796 3482 3877 intelligentia

392 3914 717 3995 Scriptura
752 3912 936 3991 dicit,
979 3910 1201 3974 omnia
1245 3928 1387 3973 esse
1426 3910 1491 3971 in
1542 3910 1712 3991 ipsc,
1753 3911 1818 3974 et
1855 3928 1971 3992 per
2009 3912 2254 3992 ipsum,
2296 3912 2361 3974 et
2397 3928 2479 3973 ex
2527 3910 2696 3992 ipsc,
2739 3912 2804 3974 et
2851 3928 3002 3973 cum
3051 3912 3218 3992 ipso.
3258 3912 3479 3985 Quum

394 4046 539 4109 ergo
578 4048 656 4091 ex
696 4029 928 4093 eadem
968 4020 1217 4090 ratio‘ne
1255 4026 1478 4089 omnia
1514 4025 1815 4090 dicantur
1851 4044 1995 4091 esse
2032 4046 2114 4090 ex
2151 4028 2292 4090 Deo
2333 4028 2435 4089 vel
2472 4045 2589 4108 per
2625 4028 2868 4107 ipsum,
2901 4045 3033 4090 non
3071 4028 3287 4091 solum
3327 4028 3484 4109 quia

396 4146 535 4223 scit,
572 4146 685 4209 sed
722 4146 923 4209 etiam
954 4144 1110 4224 quia
1148 4160 1373 4206 eorum
1412 4145 1640 4205 auctor
1677 4145 1809 4224 est3
1852 4144 2274 4224 consequitur
2303 4144 2377 4206 ut
2404 4144 2630 4207 eadem
2668 4143 2918 4206 ratione
2958 4160 3034 4208 ea
3071 4161 3213 4208 esse
3243 4144 3312 4208 in
3339 4144 3480 4208 Deo

398 4262 706 4343 dicantur,
738 4262 989 4325 scilicet
1026 4261 1181 4341 quia
1228 4260 1352 4322 scit
1400 4261 1464 4322 et
1511 4276 1741 4322 eorum
1792 4262 2019 4323 auctor
2064 4278 2207 4323 esse
2253 4260 2494 4323 dicitur
2535 4280 2548 4320 :
2592 4261 2748 4340 quia
2797 4261 2866 4322 in
2917 4261 3032 4323 illo
3081 4260 3372 4325 vivimus
3417 4263 3483 4325 et
3549 4283 3773 4335 ,ιι-ιω..

400 4396 733 4443 movemur
760 4380 826 4442 et
864 4394 1119 4456 sumus,
1152 4376 1308 4457 quia
1346 4394 1422 4439 eo
1461 4378 1724 4441 auctore
1767 4393 2022 4457 sumuS,
2065 4394 2412 4439 movemur
2450 4376 2515 4439 et
2553 4376 2864 4439 vivimus,
2897 4377 3118 4451 Quum
3158 4395 3312 4459 ergo
3350 4396 3482 4441 non
3510 4349 3578 4390 ’δ’

400 4496 481 4557 sit
521 4495 741 4558 auctor
778 4494 907 4556 nisi
951 4493 1300 4572 bonorum,
1334 4492 1569 4558 merito
1613 4493 1755 4555 sola
1788 4492 1963 4556 bona
1999 4493 2067 4556 in
2104 4510 2181 4556 eo
2221 4511 2362 4556 esse
2409 4492 2716 4556 dicuntur
2751 4493 2924 4557 sicut
2961 4512 3042 4557 ex
3084 4494 3229 4575 ipso
3269 4496 3333 4558 et
3367 4514 3483 4576 per

398 4612 629 4692 ipsum.
664 4612 888 4684 Quum
936 4626 1090 4690 ergo
1128 4610 1198 4671 in
1246 4609 1391 4689 ejus
1426 4609 1797 4689 cognitione
1836 4610 1941 4672 vel
1992 4610 2404 4690 praescientia
2439 4609 2575 4672 sint
2620 4612 2866 4687 omnia,
2907 4611 3156 4674 scilicet
3201 4609 3373 4673 bona
3419 4613 3485 4675 et

402 4728 585 4805 mala,
626 4730 692 4792 in
730 4745 809 4791 eo
847 4728 1068 4790 tamen
1107 4743 1236 4788 non
1274 4725 1583 4788 dicuntur
1620 4743 1762 4789 esse
1807 4727 1936 4789 nisi
1974 4726 2166 4804 bona,
2200 4743 2484 4806 quorum
2523 4728 2750 4789 auctor
2786 4728 2905 4790 est.
2941 4727 3128 4789 Unde
3165 4725 3482 4807 Augusti-

402 4856 521 4902 nus
554 4840 619 4903 in
658 4840 825 4903 libro
865 4839 945 4901 de
991 4839 1243 4901 Natura
1277 4837 1433 4901 boni
1468 4857 1483 4898 τ
1520 4837 1739 4910 Quum
1788 4838 2117 4916 audimuS,
2164 4838 2402 4917 inquit,
2445 4856 2527 4901 ex
2572 4838 2712 4901 Deo
2762 4840 2826 4901 et
2870 4856 2987 4919 per
3037 4838 3255 4917 ipsum
3299 4840 3363 4901 et
3411 4838 3477 4901 in
3506 4852 3775 4910 Anguem·

404 4956 539 5038 ipso
574 4977 714 5023 esse
761 4958 1007 5037 omnia,
1050 4974 1278 5020 omnes
1315 4956 1543 5036 utique
1581 4957 1846 5018 naturas
1887 4954 2248 5034 intelligere
2286 4954 2624 5033 debemu3‚
2667 4956 2732 5016 et
2778 4954 3000 5016 omnia
3036 4971 3182 5034 quae
3221 4953 3482 5017 natura-
3507 4916 3748 5023 {uz-atam.

403 5073 544 5139 liter
577 5076 751 5139 sunt.
785 5075 1013 5155 Neque
1052 5073 1227 5137 enim
1268 5091 1349 5136 ex
1389 5074 1533 5153 ipso
1566 5074 1721 5135 sunt
1757 5074 2043 5153 peccata,
2078 5088 2224 5152 quae
2255 5073 2554 5133 naturam
2593 5088 2724 5132 non
2762 5070 3046 5148 servant,
3073 5070 3191 5133 sed
3220 5069 3476 5150 vitiant,

408 5208 546 5269 quae
592 5210 673 5255 ex
726 5192 1063 5254 voluntate
1115 5190 1525 5269 peccantium
1582 5189 1938 5250 nascuntur
1987 5188 2230 5250 omnia.
2280 5188 2404 5249 Hic
2453 5187 2671 5266 aperte
2718 5185 2980 5263 dicitur,
3022 5185 3200 5264 quod
3252 5186 3318 5247 in
3372 5185 3484 5247 illa

408 5309 815 5388 generalitate
851 5306 1207 5372 locutionis
1244 5306 1417 5369 bona
1452 5306 1707 5368 tantum
1748 5305 2186 5367 continent-ur.
