4359 6250
994 510 1147 557 msr.
1193 511 1324 556 xxn
1367 512 1615 573 sumum
1660 512 1882 568 QUAEsT.
1931 514 1950 558 ι
1995 513 2008 557 :
2055 514 2140 559 AN
2184 513 2337 560 nnus
2378 515 2471 559 srr
2510 514 2901 561 neminimus
3377 489 3496 556 133

387 680 686 744 nuntiari
733 682 1272 765 substantialiter,
1313 686 1556 766 quibus
1605 686 1688 748 ad
1725 704 1796 751 se
1834 687 2055 767 ipsum
2095 686 2335 749 dicitur
2378 704 2510 750 non
2547 689 2927 752 translative
2972 706 3048 751 ac
3094 705 3211 768 per
3259 686 3497 749 simili-

387 796 720 879 tudinem,
770 800 885 864 sed
933 803 1194 883 proprie
1244 823 1259 863 :
1309 803 1368 865 si
1416 804 1637 866 tamen
1684 803 1764 865 de
1811 802 1926 865 illo
1972 804 2235 884 proprie
2282 803 2534 886 aliquid
2581 822 2691 869 ore
2738 806 3029 869 hominis
3076 804 3207 867 dici
3253 803 3491 884 potest.

526 916 697 979 Ecce
734 920 954 998 aperte
986 918 1231 999 docuit,
1273 919 1452 1000 quod
1487 920 1760 983 nomina
1800 920 2121 983 unitatem
2160 920 2403 984 divinae
2442 921 2805 1003 majestatis
2833 921 3291 1002 significantia,
3324 921 3387 983 et
3416 920 3499 981 ad

387 1049 464 1095 se
500 1031 814 1097 dicuntur
842 1034 922 1097 de
959 1035 1124 1115 De0,
1165 1036 1232 1099 id
1271 1038 1370 1100 est
1406 1037 1548 1101 sine
1585 1036 1922 1116 relatione,
1956 1038 2020 1099 et
2047 1036 2128 1100 de
2171 1037 2480 1100 omnibus
2510 1040 2807 1119 personis
2843 1038 3281 1102 communiter
3316 1038 3383 1100 et
3417 1036 3498 1099 de

387 1148 678 1229 singulis
729 1150 998 1215 divisim
1051 1152 1380 1233 dicuntur,
1431 1171 1550 1217 nec
1605 1152 1967 1234 pluraliter,
2010 1154 2125 1217 sed
2169 1154 2589 1233 singulariter
2632 1156 2701 1218 in
2748 1172 3011 1218 summa
3060 1153 3490 1235 accipiuntur.

385 1264 518 1327 Illa
545 1284 702 1330 vero
741 1270 1011 1332 nomina
1040 1286 1188 1351 quae
1223 1270 1484 1351 proprie
1522 1270 1604 1333 ad
1643 1269 1938 1350 singulas
1974 1270 2303 1351 pertinent
2330 1287 2667 1353 personas,
2700 1272 2992 1352 relative,
3026 1289 3160 1335 non
3196 1270 3497 1334 substan·

385 1381 640 1446 tialiter
693 1383 1022 1449 dicuntur.
1064 1386 1258 1460 Quod
1313 1387 1489 1450 enim
1539 1386 1801 1467 proprie
1857 1386 2116 1467 singula
2163 1387 2233 1448 in
2275 1385 2591 1450 Trinitate
2636 1405 2917 1468 persona
2963 1388 3227 1468 dicitur,
3276 1388 3349 1450 ut
3402 1386 3495 1448 ait
3522 1400 3787 1476 uffae-rfa-

385 1497 812 1579 Augustinus
847 1501 917 1564 in
955 1503 1210 1581 eodem,
1250 1502 1433 1565 nullo
1471 1503 1669 1565 modo
1714 1501 1795 1564 ad
1833 1519 1903 1565 se
1941 1502 2178 1583 ipsam,
2213 1502 2327 1565 sed
2365 1502 2449 1565 ad
2490 1503 2690 1567 aliam
2728 1504 3011 1567 invicem
3054 1504 3160 1567 vel
3196 1503 3281 1567 ad
3320 1520 3496 1567 crea·
3520 1466 3784 1579 ffffll'd'b'

385 1614 612 1679 turam
659 1616 902 1681 dicitur
944 1638 958 1680 :
1002 1620 1068 1681 et
1111 1620 1258 1683 ideo
1306 1619 1600 1698 relative,
1647 1634 1782 1683 non
1829 1618 2348 1682 substantialiter
2392 1619 2524 1682 dici
2572 1620 2995 1684 manifestum
3045 1621 3164 1684 est.

1918 1857 1971 1918 A
1997 1874 2149 1938 ergo
2194 1864 2253 1919 et
2300 1857 2800 1920 innominabilis,
2837 1892 2918 1904 —-
2946 1857 3257 1929 Secunde,
3294 1856 3496 1919 nomi-

967 1916 1323 1980 SUMMA
1997 1955 2169 2017 natio
2230 1976 2308 2017 cx
2370 1956 2733 2037 cognitione
2790 1955 3094 2037 procedit.
3149 1955 3269 2017 Sed
3327 1955 3493 2016 Deus

379 2086 1002 2145 DISTINCTIONIS
1047 2088 1451 2145 VICESIMAE
1503 2088 1888 2144 SECUNDAE
2000 2053 2669 2135 lssCOmprehenSibiliS
2700 2061 2816 2127 OSt,
2852 2054 2981 2116 imO
3011 2061 3074 2115 Gt
3104 2052 3494 2133 inssognOSGi·

1995 2151 2168 2225 bilis,
2216 2171 2417 2233 quum
2467 2169 2723 2215 omnem
2774 2151 3006 2214 mentis
3055 2151 3348 2214 humanae
3398 2169 3495 2212 ca-

1997 2249 2337 2329 pacitatem
2365 2250 2431 2312 in
2459 2249 2786 2312 infinitum
2815 2250 3106 2328 excedat3
3130 2256 3194 2311 et
3224 2250 3493 2331 ipsamet

341 2336 350 2345 ’
459 2339 516 2403 N
557 2340 678 2401 hac
718 2339 1126 2403 distinctione
1165 2341 1372 2421 agitur
1402 2340 1478 2403 de
1519 2340 1886 2403 nominibus
1995 2348 2238 2410 Veritas
2290 2355 2673 2431 protestatur
2719 2367 2732 2409 ε
2782 2347 2982 2410 Nemo
3034 2348 3211 2411 novit
3259 2348 3489 2410 Filium
3532 2364 3783 2416 Manum,

482 2438 618 2500 Deo
656 2438 1204 2501 convenientibus.
1241 2439 1567 2501 Tractatur
1605 2439 1777 2501 enim
1822 2439 1886 2500 in
1997 2446 2118 2507 nisi
2159 2446 2359 2519 Pater,
2395 2465 2511 2509 nec
2552 2447 2795 2509 Patrem
2837 2446 2981 2528 quis
3022 2446 3200 2509 novit
3239 2446 3363 2508 nisi
3394 2446 3489 2507 Fi-
3520 2429 3587 2470 ²⁷·

379 2536 554 2599 libro
601 2536 724 2598 isto
768 2536 846 2598 de
885 2555 1136 2598 summa
1177 2544 1241 2599 et
1280 2536 1714 2618 supet-viventi
1755 2537 1885 2599 Tri·
1997 2543 2139 2605 lius.
2175 2579 2257 2589 —-
2294 2544 2525 2617 Tertio,
2580 2544 2638 2607 S.
2692 2544 3030 2627 Dionysius
3079 2544 3147 2606 in
3198 2543 3361 2607 libro
3410 2544 3488 2605 de
3559 2562 3619 2606 ne
3640 2563 3783 2607 nsvin.

373 2635 610 2708 nitate,
645 2642 958 2717 quantum
997 2635 1074 2697 ad
1104 2653 1179 2697 ea
1217 2654 1358 2716 (111ae
1399 2634 1457 2695 ei
1498 2634 1887 2697 conveniunt
1995 2640 2241 2702 Divinis
2302 2640 2670 2704 nominibus
2722 2642 2787 2703 in
2840 2640 3136 2723 pluribus
3196 2641 3373 2715 loeiS‚
3425 2650 3489 2703 et
3514 2637 3783 2740 ssffigfflfl

376 2734 652 2796 relative
700 2741 763 2795 et
821 2732 1108 2796 absolute
1167 2733 1554 2815 permixtim.
1608 2733 1686 2794 Et
1738 2732 1888 2814 quia
1994 2738 2147 2801 alibi
2200 2758 2387 2821 saepe‚
2430 2740 2663 2802 fatetur
2707 2741 2905 2802 Deum
2956 2739 3218 2802 omnino
3268 2739 3491 2802 indici·
3518 2756 3761 2809 αις-ιω.

369 2832 516 2911 jam
545 2839 696 2895 ante
729 2832 931 2894 multa
960 2839 1108 2893 sunt
1137 2832 1306 2893 dicta
1337 2832 1414 2895 de
1445 2831 1888 2913 superexcelsa
1995 2837 2191 2899 bilem
2241 2856 2402 2911 esse,
2447 2839 2578 2900 imo
2626 2857 2745 2901 nec
2793 2838 3063 2919 opinari,
3106 2856 3225 2900 nec
3275 2838 3493 2919 imagi-

373 2930 694 2993 Trinitate
739 2938 1050 3012 quantum
1090 2930 1167 2993 ad
1208 2948 1624 3012 personarum
1663 2930 1884 2991 distin·
1997 2935 2154 3010 nari,
2191 2954 2307 2997 nec
2339 2936 2511 3010 sciri,
2536 2956 2654 2999 nec
2686 2936 2956 3016 intelligi
2988 2954 3194 3017 posse.
3217 2935 3489 2998 -Idem

373 3030 692 3104 ctionem,
725 3037 788 3091 et
836 3030 1126 3111 quaedam
1177 3029 1254 3091 de
1304 3028 1546 3089 unitate
1596 3027 1886 3091 essentiae
1919 3036 1966 3097 B
1995 3033 2295 3096 dixerunt
2324 3034 2707 3117 philosophi.
2734 3035 2909 3097 Unde
2942 3034 3007 3096 in
3040 3034 3204 3097 libro
3236 3035 3315 3097 de
3344 3035 3493 3098 Cau·

373 3129 564 3210 ejus3
601 3127 738 3210 jam
783 3129 1069 3190 ordinate
1114 3126 1521 3210 prosequitur
1559 3126 1638 3188 de
1682 3127 1884 3188 nomi-

375 3227 580 3290 nibus
614 3225 852 3309 quibus
883 3233 1228 3307 utrumque
1258 3232 1428 3287 recte
1457 3224 1840 3305 exprimitur
1868 3241 1881 3286 ε

373 3333 438 3388 et
475 3325 650 3387 sicut
688 3331 862 3407 pat-et
902 3324 970 3385 in
1012 3324 1241 3398 littera,
1276 3331 1602 3405 ponuntur
1632 3323 1737 3384 hic
1776 3341 1884 3384 sex

375 3423 775 3486 differentiae
806 3421 1144 3484 nominum
1186 3422 1572 3484 divinorum.

481 3521 668 3584 Circa
736 3521 870 3584 haee
939 3528 1231 3602 quaerunt
1297 3521 1607 3594 doctoreS,
1670 3528 1885 3582 utrum

374 3623 554 3684 Deus
604 3619 688 3682 sit
738 3639 775 3682 a
825 3618 1010 3682 nobis
1063 3618 1498 3692 nominabilis,
1549 3626 1612 3682 et
1671 3626 1884 3679 utrum

377 3719 648 3801 proprie
707 3717 1092 3791 nominetur,
1146 3717 1266 3780 hoc
1322 3725 1438 3790 est,
1491 3737 1570 3779 an
1630 3717 1885 3798 aliquod

377 3835 624 3880 nomen
686 3817 944 3898 proprie
1001 3817 1060 3878 ei
1120 3816 1500 3894 conveniat3
1554 3834 1634 3877 an
1693 3815 1886 3877 etiam

377 3915 816 3979 conveniat-ei
859 3915 1069 3996 potius
1103 3933 1229 3978 uno
1269 3915 1528 3977 nomine
1569 3914 1884 3995 designari

377 4033 582 4097 quam
629 4013 870 4086 multis,
903 4022 968 4076 et
1009 4014 1174 4076 unde
1205 4021 1416 4076 ortum
1458 4012 1685 4076 habeat
1724 4013 1885 4075 mul—

381 4114 698 4196 tiplicitas
732 4112 1065 4176 nominum
1107 4112 1494 4176 divinorum.
1529 4112 1717 4174 Porro
1746 4111 1885 4174 Ale-

1996 3133 2082 3195 sis
2119 3151 2132 3194 :
2169 3134 2370 3195 Causa
2416 3134 2621 3216 prima
2666 3141 2762 3196 est
2806 3133 3097 3216 superior
3133 3134 3307 3197 omni
3351 3153 3491 3196 nar-

1996 3231 2261 3306 ratione,
2296 3239 2359 3292 et
2399 3250 2526 3295 non
2568 3239 2664 3294 est
2702 3232 2760 3294 ei
2802 3231 3111 3313 perfectio
3149 3251 3266 3294 nec
3305 3232 3491 3294 dimi-

1996 3330 2199 3403 nutio,
2262 3330 2565 3412 quoniam
2632 3331 2770 3412 ipsa
2826 3338 2921 3392 est
2984 3349 3177 3412 super
3233 3348 3489 3394 omnem

1996 3427 2453 3509 perfectionem
2505 3435 2568 3490 et
2616 3428 3127 3490 diminutionem.
3172 3429 3364 3491 Multa
3411 3429 3489 3492 de

1996 3529 2116 3590 hoc
2156 3526 2527 3588 scribuntur
2567 3527 2632 3588 in
2676 3526 2839 3589 libro
2870 3526 3001 3600 illo,
3035 3533 3097 3589 et
3137 3527 3487 3607 praesertim

1998 3627 2064 3686 in
2109 3624 2610 3687 Elementatione
2656 3624 3007 3704 theologica
3048 3623 3250 3686 Procli
3289 3623 3489 3687 Plato-

1998 3724 2148 3798 nici,
2185 3723 2295 3785 ubi
2336 3723 2641 3804 probatur
2680 3723 2849 3804 quod
2890 3722 3171 3803 primum
3210 3722 3368 3784 illud
3399 3723 3487 3785 al-

1997 3822 2307 3884 tissimum
2340 3822 2781 3884 universorum
2818 3821 3204 3902 principium
3234 3838 3363 3883 non
3392 3830 3486 3885 est

1995 3919 2341 4002 opinabile,
2393 3939 2510 3982 nec
2560 3920 2986 4000 imaginabile,
3035 3939 3241 4002 neque
3290 3923 3487 3986 sensi-

1995 4015 2146 4091 bile,
2209 4035 2327 4079 nec
2386 4017 2741 4090 definibile,
2803 4036 2921 4079 nec
2980 4017 3227 4093 scibile,
3281 4037 3487 4100 neque

1996 4114 2419 4196 intelligibile.
2456 4115 2532 4176 Et
2562 4115 2639 4178 de
2678 4115 2797 4177 hoc
2839 4122 3095 4196 possent
3125 4116 3341 4180 multae
3378 4136 3486 4178 au-

380 4213 630 4275 xander
671 4212 840 4274 circa
881 4211 1016 4274 haee
1056 4210 1282 4292 quaerit
1323 4211 1527 4292 plura,
1563 4211 1880 4284 videlicet,
1921 4219 1964 4281 C
1996 4214 2316 4276 ctoritates
2359 4213 2587 4275 adduci
2629 4231 2643 4275 :
2687 4232 2955 4295 quarum
3000 4214 3232 4277 solutio
3273 4234 3349 4278 ex
3392 4235 3486 4278 se-

377 4331 466 4374 an
512 4311 681 4373 Deus
719 4311 804 4372 sit
842 4309 1254 4372 nominabilis
1294 4309 1534 4391 absque
1565 4327 1886 4392 compara-

379 4411 564 4473 tione
609 4411 687 4472 ad
731 4417 1073 4483 creaturaS,
1119 4416 1237 4470 etc.

702 4733 1176 4808 QUAESTIO
1244 4732 1576 4798 PRIMA

535 4999 808 5062 Uaeritur
855 5015 1006 5079 ergo
1063 4999 1294 5079 prim0,
1346 5001 1476 5066 An
1522 5001 1732 5067 Deus
1778 5002 1889 5067 s1t

555 5096 1100 5166 nominabilis

473 5196 741 5258 Videtur
770 5195 940 5278 quod
973 5213 1122 5258 non.
1155 5194 1386 5268 Primo,
1419 5196 1569 5277 quia
1610 5213 1892 5258 commu-

381 5295 566 5358 niter
616 5293 856 5356 dicitur
905 5293 1076 5374 quod
1124 5293 1290 5356 Deus
1349 5293 1432 5356 sit
1481 5293 1828 5357 ineffabilis
1880 5313 1894 5358 ε

1994 4311 2339 4394 quentibus
2384 4312 2705 4374 elucescit.

2073 4412 2140 4472 In
2173 4410 2539 4492 oppositum
2572 4417 2687 4484 est,
2712 4411 2881 4492 quod
2914 4411 3077 4474 Deus
3108 4418 3238 4474 tam
3269 4411 3487 4475 multis

1994 4508 2365 4571 nominibus
2411 4507 2477 4569 in
2528 4507 2875 4591 Scripturis
2924 4508 3345 4590 significatur,
3382 4529 3488 4574 ex-

1993 4607 2316 4689 primitur,
2360 4605 2743 4668 nominatur.
2778 4641 2859 4652 —
2891 4607 3175 4689 Denique
3219 4608 3487 4672 diversis

1997 4707 2201 4769 modis
2245 4726 2281 4768 a
2325 4706 2508 4769 nobis
2554 4707 3003 4787 cognoscitur:
3038 4724 3188 4789 ergo
3235 4715 3298 4770 et
3350 4727 3489 4789 pro-

1995 4805 2505 4887 portionabiliter
2547 4805 2933 4868 nominatur.

2081 5001 2172 5064 Ad
2206 5002 2326 5064 hoc
2355 5000 2707 5063 Alexander
2738 5001 3074 5082 respondet
3094 5019 3108 5062 ε
3128 5001 3490 5064 Secundum

2000 5102 2461 5162 Damaso-enum
2496 5098 2658 5160 libro
2701 5099 2928 5180 prime,
2964 5099 3242 5180 capitulo
3272 5119 3495 5162 secun-

2001 5198 2104 5273 do,
2139 5217 2256 5259 nec
2307 5197 2521 5259 omnia
2572 5196 2789 5257 divina
2836 5203 2983 5258 sunt
3031 5194 3337 5269 effabilia,
3373 5217 3491 5261 nec

2007 5296 2223 5359 omnia
2264 5293 2641 5369 ineffabilia,
2676 5293 2841 5356 sicut
2870 5312 2988 5355 nee
3025 5293 3241 5357 omnia
3270 5312 3495 5377 cogno-
