4359 6250
1250 534 1425 579 Lmen
1468 534 1487 579 1
1529 533 2010 579 snmnxrianffl.
2056 553 2137 560 —
2178 535 2330 580 ms'r.
2379 535 2566 580 xxxiv
3338 515 3458 581 369

354 703 505 766 sunt
532 721 682 784 quae
722 705 970 785 insunt,
1002 708 1078 768 ut
1115 709 1247 768 tres
1284 725 1603 788 personae,
1636 725 1783 788 quae
1822 709 1976 771 sunt
2007 708 2304 788 ejusdem
2343 711 2590 772 naturae
2629 710 2691 772 et
2731 708 2958 772 eadem
2996 710 3250 786 natura,
3283 708 3454 770 sicut

353 835 547 899 supra
586 821 941 902 Augustini
980 823 1358 886 testimonio
1396 824 1807 887 firmavimus
1848 825 2148 904 dicentis,
2183 826 2315 886 tres
2350 842 2664 905 personas
2709 843 2850 888 esse
2889 824 3184 905 ejusdem
3231 841 3451 886 essen-
3481 837 3750 895 σηαεςινις

352 933 457 994 tiae
495 935 601 996 vel
647 936 947 999 eamdem
986 937 1361 1016 essentiam,
1396 938 1512 1001 sed
1552 956 1684 1000 non
1724 957 1803 1002 ex
1843 938 2071 1002 eadem
2110 938 2416 1018 essentia,
2448 956 2529 1001 ne
2571 939 2751 1001 aliud
2788 939 3190 1020 intelligatur
3230 955 3452 1001 essen·
3479 915 3562 944 m
3579 902 3632 946 ⁰⁶

352 1049 461 1128 tia,
512 1050 695 1113 aliud
748 1069 1049 1132 persona.
1108 1053 1258 1116 Non
1313 1055 1533 1116 tamen
1590 1055 1944 1118 diffitemur
2000 1054 2290 1136 aliquam
2350 1055 2833 1120 distinctionem
2893 1055 3255 1118 habendam
3312 1055 3450 1117 fore

353 1165 711 1232 secundum
741 1167 1191 1247 intelligentiae
1225 1169 1567 1249 rationem,
1593 1187 1799 1250 quum
1830 1170 2071 1233 dicitur
2099 1170 2500 1251 hypostasiS,
2525 1173 2590 1234 et
2620 1188 2824 1251 quum
2855 1171 3094 1234 dicitur
3121 1169 3402 1232 essentia
3431 1190 3445 1230 ε

352 1281 505 1360 quia
540 1281 633 1345 ibi
670 1283 1080 1364 significatur
1119 1285 1297 1366 quod
1336 1287 1436 1349 est
1473 1303 1822 1350 commune
1860 1286 2096 1365 tribus,
2127 1286 2236 1350 hic
2273 1303 2427 1350 vero
2465 1304 2619 1349 non.
2663 1289 2781 1350 Est
2816 1289 3038 1350 tamen
3075 1287 3450 1368 hypostasis

354 1399 655 1478 essent-ia,
688 1401 755 1462 et
791 1417 1163 1465 econverso.
1198 1402 1550 1465 Fateamur
1579 1420 1756 1484 erg0,
1792 1419 1999 1465 unum
2042 1404 2240 1483 atque
2281 1402 2457 1466 idem
2505 1421 2646 1467 esse
2685 1406 2816 1467 tres
2853 1419 3165 1484 personas
3210 1419 3447 1466 secun-

355 1511 507 1574 dum
565 1514 943 1596 essentiam,
996 1515 1369 1579 differentes
1424 1518 1644 1580 autem
1698 1517 2228 1599 proprietatibus.
2276 1518 2463 1582 Unde
2514 1519 2926 1600 Augustinus
2979 1536 3177 1600 super
3225 1517 3442 1582 locum

356 1631 787 1708 praetaxatum
833 1631 1081 1695 Psalmi
1132 1633 1227 1695 ait
1268 1651 1282 1694 ε
1326 1633 1582 1708 Quaeris
1630 1634 1791 1714 quid
1835 1635 1923 1697 sit
1959 1633 2203 1698 Pater?
2239 1634 2717 1716 Respondetur,
2749 1636 2949 1700 DeuS.
2987 1635 3244 1722 Quaeris
3283 1635 3443 1716 quid
3489 1647 3652 1702 Aug-in
3667 1649 3739 1694 Ps-

356 1744 435 1807 sit
469 1745 684 1810 Filius
704 1745 735 1809 ἱ)
770 1747 1253 1830 Respondetur,
1288 1749 1490 1813 Deus,
1521 1750 1778 1824 Quaeris
1806 1751 1967 1832 quid
2004 1751 2093 1813 sit
2120 1751 2315 1814 Pater
2344 1753 2409 1814 et
2433 1751 2646 1815 Filius
2665 1751 2696 1814 ‘2
2722 1751 3204 1833 Respondetur,
3236 1753 3437 1816 Deus,
3470 1710 3739 1814 2⁸?mm'

356 1862 446 1926 De
484 1863 770 1944 singulis
816 1865 1275 1946 interrogatus,
1317 1867 1534 1930 Deum
1585 1867 1927 1948 responde.
1970 1867 2068 1930 De
2114 1869 2394 1948 utroque
2445 1868 2904 1948 interrogatus,
2945 1886 3077 1932 non
3124 1869 3283 1932 deos
3329 1869 3444 1932 sed

357 1979 561 2042 Deum
614 1981 959 2061 responde.
1002 1982 1153 2044 Non
1198 1983 1295 2045 sic
1332 1983 1401 2046 in
1448 1983 1853 2047 hominibus.
1888 1985 2096 2047 Tanta
2142 1985 2318 2048 enim
2369 1985 2468 2048 est
2515 1984 2608 2047 ibi
2657 1983 3041 2048 substantiae
3089 1986 3330 2064 unitaS‚
3371 1987 3447 2048 ut

357 2097 793 2176 aequalitatem
832 2098 1158 2178 admittat,
1190 2099 1635 2179 pluralitatem
1674 2117 1807 2162 non
1853 2101 2178 2164 admittat.
2217 2101 2285 2164 Si
2325 2118 2478 2182 ergo
2516 2100 2637 2163 tibi
2678 2101 2929 2164 dictum
2970 2101 3190 2177 fuerit,
3223 2100 3445 2174 Quum

356 2211 511 2274 dicis
546 2212 796 2276 Filium
844 2231 985 2277 esse
1019 2214 1196 2296 quod
1243 2214 1438 2278 Pater
1475 2217 1595 2296 est,
1635 2216 1929 2296 profecto
1972 2217 2185 2279 Filius
2235 2217 2430 2280 Pater
2467 2219 2606 2298 est;
2649 2217 2970 2299 responde
3014 2236 3028 2277 :
3071 2216 3446 2279 Secundum

358 2326 783 2391 substantiam
833 2329 955 2392 tibi
992 2330 1156 2411 dixi,
1197 2331 1323 2394 hoc
1360 2349 1504 2395 esse
1543 2331 1789 2396 Filium
1841 2332 2017 2413 quod
2058 2333 2255 2396 Pater
2302 2334 2424 2412 est,
2458 2350 2590 2394 non
2628 2332 2990 2396 secundum
3029 2331 3099 2393 id
3142 2333 3320 2412 quod
3363 2331 3446 2394 ad

358 2441 526 2505 aliud
563 2443 825 2507 dicitur.
860 2444 965 2508 Ad
1002 2462 1073 2507 se
1111 2446 1288 2508 enim
1326 2446 1567 2509 dicitur
1604 2447 1808 2527 Deus,
1844 2446 1927 2509 ad
1962 2445 2225 2510 Patrem
2266 2447 2507 2510 dicitur
2542 2447 2787 2528 Filius;
2826 2463 3220 2526 rursumque
3250 2446 3446 2509 Pater

358 2559 433 2620 ad
466 2577 537 2622 se
574 2558 815 2624 dicitur
846 2561 1051 2640 Deus,
1084 2562 1167 2625 ad
1202 2561 1450 2624 Filium
1488 2558 1729 2625 dicitur
1763 2562 1979 2626 Pater.
2015 2562 2206 2636 Quod
2246 2564 2441 2626 Pater
2477 2564 2560 2626 ad
2595 2562 2841 2626 Filium
2880 2562 3142 2643 dicitur,
3176 2579 3308 2624 non
3346 2563 3445 2625 est

358 2672 591 2754 Filius3
632 2675 811 2756 quod
854 2675 1097 2739 dicitur
1137 2675 1351 2739 Filius
1388 2675 1472 2738 ad
1511 2676 1799 2756 Patrem,
1837 2693 1971 2739 non
2010 2677 2109 2740 est
2149 2676 2376 2758 Pater3
2416 2678 2594 2759 quod
2639 2678 2881 2741 dicitur
2914 2677 3110 2741 Pater
3149 2678 3232 2741 ad
3268 2695 3340 2741 se
3381 2678 3446 2741 et

356 2787 557 2854 Filius
603 2791 686 2853 ad
733 2809 827 2870 se,
869 2792 996 2856 hoc
1044 2794 1144 2856 est
1188 2791 1383 2855 Pater
1430 2794 1495 2856 et
1538 2792 1774 2870 Filius,
1816 2793 1885 2856 id
1932 2793 2033 2856 est
2077 2793 2281 2857 Deus.

354 3099 425 3161 E.
472 3103 731 3165 Utrum
776 3102 884 3165 ita
926 3101 1164 3175 possit
1209 3103 1381 3176 dici,
1426 3116 1616 3165 unus
1663 3102 1853 3163 Deus
1900 3100 2133 3163 trium
2176 3115 2705 3179 personarum,
2745 3107 2861 3166 vel
2907 3103 3059 3167 tres
3102 3117 3442 3178 personae

476 3222 694 3283 unius
731 3222 887 3295 Dei,
929 3220 1014 3282 ut
1057 3220 1357 3294 dicitur,
1399 3234 1550 3282 una
1598 3218 1918 3281 essentia
1959 3218 2192 3280 trium
2231 3234 2760 3296 personarum,
2803 3221 2875 3282 et
2919 3222 3074 3283 tre-5·
3101 3236 3444 3294 personae

477 3338 694 3399 unius
739 3338 1095 3400 essentioe.

478 3604 603 3668 Hic
651 3603 1201 3668 considerandum
1252 3606 1373 3683 est,
1428 3620 1631 3685 quum
1690 3603 1871 3666 Deus
1925 3602 2014 3666 sit
2062 3603 2290 3666 divina
2343 3604 2648 3683 essentia,
2697 3606 2762 3668 et
2812 3604 2903 3667 ita
2958 3604 3212 3668 dicatur
3266 3622 3440 3669 unus

355 3719 525 3785 Deus
562 3738 703 3785 esse
746 3722 880 3784 tres
927 3722 1249 3801 personae,
1282 3721 1452 3783 sicut
1498 3737 1631 3783 una
1669 3720 1952 3783 essentia
2000 3719 2242 3782 dicitur
2288 3720 2420 3783 tres
2464 3736 2784 3800 personae,
2816 3721 3041 3782 utrum
3087 3720 3178 3782 ita
3225 3720 3440 3783 valeat

354 3854 500 3900 sane
536 3838 688 3918 dici,
722 3854 897 3901 unus
939 3836 1119 3899 Deus
1163 3836 1365 3899 trium
1407 3852 1859 3917 personarum,
1894 3834 1997 3898 vel
2034 3836 2167 3897 tres
2204 3851 2500 3916 personae
2537 3836 2737 3898 unius
2775 3835 2922 3914 Dei,
2964 3834 3136 3897 sicut
3171 3835 3435 3917 dicitur,

354 3971 477 4017 una
512 3955 794 4019 essentia
830 3953 1033 4016 trium
1070 3968 1523 4034 personarum,
1558 3952 1623 4015 et
1651 3952 1783 4015 tres
1818 3968 2115 4032 personae
2144 3952 2344 4015 unius
2380 3951 2703 4015 essentiae.
2738 3952 2816 4014 In
2852 3950 2958 4014 his
2994 3950 3439 4015 locutionibus

355 4069 693 4152 Scripturae
739 4088 903 4133 usus
945 4068 1137 4133 nobis
1178 4068 1591 4133 aemulandus
1627 4068 1908 4146 videtur,
1942 4066 2054 4130 ubi
2094 4067 2468 4148 frequenter
2501 4067 2824 4149 reperitur
2860 4067 2952 4130 ita
2985 4068 3259 4148 dictum,
3295 4068 3440 4131 Una

356 4188 448 4249 est
482 4188 763 4250 essentia
804 4186 1031 4264 trium,
1072 4186 1137 4248 et
1172 4186 1307 4249 tres
1348 4188 1502 4249 sunt
1546 4201 1844 4265 personae
1896 4183 2095 4247 unius
2144 4184 2482 4266 essentiae3
2521 4201 2850 4266 nusquam
2888 4184 3110 4247 autem
3158 4184 3440 4247 occurrit

356 4300 601 4383 legisse,
630 4320 843 4366 unum
869 4302 1085 4365 Deum
1112 4301 1315 4364 trium
1341 4318 1793 4382 personarum,
1817 4300 1945 4379 vel,
1974 4301 2107 4363 tres
2135 4318 2448 4381 personas
2476 4301 2676 4364 unius
2709 4300 2854 4364 Dei.
2880 4300 3072 4374 Quod
3102 4300 3248 4363 ideo
3277 4302 3438 4381 puto

356 4422 603 4483 sanctos
650 4420 954 4483 doctores
1000 4418 1266 4497 vitasse,
1310 4434 1392 4481 ne
1442 4417 1535 4480 ita
1582 4417 1747 4480 forte
1793 4416 2196 4497 acciperetur
2242 4416 2311 4478 in
2349 4416 2592 4479 divinis
2638 4416 2960 4497 personiS,
3001 4418 3076 4479 ut
3121 4416 3440 4498 accipitur

356 4551 554 4615 quum
581 4535 657 4599 de
689 4534 1005 4599 creaturis
1034 4531 1253 4597 simile
1289 4533 1450 4614 quid
1478 4533 1738 4596 dicitur.
1773 4532 2032 4595 Dicitur
2068 4533 2269 4612 enim,
2302 4532 2482 4595 Deus
2511 4531 2870 4613 Abraham,
2903 4532 3088 4596 Isaac
3116 4534 3181 4596 et
3204 4531 3432 4612 Jacob,
3503 4547 3726 4621 emma.

356 4651 415 4712 et
460 4651 635 4715 Deus
680 4652 901 4715 omnis
948 4650 1282 4714 creaturae.
1335 4649 1527 4723 Quod
1572 4650 1801 4729 utique
1848 4648 2090 4711 dicitur
2136 4650 2402 4729 propter
2456 4648 2855 4729 principium
2912 4648 3282 4727 creationis,
3327 4646 3434 4711 vel
3461 4614 3526 4724 ιῧκῘ
3547 4610 3728 4717 ¹²1¹th

354 4768 571 4845 gratiae
604 4766 1050 4849 privilegium,
1087 4767 1155 4830 et
1191 4768 1503 4830 creaturae
1540 4764 2018 4846 subjectionem
2056 4764 2161 4828 vel
2203 4764 2610 4827 servitutem.
2655 4762 2878 4837 Quum
2917 4780 3069 4843 ergo
3117 4764 3186 4824 in
3225 4762 3439 4824 Trini-

356 4884 476 4947 tate
528 4884 697 4947 nihil
746 4884 835 4948 sit
881 4886 1173 4947 creatum
1222 4883 1325 4945 vel
1376 4882 1669 4947 serviens
1718 4883 1821 4947 vel
1866 4881 2262 4963 subjectum,
2309 4898 2443 4945 non
2488 4881 2757 4944 admisit
2799 4880 2964 4943 fides
3007 4879 3077 4940 in
3121 4877 3437 4942 Trinitate

354 5000 541 5063 talem
568 5000 921 5064 locutionis
958 5000 1255 5064 modum.
1290 5000 1390 5062 Ita
1427 5000 1624 5062 etiam
1656 5015 2007 5063 econverso
2041 5015 2173 5060 non
2204 4998 2444 5062 dicitur
2481 4998 2561 5061 de
2599 4996 2722 5060 Dei
2750 4995 3058 5074 essentia,
3089 4995 3266 5076 quod
3295 4995 3440 5076 ipsa

354 5116 433 5177 sit
459 5118 737 5180 essentia
772 5114 1131 5195 Abraham,
1165 5115 1347 5178 Isaac
1377 5116 1443 5178 et
1476 5113 1704 5193 Jacob,
1735 5113 1839 5178 vel
1876 5114 2159 5194 alicujus
2196 5116 2531 5192 creaturae,
2564 5129 2645 5175 ne
2675 5110 2999 5175 Creatoris
3031 5110 3097 5173 et
3124 5110 3436 5175 creaturae

352 5232 645 5295 naturam
689 5230 1089 5296 confundere
1137 5230 1504 5295 videamur.

596 5456 658 5507 T.
691 5458 771 5509 20.
3121 5453 3182 5507 24
