4359 6250
851 478 968 541 184

1480 497 1543 542 ΙΝ
1585 496 1804 540 LIBRUM
1847 496 1865 539 1
1907 493 2388 539 SENTENTIARUM.
2434 510 2515 521 -
2554 494 2707 538 msr.
2754 493 2940 554 xxlv;
2984 492 3207 549 QUAEST.
3252 492 3315 539 lv

852 684 1007 729 voce
1043 684 1056 727 :
1093 684 1220 729 non
1261 666 1520 748 quidem
1560 664 2058 746 aequivocatione
2099 682 2214 745 per
2251 682 2347 725 ca-
2375 663 2425 725 A
2456 682 2559 725 sae.
2594 664 2727 725 Una
2756 662 2911 737 Arii,
2942 662 3280 725 asserentis
3310 679 3613 743 personas
3642 661 3708 723 in
3736 678 3951 723 essen-

854 783 997 826 sum
1040 771 1104 827 et
1145 764 1487 839 fortunam,
1531 772 1602 825 ut
1642 763 1816 825 canis
1861 770 1924 824 et
1963 763 2202 835 asinuS,
2235 780 2345 824 vas

855 870 918 925 et
947 863 1216 941 animal;
1257 864 1368 924 sed
1402 862 1900 944 aequivocatione
1934 860 2237 947 analogiae
2267 861 2345 922 ad

855 979 1058 1021 unum
1093 978 1106 1021 :
1141 967 1204 1023 et
1243 977 1368 1023 non
1407 960 1574 1021 sicut
1610 979 1723 1022 ens
1762 967 1856 1021 est
1892 958 2229 1039 analogum
2268 958 2346 1019 ad

857 1058 1277 1121 substantiam
1309 1066 1369 1121 et
1393 1058 1824 1132 accidenS,vel
1855 1075 2080 1119 sanum
2110 1058 2189 1119 ad
2219 1055 2346 1118 ani·

857 1157 982 1218 mal
1016 1164 1078 1217 et
1109 1156 1382 1230 urinam,
1415 1156 1516 1218 vel
1559 1156 1878 1218 medicum
1915 1156 1993 1217 ad
2030 1154 2345 1216 artificem

855 1262 916 1317 et
977 1255 1349 1337 clysterem3
1409 1256 1519 1318 sed
1581 1256 1932 1317 secundum
1989 1253 2347 1333 analogiam

854 1353 1092 1416 causati
1134 1361 1197 1415 et
1227 1353 1568 1435 exemplati
1609 1353 1687 1415 ad
1718 1371 1972 1414 causam
2012 1358 2203 1432 atque
2242 1370 2347 1412 ex-

852 1451 1116 1533 emplar.
1141 1487 1222 1496 —
1253 1451 1318 1513 Si
1352 1459 1566 1513 autem
1597 1450 1938 1531 objiciatur
1971 1470 1984 1513 ε
2019 1450 2345 1523 Quaecum-

853 1570 977 1632 que
1020 1550 1321 1612 dicuntur
1367 1550 1718 1611 secundum
1769 1549 1969 1629 magis
2005 1556 2068 1609 et
2109 1547 2344 1620 minuS,

853 1656 1002 1710 sunt
1031 1647 1484 1729 comparabilia
1515 1654 1754 1710 mutuo.
1772 1648 1937 1709 Deus
1967 1654 2030 1709 et
2058 1654 2349 1708 creatura

854 1746 1156 1808 dicuntur
1194 1747 1546 1809 secundum
1589 1746 1788 1826 magis
1820 1752 1884 1806 et
1923 1745 2157 1819 niinuS,
2193 1762 2345 1825 quo-

2454 760 2544 823 tia
2590 760 2999 839 differentes3
3049 761 3173 823 alia
3228 760 3511 833 Sabellii,
3560 758 3949 821 affirmantis

2457 860 2625 941 quod
2675 860 2810 921 solo
2854 859 3114 922 nomine
3162 859 3289 921 sint
3333 859 3666 921 distinctae.
3711 857 3951 921 Conce-

2457 959 2662 1020 denda
2710 965 2859 1021 sunt
2900 976 3049 1039 ergo
3093 978 3235 1040 quae
3278 958 3536 1039 utrique
3575 956 3800 1021 haeresi
3843 956 3954 1018 ad-

2457 1064 2812 1131 versantur,
2864 1064 2927 1119 et
2974 1058 3259 1138 neganda
3307 1064 3455 1119 sunt
3503 1075 3645 1137 quae
3692 1055 3953 1136 utrique

2458 1163 2605 1217 sunt
2637 1174 2930 1219 consona.
2966 1156 3141 1217 Unde
3172 1162 3390 1218 contra
3418 1154 3639 1217 Arium
3678 1162 3953 1236 quatuor

2458 1254 2637 1336 ponit
2666 1254 2961 1327 Ecclesia,
2986 1254 3268 1317 scilicet:
3296 1254 3587 1317 essentiae
3616 1253 3949 1326 unitatem,

2458 1361 2519 1416 et
2558 1372 2635 1415 ex
2678 1354 2799 1417 hoc
2837 1352 3182 1416 confitetur
3222 1354 3424 1415 Deum
3468 1370 3693 1425 unum,
3735 1360 3798 1413 et
3840 1370 3951 1413 ne—

2456 1458 2561 1533 gat
2617 1452 3067 1514 diversitatem.
3131 1452 3422 1514 Secundo
3478 1452 3660 1532 ponit
3716 1450 3954 1513 divinae

2458 1551 2747 1613 essentiae
2802 1550 3276 1632 simplicitatem
3336 1569 3349 1613 :
3412 1550 3555 1612 ideo
3608 1549 3957 1612 confitetur

2459 1667 2596 1711 esse
2634 1649 2835 1711 Deum
2879 1648 3261 1731 simplicem,
3296 1656 3357 1709 et
3396 1655 3582 1729 negat
3618 1668 3765 1711 eum
3810 1666 3955 1710 esse

2460 1746 2922 1829 multiplicem3
2954 1754 3017 1810 et
3057 1754 3241 1828 negat
3274 1766 3311 1809 a
3348 1747 3477 1809 Deo
3514 1746 3957 1828 multiplicita-

855 1844 1028 1906 niam
1078 1844 1242 1906 Deus
1288 1851 1383 1906 est
1425 1844 1626 1924 magis
1673 1863 1862 1915 unuS‚
1905 1843 2110 1906 bonus
2151 1850 2217 1904 et
2256 1862 2349 1905 sa·
2383 1844 2431 1906 Β
2460 1852 2587 1907 tem
2630 1846 2732 1907 vel
2776 1846 3180 1921 divisionem,
3222 1866 3365 1927 quae
3413 1845 3593 1927 ponit
3639 1846 3957 1908 rationem

857 1942 1060 2024 pienS,
1084 1961 1278 2024 quam
1309 1951 1516 2005 creata
1549 1962 1564 2007 ι
1599 1960 1749 2023 ergo
1777 1948 1926 2004 sunt
1956 1940 2347 2023 comparabi-

858 2042 959 2103 lia.
995 2041 1143 2113 Quae
1171 2049 1384 2103 autem
1427 2048 1574 2103 sunt
1611 2039 2066 2122 comparabilia
2103 2046 2351 2101 exstant

859 2142 1150 2213 univoca,
1189 2140 1542 2202 secundum
1585 2139 2056 2221 Philosophum.
2091 2140 2185 2200 Ad
2228 2138 2349 2201 hoc

857 2240 1393 2321 respondendum,
1426 2239 1594 2320 quod
1634 2239 1799 2300 Deus
1837 2246 2082 2301 creator
2119 2244 2183 2299 et
2221 2255 2351 2298 cre-

854 2345 956 2400 ata
999 2354 1126 2400 non
1169 2344 1318 2399 sunt
1359 2336 1615 2417 proprie
1658 2334 2113 2418 comparabilia
2149 2355 2162 2398 :
2201 2334 2352 2416 quia

856 2456 997 2518 quae
1035 2443 1504 2517 comparantur,
1539 2436 1891 2497 secundum
1936 2433 2351 2515 comparatio-

787 2555 792 2559 ·
853 2534 954 2597 nis
1003 2543 1295 2597 naturam
1345 2534 1708 2615 susceptiva
1755 2540 1904 2595 sunt
1945 2531 2344 2613 aequalitatis.

851 2634 1092 2696 Idcirco
1139 2631 1404 2695 abusiva
1451 2639 1548 2720 est
1591 2630 1980 2713 comparatio
2029 2649 2154 2712 qua
2197 2630 2350 2692 dici-

852 2739 976 2805 tur,
1039 2732 1203 2793 Deus
1268 2737 1365 2793 est
1426 2729 1626 2811 magis
1687 2748 1854 2791 unus
1917 2748 2109 2810 quam
2172 2748 2347 2791 crea-

853 2838 1030 2907 tura;
1079 2837 1143 2891 et
1189 2836 1438 2891 tantum
1487 2828 1657 2891 valet
1703 2848 1718 2891 ε
1769 2830 1935 2891 Deus
1992 2835 2090 2889 est
2147 2826 2349 2907 magis

854 2947 1044 3002 unuS,
1085 2928 1389 3009 quoniam
1438 2936 1536 2989 est
1583 2946 1696 3008 per
1743 2945 1810 2989 se
1859 2934 1922 2988 et
1965 2926 2174 3008 primo
2221 2926 2351 2988 imo

2459 1945 2652 2007 totius
2701 1953 2763 2006 et
2818 1944 3037 2026 partiS,
3088 1964 3230 2026 quae
3286 1942 3680 2026 simplicitati
3736 1944 3960 2006 adver-

2458 2051 2712 2122 santur3
2762 2043 3057 2105 similiter
3112 2044 3597 2125 separationem,
3648 2043 3957 2124 quoniam

2460 2150 2719 2224 propter
2748 2142 3038 2205 essentiae
3068 2142 3464 2204 identitatem
3496 2141 3958 2222 inseparabiles

2459 2247 2609 2303 sunt
2648 2258 2951 2322 personae.
2988 2240 3197 2304 Tertio
3238 2240 3419 2321 ponit
3460 2239 3957 2302 similitudinem

2459 2340 2527 2401 in
2584 2347 2810 2401 natura
2868 2339 3119 2401 deitatis
3178 2346 3367 2420 prout
3425 2337 3829 2418 significatur
3883 2348 3959 2400 ut

2460 2437 2664 2500 forma
2694 2437 3003 2518 quaedam.
3038 2436 3198 2498 Hinc
3238 2436 3472 2498 fatetur
3508 2434 3739 2497 Filium
3776 2436 3959 2498 simi-

2462 2536 2585 2597 lem
2634 2535 2819 2609 Patri,
2870 2543 2933 2597 et
2980 2554 3128 2597 eum
3176 2534 3457 2597 alienum
3506 2552 3645 2596 esse
3690 2553 3729 2597 a
3772 2534 3959 2597 Patre

2459 2642 2666 2715 negat,
2712 2634 3006 2715 quamvis
3054 2634 3131 2696 sit
3179 2633 3343 2696 alius
3392 2652 3404 2695 :
3452 2634 3753 2714 quoniam
3802 2633 3957 2696 alie·

2460 2752 2614 2794 num
2664 2740 2926 2796 vocatur
2972 2734 3141 2814 quod
3192 2739 3289 2794 est
3328 2752 3365 2795 a
3409 2740 3631 2795 natura
3678 2733 3957 2815 alicujus

2460 2839 2850 2893 extraneum.
2887 2831 3117 2904 Quart-o
3158 2832 3339 2912 ponit
3375 2831 3713 2893 indivisam
3752 2833 3957 2894 virtu-

2459 2939 2589 2992 tem
2620 2938 2683 2991 et
2714 2929 3216 3010 magnitudinem
3251 2928 3447 2990 trium
3486 2946 3900 3010 personarum
3936 2952 3953 2994 ε

855 3033 918 3088 et
964 3025 1547 3108 incomparabiliter
1584 3045 1773 3099 unus,
1807 3032 1876 3086 ut
1918 3043 2106 3087 causa
2143 3032 2207 3087 et
2249 3044 2351 3087 ex·
2388 3026 2431 3088 C
2463 3028 2698 3090 idcirco
2761 3028 3053 3090 concedit
3113 3046 3305 3089 unam
3374 3046 3708 3109 personam
3768 3029 3955 3091 alteri

857 3125 1138 3206 emplar3
1189 3133 1252 3187 et
1304 3132 1611 3198 creatura,
1656 3125 1868 3186 minus
1927 3143 2074 3199 una,
2117 3125 2180 3186 id
2230 3131 2347 3197 est,

855 3243 892 3286 a
941 3224 1068 3287 Deo
1119 3231 1182 3286 et
1228 3225 1307 3286 ad
1357 3223 1467 3286 Dei
1528 3224 1944 3286 imitationem
1996 3224 2352 3305 exemplata

855 3331 1048 3404 atque
1089 3323 1304 3398 relata,
1336 3330 1433 3385 est
1475 3323 1629 3403 quid
1673 3341 1893 3385 unum.

1287 3650 1760 3724 QUAESTIO
1828 3650 1934 3713 IV

997 3915 1184 3978 Uarto
1223 3915 1552 3996 quaeritur,
1585 3917 1716 3982 An
1761 3915 1872 3981 s1t
1909 3915 1994 3980 111
2032 3913 2196 3980 Deo
2235 3915 2351 3980 di-

1025 4015 1394 4082 versitas,

937 4113 1200 4175 Videtur
1248 4113 1416 4193 quod
1468 4111 1580 4174 sic.
1629 4111 1778 4174 Tres
1827 4111 2000 4173 enim
2049 4111 2351 4192 superbe—

2460 3147 2600 3191 esse
2628 3128 2937 3209 aequalem
2968 3135 3031 3189 et
3060 3145 3301 3209 parem,
3336 3135 3649 3209 negatque
3682 3129 3957 3210 inaequa-

2462 3227 2588 3289 lem
2618 3245 2691 3289 ac
2722 3226 3060 3308 disparem.
3094 3261 3176 3271 —
3206 3225 3634 3289 Consimiliter
3672 3227 3958 3290 Ecclesia

2461 3333 2731 3408 quatuor
2788 3326 2969 3407 ponit
3025 3333 3244 3388 contra
3300 3324 3668 3387 Sabellium.
3718 3327 3953 3402 Prim0,

2461 3432 2701 3487 naturae
2739 3422 3384 3487 communicationem
3424 3423 3772 3506 suppositis
3813 3425 3957 3506 plu-

2461 3522 2639 3585 ribus
2675 3541 2688 3584 :
2723 3523 2867 3585 ideo
2898 3522 3197 3604 praedicat
3231 3523 3298 3584 in
3331 3523 3461 3586 Deo
3497 3509 3953 3605 pluralitatem,

2462 3630 2526 3684 et
2564 3620 2848 3684 excludit
2887 3620 3410 3701 singularitatem.
3446 3621 3737 3684 Secundo
3774 3623 3959 3704 ponit

2461 3719 2630 3800 quod
2682 3717 3011 3800 pluralitas
3050 3717 3169 3778 ista
3207 3735 3333 3780 non
3382 3718 3589 3780 solum
3632 3725 3730 3780 est
3770 3719 3960 3782 ratio-

2461 3816 2583 3890 nis,
2617 3817 2726 3878 sed
2756 3815 2949 3878 etiam
2981 3815 3095 3890 rei,
3128 3815 3433 3897 quoniam
3462 3823 3611 3878 sunt
3640 3823 3768 3878 tres
3798 3835 3901 3879 res
3936 3837 3952 3881 :

2463 3915 2604 3977 ideo
2652 3914 2951 3996 praedicat
2998 3915 3063 3975 in
3123 3915 3252 3977 Deo
3298 3913 3795 3988 distinctionem,
3849 3935 3954 3978 ex·

2462 4013 2791 4094 cluditque
2843 4012 3123 4074 unicum.
3162 4012 3371 4075 Tertio
3420 4013 3601 4094 ponit
3649 4013 3713 4075 in
3762 4013 3956 4077 rebus

2462 4111 2599 4174 istis
2658 4131 2797 4174 esse
2852 4109 3117 4192 originis
3172 4111 3462 4174 ordinem
3515 4131 3529 4175 :
3580 4111 3731 4174 hinc
3784 4131 3955 4176 asse-

859 4211 1127 4274 nedictae
1166 4218 1228 4272 et
1269 4210 1829 4293 superessentiales
1875 4227 2160 4293 personae
2204 4219 2351 4273 sunt
2381 4214 2431 4275 D
2462 4211 2544 4272 rit
2582 4209 2647 4271 in
2691 4209 2927 4272 divinis
2970 4209 3443 4284 discretionem,
3484 4199 3628 4290 quae
3662 4211 3955 4273 ordinem

856 4309 980 4371 tria
1026 4309 1377 4391 supposita,
1419 4316 1481 4371 et
1519 4309 1910 4389 Augustinus
1959 4309 2025 4369 in
2071 4308 2235 4370 libro
2272 4309 2349 4370 de

858 4407 1160 4469 Trinitate
1191 4406 1474 4469 affirmat
1511 4407 1680 4488 quod
1715 4414 1864 4468 sunt
1898 4407 2036 4468 tria.
2071 4406 2347 4468 Hilarius

859 4523 1114 4587 quoque
1146 4506 1212 4567 in
1244 4504 1408 4567 libro
1438 4522 1553 4567 suo
1582 4506 1660 4567 de
1691 4504 1994 4567 Trinitate
2024 4505 2145 4566 ait:
2169 4505 2349 4567 Pater

857 4611 920 4666 et
949 4603 1146 4666 Filius
1177 4611 1240 4665 et
1279 4603 1553 4685 Spiritus
1593 4603 1860 4665 Sanctus
1899 4610 2047 4664 sunt
2085 4602 2345 4684 quidem

856 4721 970 4785 per
998 4700 1418 4764 substantiam
1443 4701 1577 4773 tria,
1593 4702 1704 4763 sed
1730 4720 1845 4782 per
1869 4702 2345 4764 consonantiam

855 4819 1080 4862 unum.
1129 4801 1426 4862 Doctores
1473 4800 1627 4862 item
1672 4799 2031 4862 scholastici
2079 4800 2146 4862 in
2196 4801 2347 4862 scri-

855 4900 983 4982 ptis
1014 4898 1146 4961 suis
1179 4899 1498 4961 interdum
1531 4906 1800 4960 utuntur
1821 4900 2078 4962 nomine
2109 4899 2345 4962 diversi

857 5016 930 5060 ac
971 4996 1354 5060 diversitatis
1395 4997 1461 5058 in
1502 4997 1759 5072 diviniS,
1802 5005 1873 5060 ut
1911 4998 2116 5079 patuit
2155 5017 2340 5080 saepe.

933 5098 1004 5158 In
1047 5095 1413 5178 oppositum
1457 5102 1554 5158 est
1593 5096 1934 5159 auctoritas
1979 5096 2223 5159 litterae.

933 5195 1027 5257 Ad
1056 5195 1192 5257 haec
1223 5194 1491 5258 Thomas
1523 5196 1860 5277 respondet
1890 5213 1904 5257 :
1940 5195 2117 5258 Circa
2149 5194 2346 5257 fidem

859 5291 1181 5355 Trinitatis
1229 5291 1490 5355 fuerunt
1535 5294 1804 5356 haereses
1849 5293 1988 5356 duae
2035 5293 2347 5374 pernicio-

2462 4309 2802 4391 quemdam
2870 4308 3212 4388 importat3
3270 4315 3333 4369 et
3394 4307 3677 4370 excludit
3736 4309 3959 4372 confu-

2460 4408 2724 4470 sionem.
2778 4406 3008 4479 Quarto
3056 4405 3237 4487 ponit
3284 4412 3411 4468 tres
3463 4424 3763 4488 personas
3812 4427 3957 4470 esse

2461 4505 2670 4567 unitas
2718 4503 3017 4566 societate
3063 4503 3321 4576 amoriS,
3372 4504 3485 4586 qui
3532 4513 3629 4567 est
3676 4504 3957 4586 Spiritus

2459 4604 2745 4666 Sanctus,
2799 4603 3133 4685 Propterea
3191 4602 3535 4665 confitetur
3592 4603 3657 4665 in
3716 4603 3957 4666 divinis

2459 4701 2935 4765 consonantiam
2983 4708 3173 4782 atque
3216 4700 3627 4774 consortium,
3670 4701 3957 4764 solitudi—

2457 4819 2604 4863 nem
2635 4817 2787 4862 vero
2817 4799 3115 4861 excludit.
3148 4833 3229 4843 —
3256 4798 3531 4861 Hilarius
3560 4817 3709 4881 ergo
3738 4799 3955 4862 dicen—

2459 4900 2538 4962 do
2568 4899 2812 4961 Patrem
2844 4905 2907 4959 et
2936 4897 3167 4959 Filium
3198 4915 3271 4958 ac
3302 4896 3612 4979 Spiritum
3650 4897 3955 4960 Sanctum

2459 5016 2597 5060 esse
2629 5015 2744 5078 per
2773 4995 3193 5058 substantiam
3226 4994 3366 5069 tria,
3400 4994 3821 5057 substantiam
3850 5015 3955 5058 ac-

2461 5095 2617 5177 cipit
2666 5112 2783 5176 pro
2829 5092 3152 5176 hypostasi
3212 5112 3324 5155 seu
3379 5110 3669 5175 persona,
3718 5101 3783 5154 et
3832 5093 3957 5156 tria

2462 5211 2577 5276 pro
2627 5203 2780 5263 treS,
2820 5193 2986 5254 sicut
3033 5200 3097 5254 et
3142 5191 3553 5271 Augustinus.
3602 5191 3747 5255 Haec
3790 5191 3953 5255 Tho-

2469 5311 2602 5355 mas
2648 5292 2713 5352 in
2756 5291 3023 5372 Scripto.
