4359 6250
1336 525 1512 571 mnan
1555 525 1575 570 1
1615 521 2094 571 smrcmmnuu.
2141 543 2223 552 —
2262 525 2415 571 msr.
2460 525 2653 571 mlx
3428 503 3544 569 491

441 701 515 764 in
545 717 778 764 eorum
817 700 1114 782 scientia,
1147 701 1214 764 in
1245 718 1472 764 eorum
1511 700 1856 782 sapientia,
1887 701 1957 763 in
1987 717 2215 764 eorum
2254 701 2559 780 essentia,
2592 699 3047 782 unusquisque
3080 718 3311 764 eorum
3346 699 3549 764 simul

443 816 650 894 videt,
681 833 818 880 non
854 816 1296 899 particulatim
1335 817 1449 878 aut
1485 817 1849 897 sigillatim,
1883 815 2063 880 velut
2091 816 2451 880 alternante
2481 817 2833 898 conspectu
2870 815 3025 879 hinc
3064 815 3268 896 illinc,
3302 817 3368 880 et
3396 816 3547 880 inde

443 935 577 998 huc
615 936 681 1000 et
723 951 986 998 rursum
1026 933 1200 1014 inde,
1232 933 1336 997 vel
1375 933 1526 996 inde
1564 933 1631 995 in
1669 933 1850 996 aliud
1890 935 2086 1016 atque
2125 933 2329 1014 aliud,
2370 933 2445 996 ut
2480 933 2701 1014 aliqua
2737 932 2958 996 videre
3000 949 3131 995 non
3170 933 3379 1014 possit
3416 933 3547 996 nisi

441 1070 581 1116 non
629 1051 860 1130 videns
905 1050 1073 1132 alia3
1121 1050 1239 1113 sed
1295 1050 1520 1113 omnia
1563 1049 1765 1112 simul
1821 1049 2022 1129 videt,
2063 1067 2348 1131 quorum
2399 1049 2657 1113 nullum
2712 1051 2812 1112 est
2867 1049 3047 1131 quod
3099 1065 3233 1112 non
3290 1065 3550 1132 semper

443 1169 668 1234 videat
713 1170 780 1233 et
824 1168 1010 1232 sciat.
1051 1167 1216 1248 Ejus
1265 1167 1486 1249 itaque
1532 1167 1805 1232 scientia
1851 1166 2308 1232 inamissibilis
2364 1169 2430 1231 et
2482 1167 2887 1230 invariabilis
2936 1167 3056 1231 est.
3106 1167 3347 1230 Nostra
3391 1185 3547 1232 vero
3576 1179 3846 1252 Aps-dotri-

444 1286 745 1366 scientia‚
777 1288 843 1349 et
877 1284 1263 1348 amissibilis
1300 1285 1366 1348 et
1401 1284 1738 1348 variabilis
1767 1286 1834 1349 et
1868 1284 2269 1366 receptibilis
2306 1286 2405 1348 est
2438 1305 2452 1345 ε
2487 1285 2643 1365 quia
2678 1302 2813 1347 non
2849 1285 2975 1348 hoc
3012 1286 3114 1348 est
3148 1284 3341 1348 nobis
3379 1303 3545 1366 esse,
3574 1241 3843 1355 Ῐζιῗῖιῗέἑῖὴ

445 1404 630 1485 quod
669 1419 896 1484 sapere
939 1401 1044 1464 vel
1080 1403 1271 1464 scire.
1303 1401 1580 1482 Propter
1620 1402 1746 1465 hoc
1782 1402 1956 1465 sicut
1990 1403 2217 1466 nostra
2253 1402 2527 1466 scientia
2573 1400 2670 1464 illi
2708 1402 2999 1466 scientiae
3042 1402 3166 1466 Dei
3204 1403 3550 1466 dissimilis

445 1523 586 1601 θεὶς
617 1521 713 1584 sic
740 1523 806 1583 et
843 1521 1142 1584 nostrum
1173 1519 1470 1600 verbum,
1497 1520 1674 1600 quod
1705 1519 1994 1583 nascitur
2020 1518 2102 1582 de
2137 1520 2412 1583 scientia
2440 1521 2685 1597 nostra,
2717 1519 3038 1582 dissimile
3078 1523 3178 1584 est
3207 1519 3303 1582 illi
3333 1520 3550 1585 Verbo

445 1639 633 1719 quod
669 1639 896 1701 natum
935 1638 1036 1700 est
1061 1636 1144 1700 de
1180 1637 1374 1700 Patre
1411 1636 1705 1700 scientia.
1737 1673 1827 1682 —
1855 1637 1956 1699 Ex
1993 1637 2115 1699 hac
2152 1637 2539 1700 auctoritate
2576 1635 2746 1700 clare
2786 1637 3174 1718 ostenditur,
3206 1637 3549 1700 scientiam

445 1756 576 1820 Dei
623 1755 892 1817 omnino
941 1753 1391 1817 invariabilem
1445 1771 1612 1832 esse,
1652 1753 1824 1817 sicut
1867 1754 2011 1834 ipsa
2057 1754 2341 1816 essentia
2376 1754 2500 1817 Dei
2548 1753 2818 1816 omnino
2866 1752 3274 1816 invariabilis
3325 1755 3446 1832 est,
3488 1754 3555 1817 et

445 1871 631 1954 quod
672 1871 867 1934 Pater
903 1871 970 1934 et
1010 1869 1222 1932 Filius
1251 1861 1403 1932 cum
1450 1869 1700 1950 Spiritu
1749 1871 1986 1934 Sancto
2025 1870 2226 1933 simul
2267 1870 2492 1933 omnia
2528 1871 2744 1933 sciunt
2792 1871 2857 1933 et
2892 1871 3139 1934 vident.
3174 1870 3357 1934 Sicut
3396 1886 3549 1950 ergo

445 2007 586 2054 non
636 1990 854 2071 potest
907 1987 1133 2069 augeri
1183 1987 1285 2050 vel
1343 1987 1554 2051 minui
1604 1988 1830 2050 divina
1886 1987 2192 2069 essentia,
2245 1988 2335 2050 ita
2391 2005 2509 2051 nec
2561 1988 2786 2051 divina
2838 1987 3133 2051 scientia.
3188 1988 3273 2050 Et
3328 1987 3549 2050 tamen

445 2107 850 2186 conceditur,
892 2122 1086 2187 posse
1133 2105 1300 2168 scire
1346 2105 1524 2185 quod
1571 2122 1701 2168 non
1749 2105 1896 2184 scit,
1939 2105 2004 2168 et
2037 2122 2234 2186 posse
2278 2122 2412 2168 non
2462 2105 2628 2168 scire
2675 2105 2853 2185 quod
2902 2105 3028 2168 scit
3068 2124 3083 2166 ε
3126 2104 3283 2186 quia
3327 2105 3553 2186 posset

444 2223 701 2305 aliquid
739 2240 881 2286 esse
927 2220 1299 2302 subjectum
1347 2220 1492 2302 ejus
1537 2221 1828 2285 scientiae
1876 2221 2056 2302 quod
2099 2223 2393 2300 non-est,
2435 2221 2498 2285 et
2535 2221 2760 2302 posset
2804 2237 2937 2284 non
2984 2239 3128 2285 esse
3178 2219 3551 2302 subiectum

445 2340 703 2422 aliquid
747 2339 926 2421 quod
969 2339 1094 2416 est,
1134 2336 1277 2400 sine
1323 2338 1802 2418 permutatione
1848 2337 2062 2418 ipsius
2106 2337 2420 2402 scientiae.

910 2543 988 2606 B.
1035 2545 1428 2620 oppositio,
1472 2558 1574 2607 an
1621 2545 1810 2606 Deus
1845 2545 2080 2617 possit
2123 2544 2417 2608 noviter
2462 2549 2577 2609 vel
2622 2561 2717 2608 ex
2761 2548 3093 2622 tempore

1448 2663 1641 2724 scire
1689 2663 1803 2723 vel
1841 2665 2201 2734 proescire
2249 2665 2554 2738 alequid.

629 2843 758 2907 Hic
787 2843 1141 2924 opponitur
1168 2860 1207 2904 a
1235 2841 1632 2923 quibusdam
1670 2841 1763 2902 ita
1796 2860 1810 2901 :
1845 2841 1916 2904 Si
1951 2841 2131 2903 Deus
2160 2841 2379 2922 potest
2414 2841 2664 2921 aliquid
2702 2842 2868 2906 scire
2897 2842 3001 2906 vel
3039 2845 3343 2924 praescire
3373 2845 3551 2924 quod

443 2979 789 3042 nunquam
829 2959 1024 3024 scivit
1051 2959 1157 3023 vel
1194 2959 1548 3040 praescivit,
1580 2959 1799 3039 potest
1836 2975 1988 3038 ergo
2019 2975 2100 3022 ex
2130 2959 2425 3040 tempore
2463 2959 2714 3039 aliquid
2752 2960 2916 3023 scire
2944 2960 3049 3023 vel
3087 2961 3413 3042 praescire.
3448 2961 3551 3024 Ad

440 3079 627 3162 quod
663 3076 950 3141 dicimus
983 3095 998 3138 :
1033 3076 1259 3140 Potest
1296 3075 1560 3157 quidem
1602 3075 1784 3139 Deus
1821 3075 1986 3139 scire
2025 3074 2128 3138 vel
2166 3076 2471 3157 praescire
2511 3093 2704 3141 omne
2742 3077 2918 3158 quod
2966 3077 3182 3159 potest
3220 3075 3453 3159 facere,
3488 3080 3552 3143 et

439 3199 667 3279 potest
695 3196 905 3259 facere
945 3195 1123 3275 quod
1160 3210 1499 3274 nunquam
1537 3194 1670 3257 fiet.
1705 3192 1934 3256 Potest
1969 3210 2121 3273 ergo
2161 3192 2327 3256 scire
2358 3194 2461 3257 vel
2504 3195 2807 3276 praescire
2844 3195 3024 3276 quod
3061 3212 3403 3277 nunquam
3439 3196 3552 3261 fiet

439 3334 569 3379 nec
599 3315 699 3379 est
738 3331 856 3377 nec
893 3312 1040 3375 fuit.
1075 3312 1212 3375 Nec
1249 3310 1413 3374 illud
1449 3311 1574 3373 scit
1605 3311 1706 3374 vel
1747 3310 1964 3389 scivit,
1997 3327 2209 3392 neque
2238 3313 2501 3393 praescit
2536 3312 2639 3375 vel
2671 3313 3004 3393 praescivit
3035 3332 3049 3372 ε
3086 3313 3242 3393 quia
3278 3314 3552 3379 scientia

443 3432 597 3512 ejus
631 3448 762 3494 non
804 3431 902 3494 est
938 3429 1067 3492 nisi
1105 3429 1186 3491 de
1223 3427 1329 3491 his
1358 3445 1506 3510 quae
1544 3428 1700 3490 sunt
1737 3427 1842 3490 vel
1883 3426 2148 3491 suerunt
2186 3427 2287 3491 vel
2323 3430 2535 3509 erunt,
2570 3430 2634 3492 et
2670 3429 3081 3509 praescientia
3115 3448 3247 3493 non
3286 3431 3386 3493 est
3422 3431 3551 3493 nisi

445 3548 535 3611 de
572 3545 837 3611 futuriS.
869 3548 956 3609 Et
991 3546 1145 3609 licet
1179 3544 1391 3627 possit
1427 3546 1594 3608 scire
1624 3544 1728 3607 vel
1768 3544 2073 3626 praescire
2110 3544 2287 3624 quod
2327 3562 2663 3625 nunquam
2702 3546 2801 3608 est
2838 3544 2942 3608 vel
2980 3545 3126 3625 erit,
3159 3563 3292 3608 non
3332 3546 3552 3609 tamen

445 3666 671 3747 potest
717 3662 967 3745 aliquid
1005 3663 1172 3727 scire
1202 3662 1307 3726 vel
1344 3662 1650 3744 praescire
1689 3679 1770 3724 ex
1809 3663 2124 3742 tempore.
2159 3661 2387 3724 Potest
2424 3660 2652 3742 utique
2693 3660 2858 3724 scire
2887 3661 2993 3725 vel
3029 3662 3333 3743 praescire
3373 3664 3552 3743 quod

445 3798 793 3862 nunquam
834 3782 932 3843 est
977 3797 1096 3843 nec
1139 3779 1284 3859 erit,
1315 3796 1436 3842 nec
1482 3778 1648 3841 illud
1686 3778 1926 3840 scitum
1968 3776 2074 3841 vel
2125 3778 2502 3859 praescitum
2554 3779 2655 3841 est
2702 3776 2785 3840 ab
2831 3779 3073 3842 aeterno
3116 3798 3131 3838 :
3172 3796 3293 3842 nec
3332 3782 3550 3844 tamen

443 3898 671 3979 pot-est
725 3898 1012 3978 incipere
1057 3896 1224 3961 scire
1275 3896 1379 3959 vel
1434 3895 1740 3977 praescire
1789 3894 1990 3974 illud3
2032 3894 2146 3957 sed
2199 3895 2290 3955 ita
2335 3894 2550 3974 potest
2600 3894 2797 3957 modo
2845 3893 3011 3957 scire
3057 3895 3163 3958 vel
3217 3896 3563 3981 praescire„

443 4014 625 4079 sicut
664 4014 883 4096 potest
929 4013 1132 4077 scisse
1169 4013 1274 4076 vel
1319 4012 1661 4094 praescisse
1708 4010 1791 4074 ab
1829 4012 2094 4074 aetern0.
2137 4010 2208 4074 Si
2252 4010 2430 4074 enim
2476 4010 2679 4089 dicaS,
2720 4028 2873 4074 eum
2912 4011 3109 4075 modo
3146 4029 3341 4093 posse
3383 4014 3550 4078 scire

443 4131 557 4194 vel
601 4130 908 4212 praescire
946 4130 1123 4212 quod
1170 4129 1253 4193 ab
1299 4131 1542 4194 aeterno
1592 4147 1721 4191 non
1769 4128 1963 4193 scivit
2000 4128 2102 4191 vel
2155 4127 2510 4209 praescivit,
2548 4126 2614 4189 id
2658 4128 2779 4209 est,
2812 4126 2904 4191 ita
2949 4129 3126 4209 quod
3177 4128 3258 4193 ab
3305 4130 3549 4194 aeterno

445 4264 580 4310 non
621 4246 890 4310 sciverit
925 4245 1028 4310 vel
1066 4245 1492 4327 praesciverit,
1524 4246 1712 4325 quasi
1751 4246 2106 4325 utrumque
2145 4243 2347 4307 simul
2385 4261 2527 4307 esse
2564 4243 2809 4326 possit3
2853 4243 3092 4307 salsum
3131 4246 3251 4309 est.
3286 4245 3356 4310 Si
3394 4263 3549 4309 vero

444 4364 652 4443 dicas,
685 4380 838 4427 eum
876 4381 1071 4445 posse
1110 4363 1306 4426 modo
1345 4363 1512 4426 scire
1549 4362 1654 4425 vel
1693 4363 1996 4444 praescire
2033 4362 2213 4443 quod
2250 4360 2332 4425 ab
2370 4364 2611 4426 aeterno
2652 4379 2785 4425 non
2822 4362 3015 4426 scivit
3051 4364 3156 4427 vel
3190 4364 3546 4446 praescivit,

444 4480 514 4542 id
567 4480 666 4543 est
722 4478 960 4543 habere
1009 4479 1367 4561 potentiam
1419 4477 1670 4541 sciendi
1715 4478 1820 4541 vel
1866 4478 2253 4559 praesciendi
2310 4478 2393 4540 ab
2448 4478 2688 4542 aeterno
2746 4481 2811 4542 et
2861 4480 3058 4543 modo
3115 4479 3389 4562 aliquid,
3430 4500 3550 4545 nec

445 4597 672 4657 tamen
706 4594 874 4657 illud
911 4594 1288 4676 praescitum
1327 4595 1428 4657 est
1464 4594 1568 4658 vel
1606 4592 1940 4675 futurum3
1982 4610 2209 4656 verum
2250 4594 2370 4656 est.
2405 4594 2553 4656 Non
2589 4595 2807 4676 potest
2843 4613 2995 4677 ergo
3032 4596 3291 4659 noviter
3326 4596 3430 4660 vel
3468 4616 3551 4661 ex

447 4714 748 4793 tempore
794 4711 959 4775 scire
1003 4712 1106 4775 vel
1155 4712 1458 4792 praescire
1505 4710 1778 4791 aliquid,
1819 4710 1993 4774 sicut
2036 4728 2168 4773 non
2219 4712 2436 4791 potest
2471 4711 2729 4774 noviter
2764 4711 2867 4775 vel
2916 4729 2997 4775 ex
3042 4713 3336 4794 tempore
3382 4712 3550 4777 velle

453 4828 706 4911 aliquid
748 4848 762 4889 ε
806 4829 871 4891 et
915 4830 1136 4892 tamen
1181 4828 1399 4909 potest
1442 4827 1610 4891 velle
1656 4828 1833 4907 quod
1879 4845 2218 4909 nunquam
2264 4827 2496 4889 voluit.

1059 5034 1131 5097 C.
1191 5036 1453 5097 Utrum
1498 5037 1688 5097 Deus
1725 5035 1961 5108 possit
2003 5038 2197 5097 scire
2238 5039 2465 5109 plura
2514 5051 2739 5111 quam
2782 5038 2944 5100 scit.

587 5214 756 5277 Item
795 5232 835 5277 a
870 5213 1264 5296 quibusdam
1308 5214 1550 5278 dicitur
1585 5216 1766 5278 Deus
1803 5232 1997 5295 posse
2034 5214 2223 5295 plura
2264 5214 2431 5277 scire
2466 5231 2665 5294 quam
2705 5216 2890 5295 sciat,
2933 5214 3087 5297 quia
3122 5217 3339 5297 potest
3378 5218 3544 5282 scire

456 5331 680 5396 omnia
707 5349 857 5414 quae
885 5331 1034 5412 scit,
1067 5332 1134 5395 et
1159 5332 1376 5413 potest
1402 5332 1623 5412 aliqua
1653 5329 1864 5396 facere
1892 5348 2041 5412 quae
2069 5348 2409 5412 nunquam
2439 5333 2651 5412 erunt,
2680 5333 2745 5397 et
2772 5332 2887 5395 illa
2920 5333 3139 5415 potest
3173 5333 3359 5399 scire.
3393 5334 3545 5398 Non
