4359 6250
897 536 1013 587 cun
1051 538 1245 585 130an
1288 538 1362 585 ιιι-ι·
1404 536 1658 585 sumus
1698 537 1853 585 nnus
1894 536 2235 585 runnu-ru
2275 537 2386 584 ror
2427 537 2588 584 rimu
2628 536 2819 595 num,
2855 534 2984 583 arc.
3373 514 3494 580 633

392 709 593 773 volita
632 728 773 773 esse
820 730 937 793 per
975 711 1269 774 accidens
1303 728 1318 773 ε
1352 711 1655 793 quoniam
1703 728 1893 773 omne
1922 708 1973 771 A
2004 729 2204 791 quum
2255 708 2552 772 sanctitas
2601 708 2711 772 Dei
2761 708 2845 771 sit
2895 707 3170 782 infinita,
3218 706 3494 769 maxime

392 809 567 889 quod
613 816 820 890 potest
859 810 1093 872 habere
1132 810 1440 872 rationem
1482 809 1629 871 boni
1674 827 1896 872 secun·
2004 808 2352 871 detestatur
2409 825 2664 870 omnem
2727 807 3165 889 impietatem3
3223 813 3288 868 et
3344 804 3498 887 quia

393 907 555 968 dum
600 915 785 970 rectae
832 907 1095 970 rationis
1140 907 1481 989 judicium,
1534 914 1740 989 potest
1790 907 1895 968 ha-
2004 906 2409 989 omnipotens
2437 905 2824 979 est,videtur
2852 905 3021 986 quod
3053 904 3328 968 totaliter
3357 922 3498 986 pos-

394 1003 551 1065 bere
581 1005 892 1069 rationem
926 1016 1093 1069 recte
1124 1006 1342 1084 voliti3
1374 1006 1483 1068 sed
1518 1006 1756 1068 malum
1788 1024 1895 1067 na·
2006 1008 2087 1069 sit
2116 1026 2189 1069 ae
2221 1006 2448 1069 debeat
2485 1025 2600 1088 per
2628 1005 3148 1095 anticipationem
3186 1003 3496 1087 impedire

392 1111 559 1166 turae
604 1111 668 1166 et
718 1123 921 1185 poenae
970 1104 1161 1167 habet
1219 1104 1526 1166 rationem
1582 1103 1734 1166 boni
1784 1121 1897 1185 per
2007 1111 2067 1167 et
2119 1123 2504 1187 praeservare
2553 1122 2632 1165 ne
2675 1102 2951 1166 veniant.

392 1202 695 1264 accidens
738 1203 1089 1265 secundum
1132 1211 1318 1265 rectae
1353 1202 1672 1284 judicium
1716 1202 1899 1263 ratio-

396 1303 502 1363 nis
549 1319 566 1362 :
612 1302 915 1384 quoniam
967 1301 1207 1363 malum
1260 1320 1338 1364 ex
1387 1319 1515 1384 quo
1563 1299 1769 1381 majus
1812 1318 1901 1361 se-
2089 1301 2181 1363 Ad
2221 1301 2356 1363 haec
2393 1301 2734 1382 respondet
2771 1299 3066 1362 Albertus
3100 1315 3114 1361 ε
3149 1298 3314 1360 Deus
3358 1314 3504 1379 per-

397 1399 622 1481 quitur
658 1399 899 1461 bonum
939 1419 1129 1481 quam
1168 1398 1251 1461 sit
1289 1399 1529 1462 bonum
1573 1399 1741 1480 quod
1786 1416 1899 1480 per
2012 1398 2209 1461 mittit
2241 1399 2406 1461 mala
2447 1397 2609 1470 fieri,
2639 1398 2890 1480 justitia
2919 1395 3346 1461 condecentiae
3377 1414 3506 1457 sum

401 1498 619 1579 ipsum
662 1498 967 1579 privatur,
1002 1497 1191 1560 habet
1233 1498 1542 1559 rationem
1584 1496 1735 1559 boni
1784 1496 1900 1558 sal-
2011 1497 2326 1580 aequitatis
2356 1515 2430 1559 ac
2460 1495 2761 1559 bonitatis
2795 1514 2809 1559 ε
2844 1495 2995 1578 quia
3023 1496 3076 1558 si
3109 1513 3236 1557 non
3270 1494 3508 1556 sineret

400 1603 534 1657 tem
577 1614 689 1676 per
716 1596 1034 1667 accidens,
1070 1596 1123 1657 si
1164 1604 1375 1657 tamen
1417 1602 1758 1676 utrumque
1793 1593 1901 1656 bo-
2010 1615 2085 1658 ea
2114 1596 2282 1669 fieri,
2315 1595 2644 1658 tolleretur
2675 1594 2834 1656 ratio
2870 1594 3022 1658 boni
3061 1591 3396 1656 laudabilis
3432 1609 3506 1653 ac

400 1714 561 1755 num
618 1702 889 1776 nequeat
948 1693 1142 1756 simul
1200 1692 1439 1755 haberi.
1499 1692 1745 1755 Bonum
1804 1699 1901 1754 est
2010 1694 2444 1777 praemiabiliS.
2479 1694 2664 1755 -Et
2713 1694 2767 1755 si
2815 1692 3176 1774 objiciatur,
3217 1690 3388 1773 quod
3439 1689 3504 1751 in

396 1791 699 1872 equidem
746 1800 1003 1873 propter
1046 1792 1252 1874 majus
1297 1794 1536 1857 bonum
1578 1793 1897 1855 dimittere
2010 1794 2303 1875 opposito
2331 1793 2526 1874 hujus
2557 1792 2995 1874 permissionis
3035 1790 3346 1853 reluceret
3376 1807 3505 1850 ma·

400 1889 619 1951 minus
676 1890 937 1964 bonum,
988 1891 1142 1953 dum
1200 1892 1391 1954 ambo
1438 1892 1629 1953 simul
1678 1890 1895 1953 haberi
1935 1892 1981 1955 B
2010 1892 2107 1971 gis
2138 1890 2387 1954 bonitas
2418 1890 2528 1953 Dei
2569 1897 2632 1951 et
2672 1890 2862 1952 decor
2893 1889 3129 1970 ipsius3
3161 1886 3502 1950 dicendum

400 2005 531 2050 non
582 1988 810 2050 valent.
860 1989 980 2051 Sed
1030 2008 1105 2052 ex
1159 1990 1327 2052 malo
1374 1997 1615 2053 naturae
1662 1998 1725 2052 et
1768 2007 1899 2071 poe-
2011 1990 2181 2071 quod
2214 2008 2363 2063 non,
2398 1988 2550 2071 quia
2580 1988 2816 2070 periret
2847 1988 3006 2050 ratio
3031 1987 3286 2049 virtutis
3315 1992 3504 2067 atque

402 2106 503 2148 nae
542 2085 830 2168 sequitur
870 2087 1077 2168 majus
1117 2088 1355 2150 bonum
1396 2107 1587 2169 quam
1629 2088 1711 2149 sit
1742 2087 1897 2149 illud
2011 2086 2162 2149 boni
2199 2086 2556 2159 laudabiliS,
2590 2094 2653 2148 et
2683 2086 2913 2148 fierent
2943 2104 3136 2167 opera
3164 2085 3332 2147 bona
3360 2102 3508 2166 qua-

404 2185 575 2265 quod
626 2203 741 2265 per
795 2185 943 2247 talia
991 2186 1159 2248 mala
1209 2186 1513 2268 privatur.
1564 2187 1722 2249 Nam
1776 2186 1901 2247 nisi
2009 2187 2153 2248 dam
2199 2185 2591 2248 necessitate.
2998 2204 3004 2211 ’

404 2282 723 2345 elementa
768 2293 1350 2367 corrumperentur,
1388 2285 1585 2347 mixta
1633 2303 1759 2347 non
1810 2284 1901 2367 gi·
2090 2285 2374 2367 Denique
2433 2283 2600 2345 sicut
2655 2284 2876 2345 dicunt
2937 2282 3244 2363 magistri,
3294 2281 3508 2363 aliqua

403 2388 785 2461 gnerentur3
816 2390 881 2444 et
909 2382 1034 2445 nisi
1066 2383 1265 2445 mixta
1305 2384 1503 2445 multa
1536 2402 1901 2464 corrumpe·
2008 2384 2167 2446 ratio
2199 2382 2348 2445 boni
2382 2382 2681 2445 universo
2719 2382 2986 2455 deesset,
3021 2380 3076 2443 si
3107 2380 3346 2442 malum
3379 2397 3505 2442 non

409 2488 647 2554 rentur,
672 2481 963 2544 homines
993 2491 1056 2544 et
1093 2482 1384 2564 jumenta
1419 2500 1547 2545 non
1581 2482 1902 2545 alerentur
2008 2484 2193 2547 fieret
2248 2502 2261 2546 :
2315 2483 2535 2564 sicque
2585 2482 2964 2555 concedunt,
3017 2481 3186 2562 quod
3233 2479 3507 2542 occasio-

404 2598 613 2661 neque
661 2580 979 2643 durarent.
1025 2579 1448 2645 Conformiter
1496 2600 1609 2663 per
1659 2580 1897 2643 malum
2008 2581 2238 2643 naliter
2269 2581 2507 2643 bonum
2550 2579 2632 2642 sit
2660 2579 2805 2641 fieri
2840 2579 3024 2651 mala,
3060 2585 3247 2661 prout
3277 2596 3506 2659 praece-

405 2696 609 2759 poenae
649 2678 1006 2760 puniuntur
1039 2688 1319 2762 peccata,
1352 2680 1572 2762 sicque
1606 2678 1901 2742 ordinan-
2008 2679 2183 2741 denti
2227 2678 2432 2761 patuit
2473 2678 2840 2761 quaestione.

402 2784 507 2837 tur
545 2796 660 2857 per
698 2776 939 2839 bonum
974 2778 1240 2858 justitiae
1274 2796 1289 2841 ε
1320 2785 1383 2841 et
1422 2778 1625 2841 multo
1672 2778 1900 2839 melius
2075 2777 2152 2839 Et
2180 2777 2234 2840 si
2266 2777 2808 2858 objiciatur,quod
2842 2776 3078 2838 malum
3110 2784 3206 2839 est
3235 2775 3506 2857 privatio

404 2883 499 2937 est
528 2874 767 2937 bonum
801 2875 1161 2938 communis
1198 2875 1462 2956 justitiae
1501 2877 1670 2958 quod
1707 2874 1901 2937 resul-
2009 2876 2183 2949 boni,
2218 2894 2368 2957 ergo
2421 2875 2628 2957 privat
2668 2876 2882 2957 aliquo
2931 2874 3098 2937 bono
3148 2875 3315 2956 quod
3365 2874 3506 2937 uni-

402 2980 493 3035 tat
535 2992 613 3036 ex
656 2973 821 3036 malo
861 2992 1064 3056 poenae
1108 2993 1236 3055 quo
1274 2974 1631 3056 puniuntur
1670 2974 1896 3057 culpae,
2008 2992 2192 3037 verso
2245 2973 2500 3048 inesset,
2541 2972 2595 3035 si
2644 2991 2770 3036 non
2819 2980 2986 3035 esset
3035 2973 3276 3035 malum
3319 2990 3334 3035 t
3378 2972 3508 3035 imo

405 3090 597 3154 quam
636 3072 720 3134 sit
759 3072 995 3135 bonum
1038 3080 1279 3135 naturae
1318 3072 1385 3135 in
1426 3073 1731 3156 singulari
1764 3091 1900 3155 per·
1932 3077 1975 3141 C
2008 3074 2102 3136 sic
2138 3073 2336 3136 multa
2374 3072 2562 3146 bona,
2599 3072 2864 3155 pulchra
2894 3090 2967 3134 ac
3008 3079 3226 3135 sancta
3258 3071 3509 3135 univer·

404 3190 578 3245 sona,
627 3172 797 3253 quod
846 3191 961 3253 per
1009 3190 1265 3255 poenam
1317 3172 1621 3254 privatur.
1670 3173 1898 3254 Sicque
2011 3192 2081 3235 so
2112 3172 2415 3244 inessent,
2450 3172 2503 3234 si
2535 3190 2662 3234 non
2694 3179 2907 3234 essent
2937 3171 3122 3244 mala,
3157 3171 3510 3253 praesertim

402 3276 729 3332 ostensum
760 3277 876 3343 est,
910 3272 1079 3352 quod
1120 3271 1285 3332 mala
1326 3289 1529 3352 poenae
1568 3279 1631 3334 et
1662 3280 1900 3333 naturae
2009 3278 2100 3333 tot
2146 3290 2372 3352 magna
2419 3278 2481 3332 et
2532 3269 2748 3332 multa.
2792 3270 2885 3332 Ad
2937 3271 3056 3333 hoc
3107 3270 3367 3352 quidam
3415 3288 3510 3331 re-

406 3376 673 3450 possunt
729 3388 765 3430 a
814 3369 941 3431 Deo
990 3369 1185 3432 volita
1231 3387 1369 3432 esse
1420 3388 1534 3451 per
1580 3369 1894 3432 accidens.
2010 3369 2346 3450 spondent,
2381 3369 2550 3452 quod
2597 3387 2723 3432 non
2764 3367 3062 3430 similiter
3100 3375 3198 3430 est
3238 3368 3298 3429 in
3344 3367 3510 3431 bono

404 3466 546 3530 Haec
590 3467 943 3530 Durandus.
2010 3476 2073 3529 et
2124 3467 2590 3550 privationibus
2649 3467 2790 3529 aliis
2843 3485 2858 3528 :
2912 3467 3216 3549 quoniam
3265 3467 3507 3529 bonum

2011 3566 2179 3648 quod
2219 3566 2506 3628 aufertur
2535 3564 2614 3627 ab
2657 3583 2805 3639 uno,
2841 3564 3146 3628 tribuitur
3177 3564 3379 3627 alteri.
3414 3564 3506 3627 Ad

2011 3665 2181 3747 quod
2229 3665 2502 3745 allegant
2552 3664 2708 3726 illud
2757 3683 2834 3726 ex
2884 3664 3246 3744 Evangelio,
3281 3663 3505 3726 Tollite
3573 3689 3679 3733 Luc.
3707 3703 3791 3742 m,

844 3791 1320 3866 QUAESTIO
1368 3793 1466 3855 HI
2011 3764 2091 3826 ab
2121 3782 2197 3826 eo
2228 3783 2465 3835 mnam,
2499 3771 2562 3825 et
2600 3764 2742 3826 date
2785 3762 2877 3826 illl
2912 3763 3020 3845 qui
3060 3763 3251 3826 habel.
3284 3763 3503 3826 decem
3533 3753 3600 3794 ²²·

2014 3880 2230 3940 mnas3
2266 3870 2328 3924 et
2369 3861 2526 3924 illud
2572 3881 2648 3924 ex
2688 3862 3090 3944 Apocalypsi,
3128 3863 3295 3924 Tene
3334 3861 3504 3944 quod
3568 3885 3705 3942 Apoc.
3737 3900 3796 3939 m,

2013 3960 2230 4034 habeS,
2258 3979 2336 4022 ne
2368 3959 2530 4022 alius
2560 3961 2830 4043 accipiat
2863 3978 3162 4023 coronam
3193 3966 3386 4022 tuam.
3414 3961 3506 4022 Id·
3535 3952 3600 3992 ¹¹·

551 4057 820 4120 Uaeritur
850 4066 1331 4140 consequenter,
1351 4058 1510 4124 Cur
1538 4057 1793 4126 bonus
1822 4061 1904 4127 et
2012 4077 2085 4120 eo
2115 4057 2275 4120 nihil
2320 4057 2607 4140 perditur
2636 4059 2712 4120 de
2753 4057 2920 4120 bono
2961 4057 3026 4119 in
3068 4057 3501 4132 universitate,

572 4157 891 4237 sapiens
918 4156 1130 4223 Deus
1160 4157 1581 4237 permutat
1619 4159 1742 4224 tot
1776 4157 1903 4224 fle·
2013 4157 2307 4239 quamvis
2339 4157 2639 4238 perdatur
2668 4157 2733 4218 in
2767 4157 2899 4220 isto.
2915 4158 3048 4220 Imo
3077 4175 3155 4220 ex
3184 4158 3304 4220 hoc
3335 4158 3504 4240 quod

409 4256 483 4320 ri
512 4255 748 4337 mala;
770 4257 853 4321 et
878 4270 980 4321 an
1008 4255 1222 4321 mala
1249 4256 1502 4337 culpae
1530 4271 1622 4323 ao
1655 4271 1903 4337 poenae
1933 4264 1984 4326 D
2013 4255 2090 4317 fit
2140 4255 2403 4328 malum,
2443 4255 2697 4317 additur
2745 4255 3042 4318 universo
3087 4256 3301 4338 aliqua
3349 4257 3506 4319 ratio

413 4352 822 4419 conferant
863 4353 965 4418 ad
1006 4352 1366 4420 universi
1408 4355 1793 4422 decorem.
2014 4353 2185 4416 boni.
2238 4354 2384 4416 Ideo
2431 4353 2655 4416 dicunt
2702 4354 2871 4436 quod
2923 4353 3164 4416 bonum
3216 4362 3313 4418 est
3363 4353 3507 4418 fieri

495 4451 615 4514 Sed
673 4452 750 4514 de
797 4451 916 4512 ista
975 4451 1238 4514 materia
1283 4452 1452 4514 dicta
1510 4459 1659 4514 sunt
1705 4453 1906 4515 multa
2018 4453 2202 4526 mala,
2259 4461 2449 4535 atque
2507 4453 2678 4534 quod
2737 4452 3020 4515 conferat
3077 4452 3153 4515 ad
3213 4454 3506 4516 decorem

141 4564 385 4616 aarum,
415 4568 628 4631 supra,
680 4548 790 4611 ubi
838 4555 1173 4611 tractatum
1232 4558 1327 4612 est
1374 4551 1451 4612 de
1509 4550 1906 4633 providentia
2016 4552 2687 4634 complementumque
2746 4551 2991 4625 mundi,
3044 4551 3112 4614 in
3168 4553 3289 4616 hoc
3338 4553 3507 4634 quod

129 4629 221 4681 Ψ·
416 4648 548 4720 Dei,
582 4655 646 4709 et
676 4666 790 4709 cur
819 4664 946 4709 non
976 4647 1271 4709 excludat
1304 4647 1747 4729 hujuscemodi
1780 4669 1906 4711 ma·
2013 4651 2234 4732 adjicit
2285 4651 2501 4733 plures
2543 4649 2818 4713 rationes
2865 4651 3040 4713 utilis
3079 4651 3213 4714 sive
3255 4651 3509 4732 expedi-

414 4745 492 4808 la.
530 4746 602 4807 Et
636 4752 842 4827 potest
872 4745 962 4806 sic
992 4746 1169 4826 argui
1195 4747 1744 4830 :Unumquodque
1776 4755 1907 4809 tan·
2014 4748 2203 4822 entis,
2249 4768 2321 4811 ac
2365 4750 2658 4812 decorem
2697 4748 2981 4830 justitiae.

412 4851 477 4906 to
509 4843 653 4925 plus
682 4851 780 4906 est
816 4842 961 4916 tale,
994 4852 1231 4924 quanto
1272 4844 1485 4906 minus
1517 4845 1904 4927 permixtum
2094 4848 2327 4909 Verum
2371 4847 2554 4908 istam
2595 4847 2976 4910 solutionem
3014 4854 3124 4908 aut
3158 4866 3284 4909 non
3327 4846 3510 4910 intel-

412 4961 530 5006 suo
575 4941 907 5004 contrari0.
944 4941 1006 5004 Si
1048 4960 1197 5024 ergo
1240 4943 1403 5005 nihil
1444 4945 1592 5006 mali
1632 4953 1799 5007 esset
1840 4946 1904 5007 in
2017 4946 2162 5027 ligo,
2197 4953 2306 5008 aut
2353 4945 2512 5007 falsa
2554 4953 2650 5007 est
2694 4964 2835 5008 meo
2879 4945 3122 5026 judicio
3155 4963 3170 5007 ε
3203 4946 3506 5028 quoniam

412 5040 732 5113 universo,
776 5040 978 5102 multo
1027 5041 1380 5122 pulchrius,
1424 5043 1654 5106 melius
1704 5042 1905 5125 perfe—
2015 5052 2261 5109 constat
2291 5044 2458 5125 quod
2499 5063 2699 5105 unum
2731 5051 2793 5105 et
2831 5043 2999 5106 idem
3041 5062 3308 5106 numero
3337 5047 3508 5128 quod

412 5137 707 5220 ctiusque
758 5137 1148 5201 consisteret.
1194 5139 1357 5220 Ergo
1402 5139 1636 5202 malum
1681 5141 1757 5202 ad
1804 5141 1905 5203 de·
2017 5162 2183 5204 unus
2231 5141 2488 5215 amittit,
2521 5159 2646 5203 non
2698 5141 2930 5221 accipit
2971 5141 3156 5214 aliuS,
3202 5161 3318 5205 nec
3371 5144 3510 5206 uni-

412 5255 622 5300 corem
661 5237 942 5300 universi
983 5255 1105 5300 non
1147 5238 1414 5312 confert,
1458 5240 1567 5300 sed
1614 5238 1901 5321 impedit,
2015 5240 2282 5303 versitas
2314 5241 2472 5321 ipsa,
2506 5240 2615 5301 sed
2647 5239 2858 5321 potius
2898 5241 3064 5322 perit
3092 5240 3172 5302 ab
3206 5260 3297 5303 ea.
3333 5243 3506 5304 Idem

416 5335 671 5409 minuit,
718 5335 899 5398 vitiat
957 5345 1016 5398 et
1080 5333 1395 5399 obscurat.
1452 5372 1532 5383 —
1590 5339 1901 5414 Secundo,
2016 5347 2230 5402 autem
2277 5338 2340 5399 in
2384 5339 2596 5419 specie
2635 5346 2698 5400 et
2739 5338 2915 5421 prius
2954 5338 3218 5402 forsitan
3260 5340 3505 5417 habuit,
