4359 6250
602 516 829 571 QCAEST.
876 519 982 563 vlu

1028 519 1043 562 Ζ
1084 520 1169 564 ΑΝ
1215 519 1277 564 lN
1320 519 1547 564 mvnvs
1588 519 1847 564 RELATlo
1891 519 2005 563 PER
2048 519 2221 564 Pmt's
2267 518 2581 563 Ft'NDETL'R
2625 517 2686 562 ΙΝ
2729 515 3044 573 ESSENTIA,
3085 514 3212 560 ETc.

3339 493 3459 558 233

366 687 659 749 dixerunt
690 688 757 750 in
798 689 1033 752 divinis
1072 709 1209 752 6336
1246 690 1526 772 aliquam
1566 689 1857 772 hyposta-
1888 687 1937 749 A
1969 687 2174 750 lativae
2206 687 2568 749 dicerentur
2594 706 2718 748 una
2748 705 3018 769 persona
3048 685 3333 747 absolute
3361 703 3461 746 ac-

366 784 481 847 sim
524 788 936 850 constitutam
976 807 1090 870 per
1116 788 1471 850 absolutam
1512 788 1855 870 proprieta-

366 891 513 956 tem,
547 903 955 948 communem
996 887 1157 949 Patri
1189 896 1250 948 et
1292 887 1448 949 Filio
1486 895 1549 948 et
1588 886 1851 968 Spiritui

364 982 607 1058 Sancto,
652 986 819 1047 sicut
864 986 1137 1048 essentia
1184 985 1277 1048 eis
1327 985 1688 1048 communis
1735 993 1847 1047 est.

364 1081 593 1142 Dicunt
632 1083 828 1154 enim,
870 1084 1039 1164 quod
1081 1083 1191 1146 illa
1232 1084 1588 1166 hypostasis
1630 1089 1724 1144 est
1766 1082 1854 1144 di-

366 1179 511 1241 vina
554 1181 831 1243 essentia
872 1189 943 1242 ut
985 1181 1049 1243 in
1092 1201 1159 1244 se
1204 1183 1536 1256 exsistenS,
1578 1189 1641 1244 et
1683 1182 1851 1264 quod

365 1279 479 1339 ista
521 1279 607 1340 sit
656 1279 815 1342 ratio
865 1281 1034 1361 quod
1082 1297 1313 1342 nomen
1366 1299 1649 1362 personae
1698 1280 1853 1342 anti-

366 1377 579 1458 quitus
611 1378 1015 1458 significabat
1045 1379 1406 1440 essentiam.
1432 1378 1649 1440 Omnis
1680 1379 1850 1440 enim

365 1477 637 1538 essentia
668 1476 1116 1539 intellectualis
1149 1477 1213 1539 in
1244 1497 1312 1539 se
1350 1477 1683 1550 exsistenS,
1718 1495 1855 1558 per-

366 1593 515 1636 sona
543 1583 659 1636 est.
694 1611 775 1620 —
804 1575 951 1650 Alii,
984 1576 1219 1658 quibus
1253 1576 1599 1649 consenti0‚
1633 1574 1853 1637 dicunt

366 1674 529 1755 quod
590 1673 655 1734 in
706 1674 941 1736 divinis
999 1692 1126 1737 non
1184 1674 1267 1737 sit
1315 1675 1529 1756 aliqua
1586 1693 1851 1756 persona

368 1791 475 1854 per
504 1773 956 1854 proprietatem
985 1774 1339 1837 absolutam
1372 1775 1727 1845 constituta,
1740 1776 1849 1836 sed

367 1872 801 1934 tantummodo
843 1892 958 1954 per
1000 1873 1450 1954 proprietatem
1500 1874 1846 1946 relativam,
1888 1875 1935 1938 B

370 1977 434 2030 ut
468 1977 795 2032 ostensum
834 1979 931 2031 est
968 1989 1178 2051 supra.
1222 1970 1365 2032 Haec
1402 1970 1767 2033 Richardus

445 2069 633 2130 Porro
684 2075 753 2129 ut
797 2069 1029 2130 veritas
1076 2069 1303 2130 horum
1349 2069 1579 2130 clarius
1623 2076 1851 2150 pateat,

376 2165 637 2228 referam
679 2166 873 2228 verba
911 2167 1269 2248 Augustini,
1304 2169 1576 2248 septimo
1615 2168 1691 2229 de
1732 2168 1859 2228 Tri-

136 2281 353 2334 q.p.1⁵oa
375 2266 564 2328 nitate
612 2266 887 2328 dicentis
923 2267 1105 2328 :Non
1156 2267 1328 2328 aliud
1375 2274 1471 2328 est
1521 2267 1647 2328 Deo
1696 2285 1855 2338 esse,

134 2357 251 2399 snpra.

374 2365 539 2426 aliud
588 2383 927 2446 personam
977 2383 1137 2438 esse,
1189 2365 1299 2427 sed
1352 2365 1615 2427 omnino
1666 2364 1855 2426 idem.

374 2463 522 2526 Nam
571 2463 623 2524 si
674 2483 835 2533 esse,
870 2465 949 2526 ad
996 2483 1063 2524 se
1112 2463 1369 2536 dicitur,
1406 2481 1673 2544 persona
1713 2483 1861 2525 vero

376 2560 648 2635 relative,
682 2562 903 2642 sicque
947 2563 1190 2624 Patrem
1232 2570 1293 2623 et
1334 2561 1563 2623 Filium
1607 2580 1679 2623 ac
1724 2561 1862 2643 Spi-

374 2660 557 2721 ritum
590 2660 893 2722 Sanctum
925 2661 1213 2722 dicamus
1246 2668 1371 2721 tres
1404 2679 1725 2742 personaS‚
1750 2660 1865 2721 sic-

372 2768 434 2821 ut
465 2759 771 2820 dicuntur
798 2757 996 2840 aliqui
1028 2767 1155 2821 tres
1195 2759 1384 2821 amici
1417 2767 1527 2821 aut
1557 2767 1682 2820 tres
1724 2776 1862 2840 pro-

372 2858 592 2940 pinqui
644 2859 815 2939 quod
866 2859 993 2920 sint
1038 2859 1116 2920 ad
1166 2858 1442 2920 invicem
1506 2859 1681 2932 taleS,
1734 2876 1861 2920 non

370 2957 637 3038 quilibet
681 2957 758 3018 ad
804 2975 891 3029 se,
938 2965 1055 3018 etc.

448 3156 534 3217 Ex
593 3154 785 3216 dictis
832 3172 1084 3237 quoque
1144 3164 1315 3237 patet
1363 3157 1439 3219 ad
1489 3163 1861 3237 argumenta

370 3254 615 3317 solutio.
652 3253 811 3315 Nam
850 3254 1004 3335 quid
1045 3255 1388 3317 dicendum
1429 3256 1511 3316 sit
1548 3255 1627 3316 ad
1668 3254 1861 3317 verba

369 3353 497 3414 haec
540 3352 879 3433 Augustini
932 3353 1135 3433 patuit
1176 3361 1341 3415 ante.
1384 3389 1465 3398 —
1501 3353 1593 3415 Ad
1638 3371 1859 3415 secun-

368 3450 515 3511 dum
557 3449 925 3524 dicendum,
960 3452 1129 3531 quod
1160 3451 1325 3513 actio
1358 3457 1527 3512 recte
1556 3449 1860 3512 adscribi-

370 3556 469 3609 tur
496 3547 591 3610 rei
632 3566 748 3630 per
778 3566 845 3609 se
883 3548 1279 3624 subsistenti,
1313 3550 1605 3630 quamvis
1642 3548 1702 3610 ei
1735 3567 1859 3610 non

370 3647 705 3709 conveniat
755 3646 939 3727 plene
988 3648 1148 3708 ratio
1196 3646 1508 3729 suppositi
1559 3666 1671 3709 seu
1721 3667 1862 3729 per-

370 3764 551 3809 sonae.
602 3744 859 3808 Dictum
908 3752 1004 3806 est
1052 3763 1327 3827 quoque,
1371 3746 1540 3827 quod
1590 3746 1861 3809 Trinitas

370 3864 473 3906 seu
508 3852 635 3906 tres
670 3861 953 3924 personae
984 3850 1133 3904 sunt
1162 3862 1287 3904 una
1316 3863 1567 3906 summa
1597 3864 1717 3919 res,
1738 3865 1863 3927 qua

371 3943 495 4004 sola
523 3942 872 4003 fruendum
912 3950 1025 4003 est.
1061 3943 1221 4003 Sunt
1260 3942 1432 4003 enim
1478 3963 1639 4005 unus
1670 3944 1858 4018 DeuS,

372 4061 491 4103 una
537 4040 840 4113 essentia,
892 4059 1057 4101 unus
1108 4040 1382 4114 Creator,
1440 4060 1638 4103 unum
1694 4042 1862 4123 prin-

374 4139 607 4221 cipium
640 4138 930 4200 omnium
972 4154 1207 4212 rerum,
1242 4146 1305 4199 et
1335 4139 1423 4200 ita
1460 4159 1587 4200 una
1620 4158 1720 4201 res
1753 4158 1864 4220 pcr

1970 795 2169 868 cepta.
2204 788 2656 850 Verumtamen
2695 785 2893 867 magis
2933 784 3240 848 catholice
3281 790 3460 846 sonat

1968 904 2092 948 non
2144 903 2379 968 ponere
2425 885 2490 947 in
2533 885 2660 946 Deo
2701 885 3054 946 absolutam
3101 900 3456 964 personam,

1967 984 2050 1047 ob
2083 1003 2338 1046 causam
2381 983 2813 1065 praehabitam.
2851 983 2965 1055 Qui
2998 990 3210 1044 autem
3241 981 3461 1041 dicunt

1968 1083 2216 1146 divinas
2249 1102 2550 1165 personas
2582 1082 2883 1144 constitui
2913 1089 2976 1143 et
3013 1079 3316 1159 distingui
3349 1097 3463 1160 per

1966 1181 2288 1244 absolutas
2321 1182 2760 1264 proprietateS,
2796 1180 3007 1243 forsan
3045 1178 3474 1252 concederent,

1968 1281 2135 1362 quod
2180 1281 2244 1342 in
2286 1280 2522 1343 divinis
2565 1280 2690 1342 sint
2731 1288 2857 1341 tres
2896 1297 3179 1360 persona}
3217 1276 3464 1339 absolu-

1967 1386 2045 1441 tae
2082 1397 2095 1440 :
2130 1380 2300 1460 quod
2339 1379 2520 1459 juxta
2562 1385 2946 1461 praeostensa
2985 1376 3148 1439 male
3191 1381 3457 1437 sonaret.

2348 1706 2824 1779 QUAESTIO
2889 1704 3090 1766 VIII

2113 1973 2306 2036 Ctavo
2346 1972 2671 2053 quaeritur,
2706 1971 2834 2036 An
2876 1971 2960 2034 in
3001 1968 3308 2035 divinis
3344 1984 3463 2034 re-

2139 2072 2344 2137 latio
2385 2085 2528 2151 per
2557 2072 2782 2150 prius
2817 2068 3197 2134 fundetur
3226 2067 3315 2135 in
3348 2083 3464 2135 63-

1968 2173 2233 2237 sentta
2273 2185 2510 2250 quam
2553 2171 2637 2235 in
2680 2183 3038 2249 persona.

2070 2269 2161 2332 Ad
2225 2270 2343 2332 hoc
2409 2269 2749 2350 respondet
2807 2267 3180 2341 Quodlibeto
3241 2275 3469 2348 quarto

1973 2368 2279 2429 Henricus
2316 2385 2328 2428 :
2363 2367 2604 2430 Relatio
2650 2367 2714 2428 in
2757 2366 2993 2428 divinis
3038 2383 3163 2428 non
3210 2373 3302 2427 est
3343 2365 3465 2428 nisi

1974 2466 2160 2528 realis
2205 2474 2528 2547 respectus
2573 2465 2760 2526 unius
2806 2483 3088 2545 personae
3131 2463 3208 2526 ad
3250 2464 3463 2539 aliam,

1974 2564 2276 2626 fundatus
2318 2565 2381 2625 in
2413 2565 2632 2626 eadem
2667 2563 2880 2625 divina
2919 2563 3213 2636 essent-ia,
3248 2563 3469 2624 distin—

1974 2682 2173 2744 guens
2215 2681 2514 2744 personas
2552 2662 2631 2723 ab
2674 2661 2969 2724 invicem.
3003 2662 3263 2742 Propter
3295 2662 3465 2743 quod

1976 2761 2332 2824 necessario
2371 2761 2560 2822 habet
2591 2779 2728 2821 6336
2769 2760 2833 2821 in
2865 2760 3136 2834 duobuS,
3171 2760 3468 2823 videlicet

1976 2862 2040 2922 in
2085 2859 2359 2921 essentia
2401 2867 2462 2920 et
2507 2877 2794 2940 persona,
2838 2859 2944 2920 sed
2991 2849 3413 2922 diversimode
3449 2878 3462 2920 :

1975 2958 2276 3040 quoniam
2307 2966 2403 3018 est
2435 2957 2496 3018 in
2528 2957 2803 3018 essentia
2830 2965 3129 3039 tanquam
3165 2957 3228 3018 in
3260 2958 3468 3038 primo

1900 3057 1942 3118 C
1975 3075 2091 3118 suo
2138 3057 2574 3130 fundamento,
2621 3063 2686 3116 et
2734 3056 2799 3117 in
2850 3075 3117 3137 persona
3165 3064 3467 3139 tanquam

1976 3156 2040 3217 in
2100 3155 2402 3217 distincto
2459 3162 2520 3215 et
2579 3156 2924 3217 constituto
2984 3176 3096 3237 per
3151 3176 3240 3231 se,
3292 3164 3354 3218 et
3401 3158 3466 3219 in

1975 3261 2286 3335 quantum
2332 3270 2600 3335 persona
2644 3253 2934 3314 subsistit
2977 3254 3042 3316 in
3087 3255 3357 3317 essentia
3399 3262 3470 3315 ut

1976 3352 2318 3414 constituta
2362 3371 2475 3433 per
2516 3369 2674 3411 eam.
2721 3352 3027 3423 Quoniam
3076 3372 3226 3433 ergo
3277 3354 3467 3415 simul

1976 3458 2201 3512 natura
2258 3469 2330 3511 ac
2390 3450 2659 3511 naturali
2721 3449 3138 3531 intelligentia
3195 3453 3469 3514 essentia

1976 3550 2226 3611 exsistit
2255 3550 2318 3610 in
2352 3567 2640 3629 persona,
2659 3557 2847 3631 atque
2881 3566 3148 3630 persona
3179 3549 3469 3612 subsistit

1980 3648 2043 3709 in
2082 3648 2390 3725 essentia3
2425 3648 2565 3709 ideo
2605 3648 2795 3709 simul
2840 3656 3063 3710 natura
3103 3655 3165 3708 et
3197 3650 3466 3711 naturali

1978 3745 2420 3826 intelligentia,
2455 3766 2565 3805 seu
2602 3766 2780 3827 aeque
2812 3747 3041 3829 primo,
3076 3745 3297 3808 relatio
3329 3766 3467 3827 per-

1978 3844 2212 3906 sonalis
2271 3850 2367 3905 est
2418 3842 2480 3904 in
2541 3844 2814 3905 essentia
2870 3862 2998 3905 uno
3057 3845 3245 3906 modo
3291 3853 3351 3906 et
3403 3845 3467 3906 in

1977 3960 2248 4026 persona
2289 3942 2415 4003 alio
2465 3941 2667 4003 mod0.
2713 3942 2950 4004 Relatio
2992 3944 3230 4024 quippe
3274 3950 3336 4003 et
3378 3962 3470 4004 es-

1977 4042 2180 4104 sentia
2231 4041 2295 4102 in
2343 4041 2470 4101 Deo
2529 4039 3026 4102 substantialiter
3074 4041 3470 4103 constitu-unt

1978 4140 2190 4221 ipsum
2249 4140 2652 4220 suppositum
2707 4156 2720 4200 :
2773 4138 2922 4219 qnia
2971 4159 3086 4220 per
3131 4141 3252 4203 hoc
3298 4141 3466 4222 quod

372 4256 435 4297 se
472 4236 850 4298 subsistens,
884 4236 1183 4307 Quamvis
1228 4236 1419 4298 etiam
1459 4238 1603 4318 quis
1645 4237 1866 4318 proba·
1896 4242 1945 4302 D
1978 4238 2198 4300 relatio
2241 4238 2430 4299 habet
2469 4256 2606 4299 esse
2650 4237 2711 4298 in
2759 4239 3052 4311 essent-ia,
3086 4239 3470 4301 constituere

376 4334 581 4396 biliter
629 4333 825 4394 vellet
874 4332 1215 4396 defendere
1266 4336 1433 4417 quod
1488 4335 1553 4396 in
1594 4335 1721 4397 Deo
1785 4335 1868 4395 sit

374 4432 775 4514 suppositum
804 4430 1165 4495 absolutum
1199 4452 1308 4494 seu
1341 4432 1629 4495 absoluta
1661 4452 1868 4514 perso-

375 4532 614 4605 nalitaS‚
674 4549 802 4593 non
865 4536 1074 4592 tamen
1136 4538 1463 4611 cogeretur
1521 4531 1866 4594 concedere

374 4632 534 4712 quod
596 4631 665 4692 in
713 4628 954 4692 divinis
1012 4629 1140 4691 sint
1187 4636 1457 4711 quatuor
1515 4648 1799 4711 personae
1850 4649 1863 4692 :

376 4730 517 4810 quia
547 4747 823 4812 persona
862 4728 1150 4790 absoluta
1190 4746 1314 4791 non
1355 4738 1618 4809 poneret
1650 4729 1713 4790 in
1758 4749 1869 4791 nu-

378 4848 619 4890 merum
668 4846 819 4889 cum
865 4827 1149 4908 personis
1199 4828 1386 4889 dictis
1430 4828 1713 4901 relative,
1759 4829 1868 4889 sed

378 4934 537 4989 esset
582 4926 841 4988 realiter
890 4925 1059 4987 idem
1110 4946 1257 4987 cum
1308 4945 1687 5010 unaquaque
1740 4927 1871 4988 illa-

380 5044 536 5086 rum.
574 5025 651 5086 Et
691 5023 861 5085 sicut
901 5022 967 5084 in
1006 5024 1241 5086 divinis
1283 5033 1407 5087 tres
1448 5044 1548 5086 res
1594 5024 1871 5086 relativae

380 5122 625 5184 realiter
652 5122 735 5183 ab
768 5120 1043 5183 invicem
1070 5122 1714 5195 distinctvae‚videlicet
1745 5130 1871 5184 tres

384 5238 685 5302 personae,
718 5226 873 5281 sunt
904 5237 1030 5279 una
1060 5238 1157 5280 res
1190 5238 1440 5281 summa
1469 5228 1532 5282 et
1560 5220 1869 5290 absoluta,

380 5326 592 5400 utpote
642 5337 775 5381 una
816 5317 1124 5396 essentia3
1160 5317 1246 5379 ita
1288 5324 1413 5381 tres
1457 5338 1739 5402 personae
1783 5339 1876 5381 re-

1974 4337 2165 4398 habet
2215 4354 2550 4417 personam
2593 4344 2655 4397 et
2698 4354 2836 4397 esse
2876 4338 2941 4398 in
2993 4338 3131 4419 ipsa
3177 4356 3463 4419 persona.

1976 4435 2089 4497 Per
2138 4442 2481 4514 utrumque
2532 4434 2706 4495 enim
2755 4453 2933 4515 aeque
2982 4435 3191 4516 primo
3238 4443 3303 4497 et
3353 4436 3469 4497 im-

1912 4606 1927 4617 ·
1979 4533 2252 4595 mediate
2293 4532 2636 4594 constituta
2676 4550 2966 4613 persona,
3001 4540 3096 4595 est
3130 4534 3471 4597 constituta

1978 4640 2037 4694 et
2084 4632 2304 4693 relatio
2349 4631 2412 4691 in
2449 4630 2748 4711 ‘ut-roque.
2792 4630 2934 4692 Haec
2977 4632 3304 4694 HenricuS.

2060 4730 2254 4809 Cujus
2287 4729 2481 4791 verba
2510 4737 2658 4789 sunt
2689 4747 2838 4790 sane
2871 4728 3297 4809 intelligenda.
3332 4730 3468 4793 Non

1980 4828 2153 4890 enim
2196 4847 2465 4909 persona
2504 4828 2720 4889 divina
2761 4828 3103 4889 constituta
3141 4836 3236 4889 est
3265 4848 3340 4890 ex
3377 4848 3470 4891 es-

1981 4927 2188 4987 sentia
2217 4934 2280 4988 et
2303 4926 2605 4987 relatione
2638 4925 2816 5007 quasi
2850 4944 2926 4987 ex
2959 4925 3275 4987 distinctis
3305 4927 3472 5007 prin-

1984 5024 2192 5106 cipiis,
2241 5042 2355 5084 nec
2407 5024 2546 5103 ipsa
2594 5041 2862 5104 persona
2911 5023 3261 5102 composita
3309 5032 3404 5085 est
3451 5043 3465 5087 ε

1984 5125 2113 5185 imo
2161 5122 2434 5183 essentia
2483 5129 2544 5183 et
2593 5120 2812 5182 relatio
2867 5139 3067 5181 unum
3127 5128 3294 5182 sunt.
3349 5123 3469 5185 Sed

1984 5224 2164 5304 juxta
2203 5220 2462 5283 modum
2505 5218 2918 5299 intelligendi,
2952 5219 3226 5281 essentia
3267 5220 3471 5282 tribus

1995 5320 2281 5403 personis
2321 5318 2700 5393 communis,
2737 5318 2798 5379 in
2842 5318 3294 5381 constitutione
3333 5338 3472 5401 per-
