4359 6250
626 4396 796 4455 Ephen.
813 4410 870 4449 iv,

894 452 1016 516 336

1534 470 1599 515 IN
1640 469 1861 514 LIBRUM
1903 469 1923 512 1
1967 465 2450 513 SENTENTIARUM.
2495 481 2576 493 —
2615 466 2768 511 mST.
2815 467 3027 528 xxxn3
3071 468 3295 524 QUAEs'r.
3339 469 3361 512 1

894 647 963 701 ut
993 639 1355 721 expositum
1386 638 1665 728 est-Haec
1695 655 1867 711 vero,
1893 638 2072 699 Pater
2098 642 2163 697 et
2195 633 2392 697 Filius
2421 634 2472 697 A
2503 643 2846 718 utrumque
2886 657 2964 700 ex
3002 639 3222 701 eadem
3264 638 3475 700 radice
3517 636 3852 700 exsisteret
3889 635 4001 698 fal-

894 738 1169 818 diligunt
1217 756 1283 800 se
1325 756 1363 798 a
1407 737 1646 818 Spiritu
1694 737 1943 809 Sancto,
1987 753 2390 816 nequaquam

895 836 1263 898 conceditur
1300 853 1313 896 :
1347 835 1498 916 quia
1529 836 1590 917 ly
1622 855 1661 894 a
1693 835 1901 897 solum
1943 841 2115 896 notat
2155 832 2393 914 princi-

894 933 1075 1015 pium
1106 933 1286 1015 quasi
1322 932 1637 995 efficiens.
1671 933 1793 995 Sed
1834 932 1975 1005 ista,
2010 930 2295 1011 Diligunt
2325 948 2392 992 se

894 1051 1009 1113 per
1056 1032 1364 1114 Spiritum
1416 1032 1739 1104 Sanctum,
1786 1030 2001 1112 aliquo
2050 1030 2240 1092 modo
2286 1029 2392 1091 ad-

896 1130 1192 1204 mittitur,
1246 1129 1397 1212 quia
1446 1129 1509 1212 ly
1549 1147 1676 1206 per
1724 1129 1980 1210 quando
2025 1127 2396 1208 adjungitur

896 1229 1133 1290 casuali
1172 1228 1343 1309 quod
1381 1235 1478 1290 est
1507 1227 1793 1290 distincti
1832 1234 1943 1289 aut
1972 1225 2208 1288 diversi
2249 1243 2394 1306 sup-

895 1326 1086 1408 positi
1116 1345 1153 1388 a
1182 1334 1356 1389 recto
1394 1326 1505 1408 qui
1549 1326 1614 1387 in
1657 1327 1877 1388 eadem
1918 1325 2177 1408 ponitur
2222 1323 2393 1386 locu-

896 1425 1089 1498 tione,
1124 1431 1300 1487 notat
1329 1425 1639 1487 rationem
1682 1422 2051 1506 principiati
2092 1421 2159 1483 in
2199 1440 2266 1482 re
2299 1439 2394 1482 ca-

896 1523 1082 1597 suali,
1128 1530 1197 1584 ut
1237 1522 1395 1584 dicit
1441 1522 1887 1604 Praepositivus
1923 1539 1936 1584 :
1976 1520 2143 1582 sicut
2192 1537 2392 1602 quum

896 1620 1153 1694 dicitur,
1175 1621 1355 1683 Pater
1385 1628 1687 1702 operatur
1716 1638 1831 1700 per
1861 1619 2130 1696 Filium3
2168 1617 2392 1679 simili-

895 1726 993 1781 ter
1034 1719 1191 1792 haec,
1225 1720 1404 1781 Pater
1444 1725 1509 1781 et
1546 1717 1742 1780 Filius
1783 1717 2060 1797 diligunt
2102 1733 2217 1798 per
2260 1715 2395 1796 Spi-

2502 752 2687 814 sum3
2741 736 2853 797 sed
2905 736 2997 798 sic
3051 755 3178 799 non
3231 735 3608 817 intelligitur
3654 754 3854 817 quum
3907 735 4003 796 di·

2503 831 2688 907 citur,
2749 834 2927 895 Pater
2988 835 3198 915 diligit
3257 853 3324 896 se
3387 833 3629 914 Spiritu
3693 833 3922 895 Sancto
3986 849 4000 893 :

2503 929 2634 992 imo
2665 931 3045 1013 intelligitur
3073 933 3150 994 de
3181 932 3522 994 dilectione
3555 931 3884 1004 actionali,
3909 949 4006 992 re-

2503 1036 2727 1109 spectu
2785 1031 2972 1111 cujus
3033 1031 3310 1112 Spiritus
3369 1031 3636 1093 Sanctus
3695 1047 3764 1092 se
3811 1028 4006 1091 babet

2504 1145 2618 1208 per
2648 1127 2910 1190 modum
2941 1127 3308 1211 principiati
3351 1147 3465 1211 per
3495 1127 3721 1210 ipsam.
3755 1127 4004 1209 Nempe

2505 1224 2570 1287 in
2616 1227 2737 1289 hoc
2781 1227 2999 1302 verbo,
3040 1227 3338 1308 diligunt,
3381 1227 3510 1289 duo
3553 1227 4000 1308 importantur.

2504 1324 2708 1387 Unum
2744 1333 2841 1387 est
2869 1326 3075 1388 activa
3117 1325 3439 1408 processio
3473 1344 3488 1388 ε
3523 1325 3744 1406 sicque
3777 1323 4006 1386 ablati-

2502 1441 2620 1485 vus
2660 1425 2930 1500 Spiritu
2966 1426 3206 1486 Saneto
3243 1442 3370 1486 non
3421 1422 3813 1486 construitur
3850 1441 4002 1484 cum

2503 1521 2699 1584 verbo
2747 1522 2887 1596 hoc,
2931 1522 3226 1602 diligunt,
3271 1521 3337 1584 in
3377 1522 3620 1584 ratione
3669 1519 3999 1603 principii,

2503 1621 2615 1682 sed
2663 1620 3069 1702 principiati3
3120 1621 3288 1683 sicut
3335 1639 3534 1703 quum
3585 1620 3750 1692 dico,
3801 1619 4003 1682 Gurro

2505 1738 2718 1793 cursu,
2753 1739 2978 1782 cursus
3017 1737 3146 1781 non
3183 1726 3281 1782 est
3310 1717 3704 1801 principium
3743 1736 4004 1780 curren-

898 1817 1091 1879 ritum
1141 1817 1461 1879 Sanctum.
1503 1817 1649 1879 Haec
1697 1823 1909 1878 autem
1954 1814 2394 1896 propriissima
2429 1817 2477 1879 B
2507 1817 2610 1892 tis,
2643 1819 2754 1880 sed
2792 1817 3250 1900 principiatum
3287 1817 3368 1880 ab
3407 1817 3566 1899 ipso.
3603 1816 3706 1880 Sic
3741 1817 4002 1879 dilectio

897 1922 1015 1990 est,
1056 1917 1234 1979 Pater
1274 1923 1337 1977 et
1379 1915 1576 1977 Filius
1619 1915 1896 1995 diligunt
1936 1932 2003 1975 se
2042 1913 2106 1974 in
2152 1911 2394 1994 Spiritu

899 2013 1126 2076 Sancto
1160 2034 1173 2078 :
1208 2013 1509 2096 quoniam
1552 2011 1917 2095 praepositio
1948 2014 2019 2071 in
2051 2017 2225 2073 notat
2255 2009 2394 2071 uni-

896 2130 1086 2174 onem
1126 2131 1326 2174 nexus
1354 2118 1417 2173 et
1447 2110 1958 2174 convenientiam
1990 2109 2257 2171 vinculi.
2292 2108 2396 2170 At-

898 2229 1023 2292 que
1070 2211 1278 2273 adhuc
1332 2209 1533 2290 magis
1593 2208 1849 2291 proprie
1909 2209 2048 2283 ista,
2102 2208 2282 2270 Pater
2331 2214 2396 2268 et

899 2309 1097 2372 Filius
1147 2308 1422 2390 diligunt
1464 2326 1531 2370 se
1573 2325 1787 2370 amore
1831 2307 1941 2390 qui
1985 2315 2082 2370 est
2120 2305 2395 2388 Spiritus

900 2408 1166 2471 Sanctus
1191 2425 1205 2470 :
1231 2407 1534 2491 quoniam
1567 2424 1746 2469 amor
1776 2406 1980 2487 magis
2019 2405 2274 2488 proprie
2306 2403 2397 2465 di-

900 2507 988 2568 cit
1029 2507 1339 2570 rationem
1388 2505 1641 2568 amandi
1684 2524 1877 2588 quam
1926 2505 2200 2586 Spiritus
2244 2503 2394 2565 San-

899 2613 1058 2668 ctus.
1094 2606 1353 2687 Propter
1383 2605 1553 2686 quod
1596 2604 1735 2678 ista,
1769 2603 2052 2684 Diligunt
2083 2622 2150 2665 se
2179 2609 2394 2665 amore

900 2705 1302 2787 procedente,
1338 2711 1435 2766 est
1464 2703 1677 2764 minus
1718 2701 1976 2784 propria
2005 2720 2198 2782 quam
2238 2720 2394 2782 prae-

899 2803 1131 2865 cedens
1165 2819 1179 2862 :
1213 2801 1365 2883 quia
1396 2801 1457 2883 ly
1478 2803 1864 2876 procedente
1893 2800 2085 2862 trahit
2111 2816 2395 2862 amorem

897 2899 977 2960 ad
1014 2897 1509 2979 significandum
1553 2905 1623 2958 ut
1662 2896 1741 2958 ab
1774 2896 1931 2977 ipsis
1970 2915 2130 2970 esse,
2163 2904 2228 2957 et
2267 2913 2395 2958 non

900 3005 971 3059 ut
1015 2997 1243 3059 uniens
1284 3013 1413 3058 eos.
1449 2995 1593 3058 Hoec
1634 2993 1950 3057 Albertus.

991 3095 1341 3160 Concordat
1397 3093 1747 3168 Udalricus,
1811 3092 1976 3155 inter
2034 3100 2243 3157 cetera
2303 3093 2396 3157 lo·

899 3214 1104 3277 quens
1154 3194 1219 3255 in
1263 3194 1525 3256 Summa
1572 3211 1706 3266 sua,
1751 3191 1916 3255 libro
1966 3192 2151 3255 tertio
2193 3210 2207 3254 ε
2248 3193 2398 3255 Ver-

901 3293 1057 3354 bum
1114 3293 1255 3366 hoc,
1308 3291 1603 3372 diligunt,
1656 3290 1721 3351 in
1781 3290 2014 3353 divinis
2073 3290 2396 3353 interdum

899 3391 1199 3473 importat
1228 3389 1636 3452 dilectionem
1666 3387 2075 3463 notionalem,
2095 3408 2238 3471 quae
2268 3407 2396 3452 non

898 3498 995 3552 est
1035 3490 1309 3572 Spiritus
1349 3489 1639 3561 SanctuS,
1672 3488 1781 3549 sed
1822 3494 1918 3549 est
1954 3488 2161 3549 activa
2201 3489 2397 3569 spira-

898 3590 1010 3663 tio,
1046 3589 1113 3651 in
1144 3607 1271 3672 qua
1301 3587 1612 3649 uniuntur
1640 3586 1819 3648 Pater
1846 3594 1911 3647 et
1938 3585 2155 3659 Filius,
2190 3594 2254 3647 et
2283 3604 2397 3666 per

898 3688 1106 3770 ipsam
1156 3686 1636 3765 distinguuntur
1676 3702 1713 3746 a
1756 3684 1994 3766 Spiritu
2034 3683 2282 3746 Sancto.
2315 3718 2398 3729 —

898 3785 1289 3866 Augustinus
1320 3801 1597 3866 quoque,
1632 3782 1743 3865 qui
1778 3789 1954 3844 sexto
1984 3782 2061 3843 de
2093 3782 2395 3844 Trinitate

898 3884 1123 3947 asserit
1172 3884 1418 3946 Patrem
1470 3898 1599 3944 non
1646 3898 1783 3943 esse
1832 3880 2186 3962 sapientem
2237 3879 2398 3963 sapi·

899 3983 1074 4045 entia
1129 3982 1363 4062 genita,
1414 3998 1493 4042 ex
1553 3980 1672 4042 hoc
1729 3978 1899 4060 quod
1948 3984 2099 4040 tunc
2157 3979 2396 4041 eaedem

898 4088 1112 4144 essent
1140 4079 1451 4161 sapientia
1477 4078 1692 4160 genita
1718 4084 1906 4158 atque
1938 4076 2402 4158 ingenita,quo-

2507 1933 2634 1979 non
2673 1923 2770 1978 est
2797 1916 3188 1997 principium
3227 1934 3359 1980 suae
3391 1916 3618 1979 activae
3655 1915 4004 1996 processio-

2505 2014 2628 2088 niS,
2662 2015 2771 2077 sed
2815 2015 3272 2097 principiatum
3317 2013 3630 2095 ejusdem.
3675 2013 3740 2076 Si
3782 2023 4000 2076 autem

2506 2113 2942 2176 consideretur
2999 2115 3226 2176 modus
3283 2113 3668 2195 procedendi
3724 2113 4001 2195 Spiritus

2507 2213 2741 2286 Sancti,
2784 2220 2940 2294 puta
2981 2213 3207 2275 modus
3248 2211 3506 2287 amoriS,
3549 2210 3642 2274 sic
3684 2211 4003 2274 ablativus

2508 2312 2898 2375 construitur
2946 2331 3094 2373 cum
3142 2311 3339 2374 verbo
3388 2312 3533 2384 boc,
3583 2310 3882 2392 diligunt,
3938 2310 4002 2372 in

2507 2410 2747 2473 ratione
2788 2410 3028 2484 formae,
3065 2417 3135 2471 ut
3163 2409 3246 2472 sit
3282 2427 3507 2471 sensus
3541 2428 3556 2472 ε
3593 2409 3771 2471 Pater
3813 2415 3880 2470 et
3909 2409 4006 2470 Fi·

2509 2508 2632 2571 lius
2680 2508 2956 2589 diligunt
3004 2507 3246 2591 Spiritu
3295 2507 3543 2580 Sancto,
3596 2507 3658 2569 id
3707 2513 3824 2580 est,
3876 2507 4004 2588 spi·

2509 2615 2650 2668 rant
2677 2624 2957 2670 amorem
2989 2606 3100 2688 qui
3130 2613 3228 2668 est
3257 2605 3530 2688 Spiritus
3561 2605 3849 2679 Sanctus,
3874 2623 4004 2687 quo

2509 2705 2690 2788 quasi
2749 2705 3102 2768 formaliter
3147 2706 3227 2767 ad
3285 2705 3562 2768 invicem
3619 2711 4002 2767 convertun-

2509 2812 2659 2868 tur:
2698 2822 2824 2867 non
2869 2805 3090 2886 utique
3133 2802 3338 2866 forma
3380 2802 3805 2876 substantiali,
3847 2802 4006 2885 quia

2509 2911 2662 2965 tunc
2723 2910 2936 2965 essent
2997 2901 3239 2984 Spiritu
3301 2902 3550 2976 Sancto,
3615 2919 3734 2964 nec
3794 2900 4006 2963 forma

2434 3001 2478 3065 C
2510 3009 2936 3083 consequente
2981 2999 3402 3063 substantiam
3442 3019 3586 3081 quae
3628 2999 3711 3061 sit
3748 2999 4004 3061 absolu-

2508 3106 2570 3162 ta
2599 3098 2804 3163 forma
2842 3099 3157 3163 inhaerens
3187 3098 3247 3160 ei
3279 3097 3464 3179 cujus
3502 3104 3600 3161 est
3627 3096 3853 3173 forma,
3889 3095 4004 3161 sed

2506 3197 2712 3261 forma
2751 3204 3178 3279 consequente
3220 3196 3640 3259 substantiam
3684 3196 3882 3259 relata
3921 3196 4006 3258 ad

2505 3297 2799 3367 alterum,
2832 3303 2894 3358 et
2936 3295 3079 3358 ideo
3122 3296 3334 3378 potius
3381 3295 3726 3357 exsistente
3767 3294 3849 3357 ab
3891 3294 4008 3357 ali-

2506 3411 2634 3477 quo
2663 3412 2856 3477 quam
2896 3394 2960 3455 in
3000 3393 3236 3475 aliquo.
3271 3394 3383 3456 Illa
3411 3392 3650 3455 etenim
3691 3392 3852 3454 nihil
3897 3410 4008 3475 po-

2507 3493 2603 3555 nit
2635 3492 2700 3554 in
2731 3509 2808 3555 eo
2837 3491 3022 3572 cujus
3051 3499 3148 3553 est
3180 3492 3403 3566 forma,
3437 3492 3549 3555 sed
3583 3491 3794 3573 potius
3825 3491 4006 3573 prin·

2505 3590 2731 3674 cipiari
2769 3589 2850 3653 ab
2880 3607 2956 3652 eo
2987 3589 3173 3670 cujus
3203 3597 3300 3652 est
3332 3589 3558 3663 forma,
3590 3590 3758 3651 sicut
3795 3607 4006 3670 quum

2506 3689 2741 3751 dicitur
2792 3706 2805 3749 ε
2857 3688 2965 3750 Isti
3025 3706 3092 3750 se
3149 3688 3424 3769 diligunt
3471 3686 3771 3749 amicitia.
3823 3687 4008 3749 Unde

2506 3805 2706 3870 quum
2747 3786 2925 3848 Pater
2953 3792 3017 3847 et
3058 3786 3255 3847 Filius
3295 3792 3368 3846 ut
3396 3784 3683 3847 distincti
3721 3792 3872 3847 sunt
3909 3786 4006 3848 di-

2508 3884 2702 3966 ligant
2741 3902 2829 3958 se,
2862 3891 2924 3945 et
2960 3883 3168 3946 omnis
3207 3883 3478 3964 diligens
3514 3882 3872 3945 necessario
3914 3882 4010 3945 di-

2507 3983 2659 4063 ligat
2705 3999 2821 4044 suo
2865 3998 3112 4060 amore3
3154 3981 3332 4043 Pater
3370 3988 3434 4043 et
3483 3980 3680 4042 Filius
3722 3980 3814 4042 sic
3855 3979 4009 4043 dili-

2505 4088 2664 4162 gunt
2708 4097 2922 4142 amore
2971 4079 3084 4161 qui
3121 4087 3219 4141 est
3266 4078 3552 4161 ipsorum
3604 4086 3672 4140 ut
3715 4077 4010 4140 distincti

900 4179 1073 4241 niam
1128 4179 1296 4240 idem
1345 4184 1442 4238 est
1482 4175 1649 4237 Patri
1698 4192 1839 4237 esse
1884 4192 1958 4236 ac
2007 4192 2228 4257 sapere
2271 4192 2284 4236 :
2331 4174 2397 4236 in
2426 4180 2477 4243 D
2507 4186 2676 4252 sunt,
2726 4179 2837 4260 qui
2893 4194 3072 4240 amor
3119 4185 3216 4240 est
3263 4177 3538 4259 Spiritus
3585 4177 3872 4239 SanctuS.
3927 4213 4014 4223 --

900 4278 1126 4341 eodem
1180 4274 1344 4337 libro
1389 4273 1693 4346 affirmat,
1745 4272 1915 4354 quod
1966 4272 2144 4334 Pater
2191 4280 2256 4334 et
2301 4273 2395 4335 Fi-

902 4376 1027 4437 lius
1078 4374 1355 4453 diligunt
1407 4391 1474 4435 se
1523 4370 1763 4453 Spiritu
1814 4370 2063 4445 Sanct0,
2116 4378 2397 4433 servant-

901 4492 1027 4556 que
1086 4472 1394 4534 unitatem
1455 4470 1720 4551 spiritus
1774 4468 1840 4530 in
1887 4468 2146 4531 vinculo
2197 4468 2392 4551 pacis,

900 4590 1102 4656 quum
1152 4578 1365 4633 tamen
1422 4569 1489 4630 in
1546 4567 1781 4630 divinis
1832 4567 2027 4630 etiam
2088 4568 2260 4630 idem
2315 4568 2399 4630 sit

898 4690 1037 4735 esse
1068 4678 1131 4733 et
1159 4669 1445 4750 diligere,
1480 4667 1648 4730 sicut
1676 4684 1813 4729 esse
1849 4673 1913 4728 et
1942 4685 2183 4748 sapere.
2217 4668 2395 4731 Ratio

900 4788 1050 4835 vero
1098 4768 1481 4833 diversitatis
1530 4767 1664 4829 haec
1711 4772 1829 4839 est,
1880 4765 2181 4846 quoniam
2231 4766 2395 4848 sapi-

897 4870 1069 4933 entia
1117 4870 1183 4931 in
1235 4867 1473 4931 divinis
1518 4865 1725 4928 solum
1768 4864 2006 4926 dicitur
2046 4864 2396 4927 essentiali-

898 4979 1014 5045 ter,
1067 4987 1247 5032 amor
1294 4983 1446 5030 vero
1494 4965 1686 5027 etiam
1737 4962 2170 5045 personaliter.
2220 4964 2395 5038 Quod

896 5070 950 5132 si
1005 5069 1183 5131 Pater
1230 5075 1295 5130 et
1347 5066 1543 5129 Filius
1603 5064 1969 5125 dicerentur
2014 5082 2080 5126 se
2128 5063 2394 5144 diligere

896 5168 1235 5231 dilectione
1266 5164 1612 5237 essentiali,
1646 5162 1857 5225 simile
1896 5169 2063 5225 esset
2090 5180 2164 5225 ac
2203 5163 2256 5224 si
2289 5162 2396 5225 Pa-

895 5275 993 5331 ter
1034 5266 1353 5335 diceretur
1397 5263 1653 5345 sapiens
1700 5261 2012 5345 sapientia
2052 5261 2287 5341 genita,
2331 5270 2396 5324 et

2507 4278 2741 4339 Eadem
2791 4276 3034 4339 ratione
3081 4275 3342 4338 divisim
3385 4274 3514 4337 dici
3562 4281 3789 4357 potest,
3823 4275 4016 4337 Pater

2506 4374 2716 4456 diligit
2770 4393 2836 4437 se
2894 4374 3136 4455 Spiritu
3195 4373 3441 4436 Sancto.
3493 4372 3650 4435 Nam
3708 4374 4016 4454 quamvis

2507 4474 2684 4536 Pater
2714 4481 2778 4535 et
2816 4474 3012 4536 Filius
3056 4473 3362 4535 uniantur
3404 4472 3472 4535 in
3515 4472 3864 4554 spiratione
3907 4491 4016 4535 ac-

2507 4572 2656 4647 tiva,
2691 4572 2801 4633 illa
2838 4579 3050 4635 tamen
3080 4571 3526 4634 distinctarum
3565 4579 3663 4633 est
3703 4588 4014 4653 persona-

2507 4689 2649 4731 rum
2709 4670 2774 4732 in
2833 4677 3142 4753 quantum
3202 4668 3517 4732 distinctae
3574 4677 3744 4743 sunt,
3797 4669 3888 4731 ita
3939 4678 4018 4732 ut

2507 4768 2925 4851 reduplicatio
2963 4769 3102 4841 ista,
3135 4769 3208 4827 in
3237 4776 3586 4847 quantum,
3613 4767 3872 4829 denotat
3915 4787 4018 4829 ra·

2507 4868 2747 4930 tionem
2793 4866 3142 4949 agentium,
3195 4882 3323 4927 non
3370 4865 3598 4946 agendi
3648 4882 3762 4928 seu
3809 4866 4018 4929 actio-

2506 4967 2608 5028 nis
2656 4985 2670 5030 :
2716 4966 2964 5047 hocque
3013 4972 3392 5028 connotatur
3440 4964 3507 5025 in
3555 4963 3860 5045 praedicta
3913 4964 4016 5027 di—

2507 5065 2846 5127 stinctione
2889 5064 3306 5127 locutionum.
3341 5063 3484 5126 Haec
3529 5061 3878 5125 Udalricus,

2587 5163 2871 5245 Denique
2921 5162 3191 5225 Thomas
3241 5160 3436 5223 refert
3481 5160 3586 5223 hic
3633 5160 4012 5242 aliquorum

2507 5260 2864 5344 opiniones,
2905 5268 2970 5323 et
3013 5260 3224 5343 arguit
3271 5267 3490 5322 contra
3533 5276 3640 5321 eas
3693 5260 4010 5341 quemad-
