4359 6250
841 491 962 556 532

1491 511 1555 557 ΙΝ
1596 512 1816 586 uanum
1859 513 1879 557 1
1921 511 2402 558 SENTENTIARUM.
2448 530 2529 540 -
2568 504 2907 576 Dts'r.'xt.1;
2952 514 3176 569 QUAEST.
3224 512 3285 560 lv

843 679 1034 755 rium,
1069 682 1220 765 quia
1249 683 1567 757 dixerunt,
1601 682 1994 745 enuntiabile
2035 684 2204 765 quod
2239 703 2332 746 se·
2361 680 2413 742 A
2444 683 2663 765 opinio
2720 685 2836 747 ista
2898 686 3016 747 fuit
3062 694 3279 776 contra
3336 686 3815 768 Philosophum,
3868 685 3934 748 in

841 779 968 840 mel
999 799 1220 843 verum
1261 790 1377 857 est,
1412 800 1666 863 semper
1702 801 1841 844 esse
1871 801 2117 857 verum,
2151 791 2215 845 et
2252 785 2336 845 ita

837 897 1091 962 semper
1133 881 1349 943 scitur.

919 979 996 1040 Ut
1051 987 1265 1041 autem
1315 980 1546 1041 veritas
1599 980 1918 1062 opinionis
1976 981 2335 1044 evidentius

837 1085 1069 1159 pateat,
1119 1079 1576 1140 advertendum
1627 1080 1794 1161 quod
1854 1080 2113 1160 quidam
2162 1081 2335 1142 dixe-

837 1184 1007 1250 runt,
1062 1178 1232 1258 quod
1281 1177 1457 1239 verbi
1509 1178 1728 1257 gratia,
1781 1177 1985 1248 albuS,
2035 1178 2201 1252 alba,
2252 1180 2337 1241 al-

839 1273 1017 1349 bum,
1051 1294 1249 1357 quum
1281 1276 1409 1337 sint
1443 1285 1565 1337 tres
1596 1294 1784 1337 voces
1814 1285 1876 1337 et
1909 1283 2031 1338 tres
2064 1277 2336 1338 habeant

838 1373 1058 1436 modos
1115 1373 1543 1455 significandi,
1587 1382 1797 1436 tamen
1847 1374 1998 1455 quia
2045 1375 2333 1436 eamdem

837 1471 1370 1552 significationem
1412 1471 1776 1553 important.
1812 1491 2010 1534 unum
2047 1481 2197 1534 sunt.
2226 1492 2334 1536 no-

839 1589 1005 1633 men.
1042 1571 1270 1652 Sicque
1312 1571 1628 1644 dixerunt,
1672 1571 1838 1652 quod
1883 1571 2093 1633 unitas
2135 1591 2336 1634 enun-

835 1665 1077 1730 tiabilis
1117 1668 1485 1749 accipienda
1525 1678 1618 1731 est
1659 1687 1785 1730 non
1826 1687 1902 1731 ex
1944 1679 2119 1751 parte
2160 1671 2333 1733 vocis

834 1775 944 1830 aut
977 1767 1144 1828 modi
1185 1766 1612 1846 significandi,
1646 1768 1755 1829 sed
1795 1768 1885 1829 rei
1921 1768 2333 1849 significatae3

2443 783 2949 847 praedicamentis
2978 785 3318 858 dicentem,
3354 785 3523 866 quod
3553 786 3774 848 eadem
3804 804 3939 848 ora-

2444 883 2531 943 tio
2581 883 2788 964 primo
2836 892 2930 946 est
2982 903 3149 956 vera,
3196 892 3258 946 et
3308 893 3525 966 postea
3572 885 3747 947 falsa.
3798 886 3942 947 Fuit

2442 998 2697 1063 quoque
2740 989 2957 1044 contra
3001 1002 3409 1045 communem
3452 984 3855 1065 positionem.

2524 1080 2664 1141 Fuit
2712 1081 2901 1143 etiam
2952 1089 3169 1144 contra
3218 1083 3572 1156 veritatem,
3625 1083 3778 1165 quia
3826 1101 3944 1144 nec

2443 1177 2740 1240 idoneum
2782 1180 2973 1242 habet
3006 1180 3517 1254 fundamentum,
3552 1201 3669 1243 nec
3707 1182 3943 1244 bonam

2442 1276 2928 1358 adaptationem.
2963 1279 3171 1341 Primo
3214 1280 3451 1341 etenim
3502 1281 3554 1341 si
3598 1289 3941 1360 quaeratun

2444 1383 2656 1436 utrum
2701 1375 2906 1451 albuS,
2938 1377 3103 1452 alba,
3135 1376 3376 1450 album,
3414 1377 3543 1440 sint
3585 1397 3787 1439 unum
3837 1397 3947 1441 no-

2443 1492 2611 1548 men,
2674 1475 3186 1556 respondendum
3248 1485 3345 1538 est
3404 1494 3418 1538 ε
3482 1476 3603 1538 Aut
3663 1477 3944 1558 loqueris

2440 1573 2874 1652 grammatice,
2926 1582 3035 1636 aut
3083 1574 3300 1655 logice.
3356 1575 3689 1656 Quumque
3737 1595 3945 1656 gram—

2443 1672 2712 1734 maticus
2751 1672 3105 1734 consideret
3144 1673 3420 1736 nominis
3466 1675 3942 1756 impositionem

2444 1771 2831 1852 modumque
2876 1771 3293 1852 principalem
3345 1772 3750 1854 significandi
3796 1773 3944 1834 sub-

835 1885 963 1927 una
1003 1874 1215 1927 autem
1255 1873 1350 1926 est
1391 1884 1488 1927 res
1530 1886 1670 1947 quae
1709 1867 1918 1948 primo
1958 1875 2054 1928 est
2092 1867 2329 1940 sutura,
2367 1866 2414 1927 B
2443 1868 2736 1929 stantiam
2799 1887 2946 1930 cum
3005 1869 3327 1950 qualitate,
3375 1870 3719 1932 dicendum
3768 1871 3941 1951 quod

834 1963 1063 2026 deinde
1098 1981 1397 2044 praesenS,
1432 1963 1743 2044 tertioque
1788 1965 2104 2045 praeterita
2137 1985 2150 2028 :
2186 1985 2333 2046 ergo

835 2061 1164 2124 enuntiare
1209 2080 1343 2123 rem
1386 2062 1549 2124 hanc
1595 2062 1803 2142 primo
1845 2082 1982 2124 esse
2025 2063 2329 2138 futuram,

834 2161 1063 2223 deinde
1121 2168 1519 2242 praesentem,
1571 2169 1633 2223 et
1681 2161 1866 2224 tertio
1924 2163 2330 2243 praeteritam.

834 2278 960 2322 non
992 2259 1182 2320 faciet
1209 2259 1640 2321 diversitatem
1673 2261 2189 2331 enuntiabilium‚
2223 2262 2332 2323 sed

833 2376 1084 2421 vocum.
1117 2394 1197 2404 —
1227 2359 1487 2430 RursuS‚
1522 2378 1722 2440 quum
1765 2359 1931 2421 idem
1965 2368 2217 2441 tempus
2252 2360 2333 2422 sit

834 2458 1043 2540 primo
1086 2455 1397 2530 futurum,
1435 2457 1665 2519 deinde
1708 2476 2008 2539 praesenS‚
2041 2465 2104 2520 et
2149 2459 2333 2521 tertio

834 2555 1226 2638 praeteritum
1257 2554 1454 2637 (quod
1498 2563 1748 2636 tempus
1780 2563 1875 2617 est
1906 2575 2203 2618 mensura
2243 2557 2332 2618 rei

834 2674 976 2737 quae
1013 2653 1416 2734 significatur
1454 2673 1568 2734 per
1606 2654 2006 2734 orationem),
2041 2656 2334 2736 quamvis

833 2773 972 2816 esse
1015 2761 1076 2815 et
1118 2754 1318 2816 fuisse
1359 2773 1431 2816 ac
1479 2753 1632 2827 fore,
1676 2753 2168 2834 consignificent
2217 2755 2336 2817 tria

834 2864 1142 2935 tempora,
1179 2853 1418 2916 ratione
1449 2861 1662 2914 tamen
1698 2852 2161 2934 consignificati
2208 2871 2333 2914 non

836 2952 1275 3014 diversificant
1317 2951 1733 3024 enuntiabile,
1768 2953 1876 3014 sed
1919 2952 2201 3014 variatur
2239 2971 2334 3014 so-

2441 1965 2853 2046 grammatice
2912 1986 3110 2028 unum
3174 1968 3301 2029 sint
3356 1986 3608 2030 nomen.
3670 1968 3943 2048 Logicus

2444 2082 2593 2127 vero
2650 2065 3006 2128 considerat
3062 2084 3293 2128 nomen
3353 2067 3416 2129 in
3475 2074 3787 2148 quantum
3846 2075 3945 2128 est

2444 2179 2563 2224 vox
2611 2163 2975 2244 expressiva
3010 2183 3023 2226 :
3060 2172 3317 2245 propter
3354 2165 3525 2245 quod
3568 2164 3794 2226 definit
3836 2182 3947 2227 no·

2446 2279 2614 2334 men,
2639 2261 2906 2322 verbum
2939 2268 3001 2322 et
3032 2261 3378 2324 orationem
3414 2282 3529 2344 per
3558 2280 3779 2325 vocem
3814 2271 3947 2324 tan-

2443 2378 2633 2440 quam
2678 2378 2791 2440 per
2826 2377 3063 2440 genus3
3104 2368 3167 2421 et
3199 2361 3621 2442 multiplicato
3659 2363 3948 2442 superio-

2443 2457 2520 2530 ri,
2554 2475 2813 2518 necesse
2856 2464 2948 2518 est
2996 2457 3408 2539 multiplicari
3460 2458 3747 2521 inferius,
3783 2458 3947 2520 Hinc

2444 2555 2643 2636 logice
2686 2554 2807 2615 ista
2855 2562 3003 2615 sunt
3045 2555 3305 2618 nomina
3348 2555 3549 2637 plura.
3594 2556 3751 2618 Male
3794 2575 3949 2637 ergo

2443 2660 2855 2733 sumpserunt
2898 2652 3177 2715 nominis
3227 2653 3538 2716 unitatem
3586 2655 3945 2716 secundum

2442 2751 2613 2832 quod
2640 2751 2931 2831 congruit
2953 2751 3029 2812 ad
3059 2753 3474 2834 propositum.
3502 2754 3719 2834 Inepta
3748 2754 3945 2816 etiam

2443 2848 2566 2910 fuit
2612 2848 2931 2930 adaptatio
2983 2866 2997 2909 :
3050 2850 3202 2931 quia
3246 2850 3642 2913 enuntiabile
3689 2869 3817 2913 non
3866 2853 3950 2914 si-

2442 2946 2707 3028 gnificat
2769 2966 2926 3021 rem,
2988 2950 3096 3010 sed
3160 2949 3421 3011 modum
3484 2969 3551 3012 se
3613 2949 3947 3030 habendi3

837 3052 972 3114 lum
1021 3070 1099 3112 ex
1149 3057 1324 3133 parte
1376 3050 1681 3131 temporis
1740 3049 2104 3131 significati.
2161 3051 2336 3113 Unde
2371 3051 2414 3114 C
2445 3065 2773 3129 quumque
2813 3065 2925 3128 per
2960 3046 3226 3108 verbum
3270 3048 3599 3129 praesentis
3637 3049 3950 3131 temporis

838 3150 891 3213 si
937 3150 1146 3212 dicam
1185 3150 1406 3223 semel,
1451 3150 1737 3212 Socrates
1781 3150 1980 3211 currit
2019 3150 2242 3225 hodie;
2274 3160 2337 3213 et

838 3269 976 3312 cras
1019 3248 1248 3321 dicam,
1282 3248 1567 3311 Socrates
1608 3248 1890 3309 cucurrit
1923 3268 1936 3311 :
1973 3268 2170 3330 quum
2216 3250 2337 3313 hoc

839 3348 1110 3410 verbum
1151 3364 1279 3408 non
1319 3346 1424 3408 det
1458 3346 1811 3427 intelligere
1851 3346 2023 3408 aliud
2061 3354 2335 3430 tempus,

839 3454 902 3507 et
933 3446 1019 3508 ita
1049 3464 1166 3506 nec
1195 3444 1384 3505 aliam
1415 3444 1754 3517 actionem,
1788 3444 2178 3507 enuntiabile
2212 3465 2338 3507 non

839 3551 934 3607 est
969 3550 1901 3624 mutatum‚quantumcumque
1932 3551 2172 3606 mutata
2202 3563 2342 3607 con-

839 3642 1308 3725 significatione
1344 3659 1358 3703 :
1393 3649 1454 3703 ct
1500 3642 1650 3723 quia
1698 3649 1941 3703 retenta
1988 3643 2208 3705 eadem
2259 3644 2339 3704 si-

838 3739 1680 3823 gnificatione,enuntiabile
1711 3760 1933 3801 verum
1965 3761 2220 3823 semper
2248 3750 2342 3803 cst

838 3858 1086 3912 verum,
1139 3858 1258 3901 nec
1305 3846 1401 3900 est
1450 3838 1618 3900 idem
1679 3838 1802 3899 nisi
1861 3859 2060 3920 quum
2120 3841 2339 3901 eadem

841 3935 1230 4019 significatio
1287 3936 1637 4014 retinetur3
1686 3936 1838 3998 hinc
1897 3936 2215 4011 dixerunt,
2280 3938 2340 3999 id

843 4036 1012 4118 quod
1063 4035 1260 4097 semel
1310 4041 1406 4095 est
1455 4052 1702 4107 verum,
1754 4054 2007 4117 semper
2055 4054 2195 4097 esse
2242 4054 2345 4099 ve-

843 4154 1006 4197 rum.
1041 4134 1376 4214 Quumque
1416 4134 1582 4195 Deus
1635 4132 1724 4194 nil
1775 4133 2211 4207 obliviscatur,
2255 4135 2345 4195 di-

2446 3154 2509 3207 et
2540 3145 2738 3208 futuri
2780 3165 2877 3208 res
2916 3145 3101 3208 aliter
3128 3154 3189 3208 et
3219 3146 3403 3208 aliter
3439 3146 3840 3228 significatur
3878 3168 3949 3210 se

2446 3244 2701 3319 habere,
2758 3253 2929 3326 patet
2986 3245 3154 3328 quod
3219 3246 3575 3308 necessario
3630 3246 3803 3308 aliud
3864 3247 3951 3308 sit

2447 3342 2862 3418 enuntiabile,
2896 3350 2956 3405 te
2990 3363 3128 3406 esse
3167 3344 3585 3418 nasciturum,
3618 3353 3681 3407 et
3712 3352 3773 3406 te
3808 3364 3951 3408 esse

2449 3449 2688 3502 natum.
2722 3476 2803 3485 ——
2832 3440 3069 3503 Rursus
3118 3441 3504 3504 deficiebant
3552 3443 3617 3505 in
3667 3442 3949 3507 ultimo:

2449 3538 2751 3621 quoniam
2792 3538 2959 3601 sicut
2993 3539 3183 3601 homo
3222 3558 3347 3601 non
3388 3540 3709 3622 significat
3746 3541 3955 3603 homi-

2450 3657 2596 3699 nem
2656 3637 2850 3699 istum
2907 3645 3016 3698 aut
3070 3637 3274 3711 illum,
3326 3638 3417 3700 sic
3465 3638 3733 3701 verbum
3796 3659 3955 3721 prm-

2451 3735 2647 3797 scntis
2699 3735 3003 3816 temporis
3062 3754 3189 3797 non
3252 3736 3573 3816 significat
3622 3736 3781 3799 illud
3840 3746 3955 3800 aut

2452 3833 2619 3895 istud
2667 3853 2965 3915 praesens,
3000 3835 3109 3896 sed
3155 3854 3433 3915 praesens
3480 3834 3545 3897 in
3596 3837 3951 3909 communi,

2452 3932 2585 3994 sive
2618 3932 2893 4015 copulet,
2928 3932 3062 3995 sive
3094 3932 3555 4013 consignificet.
3590 3934 3749 3996 Hinc
3784 3933 3955 3996 sicut

2452 4032 2642 4094 homo
2672 4049 2799 4093 non
2839 4030 3011 4092 aliud
3052 4050 3283 4093 nomen
3313 4039 3430 4107 est,
3465 4050 3582 4094 nec
3615 4033 3806 4094 aliam
3846 4034 3958 4095 ha-

2453 4131 2560 4193 bet.
2589 4130 3146 4212 significationem,
3165 4149 3371 4213 neque
3401 4132 3799 4213 aequivocum
3830 4142 3954 4209 est,

845 4240 1076 4295 xerunt
1106 4231 1275 4313 quod
1316 4249 1504 4295 omne
1545 4231 1938 4294 enuntiabile
1977 4234 2145 4314 quod
2177 4234 2343 4295 Deus
2373 4232 2422 4293 D
2454 4231 2607 4292 dum
2662 4230 2793 4310 jam
2857 4230 3162 4311 supponit
3218 4248 3331 4311 pro
3388 4231 3589 4305 Petro,
3647 4230 3777 4311 jam
3839 4252 3961 4314 pro

845 4330 1055 4403 scivit,
1105 4330 1244 4391 scit.
1295 4365 1375 4375 -
1421 4330 1754 4411 Quumque
1801 4329 2126 4410 objicitur,
2178 4332 2344 4393 Deus

849 4427 1038 4491 scivit
1088 4434 1148 4489 te
1197 4428 1613 4501 nasciturum,
1666 4445 1814 4507 ergo
1862 4428 2069 4489 adhuc
2120 4429 2242 4490 scit
2289 4437 2349 4490 te

848 4525 1282 4603 nasciturum3
1333 4524 1575 4597 dicunt,
1630 4526 1798 4606 quod
1847 4542 1975 4587 non
2027 4526 2217 4587 debet
2265 4527 2351 4588 ita

850 4623 1095 4699 inferri,
1130 4623 1239 4684 sed
1285 4623 1376 4684 sie
1413 4640 1426 4684 :
1460 4642 1609 4704 ergo
1649 4625 1770 4686 scit
1811 4632 1868 4686 te
1908 4624 2108 4687 fuisse
2151 4626 2353 4687 nasci-

849 4733 1086 4786 turum.
1121 4722 1320 4784 Aliter
1353 4728 1448 4783 cst
1479 4721 1567 4783 ibi
1605 4722 1816 4803 figura
1848 4723 2166 4797 dictioniS,
2201 4725 2350 4805 quia

851 4822 1138 4906 procedit
1168 4820 1246 4883 ab
1281 4820 1608 4882 identitate
1650 4822 1817 4883 modi
1861 4822 2350 4903 significationis

850 4923 927 4985 ad
989 4920 1381 4983 identitatem
1433 4919 1523 4981 rei
1579 4937 1593 4981 z
1644 4928 1708 4981 et
1759 4921 1878 4983 hoc
1927 4922 2115 4983 modo
2162 4921 2353 4983 solvit

851 5019 1161 5099 Magister.

933 5118 1055 5179 lsta
1095 5115 1215 5178 fuit
1253 5116 1472 5198 opinio
1510 5116 1938 5179 Nominalium
1984 5137 1998 5181 :
2042 5118 2151 5199 qui
2196 5117 2350 5179 dicti

853 5222 1002 5279 sunt
1032 5214 1568 5296 nominaleS‚quia
1597 5216 1976 5296 positionem
2008 5235 2186 5277 suam
2219 5215 2351 5277 fun-

855 5313 1087 5376 dabant
1146 5332 1338 5395 supra
1394 5313 1671 5375 nominis
1729 5314 2058 5376 unitatem.
2111 5315 2347 5375 Verum

2454 4330 2681 4407 Paulo;
2724 4330 2815 4392 sic
2860 4349 2978 4391 nec
3021 4330 3287 4392 verbum
3336 4330 3666 4411 praesentis
3713 4336 3963 4411 tempo-

2458 4430 2567 4503 riS,
2602 4430 2735 4491 sive
2767 4428 3214 4510 pronuntietur
3252 4428 3439 4490 hodie
3479 4428 3613 4491 sive
3652 4446 3812 4502 craS,
3846 4428 3965 4492 ha-

2458 4528 2562 4590 bet
2604 4528 2791 4589 aliam
2836 4526 3371 4609 significationem
3406 4546 3420 4588 :
3459 4527 3598 4589 ideo
3637 4544 3761 4589 non
3802 4527 3969 4591 facit

2458 4625 2629 4688 aliud
2688 4625 3102 4688 enuntiabile.
3160 4626 3492 4706 Propterea
3548 4644 3969 4707 quocumque

2459 4732 2743 4806 tempore
2784 4724 3232 4805 pronuntietur
3264 4732 3325 4785 te
3359 4742 3497 4785 esse
3536 4724 3965 4801 nasciturum,

2460 4822 2630 4884 idem
2672 4830 2766 4883 est
2809 4820 3225 4894 enuntiabile,
3257 4821 3425 4902 quod
3470 4822 3647 4902 prius
3691 4820 3813 4883 fuit
3852 4842 3972 4885 ve-

2457 4940 2625 4994 rum,
2676 4927 2739 4982 et
2789 4921 2975 4982 modo
3022 4928 3119 4981 est
3165 4918 3418 4981 falsum.
3464 4919 3681 5001 ltaque
3728 4938 3967 4984 secun-

2458 5020 2610 5081 dum
2659 5019 2826 5100 quod
2871 5018 3033 5079 scire
3078 5024 3376 5079 connotat
3412 5018 3739 5080 veritatem
3784 5019 3967 5082 circa

2457 5116 2851 5180 enuntiabile
2882 5116 3136 5187 scitum,
3156 5116 3321 5179 Deus
3352 5114 3510 5177 illud
3540 5116 3707 5196 quod
3738 5116 3961 5188 scivit,

2460 5222 2612 5297 puta
2650 5224 2708 5277 te
2748 5214 3164 5285 nasciturum,
3200 5213 3387 5275 modo
3423 5230 3549 5274 non
3590 5212 3705 5273 scit
3748 5220 3809 5275 te
3844 5234 3965 5277 na-

2459 5321 2542 5385 10,
2576 5322 2639 5375 et.
2670 5314 2752 5375 ita
2787 5312 2851 5373 in
2890 5310 3354 5384 consimilibuS‚
3388 5311 3563 5372 nulla
3602 5312 3965 5375 mutatione
