4359 6250
884 449 1004 514 224

1518 469 1581 512 IN
1621 467 1841 512 LIBRUM
1884 467 1905 511 1
1949 465 2431 511 SENTENTIARUM.
2477 481 2560 492 -·-
2599 465 2751 510 msT.
2797 466 2983 527 xxvr3
3028 467 3252 522 QUAEST.
3298 467 3358 512 w

884 637 1165 699 cundum
1211 638 1555 720 specialem
1597 646 1662 700 et
1697 637 2022 720 propriam
2066 636 2376 698 rationem
2410 636 2459 698 A
2489 635 2668 698 nium
2714 655 3021 699 numerus
3065 637 3294 700 horum
3329 653 3342 699 :
3387 636 3572 718 cujus
3616 633 3988 717 oppositum

882 755 1062 798 snam
1092 754 1165 798 ac
1198 755 1453 811 nomen,
1474 733 1561 798 'ut
1590 742 1737 798 sunt
1777 736 1955 798 Pater
1984 743 2047 796 et
2077 735 2276 797 Filius
2305 751 2380 796 ae

882 833 1156 915 Spiritus
1208 834 1511 912 Sanctus;
1544 833 1670 895 alio
1720 834 1907 895 modo
1959 833 2023 894 in
2072 832 2376 913 generali,

881 940 951 992 ut
1000 931 1412 1011 intelligendo
1455 931 1625 1012 quod
1671 930 1737 991 in
1782 930 2016 992 divinis
2060 936 2211 991 sunt
2254 936 2380 990 tres

880 1046 1185 1110 personae.
1220 1029 1431 1091 Primo
1470 1030 1657 1092 modo
1700 1028 2095 1110 impossibile
2135 1036 2233 1089 est
2263 1027 2382 1088 cir-

880 1127 1311 1188 cumscribere
1360 1146 1472 1208 per
1520 1126 1913 1188 intellectum
1964 1125 2301 1188 relationes
2344 1144 2382 1186 a

881 1225 1169 1306 personis
1199 1232 1264 1286 et
1293 1245 1330 1286 a
1359 1225 1769 1288 distinctione
1800 1243 2042 1298 earum,
2076 1224 2379 1306 quoniam

880 1324 957 1384 de
1008 1323 1257 1386 formali
1311 1322 1639 1386 intellectu
1699 1341 2113 1405 personarum
2172 1321 2380 1383 taliter

880 1429 1287 1502 acceptarum
1319 1427 1467 1483 sunt
1500 1421 1651 1502 ipsae
1683 1421 1989 1502 speciales
2020 1420 2376 1491 relationeS,

882 1521 1048 1582 sicut
1078 1521 1155 1583 de
1189 1521 1517 1583 intellectu
1548 1520 1743 1584 Patris
1784 1528 1879 1582 est
1911 1520 2278 1602 paternitas
2315 1517 2379 1580 Si

883 1637 1034 1682 vero
1064 1637 1349 1700 personae
1378 1627 1441 1680 et
1470 1637 1687 1680 earum
1715 1619 2041 1680 distinctio
2068 1617 2384 1699 accipian-

885 1725 986 1777 tur
1024 1717 1231 1779 solum
1272 1718 1337 1778 in
1382 1717 1683 1797 generali,
1720 1725 1787 1778 ut
1827 1716 1995 1798 quod
2037 1717 2101 1777 in
2142 1715 2380 1776 divinis

2488 751 2708 796 omnes
2745 754 2918 796 nunc
2949 743 3186 798 tenent.
3221 771 3300 780 —
3329 735 3582 808 Quarto,
3614 734 3862 795 dictum
3891 739 3992 794 est

2489 851 2676 913 saepe,
2711 832 2880 914 quod
2912 834 2978 896 in
3011 834 3246 896 divinis
3282 832 3620 895 relationes
3653 839 3804 893 sunt
3833 831 3992 912 ipsae

2489 947 2774 1012 personae
2817 948 2831 992 :
2879 951 3078 1013 quum
3127 950 3278 1012 ergo
3325 950 3452 994 non
3504 930 3634 992 sint
3681 929 3806 991 nisi
3859 937 3990 1016 tres

2491 1047 2774 1110 personae
2825 1029 2892 1091 in
2942 1031 3091 1104 Deo,
3135 1048 3262 1093 non
3305 1029 3426 1091 erit
3467 1028 3594 1090 nisi
3637 1027 3870 1110 triplex
3919 1027 3990 1088 in

2489 1144 2565 1188 eo
2608 1127 2847 1189 relatio.

2570 1225 2638 1286 ln
2689 1225 3054 1308 oppositum
3101 1234 3198 1288 est
3237 1243 3502 1288 concors
3547 1224 3990 1304 theologorum

2489 1322 2760 1385 traditio.

2571 1519 2665 1581 Ad
2696 1518 2814 1581 hoc
2846 1519 3198 1581 Alexander
3215 1521 3569 1602 ,respondet
3593 1538 3606 1582 :
3630 1521 3991 1602 Proprietas

2491 1617 2850 1698 appellatur
2888 1619 3056 1699 quod
3102 1619 3398 1680 convenit
3440 1619 3552 1681 uni
3595 1619 3737 1691 soli,
3773 1619 3990 1700 ipsum

2492 1715 2888 1797 distinguens
2935 1716 3016 1778 ab
3073 1717 3251 1795 aliis3
3304 1717 3526 1779 relatio
3572 1727 3810 1788 autem,
3861 1736 3994 1799 qua

883 1822 1031 1877 sunt
1093 1815 1308 1896 plures
1372 1832 1678 1897 personae,
1740 1815 1833 1876 sic
1896 1813 2091 1895 aliqui
2157 1813 2380 1875 dicunt
2416 1812 2463 1874 B
2494 1832 2659 1876 unus
2697 1813 2971 1876 refertur
2998 1814 3076 1876 ad
3113 1815 3348 1893 alium3
3381 1815 3556 1878 notio
3591 1824 3828 1889 autem,
3861 1833 3994 1897 qua

884 1914 1054 1995 quod
1096 1932 1381 1996 personae
1422 1922 1690 1996 possunt
1730 1912 1997 1993 intelligi
2040 1931 2165 1974 non
2204 1910 2384 1974 intel-

886 2013 1067 2075 lectis
1118 2012 1617 2095 proprietatibus
1677 2011 1957 2074 relativis
2011 2029 2025 2072 z
2076 2009 2382 2093 quoniam

886 2111 1247 2174 intellectus
1277 2120 1486 2193 potest
1515 2111 1850 2192 concipere
1888 2111 2057 2192 quod
2090 2118 2189 2171 est
2219 2126 2385 2172 com-

889 2211 1147 2272 munius
1207 2219 1270 2272 et
1322 2211 1385 2272 in
1445 2210 1611 2292 pluS,
1666 2227 1791 2272 non
1851 2208 2270 2292 concipiendo
2319 2207 2383 2270 id

886 2309 1057 2391 quod
1107 2317 1203 2371 est
1251 2307 1525 2390 speciale
1572 2316 1761 2389 atque
1811 2307 1877 2369 in
1934 2307 2167 2380 minuS‚
2220 2307 2387 2368 sicut

888 2407 1224 2490 concipere
1284 2415 1490 2489 potest
1545 2406 1781 2468 animal
1839 2422 1965 2468 non
2025 2404 2387 2485 concipien-

888 2507 969 2570 do
1012 2506 1279 2570 leonem.
1317 2506 1436 2568 Sed
1480 2505 1809 2586 distingui,
1845 2504 2251 2567 communius
2291 2511 2388 2564 est

888 2624 1081 2686 quam
1112 2605 1203 2667 sic
1235 2605 1558 2685 distingui,
1580 2604 1878 2666 videlicet
1906 2603 2167 2665 relative
2195 2620 2209 2664 :
2237 2619 2387 2683 ergo

888 2702 1249 2764 intellectus
1284 2702 1619 2783 concipere
1655 2707 1861 2782 potest
1892 2717 2192 2783 personas
2229 2698 2386 2760 divi-

888 2821 1000 2862 nas
1045 2800 1372 2881 distingui,
1415 2800 1655 2881 absque
1700 2800 1819 2862 hoc
1863 2798 2031 2880 quod
2076 2796 2388 2877 intelligat

888 2918 993 2961 eas
1052 2898 1358 2980 distingui
1418 2917 1532 2980 per
1588 2897 1883 2959 relativas
1946 2896 2384 2978 proprietates,

2493 1931 2592 1974 res
2635 1912 3023 1975 innotescit:
3057 1921 3121 1975 et
3163 1913 3298 1976 haec
3346 1914 3788 1996 multipliciter
3835 1914 3994 1976 dici-

2493 2017 2612 2071 tur.
2648 2011 2854 2084 Quum
2900 2011 3074 2073 enim
3125 2012 3300 2074 notio
3347 2012 3430 2074 sit
3481 2013 3542 2073 id
3584 2029 3712 2094 quo
3761 2031 3863 2074 res
3911 2011 3992 2072 fit

2493 2117 2661 2182 nota,
2687 2109 2905 2171 multis
2939 2110 3143 2172 modis
3175 2111 3314 2192 ipsa
3341 2111 3516 2173 notio
3544 2111 3780 2173 dicitur
3811 2127 3827 2171 :
3861 2110 3994 2192 pri-

2495 2226 2620 2282 mo,
2653 2227 2730 2270 ex
2771 2217 2946 2290 parte
2987 2209 3458 2290 cognoscibiliS,
3489 2218 3555 2272 et
3591 2209 3683 2271 sic
3721 2217 3820 2271 est
3862 2207 3993 2271 for-

2495 2325 2598 2368 ma
2635 2306 2735 2368 vel
2779 2307 3112 2388 dispositio
3154 2327 3280 2389 qua
3320 2327 3421 2370 res
3466 2315 3668 2370 exstat
3713 2307 3995 2369 noscibi-

2494 2405 2610 2484 lis3
2642 2404 2943 2478 secundo,
2977 2423 3054 2468 ex
3086 2413 3263 2487 parte
3303 2406 3762 2487 cognoscentis,
3795 2413 3860 2467 et
3895 2405 3994 2466 sic

2493 2509 2590 2564 est
2619 2502 2865 2584 species
2896 2504 2986 2565 rei
3019 2503 3085 2564 in
3123 2504 3357 2578 anima,
3392 2523 3507 2587 per
3536 2522 3728 2585 quam
3759 2520 3994 2584 cogno-

2495 2601 2649 2679 scit3
2682 2602 2888 2675 tertio,
2907 2621 2984 2663 ex
3015 2609 3191 2684 parte
3223 2603 3314 2664 rei
3343 2601 3621 2664 exterius
3652 2621 3765 2684 per
3794 2620 3996 2683 quam

2496 2718 2594 2760 res
2639 2700 2942 2774 noscitur,
2975 2699 3139 2762 sicut
3185 2719 3372 2762 causa
3411 2700 3663 2762 occulta
3705 2719 3819 2782 per
3861 2719 3998 2762 ma·

2497 2798 2802 2860 nifestum
2860 2797 3188 2861 effectum.
3241 2798 3468 2860 Tribus
3533 2799 3726 2879 igitur
3781 2799 3998 2860 modis

2495 2896 2810 2978 accipitur
2857 2897 3032 2959 notio
3079 2897 3191 2958 rei.
3235 2898 3418 2959 Juxta
3465 2897 3608 2969 hoc,
3655 2897 3829 2959 notio
3879 2897 3996 2959 Dei

890 2997 1021 3060 imo
1069 2995 1485 3058 relationibus
1534 3012 1791 3078 prorsus
1845 3012 1972 3056 non
2021 2990 2384 3061 intellectis,
2422 2995 2465 3057 C
2496 2994 2730 3056 dicitur
2780 3013 2908 3058 uno
2967 2996 3154 3059 modo
3203 3003 3510 3068 creatura,
3565 2994 3633 3057 in
3679 3002 3998 3077 quantum

890 3115 1091 3178 quum
1152 3112 1278 3157 non
1334 3094 1462 3156 sint
1511 3093 1588 3155 de
1648 3091 1975 3155 intellectu
2024 3091 2385 3153 divinarum

891 3211 1331 3276 personarum,
1358 3212 1475 3254 nec
1505 3190 1947 3253 distinctionis·
1968 3189 2272 3272 ipsarum,
2291 3208 2390 3250 ac-

892 3293 1189 3374 cipiendo
1239 3299 1505 3373 utraque
1556 3292 1619 3352 in
1670 3290 2016 3352 communi.
2071 3289 2214 3351 Haec
2263 3288 2386 3349 Du-

890 3391 1144 3454 randuS.

1324 3706 1804 3781 QUAESTIO
1856 3706 1949 3769 IV

1035 3986 1221 4047 Uarto
1289 3981 1617 4064 quaeritur,
1686 3982 1799 4047 De
1866 3994 2198 4046 numero
2269 3994 2389 4046 re-

897 3982 1027 4182 Ο
1054 4081 1453 4149 lationum
1510 4082 1595 4146 et
1657 4079 2239 4160 proprietatum
2297 4091 2388 4144 ao

2495 3101 2592 3155 est
2620 3093 2729 3157 Dei
2761 3093 3031 3157 effectus
3061 3113 3175 3177 per
3202 3113 3394 3177 quem
3425 3095 3559 3177 ipse
3591 3093 4002 3176 cognoscitur

2494 3194 2677 3274 quasi
2725 3194 3081 3257 extrinseco
3128 3194 3360 3267 medio,
3393 3194 3576 3274 juxta
3623 3193 3782 3255 illud
3829 3194 4002 3275 Apo—

2494 3290 2638 3353 stoli
2665 3291 3058 3355 :Invisibilia
3087 3292 3195 3355 Dei
3229 3311 3344 3373 per
3372 3310 3446 3355 ea
3474 3311 3617 3373 quae
3645 3291 3812 3354 facta
3841 3300 4002 3355 sunt
4029 3312 4162 3356 nom.
4179 3322 4207 3358 1.
4227 3310 4289 3351 20.

2495 3399 2980 3470 cognoscuntur.
3016 3390 3191 3454 Unde
3221 3398 3284 3452 et
3314 3392 3373 3453 S.
3405 3390 3742 3473 Dionysius
3775 3408 3790 3451 ε
3823 3391 3996 3473 Ipsa,
4053 3409 4196 3463 Epist.
4219 3422 4270 3449 ιι.

2496 3489 2726 3570 inquit,
2760 3489 3126 3571 apparentis
3167 3489 3390 3551 mundi
3430 3490 3736 3571 operatio,
3768 3496 3866 3551 est
3899 3489 4004 3551 in-

2495 3586 2851 3650 visibilium
2881 3587 2992 3649 Dei
3024 3587 3392 3670 propositio.
3426 3588 3568 3649 Alio
3599 3588 3788 3650 modo
3815 3587 4004 3650 notio

2495 3684 2731 3747 dicitur
2791 3685 3036 3767 species
3092 3685 3379 3747 veritatis
3441 3685 3639 3747 menti
3699 3684 4002 3747 rationali

2497 3784 2826 3865 impressa,
2859 3802 2986 3865 qua
3015 3784 3190 3845 velut
3222 3783 3436 3866 specie
3475 3792 3540 3846 et
3568 3783 4004 3845 similitudine

2497 3882 2780 3943 noscitur
2820 3883 3006 3944 Deus,
3043 3882 3117 3942 Et
3147 3882 3246 3942 his
3287 3881 3538 3945 duobus
3579 3881 3784 3943 modis
3819 3881 4006 3943 notio

2497 3979 2653 4041 dicit
2680 3980 2836 4061 quid
2873 3986 3154 4041 creatum
3185 3979 3287 4042 vel
3327 3988 3752 4043 concreatum.
3785 3979 4009 4041 Tertio

2497 4078 2732 4140 dicitur
2783 4077 2920 4159 ipsa
2978 4077 3310 4161 dispositio
3359 4077 3580 4142 formae
3629 4097 3772 4160 quae
3831 4078 4008 4140 Deus

890 4183 1326 4261 notionum,
1358 4181 1442 4245 et
1478 4178 1830 4260 qualiter
1861 4176 2074 4243 inter
2110 4191 2196 4243 se
2233 4177 2387 4242 ‹ns-
2419 4178 2468 4239 D
2498 4185 2595 4239 est
2641 4185 2705 4237 et
2753 4176 3047 4250 Trinitas,
3080 4195 3206 4258 qua
3256 4176 3706 4257 cognoscibilis
3753 4183 3851 4237 est
3883 4193 3899 4236 :
3933 4184 4010 4238 et

890 4281 1389 4359 tinguantur.

974 4378 1051 4439 Et
1100 4378 1307 4459 primo
1356 4376 1609 4437 videtur
1651 4373 1819 4455 quod
1865 4380 1955 4435 tot
2003 4391 2215 4434 rerum
2267 4373 2389 4434 dis-

894 4476 1119 4538 tinctio
1176 4482 1239 4536 et
1292 4482 1503 4536 tantus
1563 4490 1867 4534 numerus
1916 4471 2386 4544 distinctorum,

894 4576 1153 4655 deroget
1180 4570 1577 4654 simplicitati
1608 4569 1860 4632 divinae.
1886 4604 1967 4613 —
1997 4568 2309 4641 Secundo,
2335 4568 2390 4629 si

894 4672 1181 4755 quinque
1211 4678 1359 4733 sunt
1397 4669 1709 4742 notioneS,
1744 4667 1995 4729 videtur
2024 4666 2194 4747 quod
2228 4667 2392 4728 Deus

895 4779 1025 4835 tam
1056 4790 1204 4835 vere
1234 4770 1483 4832 dicatur
1520 4768 1755 4851 quinus
1796 4774 2056 4849 propter
2084 4766 2394 4847 quinque-

896 4870 1195 4954 partitam
1226 4870 1560 4932 notionum
1588 4866 2087 4937 distinctionem,
2113 4865 2280 4926 sicut
2308 4863 2396 4926 di-

896 4970 1062 5032 citur
1111 4977 1329 5031 ternus
1384 4974 1643 5048 propter
1692 4963 2039 5025 ternarium
2101 4980 2395 5045 persona-

896 5086 1058 5130 rum.
1106 5102 1189 5112 —
1234 5064 1467 5137 Tertio,
1514 5081 1714 5145 quum
1760 5062 1881 5124 ista
1924 5062 2178 5123 realiter
2224 5060 2393 5122 idem

896 5166 1045 5239 sint,
1078 5166 1231 5247 quia
1277 5164 1341 5225 in
1388 5164 1515 5225 Deo
1559 5180 1687 5224 non
1730 5168 1827 5222 est
1870 5159 1991 5221 nisi
2038 5159 2394 5221 substantia

894 5272 1085 5347 atque
1117 5261 1628 5337 relatio,videtur
1658 5259 1827 5341 quod
1857 5258 2119 5340 aequalis
2149 5257 2234 5318 sit
2261 5274 2395 5320 om·

2498 4278 2634 4339 haec
2681 4284 2776 4338 est
2827 4275 3000 4337 notio
3049 4275 3348 4347 increata,
3395 4284 3459 4337 et
3505 4275 3740 4337 dicitur
3787 4274 4010 4337 modis

2499 4373 2766 4438 duobus
2802 4374 3032 4447 Primo,
3075 4374 3410 4455 dispositio
3456 4373 3677 4436 formae
3725 4392 3852 4454 qua
3895 4392 4014 4437 eo-

2499 4471 2823 4554 gnoscitur
2855 4471 2920 4533 in
2961 4472 3202 4533 unitate
3239 4479 3430 4553 atque
3469 4471 3534 4533 in
3577 4470 4014 4535 indistinctio-

2501 4590 2580 4633 ne
2634 4588 2648 4633 :
2701 4571 2920 4653 sicque
2969 4570 3143 4633 notio
3191 4578 3287 4633 est
3333 4553 3870 4633 divina'essentia
3929 4570 4013 4634 in

2500 4676 2808 4751 quantum
2858 4668 3326 4749 cognoscibilis
3376 4668 3685 4741 Secundo,
3731 4668 4019 4750 disposi-

2501 4768 2590 4830 tio
2632 4786 2756 4849 qua
2799 4768 3083 4829 noscitur
3123 4766 3189 4829 in
3231 4784 3643 4848 personarum
3686 4766 4018 4829 distincti-

2502 4884 2620 4928 one
2665 4882 2679 4925 :
2731 4873 2795 4926 et
2842 4865 2929 4925 ita
2978 4884 3148 4927 nunc
3198 4864 3474 4927 sumitur
3521 4865 3711 4928 notio.
3764 4864 4016 4947 Sicque

2503 4963 2866 5036 dicendum,
2898 4964 3069 5044 quod
3114 4964 3181 5025 in
3224 4963 3460 5026 divinis
3503 4963 3854 5045 proprietas
3905 4974 4016 5026 est

2506 5061 2568 5122 id
2617 5078 2744 5142 quo
2787 5068 2884 5122 est
2925 5060 3251 5123 distinctio
3299 5077 3584 5143 personae
3625 5080 3662 5122 a
3703 5078 4010 5141 persona.

2504 5159 2746 5222 Relatio
2775 5176 2926 5220 vero
2957 5159 3024 5221 in
3053 5160 3358 5221 Trinitate
3393 5167 3491 5221 est
3523 5158 3828 5221 habitudo
3861 5178 4018 5240 per-

2507 5273 2806 5319 sonarum
2842 5255 2908 5317 in
2944 5256 3263 5335 invicem;
3297 5256 3409 5319 sed
3448 5256 3516 5319 in
3553 5254 3862 5318 creaturis
3905 5267 4016 5320 est
