4359 6250
1234 463 1321 508 AN
1362 463 1603 508 VERBUM
1646 462 1901 508 Priorum
1946 461 2206 507 DICATUR
2247 462 2311 506 m
2354 461 2580 508 mvtNts

3341 444 3462 506 255

368 653 472 715 per
517 633 729 715 ipsum
782 632 1276 696 manuducimur
1316 632 1379 693 in
1426 631 1851 710 cognitionem
1886 631 1937 692 A
1968 631 2272 712 competit
2314 631 2482 692 actui
2531 630 2910 704 intellectuS,
2944 632 3052 692 sed
3096 632 3330 713 speciei
3375 632 3461 692 ita

368 731 547 792 Verbi
592 731 837 801 aeterni,
872 731 997 793 duo
1041 731 1339 792 videntur
1377 747 1534 792 esse.
1571 728 1851 790 Primum

366 837 473 903 est,
516 831 685 911 quod
738 830 819 891 sit
868 829 1112 910 aliquid
1161 829 1227 890 in
1278 828 1604 889 intellectu
1654 826 1857 888 consi-

368 936 531 990 stens
582 947 655 990 ac
706 947 987 990 manenS.
1024 928 1114 989 Ex
1165 944 1293 1008 quo
1340 926 1633 988 elicimus
1686 925 1853 1005 quod

366 1024 637 1086 Verbum
670 1025 781 1087 Dei
813 1023 1353 1086 consubstantiale
1384 1023 1466 1084 sit
1496 1021 1681 1096 Patri,
1707 1040 1858 1102 quo-

366 1123 533 1184 niam
566 1131 778 1185 manet
810 1123 875 1184 in
906 1123 1093 1184 corde
1124 1121 1321 1183 Patris
1357 1138 1370 1182 :
1406 1120 1717 1202 quidquid
1747 1138 1855 1180 au-

366 1228 487 1282 tem
532 1221 599 1282 in
644 1222 771 1283 Deo
808 1227 926 1293 est,
961 1220 1131 1281 idem
1169 1237 1317 1280 cum
1360 1218 1499 1300 ipso
1543 1217 1851 1280 consistit.

368 1319 723 1380 Secundum
772 1326 890 1390 est,
924 1318 1094 1399 quod
1144 1317 1441 1398 procedat
1489 1315 1569 1377 ab
1617 1314 1852 1395 aliqu0‚

367 1416 507 1497 quia
566 1416 905 1497 profertur.
962 1416 1037 1476 Et
1085 1434 1162 1476 ex
1212 1415 1333 1476 hoc
1389 1413 1852 1485 concludimus,

367 1515 527 1595 quod
574 1515 767 1576 Filius
811 1514 1009 1576 Patris
1052 1513 1270 1576 aeterni
1314 1513 1394 1574 sit
1440 1511 1857 1594 personaliter

364 1631 399 1672 a
432 1613 607 1674 Patre
650 1613 1009 1674 distinctus
1043 1611 1201 1673 Hinc
1249 1610 1719 1673 insufficienter
1763 1608 1854 1670 di-

366 1718 531 1782 cunt,
565 1711 678 1792 qui
722 1719 1013 1773 asserunt
1056 1710 1225 1791 quod
1271 1709 1541 1772 verbum
1592 1708 1673 1770 sit
1720 1708 1856 1788 ipsa

1968 729 2270 791 formatae.
2308 729 2465 790 Huic
2511 729 2796 810 opinioni
2836 748 2963 791 non
3009 737 3164 811 puto
3203 749 3462 792 consen-

1970 828 2278 900 tiendum,
2340 828 2426 888 ait
2485 828 2839 900 DuranduS,
2901 828 3050 908 quia
3107 829 3457 890 secundum

1966 925 2444 1006 Philosophum,
2484 944 2597 1006 per
2635 927 2914 988 actiones
2958 927 3070 986 has
3115 926 3463 988 immanen-

1969 1032 2062 1086 tes
2104 1043 2246 1105 quae
2287 1031 2434 1085 sunt
2475 1024 2852 1105 intelligere,
2887 1025 3118 1098 dicere,
3152 1042 3280 1086 non
3320 1042 3464 1087 con-

1968 1122 2254 1183 stituitur
2297 1122 2362 1182 in
2409 1121 2592 1184 nobis
2641 1122 2883 1204 aliquid
2931 1123 3122 1184 aliud.
3159 1122 3267 1184 Est
3315 1141 3464 1202 ergo

1968 1220 2188 1301 opinio
2217 1221 2362 1292 alia,
2387 1221 2554 1301 quod
2587 1220 2852 1281 verbum
2888 1221 2952 1281 in
2984 1220 3166 1282 nobis
3197 1221 3280 1282 sit
3309 1221 3467 1302 ipse-

1971 1325 2098 1380 met
2142 1327 2320 1380 actus
2361 1318 2778 1398 intelligendi,
2817 1319 3353 1399 quemadmodum
3401 1319 3464 1380 in

1968 1417 2363 1497 Monologion
2428 1416 2548 1478 fert
2605 1417 2965 1487 Anselmus,
3029 1417 3196 1497 quod
3253 1415 3466 1478 dicere

1971 1515 2266 1583 mentale,
2301 1522 2396 1575 est
2437 1515 2770 1595 cogitando
2807 1515 3059 1577 intueri.
3096 1515 3332 1576 Intueri
3362 1534 3468 1576 au-

1970 1621 2097 1674 tem
2142 1621 2237 1676 est
2280 1620 2458 1675 actus
2503 1613 2919 1693 intelligendi.

2048 1711 2169 1772 Has
2210 1711 2544 1792 opiniones
2589 1731 2734 1773 cum
2781 1711 2913 1774 suis
2956 1711 3212 1774 motivis
3256 1729 3467 1793 prose-

365 1810 679 1890 quidditas
724 1811 814 1871 rei
858 1810 1179 1871 intellecta
1217 1807 1569 1880 definitive,
1606 1826 1748 1889 quae
1788 1824 1854 1868 se
1893 1813 1939 1874 B
1970 1809 2190 1890 quitur
2233 1810 2565 1871 Durandus
2618 1807 2878 1882 diffuse,
2913 1817 2974 1870 et
3019 1810 3270 1871 tandem
3322 1827 3467 1871 con-

366 1908 546 1970 habet
575 1909 655 1970 ad
689 1908 1085 1970 intellectum
1126 1908 1334 1969 solum
1365 1905 1703 1987 objective,
1738 1924 1854 1966 nec

364 2015 451 2066 est
497 2007 563 2067 in
616 2006 944 2068 intellectu
996 2006 1369 2085 subjective.
1421 2006 1650 2068 Contra
1696 2021 1854 2085 quos

364 2112 451 2164 est
486 2105 659 2186 quod
699 2106 1093 2185 Augustinus
1130 2105 1219 2165 ait
1258 2103 1735 2186 quintodecimo
1778 2102 1855 2162 de

364 2201 684 2276 Trinitate,
730 2203 999 2264 verbum
1049 2222 1187 2265 esse
1236 2202 1681 2283 cogitationem
1733 2200 1855 2262 for-

366 2308 609 2362 matam.
646 2301 1033 2362 —Verbum
1083 2318 1233 2380 ergo
1280 2300 1555 2362 mentale
1605 2308 1700 2361 est
1748 2298 1857 2360 ali-

364 2399 510 2479 quid
542 2399 800 2461 realiter
830 2399 897 2460 in
923 2398 1251 2461 intellectu
1276 2398 1605 2460 exsistens
1626 2398 1857 2471 Quum-

364 2515 481 2576 que
532 2497 599 2558 in
643 2497 975 2560 intellectu
1018 2497 1167 2570 sint,
1210 2498 1564 2559 secundum
1609 2512 1851 2569 omneS,

365 2595 613 2658 habitus
664 2604 729 2658 et
776 2603 975 2670 actuS,
1008 2615 1081 2658 ac
1129 2596 1295 2656 ultra
1342 2595 1458 2657 hos
1507 2595 1591 2656 sit
1640 2595 1706 2655 in
1756 2613 1851 2668 ec,

364 2695 714 2756 secundum
755 2694 1085 2774 quosdam,
1128 2693 1366 2775 duplex
1415 2693 1620 2755 forma
1668 2710 1681 2754 :
1732 2712 1857 2754 una

365 2811 497 2872 quae
528 2792 927 2874 imprimitur
954 2791 1329 2864 intellectui,
1362 2799 1582 2872 utpote
1611 2791 1856 2872 species

367 2889 809 2971 intelligibilis,
864 2909 1003 2972 quae
1051 2908 1307 2952 omnem
1363 2897 1575 2951 actum
1628 2889 1856 2952 intelli-

1971 1907 2192 1979 cludit,
2245 1908 2412 1988 quod
2462 1907 2731 1968 verbum
2783 1907 2846 1968 in
2896 1907 3132 1969 divinis
3191 1908 3467 1969 sumitur

1970 2007 2226 2088 proprie
2277 2007 2697 2068 essentialiter
2740 2014 2799 2067 et
2853 2024 2978 2068 non
3025 2006 3462 2087 personaliter,

1969 2104 2093 2166 nisi
2143 2124 2219 2167 ex
2269 2105 2538 2186 quadam
2589 2103 3124 2186 appropriatione.
3177 2104 3250 2164 Et
3299 2105 3469 2166 circa

1968 2203 2088 2264 hoc
2132 2202 2353 2264 scribit
2401 2203 2602 2264 multa
2651 2202 2866 2284 inepta
2914 2210 2975 2264 et
3019 2201 3267 2276 frivola,
3302 2203 3468 2264 sicut

1966 2308 2029 2362 et
2076 2300 2229 2362 alibi
2282 2319 2470 2381 saepe,
2522 2299 2821 2362 videlicet
2873 2301 3043 2381 quod
3093 2301 3288 2362 Filius
3337 2319 3462 2362 non

1968 2398 2254 2480 procedit
2283 2417 2319 2458 a
2360 2398 2536 2459 Patre
2579 2416 2692 2479 per
2721 2397 3036 2460 actionem
3079 2398 3460 2468 intellectus,

1966 2516 2083 2558 nec
2128 2483 2403 2578 Spiritus
2449 2497 2714 2558 Sanctus
2752 2515 2788 2557 a
2826 2496 3002 2558 Patre
3041 2515 3114 2558 ac
3153 2496 3311 2558 Filio
3349 2515 3465 2578 per

1965 2595 2281 2657 actionem
2311 2602 2374 2656 et
2403 2594 2867 2656 emanationem
2898 2593 3239 2656 voluntatis
3261 2611 3275 2655 :
3295 2595 3462 2676 quod

1966 2712 2158 2775 supra
2208 2712 2286 2755 ex
2336 2693 2680 2774 Scripturis
2730 2700 2792 2754 et
2842 2691 3028 2753 dictis
3086 2692 3460 2755 Sanctorum
3523 2708 3754 2760 tom.xlx.

3412 2797 3458 2864 t,
3489 2772 3754 2826 pAElssAets.

1967 2799 2062 2852 est
2105 2791 2457 2853 clarissime
2510 2789 2935 2871 reprobatum.
2970 2791 3234 2871 Insuper
3281 2790 3406 2852 dici

1968 2889 2137 2970 quod
2166 2889 2484 2951 emanatio
2523 2895 2700 2949 actus
2740 2888 3133 2968 intelligendi
3172 2888 3254 2950 ab
3286 2888 3468 2951 intel-

364 2989 543 3068 gendi
580 2989 918 3070 praecedit3
947 2987 1072 3050 alia
1101 3007 1293 3070 quam
1333 2988 1693 3050 intellectus
1722 2988 1855 3068 jam
1894 2991 1938 3053 C
1970 2987 2226 3067 ligente,
2260 2995 2322 3048 et
2363 2986 2540 3047 verbi
2572 3005 2609 3047 a
2645 2987 2919 3058 dicente,
2953 3004 3080 3048 non
3121 2993 3216 3047 est
3255 2986 3462 3060 realiS,

366 3085 567 3149 factus
597 3088 663 3149 in
695 3094 841 3149 actu
872 3086 1101 3150 format
1133 3087 1210 3149 de
1246 3105 1313 3149 re
1356 3086 1697 3159 intellecta,
1731 3086 1855 3150 for-

368 3188 593 3249 mando
626 3194 1009 3268 conceptum
1055 3185 1465 3248 definitivum
1502 3193 1613 3247 aut
1659 3185 1857 3248 enun'-

366 3284 655 3346 tiativum
712 3302 725 3345 :
782 3283 1235 3364 inquirendum
1284 3284 1437 3365 quid
1492 3284 1721 3345 horum
1777 3284 1859 3346 sit

363 3383 650 3445 verbum.
678 3383 754 3444 Et
784 3383 1000 3444 statim
1030 3389 1202 3464 patet
1231 3383 1399 3463 quod
1431 3382 1700 3443 verbum
1731 3400 1858 3444 non

363 3490 453 3543 est
503 3480 763 3544 habitus
812 3488 923 3542 aut
970 3482 1215 3562 species
1270 3480 1694 3561 intelligibilis
1745 3480 1859 3541 im-

366 3596 617 3659 pressa:
651 3578 805 3661 quia
838 3578 973 3641 haec
1005 3579 1195 3640 ambo
1228 3586 1487 3640 manent
1520 3578 1584 3639 in
1618 3578 1859 3640 intelle-

365 3684 465 3739 ctu
512 3677 607 3739 nil
656 3676 992 3739 actualiter
1044 3675 1481 3738 considerante
1522 3694 1537 3755 ;
1588 3676 1855 3739 verbum

362 3784 572 3839 autem
610 3794 737 3838 non
770 3783 864 3837 est
896 3776 1019 3837 nisi
1055 3775 1121 3837 in
1163 3774 1491 3836 intellectu
1530 3775 1861 3837 actualiter

364 3876 823 3937 considerante.
874 3874 1085 3936 Restat
1131 3890 1281 3954 ergo
1331 3874 1501 3954 quod
1550 3874 1630 3934 sit
1681 3882 1859 3935 actus

364 3972 909 4054 intelligendi,seu
935 3971 1282 4033 intellectio
1306 3972 1716 4047 actualiS,aut
1742 3971 1862 4034 for-

364 4090 461 4133 ma
488 4091 609 4133 seu
640 4070 885 4153 species
913 4089 1105 4151 quam
1140 4070 1499 4131 intellectus
1529 4070 1861 4132 actualiter

1970 3086 2080 3148 sed
2110 3092 2358 3147 tantum
2392 3086 2744 3148 secundum
2776 3085 3099 3147 rationem.
3122 3085 3296 3158 Quod
3328 3103 3470 3148 con-

1968 3192 2090 3245 stat
2136 3202 2276 3245 esse
2326 3183 2580 3258 falsum,
2635 3203 2834 3267 quum
2896 3184 2961 3246 in
3020 3184 3194 3246 omni
3257 3193 3469 3246 mente

1970 3291 2178 3345 creata
2209 3282 2462 3345 realiter
2489 3282 2963 3363 distinguantur
2993 3302 3131 3345 esse
3167 3290 3230 3345 et
3257 3302 3464 3364 agere,

1970 3400 2082 3442 seu
2132 3382 2408 3443 essentia
2457 3388 2518 3441 et
2565 3382 2770 3460 actio;
2819 3390 2881 3443 et
2932 3383 3068 3464 ipsa
3120 3382 3467 3445 intellectio

1968 3480 2235 3541 actualis
2296 3480 2548 3542 realiter
2596 3480 2863 3561 profluit
2909 3481 2988 3542 ab
3052 3480 3466 3543 intellectuali

1970 3578 2204 3639 virtute
2265 3577 2702 3658 intelligentis,
2755 3577 3050 3639 similiter
3106 3578 3374 3639 verbum
3433 3598 3470 3639 a

1972 3674 2332 3757 proferente
2365 3675 2616 3737 realiter
2657 3682 2870 3736 manat
2909 3682 3096 3756 atque
3135 3676 3469 3756 distingui-

1974 3782 2092 3836 tur.
2128 3776 2216 3837 De
2247 3774 2348 3835 his
2379 3782 2442 3835 et
2483 3772 2927 3835 consimilibus
2965 3773 3152 3834 dictis
3189 3774 3465 3835 Durandi

1972 3881 2360 3955 pertranseo,
2395 3872 2545 3954 quia
2583 3879 2798 3953 aperte
2839 3871 3151 3933 contraria
3189 3878 3337 3931 sunt
3368 3891 3469 3933 ve-

1972 3972 2060 4033 ris
2103 3990 2175 4033 ac
2219 3971 2436 4035 solidis
2482 3969 2878 4033 documentis
2919 3970 3278 4042 Alexandri,
3312 3970 3470 4032 Tho-

1976 4089 2114 4143 mae,
2157 4069 2422 4141 Alberti,
2473 4068 2948 4141 Bonaventurae,
3001 4073 3062 4127 et
3110 4074 3465 4129 ceterorum

366 4170 595 4232 format
618 4170 695 4231 de
723 4188 790 4230 re
821 4168 1333 4231 intellecta—Et
1357 4169 1710 4231 secundum
1740 4170 1861 4231 hoc
1892 4176 1941 4237 D
1969 4167 2102 4248 jam
2146 4167 2690 4249 praeallegatorum
2735 4166 3085 4227 doctorum.

364 4276 505 4330 sunt
532 4269 681 4331 duae
710 4267 1044 4348 opiniones
1080 4284 1093 4328 :
1129 4286 1255 4328 una
1285 4266 1657 4339 dicentium,
1692 4268 1861 4348 quod

362 4367 631 4429 verbum
660 4373 757 4428 est
788 4366 1033 4447 species
1074 4365 1184 4427 illa
1214 4366 1309 4427 sic
1341 4364 1608 4427 formata
1638 4367 1715 4427 de
1750 4386 1814 4428 re
1841 4384 1857 4445 3

360 4465 499 4539 alia,
516 4465 695 4547 quod
724 4464 807 4526 sit
835 4472 1013 4525 actus
1046 4463 1462 4545 intelligendi.
1489 4465 1697 4526 Prima
1728 4466 1860 4545 opi—

362 4564 462 4625 nio
489 4582 527 4625 a
558 4563 696 4625 suis
736 4563 829 4624 sic
872 4562 1246 4624 declaratur.
1281 4563 1367 4624 De
1408 4562 1649 4625 ratione
1680 4563 1858 4624 verbi

362 4670 503 4724 sunt
533 4663 665 4724 duo
702 4678 715 4723 :
752 4680 953 4723 unum
984 4669 1101 4735 est,
1137 4661 1307 4742 quod
1339 4660 1421 4723 sit
1453 4670 1857 4742 repraesenta-

361 4761 559 4823 tivum
606 4760 702 4822 rei
746 4759 1187 4841 principaliter
1233 4759 1569 4822 intellectae
1595 4778 1611 4838 ;
1660 4760 1855 4834 aliud,

361 4860 523 4939 quod
554 4860 639 4921 sit
672 4876 788 4939 per
812 4864 1023 4919 actum
1057 4857 1307 4919 dicendi
1343 4859 1743 4938 productum.
1762 4858 1859 4919 Di-

362 4974 497 5018 cere
540 4965 760 5019 autem
805 4963 904 5017 est
945 4964 1123 5017 actus
1174 4954 1589 5037 intelligentis
1640 4974 1861 5017 secun-

361 5054 508 5117 dum
548 5055 723 5137 quod
767 5053 934 5115 talis.
969 5053 1247 5115 Verbum
1292 5071 1440 5133 ergo
1485 5061 1577 5115 est
1619 5053 1862 5135 aliquid

364 5154 743 5232 productum
784 5171 899 5234 per
927 5158 1141 5213 actum
1184 5151 1599 5232 intelligentis
1637 5172 1861 5233 repra*-

364 5252 746 5314 sentativum
791 5250 883 5312 rei
925 5248 1281 5313 intellectae.
1316 5250 1444 5312 Hoc
1484 5257 1699 5311 autem
1733 5267 1858 5311 non

2052 4266 2232 4327 Nunc
2281 4264 2645 4344 diligentius
2696 4264 3139 4345 perscrutabor
3185 4264 3338 4346 quid
3388 4265 3466 4326 de

1973 4363 2322 4445 qua-stione
2371 4363 2489 4424 hac
2539 4362 2808 4425 senserit
2851 4362 3140 4425 Thomas.
3177 4364 3252 4425 Et
3301 4362 3468 4424 sicut

1972 4480 2049 4523 ex
2090 4460 2405 4543 praetaetis
2447 4460 2586 4540 ejus
2626 4460 2840 4523 verbis
2881 4460 3168 4541 patescit,
3205 4461 3340 4541 ipse
3377 4459 3468 4521 in-

1974 4561 2222 4622 terdum
2281 4560 2456 4633 dicit,
2508 4559 2676 4640 quod
2728 4558 2994 4620 verbum
3056 4558 3328 4620 mentale
3385 4559 3468 4621 sit

1973 4660 2072 4721 vel
2116 4666 2294 4719 actus
2340 4658 2757 4737 intelligendi,
2791 4657 2890 4718 vel
2937 4657 3180 4737 species
3224 4657 3468 4719 intelle-

1974 4758 2055 4819 cti
2077 4776 2093 4835 ;
2130 4757 2447 4818 interdum
2479 4774 2628 4817 vero
2667 4754 3046 4836 simpliciter
3084 4754 3259 4826 dicit,
3293 4756 3464 4836 quod

1973 4853 2054 4916 sit
2116 4852 2363 4933 species
2427 4851 2535 4912 illa
2598 4850 2947 4911 secundum
3013 4848 3272 4911 modum
3330 4850 3464 4929 jam

1974 4960 2232 5018 tactum.

2056 5052 2266 5113 Edidit
2296 5058 2506 5112 autem
2537 5047 2638 5110 vir
2676 5053 2929 5109 sanctus
2969 5045 3046 5107 de
3078 5045 3196 5107 hac
3229 5065 3296 5107 re
3328 5066 3466 5129 spe-

1973 5147 2201 5208 cialem
2247 5148 2648 5208 tractatulum
2690 5144 2797 5227 qui
2842 5143 3200 5205 intitulatur
3238 5145 3316 5206 de
3356 5146 3469 5207 Na·

1973 5253 2113 5307 tura
2156 5243 2398 5316 verbi*,
2434 5243 2541 5303 ubi
2587 5244 2662 5305 de
2708 5244 2827 5305 ista
2875 5242 3140 5304 materia
3183 5242 3465 5325 loquitur
3492 5198 3764 5318 2322?ssss
