4359 6250
1207 506 1292 552 AN
1332 505 1531 552 PATER
1571 505 1663 552 sn·
1704 504 1957 552 sarums
1998 503 2324 550 SAPIENTIA
2364 502 2589 550 GENtTA

3327 477 3448 544 343

356 676 671 758 sapientia
696 677 931 758 genita.
966 659 1043 724 Ᾰ-
1076 677 1307 751 Terti0,
1340 675 1585 738 dictum
1615 683 1711 738 est.
1741 695 1851 738 sae-
1880 674 1931 737 A
1959 694 2041 738 ne
2072 673 2361 737 formalis
2390 673 2682 748 effectus,
2705 670 3242 755 quemadmodum
3270 684 3449 730 amor

358 795 455 858 pe,
500 776 673 858 quod
724 775 920 838 Filius
963 783 1060 839 est
1107 795 1209 838 ars
1257 776 1369 838 Dei
1417 777 1615 839 Patris
1666 777 1851 839 ratio-

358 874 549 936 nibus
597 874 834 957 plena:
867 875 1099 937 artifex
1144 891 1295 937 vero
1340 875 1723 937 architectus
1770 873 1851 936 ab

356 979 487 1035 arte
531 991 652 1035 sua
692 972 928 1034 dicitur
969 973 1242 1054 sapiens,
1277 1009 1357 1018 —
1391 973 1644 1046 Quarto,
1676 974 1855 1035 Pater

358 1070 597 1133 dicitur
634 1090 855 1133 amans
892 1089 1106 1134 amore
1135 1090 1174 1133 a
1204 1090 1271 1133 se
1304 1071 1707 1152 procedente,
1742 1071 1852 1152 qui

359 1177 450 1232 θεῖ
478 1188 664 1233 amor
702 1171 977 1252 spiratus
1012 1190 1027 1234 z
1060 1188 1209 1251 ergo
1247 1176 1310 1231 et
1340 1171 1595 1251 sapiens
1632 1178 1729 1232 est
1760 1170 1855 1232 di-

358 1269 601 1330 cendus
638 1269 951 1350 sapientia
979 1288 1016 1330 a
1046 1287 1115 1331 se
1152 1270 1555 1350 procedente,
1589 1288 1731 1350 quae
1760 1276 1855 1330 est

358 1367 673 1448 sapientia
716 1367 946 1447 genita.
984 1403 1066 1412 —
1111 1366 1363 1440 Quinto,
1414 1368 1594 1429 Pater
1642 1367 1856 1429 omnia

358 1465 563 1527 noscit
604 1473 667 1527 et
702 1465 879 1528 videt
917 1465 983 1527 in
1024 1464 1185 1527 Filio
1220 1483 1233 1526 ε
1268 1482 1418 1546 ergo
1463 1465 1716 1548 sapiens
1761 1473 1857 1528 est

360 1565 609 1638 eodem,
632 1565 934 1645 quoniam
966 1563 1079 1626 illo
1110 1564 1363 1646 sapiens
1396 1565 1541 1647 quis
1571 1571 1853 1638 vocatur,

360 1680 484 1744 quo
528 1662 699 1724 intra
738 1681 807 1724 se
850 1663 1164 1744 conspicit
1204 1669 1269 1724 et
1309 1663 1651 1743 cognoscit.

436 1762 504 1822 In
538 1761 930 1823 contrarium
962 1768 1110 1822 sunt
1142 1780 1283 1842 quae
1315 1761 1629 1824 habentur
1660 1762 1723 1823 in
1757 1762 1854 1824 lit-

1960 791 2108 835 cum
2156 779 2408 836 amante
2456 791 2493 834 a
2540 789 2667 854 quo
2715 769 3036 852 procedit-3
3081 767 3446 840 dicendum,

1961 872 2131 953 quod
2191 889 2318 933 non
2369 878 2464 932 est
2513 870 2723 932 simile
2774 889 2788 933 :
2841 868 3026 949 cujus
3075 866 3310 946 duplex
3357 871 3454 925 est

1962 989 2170 1044 causa,
2206 990 2332 1032 una
2362 969 2743 1042 communis,
2775 968 2899 1031 alia
2929 965 3243 1048 specialis.
3277 963 3457 1026 Ratio

1964 1069 2326 1131 communis
2374 1074 2630 1150 sumpta
2675 1075 2773 1130 est
2814 1086 2851 1128 a
2894 1065 3200 1127 creaturis
3244 1083 3258 1128 :
3303 1079 3456 1144 quo-

1964 1168 2134 1230 niam
2179 1168 2440 1249 quidam
2491 1173 2642 1228 sunt
2681 1173 2860 1228 actus
2908 1165 3021 1246 qui
3062 1163 3284 1225 dicunt
3329 1178 3461 1224 mo-

1966 1273 2103 1328 tum
2152 1286 2190 1328 a
2240 1265 2429 1328 rebus
2488 1266 2564 1328 ad
2624 1265 2926 1337 animam,
2979 1270 3049 1324 ut
3105 1260 3456 1344 sapientia3

1967 1365 2227 1446 quidam
2259 1382 2409 1426 vero
2446 1363 2526 1426 ab
2565 1363 2778 1426 anima
2815 1363 2891 1424 ad
2933 1380 3054 1436 reS,
3089 1360 3256 1422 sicut
3292 1377 3459 1420 ama-

1966 1481 2052 1524 re.
2100 1464 2246 1525 Ideo
2293 1463 2682 1546 comparatio
2728 1461 2962 1524 amoris
3011 1461 3088 1522 ad
3137 1466 3459 1520 amantem

1966 1562 2257 1624 consistit
2292 1563 2358 1623 in
2404 1563 2645 1624 ratione
2683 1561 2996 1634 exeuntiS,
3031 1577 3156 1622 non
3202 1558 3268 1619 in
3311 1557 3456 1619 rati-

1966 1680 2085 1724 one
2124 1661 2538 1742 percipientis
2572 1679 2586 1723 :
2621 1667 2682 1723 et
2723 1659 2864 1721 ideo
2900 1677 3078 1722 amor
3112 1659 3190 1720 de
3231 1676 3297 1720 se
3339 1657 3456 1718 im-

1967 1767 2173 1842 portat
2205 1760 2476 1822 formam
2504 1767 2567 1820 et
2595 1758 2914 1821 effectum.
2932 1757 3254 1838 Sapientia
3283 1772 3455 1829 ver0,

361 1869 489 1923 tera
532 1879 548 1924 ι
596 1859 899 1942 quoniam
944 1860 1073 1923 Deo
1116 1860 1287 1922 idem
1336 1869 1433 1923 θεῖ
1476 1879 1613 1924 θεεθ
1656 1870 1720 1923 θῖ
1761 1881 1854 1923 sa-
1892 1855 1939 1918 B
1968 1859 2119 1940 quia
2148 1858 2471 1939 significat
2502 1865 2572 1919 ut
2600 1858 2678 1919 ad
2713 1857 3197 1938 intelligentem,
3232 1872 3358 1917 non
3391 1861 3461 1915 ut

362 1958 647 2040 pientem
695 1958 1021 2032 exsistere,
1068 1966 1131 2021 et
1180 1959 1267 2020 ita
1316 1977 1383 2021 se
1435 1958 1575 2041 ipso
1622 1966 1720 2021 est
1766 1978 1858 2022 sa-

362 2057 589 2138 piens;
652 2074 769 2118 nec
828 2056 1183 2139 sapientem
1245 2057 1476 2119 Filium
1534 2057 1860 2137 genuisset

362 2155 485 2217 nisi
528 2155 599 2217 in
642 2175 711 2218 se
752 2163 815 2218 et
854 2174 933 2217 ex
976 2174 1044 2218 se
1088 2155 1341 2239 sapiens
1383 2156 1747 2218 exstitisset.

440 2352 534 2415 Ad
586 2353 707 2414 hoc
757 2351 1199 2415 Bonaventura
1248 2353 1590 2435 respondet
1642 2369 1655 2414 :
1709 2352 1859 2415 Esse

364 2450 719 2531 sapientem
762 2450 825 2510 in
869 2449 1107 2512 divinis
1144 2451 1566 2512 essentialiter
1603 2449 1855 2512 dicitur.

364 2547 507 2610 Ideo
536 2547 677 2608 sine
708 2547 1119 2608 distinctione
1149 2548 1516 2621 dicendum,
1542 2547 1712 2630 quod
1744 2546 1861 2609 ista

364 2647 445 2707 sit
493 2645 676 2719 falsa,
726 2646 908 2708 Pater
954 2653 1051 2708 θεῖ
1099 2647 1353 2728 sapiens
1404 2646 1715 2728 sapientia
1762 2664 1863 2725 ge-

365 2745 531 2822 nita3
566 2753 632 2806 et
661 2745 717 2806 si
744 2744 987 2806 alicubi
1022 2743 1252 2825 legitur
1279 2745 1360 2806 ab
1389 2745 1605 2826 aliquo
1634 2744 1862 2807 Sancto

366 2861 687 2914 concessa,
735 2849 831 2904 est
879 2843 1273 2925 exponenda.
1323 2843 1495 2905 Unde
1544 2851 1607 2904 et
1652 2843 1861 2923 Augu-

366 2943 572 3004 stinus
623 2942 690 3006 in
750 2942 915 3003 libro
962 2943 1497 3020 Retractationum
1550 2961 1563 3006 :
1614 2942 1859 3016 Melius,

1967 1956 2046 2018 ab
2080 1956 2497 2037 intelligente,
2533 1957 2674 2018 ideo
2710 1955 3026 2017 ablativus
3067 1953 3173 2016 ille
3211 1960 3459 2015 tantum

1971 2056 2271 2136 importat
2319 2053 2613 2127 formam,
2657 2072 2782 2117 non
2826 2052 3152 2115 effectum.
3186 2051 3326 2115 Alia
3367 2069 3462 2112 ra-

1970 2153 2059 2216 tio
2090 2153 2385 2234 specialis
2416 2161 2513 2215 est
2543 2153 2608 2214 in
2640 2151 2876 2214 divinis
2912 2170 2926 2215 z
2955 2150 3256 2233 quoniam
3287 2167 3466 2212 amor

1970 2252 2343 2332 procedenS,
2389 2250 2645 2332 proprie
2694 2257 2757 2311 et
2804 2267 2931 2311 non
2976 2267 3090 2331 per
3135 2245 3465 2330 appropri-

1970 2350 2248 2412 ationem
2297 2355 2396 2411 est
2440 2365 2653 2426 amor3
2695 2346 2992 2410 similiter
3040 2346 3328 2427 diligere,
3371 2352 3467 2406 est

1971 2446 2380 2509 notionaliter
2423 2446 2687 2518 dictum,
2723 2445 2890 2506 unde
2934 2443 3236 2526 importat
3277 2441 3466 2522 origi-

1972 2564 2139 2607 nem.
2187 2544 2506 2626 Sapientia
2550 2562 2700 2606 vero
2748 2561 3000 2624 semper
3046 2540 3468 2604 essentialiter

1972 2645 2207 2706 dicitur
2242 2661 2255 2705 :
2291 2650 2549 2725 propter
2580 2643 2746 2724 quod
2779 2659 2915 2704 esse
2947 2641 3322 2722 sapientem,
3356 2656 3464 2701 ne-

1973 2763 2293 2825 quaquam
2341 2741 2747 2803 notionaliter
2796 2739 3174 2822 praedicatur
3212 2739 3304 2818 (ct
3351 2756 3465 2819 per

1971 2840 2092 2901 hoc
2150 2840 2229 2901 ad
2289 2837 2568 2921 primum
2629 2845 2692 2900 et
2747 2838 2825 2898 ad
2879 2843 3173 2918 quartum
3234 2834 3467 2898 solutio

1972 2938 2323 3018 elucescit).

368 3041 599 3124 inquit,
634 3040 810 3103 illam
841 3041 1257 3123 quaestionem
1294 3041 1360 3102 in
1394 3041 1589 3104 libros
1622 3042 1698 3103 de
1729 3042 1860 3104 Tri·
1900 3036 1944 3100 C
2054 3036 2528 3098 Advertendum
2579 3052 2854 3116 quoque,
2898 3033 3065 3114 quod
3114 3031 3332 3094 differt
3375 3031 3466 3094 di-

367 3142 565 3203 nitate
617 3142 902 3215 tractavi,
946 3142 1287 3203 ostendens
1339 3159 1467 3203 non
1510 3142 1721 3203 valere
1770 3161 1863 3203 ar-

365 3246 743 3319 gumentum
791 3256 923 3321 quo
967 3239 1059 3300 sic
1106 3239 1285 3319 argui
1343 3238 1519 3312 alibi,
1574 3240 1637 3301 Si
1685 3240 1863 3301 Pater

364 3336 489 3399 fuit
538 3338 677 3399 sine
728 3336 911 3410 Filio,
957 3355 1159 3417 quum
1210 3336 1407 3399 Filius
1456 3337 1537 3399 sit
1584 3336 1725 3417 ejus
1773 3357 1866 3399 sa-

367 3435 629 3517 pientia,
682 3451 833 3515 ergo
878 3436 1058 3497 Pater
1105 3434 1230 3495 fuit
1279 3434 1591 3517 insipiens
1636 3452 1649 3497 :
1695 3436 1861 3516 quod

368 3551 495 3595 non
533 3534 843 3615 sequitur,
878 3533 1183 3616 quoniam
1218 3534 1529 3615 sapientia
1568 3534 1865 3597 convenit

369 3631 717 3714 unicuique
756 3631 991 3694 divinae
1035 3649 1337 3713 personae.

448 3728 749 3803 Quamvis
786 3736 1001 3791 autem
1044 3729 1125 3791 sit
1160 3730 1659 3803 concedendum,
1694 3730 1864 3811 quod

370 3827 569 3889 Filius
611 3835 707 3889 est
756 3826 1071 3909 sapientia
1116 3827 1315 3889 Patris
1364 3825 1692 3909 sapientiS,
1736 3844 1863 3889 non

368 3934 583 3989 tamen
642 3929 811 4009 quod
870 3928 1050 3990 Pater
1095 3934 1191 3989 est
1241 3927 1493 4008 sapiens
1552 3926 1866 4008 sapientia

368 4025 601 4104 genita.
627 4025 982 4107 Dupliciter
1012 4043 1289 4106 namque
1321 4024 1479 4105 quid⁴
1507 4024 1741 4086 dicitur
1770 4043 1865 4086 sa-

372 4122 615 4205 pientia
657 4122 951 4204 alicujus.
986 4122 1217 4195 Primo,
1262 4122 1429 4184 sicut
1472 4121 1769 4203 subjecti,
1804 4130 1867 4185 et

1976 3153 2139 3209 cere,
2183 3136 2362 3197 Pater
2407 3134 2587 3197 novit
2631 3133 2811 3207 Filio,
2845 3139 2928 3205 et,
2961 3133 3142 3194 Pater
3183 3131 3361 3193 novit
3403 3132 3487 3218 in·

1975 3234 2135 3296 Filio
2188 3252 2200 3295 :
2259 3233 2409 3315 quia
2466 3252 2665 3315 quum
2725 3232 2982 3306 dicitur,
3043 3230 3230 3294 Novit
3287 3229 3467 3303 Filio,

1973 3331 2289 3394 ablativus
2348 3332 2635 3412 designat
2687 3331 2998 3393 rationem
3058 3329 3278 3392 formae
3337 3328 3470 3391 sive

1974 3429 2281 3512 principii
2314 3430 2738 3510 cognoscendi
2774 3448 2788 3493 :
2825 3429 2967 3491 ideo
2999 3428 3157 3490 falsa
3186 3434 3300 3489 est.
3326 3428 3470 3489 Haec

1972 3535 2210 3601 autem,
2251 3527 2438 3590 Novit
2484 3528 2550 3589 in
2602 3528 2780 3601 Filio,
2823 3535 2920 3589 est
2961 3525 3410 3607 distinguenda
3451 3544 3465 3587 ε

1974 3626 2279 3710 quoniam
2338 3625 2700 3707 praepositio
2751 3627 2822 3685 in
2874 3644 3020 3686 cum
3070 3641 3186 3686 suo
3233 3623 3468 3685 casuali

1974 3732 2183 3807 potest
2223 3724 2644 3787 determinare
2682 3725 2801 3786 hoc
2843 3722 3134 3797 verbum,
3169 3722 3365 3796 novit,
3401 3722 3465 3782 in

1975 3823 2443 3906 comparatione
2473 3823 2552 3884 ad
2583 3821 2982 3903 subjectum3
3023 3828 3087 3883 et
3115 3820 3202 3882 ita
3230 3827 3326 3882 θεῖ
3356 3819 3468 3882 fal-

1974 3942 2064 3997 sa,
2099 3942 2300 4006 quum
2340 3922 2422 3983 sit
2453 3940 2676 3983 sensus
2710 3938 2724 3983 :
2759 3920 2956 3982 Filius
2986 3927 3082 3983 est
3109 3920 3271 3982 Patri
3306 3919 3466 3981 ratio

1975 4020 2418 4103 cognoscendi.
2435 4020 2641 4082 Potest
2669 4019 2860 4081 etiam
2887 4018 3150 4081 verbum
3182 4018 3339 4080 illud
3357 4018 3470 4079 -de-

1976 4119 2319 4183 terminare
2363 4119 2430 4181 in
2475 4118 2942 4201 comparatione
2985 4118 3061 4180 ad
3105 4116 3467 4198 objectum3

372 4221 461 4281 ita
519 4220 882 4283 denominat
944 4219 1124 4281 illud.
1189 4220 1501 4293 Secundo,
1563 4227 1864 4302 tanquam
1896 4221 1945 4283 D
1975 4225 2039 4281 et
2078 4226 2233 4280 tunc
2273 4225 2370 4279 est
2409 4235 2578 4291 vera,
2621 4224 2844 4298 est-que
2885 4235 3130 4289 sensuS,
3163 4216 3335 4297 quod
3374 4216 3469 4277 Fi-

370 4318 827 4401 principiatum
872 4317 953 4379 ab
993 4317 1121 4379 illo.
1158 4317 1489 4381 Genitivus
1528 4318 1701 4380 enim
1746 4320 1866 4381 im-

370 4423 580 4498 portat
618 4415 931 4497 originem
976 4435 991 4479 :
1034 4434 1363 4497 quumque
1412 4416 1608 4479 Filius
1651 4418 1734 4478 sit
1776 4436 1867 4479 sa-

372 4515 614 4597 pientia
668 4516 981 4596 originem
1040 4514 1281 4577 habens
1339 4534 1376 4576 a
1432 4516 1632 4590 Patre,
1696 4525 1865 4578 recte

372 4621 633 4676 vocatur
669 4612 983 4696 sapientia
1022 4612 1237 4675 Patris.
1273 4612 1508 4675 Verum
1547 4633 1745 4695 quum
1781 4614 1867 4675 di-

371 4712 563 4784 citur,
602 4713 781 4774 Pater
817 4719 914 4773 est
964 4710 1221 4792 sapiens
1270 4710 1581 4792 sapientia
1628 4711 1861 4792 genita,

370 4809 681 4873 ablativus
742 4810 1133 4873 construitur
1180 4810 1246 4871 in
1300 4808 1543 4871 ratione
1590 4810 1864 4890 alicujus

370 4909 779 4983 causalitatiS,
811 4915 921 4970 aut
952 4909 1019 4969 in
1059 4907 1432 4971 habitudine
1472 4907 1693 4971 formae
1730 4909 1864 4972 sive

370 5008 693 5090 principii,
735 5008 1217 5091 praesertimque
1262 5005 1482 5070 formae
1516 5026 1530 5069 ε
1565 5008 1707 5071 ideo
1751 5007 1864 5070 fal-

370 5125 441 5168 sa
478 5114 595 5180 θεῖ,
628 5105 932 5189 quoniam
972 5105 1169 5167 Filius
1214 5125 1331 5168 nec
1373 5105 1577 5169 forma
1612 5115 1707 5169 est
1747 5126 1865 5170 nec

371 5204 761 5287 principium
791 5204 989 5266 Patris
1019 5211 1131 5266 aut
1159 5204 1491 5287 sapientiai
1520 5205 1679 5286 ejus.
1702 5242 1782 5251 —
1802 5206 1863 5269 Si

372 5310 690 5385 quaemtur
745 5322 861 5365 cur
918 5320 1046 5366 non
1104 5309 1507 5366 construatur
1561 5303 1627 5365 in
1684 5304 1868 5367 ratio-

1977 4318 2101 4380 lius
2150 4317 2234 4379 sit
2275 4316 2466 4378 rebus
2515 4315 2784 4397 cognitis
2835 4316 2996 4377 ratio
3042 4321 3106 4377 et
3147 4314 3473 4396 exemplar

1975 4424 2037 4478 et
2078 4434 2268 4478 causa
2306 4415 2729 4496 exemplandi.
2765 4414 2940 4488 Quod
2975 4422 3188 4475 autem
3228 4413 3347 4476 iste
3376 4433 3476 4475 va-

1978 4516 2102 4577 leat
2149 4533 2288 4576 esse
2338 4532 2583 4588 sensuS,
2627 4514 2778 4575 hinc
2823 4520 3068 4575 constat
3112 4531 3126 4575 t
3169 4513 3284 4586 Qui
3338 4532 3474 4594 per-

1975 4614 2140 4676 fecte
2203 4613 2526 4693 cognoscit
2586 4632 2722 4675 rem
2785 4611 3088 4693 aliquam,
3151 4612 3472 4692 cognoscit

1974 4731 2163 4775 omne
2206 4712 2373 4793 quod
2405 4718 2500 4773 est
2532 4712 2598 4772 in
2641 4711 2769 4773 illa.
2794 4711 3128 4791 Quumque
3161 4711 3340 4773 Pater
3369 4727 3470 4772 co-

1973 4817 2234 4892 gnoscat
2270 4810 2500 4872 Filium
2543 4809 2845 4891 perfecte,
2877 4818 2942 4870 et
2979 4808 3192 4870 omnia
3235 4808 3363 4869 sint
3403 4807 3468 4869 in

1974 4909 2134 4971 Filio
2185 4908 2351 4972 sicut
2400 4909 2466 4971 in
2518 4926 2771 4970 summo
2821 4927 2894 4970 ac
2953 4906 3468 4988 splendidissimo

1974 5008 2346 5089 exemplari,
2380 5007 2667 5089 sequitur
2699 5007 2869 5087 quod
2904 5006 3082 5067 Pater
3113 5004 3328 5066 omnia
3366 5021 3468 5066 co-

1973 5106 2222 5188 gnoscit
2264 5106 2330 5167 in
2374 5105 2531 5167 Filio
2560 5105 2705 5186 (per
2746 5103 2913 5185 quod
2955 5108 3128 5184 patet
3165 5102 3243 5163 ad
3283 5102 3468 5184 quin-

1978 5214 2117 5267 tum
2160 5203 2437 5283 solutio).
2471 5238 2552 5247 -
2588 5203 2732 5266 Haec
2768 5202 3223 5265 Bonaventura.

2076 5302 2256 5366 Circa
2312 5301 2447 5364 haec
2505 5300 2730 5363 scribit
2782 5298 3052 5362 Thomas
3106 5317 3120 5361 :
3172 5299 3470 5373 Quamvis
