4359 6250
1213 499 1368 556 Quor
1406 499 1590 546 nonis
1633 501 1724 546 srr
1766 501 1919 546 naus
1961 500 2026 546 m
2068 499 2421 557 cnnATUmS,
2463 499 2589 546 mc.
3332 475 3453 542 445

363 671 696 735 conveniat
727 671 786 732 ei
819 671 1058 735 ratione
1099 692 1230 736 sua)
1259 673 1475 754 partis.
1511 673 1662 734 Esse
1701 691 1852 735 vero
1881 671 1932 734 A
1962 672 2116 734 toris
2153 693 2191 734 a
2229 671 2455 733 creatis
2495 677 2787 745 cessaret,
2822 669 3013 733 simul
3054 668 3311 730 illorum
3350 667 3455 728 de-

363 770 602 851 ubique
651 771 1005 832 secundum
1053 790 1142 844 se,
1177 771 1321 833 dico
1370 771 1528 833 illud
1575 772 1679 833 cui
1723 789 1850 833 non
1963 770 2196 832 sineret
2237 770 2505 851 specieS,
2537 769 2875 850 omnisque
2911 775 3137 830 natura
3168 766 3457 828 concide-

364 868 805 930 convenithoc
838 887 952 949 per
973 869 1268 930 accidens
1299 875 1558 950 propter
1579 868 1852 951 aliquam
1963 876 2076 930 ret.
2123 869 2448 930 Avicenna
2498 887 2749 950 quoque
2793 874 2969 929 sexto
3016 864 3455 947 Metaphysicae

365 966 873 1048 suppositionem
914 965 1144 1028 factam
1179 984 1193 1028 :
1231 966 1386 1029 alias
1425 985 1694 1048 granum
1737 968 1852 1029 mi·
1964 985 2094 1029 suae
2134 973 2402 1028 testatur
2434 984 2447 1028 :
2482 967 2775 1028 Cre-atum
2821 965 3059 1045 indiget
3101 964 3315 1025 datore
3356 962 3458 1024 sui

363 1063 430 1124 lii
475 1071 644 1126 esset
689 1064 950 1145 ubique,
997 1065 1051 1126 si
1099 1065 1346 1127 nullum
1399 1065 1571 1126 aliud
1621 1084 1852 1146 corpus
1965 1084 2103 1126 esse
2144 1083 2398 1147 semper
2434 1073 2498 1126 et
2538 1065 2926 1126 incessanter
2966 1062 3271 1145 quamdiu
3310 1079 3457 1123 con·

361 1171 544 1224 esset.
589 1163 704 1225 Per
751 1181 818 1224 se
866 1181 1014 1244 ergo
1062 1182 1202 1224 esse
1252 1162 1514 1245 ubique,
1557 1164 1855 1226 convenit
1965 1163 2150 1226 sistit.
2198 1164 2296 1243 (ln
2340 1163 2567 1224 ceteris
2610 1162 2779 1224 idem
2823 1162 2990 1244 quod
3034 1161 3355 1240 Thomas)

361 1261 491 1322 enti
534 1261 701 1342 quod
743 1280 1146 1342 quacumque
1186 1261 1500 1343 positione
1543 1260 1726 1336 facta,
1760 1269 1855 1323 est

359 1359 622 1440 ubique.
657 1359 830 1434 Quod
875 1359 1131 1440 proprie
1170 1360 1467 1422 convenit
1496 1360 1622 1423 Deo
1657 1379 1672 1421 :
1705 1360 1856 1442 quia

360 1476 782 1539 quaecumque
832 1457 968 1540 loca
1013 1466 1348 1540 ponantur,
1383 1459 1500 1520 etsi
1551 1477 1856 1539 poneren-

365 1564 466 1617 tur
503 1555 759 1617 infinita
799 1563 1028 1637 praeter
1068 1556 1187 1618 ista
1226 1576 1366 1638 quae
1405 1563 1574 1630 sunt,
1609 1563 1857 1638 oportet-

363 1654 426 1715 in
457 1653 760 1716 omnibus
790 1672 930 1716 esse
961 1655 1184 1728 Deum,
1219 1656 1520 1735 quoniam
1551 1655 1715 1716 nihil
1746 1673 1855 1737 po-

360 1759 484 1812 test
513 1769 652 1812 esse
681 1750 804 1813 nisi
836 1771 953 1834 per
986 1753 1215 1834 ipsum.
1251 1753 1390 1833 Ipse
1420 1771 1570 1834 ergo
1601 1753 1856 1834 proprie

2045 1262 2337 1343 Amplius
2366 1261 2823 1335 Bonaventura,
2848 1260 3277 1322 determinans
3309 1276 3461 1340 quo-

1969 1361 2155 1422 modo
2186 1361 2313 1422 Deo
2344 1360 2429 1420 sit
2467 1360 2798 1442 proprium
2840 1379 2977 1421 esse
3008 1358 3245 1440 ubique
3280 1375 3294 1420 :
3329 1357 3456 1420 Soli

1965 1459 2233 1540 (inquit)
2273 1458 2401 1519 Deo
2443 1458 2741 1520 convenit
2782 1476 2919 1520 esse
2960 1457 3221 1537 ubique,
3256 1463 3324 1516 ut
3367 1455 3459 1516 di-

1969 1567 2120 1619 cunt
2177 1556 2413 1631 Sancti,
2472 1557 2725 1638 proprie
2778 1565 2839 1618 et
2897 1555 3322 1636 singulariter,
3375 1554 3463 1615 ita

1967 1655 2137 1735 quod
2181 1655 2343 1716 nulli
2385 1654 2684 1716 convenit
2723 1654 2832 1716 alii
2872 1672 2989 1715 nec
3028 1659 3235 1735 potest
3278 1651 3463 1714 intel-

1970 1753 2078 1834 ligi
2128 1753 2491 1826 convenire‚
2534 1753 2588 1814 si
2638 1759 2807 1814 recte
2857 1751 3264 1832 intelligatur.
3304 1751 3460 1812 Nam

363 1856 456 1910 est
497 1848 742 1931 ubique
777 1867 790 1910 :
826 1850 978 1931 quia
1022 1851 1374 1912 secundum
1419 1871 1488 1914 se
1535 1859 1738 1914 totum
1789 1852 1855 1913 in
1893 1855 1940 1918 B
1969 1853 2135 1914 Deus
2166 1851 2401 1913 dicitur
2430 1870 2570 1913 esse
2601 1850 2863 1932 ubique,
2898 1851 2985 1912 ita
3014 1850 3181 1932 quod
3213 1869 3290 1911 ex
3322 1868 3463 1930 par-

360 1947 536 2008 omni
565 1955 661 2008 est
702 1947 861 2021 loco,
897 1947 1065 2029 quod
1106 1966 1232 2010 non
1275 1949 1571 2011 convenit
1608 1949 1858 2011 univer-

361 2045 502 2118 sali,
553 2063 763 2126 neque
817 2045 1118 2120 materia),
1173 2064 1290 2108 nec
1338 2046 1656 2108 universo
1713 2046 1857 2108 Haec

365 2143 636 2205 Thomas
679 2144 746 2206 in
789 2145 1069 2206 Summa.

429 2242 504 2303 In
535 2241 704 2304 idem
737 2243 898 2304 redit
929 2243 1096 2324 quod
1129 2243 1206 2304 de
1239 2243 1357 2306 hoc
1389 2244 1568 2325 ponit
1599 2244 1663 2305 in
1696 2244 1860 2306 Scri-

364 2348 474 2420 pto
511 2357 524 2400 :
559 2340 688 2402 Soli
730 2341 1087 2422 (inquiens)
1129 2341 1257 2403 Deo
1299 2342 1594 2403 convenit
1640 2361 1752 2423 per
1793 2361 1860 2404 se

363 2457 504 2499 esse
534 2438 795 2519 ubique,
830 2457 948 2500 nec
979 2447 1072 2500 est
1103 2439 1294 2501 alicui
1328 2439 1861 2502 communicabile

366 2545 672 2600 creaturae
709 2555 722 2598 :
753 2546 962 2600 tamen
993 2557 1108 2620 per
1136 2539 1432 2601 accidens
1463 2546 1671 2621 potest
1699 2558 1864 2602 crea-

364 2644 526 2698 turae
575 2645 958 2717 competere,
1001 2645 1128 2698 tam
1173 2657 1250 2699 ex
1293 2645 1470 2719 parte
1512 2637 1656 2712 loci,
1692 2647 1760 2700 ut
1807 2638 1859 2701 si

369 2753 541 2796 unus
583 2735 912 2797 dumtaxat
954 2736 1037 2796 sit
1086 2735 1285 2807 locus,
1320 2755 1511 2817 quam
1560 2755 1636 2798 ex
1687 2745 1863 2818 parte

371 2834 580 2908 locati,
633 2831 722 2894 ut'
757 2833 812 2896 si
859 2834 942 2895 sit
1000 2851 1232 2915 corpus
1290 2834 1641 2910 infinitum,
1693 2836 1862 2917 quod

368 2934 614 2995 ratione
677 2933 956 3015 partium
1017 2952 1276 2995 suarum
1346 2934 1664 2996 diceretur
1725 2953 1864 2996 esse

367 3031 631 3112 ubique.

447 3131 544 3192 Ad
586 3130 706 3193 hoc
750 3148 923 3205 vero,
955 3132 1050 3193 An
1091 3150 1230 3193 esse
1272 3131 1512 3213 ubique
1556 3132 1684 3195 Deo
1723 3150 1867 3195 con-

369 3230 588 3291 veniat
633 3229 713 3291 ab
762 3237 1019 3304 aetern0,
1068 3230 1454 3311 respondet:
1490 3231 1651 3293 Dum
1701 3232 1867 3293 Deus

367 3327 609 3389 dicitur
655 3346 794 3390 esse
841 3328 1104 3410 ubique,
1157 3329 1292 3390 sive
1339 3329 1454 3390 fiat
1501 3329 1868 3391 distributio

368 3445 490 3508 pro
531 3427 942 3489 universitate
984 3427 1292 3501 locorum,
1325 3446 1438 3489 seu
1479 3447 1715 3501 rerum,
1751 3428 1869 3489 im-

367 3532 661 3607 portatur
692 3526 912 3588 relatio
950 3526 1237 3607 quaedam
1279 3527 1391 3589 Dei
1430 3527 1507 3589 ad
1549 3534 1868 3589 creaturas

367 3624 636 3685 fundata
693 3643 886 3705 super
933 3623 1214 3706 aliquam
1273 3624 1706 3706 operationem
1757 3644 1870 3706 per

363 3742 566 3804 quam
598 3723 764 3784 Deus
797 3723 862 3783 in
903 3723 1210 3785 creaturis
1251 3742 1389 3786 esse
1429 3723 1720 3786 refertur.
1756 3725 1869 3786 Re-

367 3820 530 3882 latio
591 3829 806 3883 autem
865 3820 1127 3883 lundata
1187 3842 1381 3904 super
1436 3822 1867 3904 operationem

363 3928 808 3982 transeuntem
858 3921 925 3982 in
977 3928 1352 3996 creaturam,
1395 3940 1522 3984 non
1573 3922 1871 3984 convenit

364 4019 502 4080 Deo
543 4018 667 4080 nisi
705 4037 783 4081 ex
821 4026 1108 4100 tempore
1143 4037 1158 4081 ε
1192 4021 1343 4102 quia
1380 4020 1748 4101 hujusmodi
1779 4039 1872 4081 re-

365 4116 639 4179 lationes
671 4125 820 4179 sunt
849 4118 1149 4189 actualeS,
1175 4125 1233 4179 et
1267 4120 1528 4199 exigunt
1556 4127 1699 4180 actu
1731 4137 1870 4181 esse

1974 1957 2030 2010 te
2061 1949 2172 2011 Dei
2206 1949 2574 2029 designatur
2613 1949 2907 2012 identitas
2935 1957 3125 2030 atque
3163 1948 3459 2022 totalitaS‚

1970 2067 2046 2109 ex
2095 2054 2273 2129 parte
2332 2047 2455 2110 loci
2508 2048 2835 2130 pluralitas
2886 2056 2948 2110 et
2999 2047 3459 2110 universalitas,

1969 2148 2085 2208 Per
2145 2146 2542 2208 identitatem
2607 2146 2967 2209 excluditur
3025 2146 3383 2209 universale
3446 2164 3460 2208 :

1972 2245 2141 2327 quod
2173 2246 2465 2326 quamvis
2496 2246 2578 2307 sit
2608 2246 2671 2306 in
2704 2246 3001 2308 omnibus
3032 2244 3465 2327 singularibus

1972 2344 2126 2416 suiS,
2152 2350 2365 2405 tamen
2398 2345 2750 2406 secundum
2782 2345 2955 2406 aliud
2984 2343 3285 2426 aliudque
3317 2362 3465 2424 sup-

1970 2442 2275 2523 positum,
2309 2443 2375 2502 in
2415 2441 2651 2523 quibus
2690 2451 2752 2503 et
2791 2449 3182 2504 numeratur.
3215 2443 3330 2504 Per
3374 2449 3465 2503 to-

1970 2540 2280 2602 talitatem
2317 2540 2677 2602 excluditur
2714 2560 3017 2603 numerus
3054 2557 3068 2602 ε
3103 2541 3213 2622 qui
3248 2559 3467 2621 quam-

1971 2639 2069 2701 vis
2108 2638 2190 2700 sit
2231 2637 2492 2720 ubique,
2530 2647 2741 2701 tamen
2781 2639 3135 2701 secundum
3174 2638 3363 2700 aliam
3403 2645 3466 2700 et

1971 2737 2158 2799 aliam
2193 2729 2457 2818 partem.
2483 2737 2598 2799 Per
2627 2737 3054 2800 conditionem
3088 2737 3465 2819 pluralitatis

1973 2856 2049 2898 ex
2081 2843 2258 2918 parte
2299 2835 2444 2909 loci,
2478 2836 2837 2898 excluditur
2866 2836 3129 2918 spiritus
3166 2843 3413 2897 creatus
3449 2853 3463 2896 :

1974 2935 2084 3016 qui
2125 2934 2419 3016 quamvis
2460 2934 2541 2996 sit
2583 2934 2647 2995 in
2686 2933 2979 3016 pluribus
3020 2933 3307 3016 partibus
3338 2951 3471 2996 cor-

1898 3038 1941 3102 C
1976 3033 2170 3114 poriS,
2206 3051 2332 3095 non
2365 3041 2577 3095 tamen
2618 3033 2684 3095 in
2725 3032 3024 3095 omnibus
3064 3033 3190 3095 nisi
3222 3040 3291 3093 ut
3332 3032 3470 3093 uni·
3544 3069 3549 3075 ·

1974 3132 2074 3193 tis.
2109 3133 2226 3193 Per
2255 3132 2684 3194 conditionem
2718 3132 3234 3207 universalitatiS,
3259 3132 3471 3195 exclu-

1977 3231 2147 3293 ditur
2177 3250 2409 3313 corpus
2440 3230 2671 3293 Christi
2702 3231 2823 3293 sub
2854 3240 3281 3295 sacramento:
3302 3232 3471 3313 quod

1977 3330 2271 3412 quamvis
2313 3330 2397 3391 sit
2436 3329 2501 3390 in
2546 3330 2839 3411 pluribus
2881 3330 3058 3404 lociS,
3092 3348 3219 3393 non
3258 3337 3470 3392 tamen

1980 3430 2046 3489 in
2089 3428 2409 3491 omnibus.
2456 3429 2600 3492 Haec
2644 3428 3097 3491 Bonaventura.

2059 3528 2232 3588 Idem
2282 3527 2529 3601 Doctor,
2564 3545 2885 3609 exponens
2928 3546 3006 3588 an
3052 3545 3190 3588 esse
3235 3527 3474 3607 ubique

1981 3624 2316 3686 conveniat
2353 3624 2733 3687 aeternaliter
2771 3625 2899 3686 Deo
2932 3642 2946 3686 ε
2982 3624 3132 3685 Esse
3162 3624 3305 3703 (ait)
3334 3623 3474 3685 ubi-

1979 3742 2103 3804 que
2135 3722 2478 3803 dupliciter
2515 3722 2722 3804 accipi
2762 3729 2969 3803 potest
3008 3722 3084 3783 de
3127 3721 3275 3795 Deo,
3309 3722 3476 3783 sicut

1980 3828 2042 3883 et
2090 3840 2229 3883 esse
2278 3838 2549 3901 semper.
2605 3820 2761 3883 Nam
2812 3839 3060 3897 semper
3110 3837 3237 3881 uno
3288 3821 3475 3882 modo

1983 3920 2280 4002 importat
2340 3918 2625 3981 divinam
2688 3919 3183 3981 immensitatem
3242 3937 3473 3981 secun-

1979 4019 2132 4080 dum
2194 4017 2615 4090 durationem,
2666 4018 2885 4099 sicque
2936 4017 3103 4078 idem
3152 4025 3248 4079 est
3304 4018 3473 4098 quod

1981 4116 2320 4189 aeternitaS,
2340 4122 2402 4176 et.
2431 4114 2812 4177 aeternaliter
2841 4114 3138 4177 convenit
3167 4114 3313 4177 Deo.
3334 4114 3476 4176 Alio

363 4223 804 4278 extremorum
861 4222 1228 4296 utrumque.
1281 4216 1441 4277 Hinc
1491 4216 1656 4277 sicut
1704 4218 1870 4278 Deus
1902 4225 1951 4286 D
1982 4214 2169 4276 modo
2202 4221 2498 4276 connotat
2530 4214 2835 4295 temporis
2865 4213 3315 4276 simuleitatem
3334 4216 3379 4289 *,
3413 4220 3476 4276 et

365 4332 504 4377 non
556 4314 789 4376 dicitur
832 4315 1080 4396 operari
1129 4314 1194 4375 in
1246 4314 1437 4376 rebus
1486 4314 1567 4375 ab
1611 4322 1866 4389 aeternO,

365 4414 458 4475 ita
512 4432 628 4475 nec
670 4432 810 4475 esse
855 4414 920 4474 in
968 4413 1062 4474 eis
1103 4430 1221 4474 nec
1264 4412 1464 4475 fuisse
1508 4412 1748 4495 ubique
1791 4412 1870 4475 ab

363 4519 627 4575 aeterno.
661 4548 739 4558 —-
771 4513 914 4575 Haec
957 4512 1226 4574 Thomas
1271 4512 1334 4573 in
1379 4512 1645 4594 Scripto.

451 4610 804 4673 Concordat
855 4610 1224 4684 RicharduS,
1279 4610 1550 4672 dicendo
1605 4630 1618 4672 :
1671 4611 1871 4672 Deum

364 4710 436 4771 in
481 4709 784 4771 omnibus
833 4707 1270 4788 corporalibus
1313 4727 1386 4770 ac
1431 4707 1873 4789 spiritualibus

364 4827 516 4871 esse
562 4827 674 4890 per
717 4806 1081 4882 essentiam,
1125 4805 1349 4888 probat
1390 4826 1505 4868 sua
1555 4806 1876 4868 immensi-

363 4916 504 4985 tas;
538 4905 703 4987 quod
735 4912 950 4967 autem
983 4906 1048 4966 in
1079 4904 1377 4966 omnibus
1408 4904 1491 4966 sit
1521 4904 1872 4966 secundum

365 5004 802 5087 praesentiam,
863 5003 1086 5085 pandit
1152 5002 1294 5082 ejus
1363 5002 1874 5080 omniscientia3

366 5102 546 5185 quod
577 5120 728 5165 vero
759 5102 827 5164 in
860 5101 1052 5163 rebus
1084 5101 1166 5163 sit
1196 5101 1878 5182 per-potentiam,pan-

368 5203 468 5265 dit
499 5220 612 5264 sua
641 5200 1124 5283 omnipotentia.
1147 5200 1321 5263 Unde
1353 5218 1548 5281 super
1579 5198 1874 5262 Genesim

367 5310 601 5387 quarto
631 5300 1026 5385 Augustinus
1059 5299 1290 5361 fatetur
1319 5315 1332 5359 :
1369 5298 1433 5361 Si
1462 5298 1665 5361 virtus
1698 5298 1878 5361 Crea-

1981 4312 2073 4373 sic
2133 4312 2433 4375 convenit
2490 4313 2618 4375 Deo
2671 4332 2708 4373 a
2769 4312 3087 4393 principio
3144 4312 3469 4395 temporiS.

1982 4410 2427 4485 Conformiter,
2460 4431 2598 4473 esse
2648 4411 2907 4493 ubique,
2950 4429 3079 4473 uno
3127 4411 3313 4473 modo
3363 4412 3479 4473 im-

1983 4517 2189 4592 portat
2220 4509 2800 4591 praesentialitatem
2841 4509 3287 4572 immensitatis
3318 4509 3477 4571 divi-

1983 4629 2101 4682 nae,
2136 4628 2251 4690 per
2293 4628 2485 4690 quam
2531 4616 2627 4670 est
2669 4627 2947 4690 praesens
2989 4607 3165 4670 omni
3212 4607 3268 4669 ei
3310 4607 3479 4689 quod

1983 4714 2100 4780 est,
2132 4715 2261 4769 tam
2294 4705 2420 4785 sibi
2453 4725 2642 4788 quam
2684 4706 2869 4785 aliis3
2902 4706 3122 4787 sicque
3161 4704 3331 4766 idem
3360 4712 3477 4777 est,

1985 4806 2186 4867 Deum
2217 4824 2354 4867 esse
2396 4804 2656 4886 ubique,
2690 4812 2753 4865 et
2794 4805 2993 4865 Deum
3035 4821 3172 4865 esse
3214 4802 3482 4865 immen-

1985 4922 2126 4965 sum
2167 4920 2180 4964 :
2217 4910 2279 4965 et
2310 4903 2401 4965 sic
2436 4903 2561 4965 Deo
2592 4902 2972 4965 aeternaliter
3003 4900 3317 4963 convenit.
3341 4900 3483 4961 Alio

1987 5002 2174 5063 modo
2242 5008 2538 5062 connotat
2596 5000 2807 5061 locum
2866 5006 3148 5061 creatum
3212 5016 3323 5059 seu
3381 5015 3483 5059 res

1987 5108 2251 5174 creataS,
2302 5107 2364 5160 et
2422 5098 2514 5160 sic
2568 5097 2866 5160 convenit
2912 5098 3039 5159 Deo
3088 5095 3168 5157 ab
3226 5095 3485 5157 exordio

1988 5218 2221 5260 rerum.
2272 5198 2414 5259 Haec
2459 5197 2647 5257 idem.

2067 5298 2154 5359 De
2187 5295 2391 5358 modis
2422 5311 2673 5376 quoque
2706 5292 3089 5359 exsistentiae
3117 5293 3227 5355 Dei
3260 5292 3325 5353 in
3357 5310 3485 5355 cre-

3542 4236 3562 4257 ·
3580 4232 3770 4277 simulta-

3502 4301 3590 4341 tem
