4359 6250
859 471 980 542 468
1460 493 1524 538 m
1565 491 1786 539 Limum
1829 493 1848 537 1
1891 488 2373 538 sunu-:munem
2415 508 2496 518 —
2537 487 2690 536 msr.
2735 487 2986 554 xxxv113
3030 488 3253 546 QuAEs‘r.
3300 490 3361 536 ιν

859 665 1074 726 altero.
1112 663 1188 724 Et
1217 662 1384 726 circa
1413 663 1533 726 hoc
1563 663 1925 725 oberratum
1959 669 2051 724 est
2082 669 2356 744 quatuor
2384 661 2436 724 A
2465 681 2642 721 mmo
2670 661 2835 723 inter
2873 680 3014 742 quae
3057 679 3186 724 non
3224 669 3320 724 est
3358 667 3609 742 tempus
3652 658 3961 722 medium.

859 763 1084 825 modis,
1138 763 1310 824 Unus
1360 771 1456 824 est
1505 761 1878 835 dicentium,
1929 761 2098 843 quod
2145 759 2354 841 angeli

855 879 1186 943 nunquam
1239 869 1598 934 moventur,
1643 861 1749 922 sed
1793 878 1993 941 quum
2045 858 2172 920 sint
2222 875 2355 920 mo-

855 967 1024 1022 tores
1054 959 1449 1040 sphaerarum
1481 959 1556 1020 ad
1593 957 2068 1020 consistentiam
2106 956 2356 1019 univer-

853 1059 907 1120 si
938 1076 1098 1131 esse,
1126 1066 1386 1120 movent
1416 1057 1773 1118 volunt-ates
1804 1057 2119 1138 cordaque
2150 1055 2352 1118 homi-

831 1176 1007 1218 num
1040 1163 1103 1217 et
1133 1157 1326 1218 etiam
1359 1173 1584 1218 sensus
1615 1155 1692 1217 ad
1727 1174 1801 1217 ea
1830 1174 1971 1236 quae
2003 1154 2242 1216 volunt.
2279 1155 2355 1216 Et

849 1255 957 1316 hic
993 1273 1168 1317 error
1206 1262 1301 1317 est
1339 1254 1538 1316 Rabbi
1574 1253 1802 1336 Moysis
1841 1262 2030 1335 atque
2060 1253 2353 1316 Averrois

851 1364 914 1416 et
957 1353 1226 1417 aliorum
1278 1354 1720 1435 quorumdam.
1765 1353 1944 1414 Alius
1993 1361 2089 1414 est
2131 1370 2353 1415 eorum

852 1453 963 1534 qui
994 1472 1072 1515 ex
1106 1452 1304 1514 debili
1345 1452 1586 1514 ratione
1623 1452 1845 1514 dicunt
1878 1452 2174 1532 angelum
2217 1470 2355 1534 pos-

851 1571 918 1614 se
961 1570 1101 1614 esse
1147 1551 1210 1613 in
1252 1551 1546 1633 pluribus
1589 1551 1766 1624 lociS‚
1800 1557 1862 1612 et
1899 1551 2050 1612 item
2089 1550 2351 1632 ubique,

849 1652 902 1713 si
948 1651 1240 1714 voluerit.
1285 1651 1533 1713 Tertius
1576 1659 1670 1712 est
1713 1669 1932 1712 eorum
1977 1651 2086 1732 qui
2133 1651 2354 1713 dicunt

847 1749 1145 1831 angelum
1178 1749 1272 1810 sic
1303 1748 1520 1811 venire
1553 1750 1629 1811 de
1663 1748 1794 1811 fine
1825 1750 2012 1831 spatii
2047 1749 2240 1811 unius
2271 1748 2350 1811 ad

2466 759 2542 820 Et
2584 759 2661 821 de
2706 760 2817 822 illo
2858 760 3085 822 asserit
3126 759 3539 841 AugustinuS‚
3582 759 3752 840 quod
3795 758 3967 820 Deus

2468 865 2679 920 movet
2704 858 3000 940 angelum
3034 877 3145 920 seu
3178 858 3574 940 spiritualem
3608 863 3967 919 creaturam

2468 975 2582 1038 per
2622 965 2876 1039 tempus
2918 964 3184 1019 tantum.
3220 957 3374 1019 Dico
3420 957 3632 1037 igitur,
3666 955 3835 1036 quod
3878 955 3970 1017 lo-

2468 1055 2621 1116 calis
2661 1063 2869 1118 motus
2909 1056 3115 1137 angeli
3151 1063 3247 1118 est
3282 1057 3449 1118 inter
3481 1075 3660 1116 nune
3692 1061 3755 1116 et
3791 1075 3972 1115 mmo

2470 1153 2636 1216 inter
2687 1174 2829 1236 quae
2888 1173 3015 1218 non
3074 1156 3310 1218 mediat
3368 1162 3641 1237 tempus,
3695 1189 3772 1201 —
3820 1153 3971 1217 Haec

2466 1251 2762 1314 Albertus
2806 1253 3069 1315 ibidem.

2546 1351 2850 1412 Praeterea
2892 1351 3024 1414 haec
3056 1352 3292 1434 scripta
3321 1359 3383 1414 et
3414 1369 3716 1434 responsa
3746 1350 3969 1414 Alber-

2465 1449 2513 1510 ti
2566 1450 2765 1530 magis
2824 1450 3132 1512 catholice
3183 1450 3540 1532 meliusque
3598 1468 3821 1513 sonare
3870 1449 3969 1510 vi-

2466 1548 2716 1622 dentur,
2759 1568 2952 1631 quam
2995 1568 3070 1612 ea
3113 1569 3254 1632 quae
3298 1568 3492 1632 super
3534 1549 3653 1611 ista
3698 1549 3973 1610 materia

2467 1646 2530 1707 in
2572 1666 2688 1709 suo
2728 1648 2951 1709 scribit
2982 1656 3344 1711 commento
3383 1666 3576 1730 super
3616 1646 3851 1709 librum
3886 1647 3969 1709 de

2468 1745 2685 1807 Causis
2740 1764 2753 1806 :
2808 1746 2873 1808 in
2933 1765 3061 1829 quo
3120 1755 3503 1820 commento,
3556 1754 3825 1808 tractatu
3884 1746 3969 1808 de

846 1849 1045 1911 alium
1091 1848 1328 1922 locum,
1373 1848 1543 1929 quod
1594 1866 1720 1910 non
1765 1847 1991 1909 transit
2042 1849 2347 1920 medium,
2390 1841 2437 1902 B
2468 1843 2928 1925 intelligentii8‚
2962 1845 3241 1927 capitulo
3278 1845 3488 1920 tertio,
3521 1846 3675 1907 dicit
3705 1853 3768 1907 et
3799 1845 3969 1907 mul-

849 1947 959 2009 sed
1003 1946 1296 2008 transilit.
1333 1946 1601 2019 Quartus
1641 1954 1736 2008 est
1774 1946 2146 2020 dicentium,
2181 1948 2349 2028 quod

849 2046 942 2108 sic
978 2045 1203 2106 transit
1237 2044 1543 2118 medium,
1574 2046 1744 2126 quod
1781 2052 1876 2106 est
1909 2045 1976 2106 in
2009 2045 2283 2107 termino
2316 2065 2354 2108 a

851 2160 979 2225 quo
1015 2150 1078 2205 et
1111 2143 1189 2205 ad
1225 2162 1419 2226 quem
1458 2143 1810 2205 secundum
1851 2163 2040 2204 suum
2079 2152 2348 2218 motum,

849 2242 1066 2324 aliquo
1099 2242 1284 2304 modo
1318 2242 1484 2303 sicut
1511 2241 1684 2303 aliud
1718 2260 1830 2304 seu
1862 2242 2188 2323 corporale
2227 2261 2351 2306 mo-

849 2341 978 2402 bile
1028 2340 1253 2402 transit
1302 2359 1415 2422 per
1461 2340 1762 2402 medium.
1823 2339 2058 2402 Harum
2108 2341 2352 2423 opinio-

851 2457 1006 2500 num
1057 2438 1196 2501 duae
1249 2439 1471 2520 primae
1523 2445 1771 2500 exstant
1824 2439 2158 2512 haereticae,
2211 2439 2350 2502 aliae

849 2538 989 2599 duae
1024 2544 1173 2599 sunt
1208 2535 1416 2600 fatuae.
1452 2573 1532 2581 —
1561 2536 1749 2598 Porro
1789 2538 1868 2599 de
1910 2536 2096 2598 modo
2139 2543 2348 2599 motus

848 2653 976 2716 quo
1017 2642 1372 2708 moventur,
1407 2634 1742 2716 subjungit
1776 2655 1789 2698 :
1825 2635 2044 2716 Angeli
2091 2653 2348 2697 moven-

845 2741 950 2795 tur
1009 2733 1359 2796 secundum
1421 2733 1630 2795 locum
1693 2741 1962 2806 tantum,
2015 2741 2079 2795 et
2138 2741 2346 2796 motus

847 2833 1104 2895 illorum
1147 2839 1245 2894 est
1287 2832 1638 2894 secundum
1684 2839 2043 2914 opportuna
2089 2832 2228 2894 loca
2268 2832 2346 2893 ad

847 2930 1334 2993 custodiendum
1367 2929 1491 2992 sibi
1521 2930 1874 3011 deputatos.
1901 2930 1964 2992 Si
1996 2937 2209 2991 autem
2242 2931 2349 2992 ob·

2464 1942 2770 2024 tipliciter
2828 1942 3074 2025 probat,
3126 1945 3295 2026 quod
3354 1944 3774 2024 intelligentia
3830 1961 3967 2006 non

2466 2048 2777 2115 movetur,
2801 2061 3009 2123 neque
3042 2061 3189 2104 cum
3222 2050 3399 2105 motu
3430 2049 3547 2116 est,
3574 2061 3690 2104 nec
3722 2042 3969 2123 magni-

2463 2140 2750 2201 tudinem
2800 2140 3009 2212 habet,
3052 2148 3115 2203 et
3159 2142 3327 2223 quod
3378 2141 3679 2223 quaelibet
3727 2140 3969 2202 intelli-

2461 2239 2673 2318 gentia
2713 2238 2777 2300 in
2820 2257 2936 2300 suo
2966 2239 3187 2301 ordine
3224 2239 3470 2322 primus
3500 2247 3593 2302 est
3628 2247 3847 2302 motor.
3886 2239 3971 2301 Et

2462 2336 2527 2397 in
2560 2338 2781 2399 eodem
2818 2337 2908 2400 ait
2936 2345 3227 2412 tractatu,
3260 2339 3431 2420 quod
3464 2356 3591 2401 non
3626 2339 3709 2400 sit
3738 2338 3971 2400 imme-

2460 2435 2667 2498 diatus
2718 2443 2924 2498 motor
2970 2435 3167 2510 orbiS‚
3214 2437 3323 2498 sed
3375 2437 3441 2499 in
3490 2456 3558 2499 se
3608 2437 3967 2499 immobilis

2460 2552 2894 2615 perseveram,
2934 2543 3147 2598 movet
3190 2536 3433 2612 orbem,
3476 2556 3590 2599 seu
3635 2537 3971 2599 immedia-

2462 2640 2595 2695 tum
2634 2641 2825 2715 atque
2864 2634 3279 2715 conjunctum
3319 2635 3461 2717 ejus
3503 2643 3830 2710 motorem,
3868 2637 3970 2698 vi-

2460 2731 2690 2794 delicet
2737 2733 3015 2795 animam
3074 2734 3379 2809 nobilem,
3432 2735 3597 2796 sicut
3644 2735 3969 2798 desidera·

2460 2842 2595 2895 tum
2647 2842 2861 2896 movet
2908 2833 3295 2895 desiderium
3345 2852 3419 2895 ac
3467 2833 3962 2896 desiderantem.

2459 2931 2535 2992 Et
2566 2939 2775 2992 tamen
2819 2931 2987 2992 idem
3017 2930 3336 3004 AlbertuS,
3370 2931 3539 2992 sicut
3561 2931 3695 3011 jam
3726 2933 3963 3013 patuit,

843 3029 1124 3109 jiciatur,
1157 3028 1308 3110 quia
1343 3028 1409 3089 in
1446 3028 1523 3089 de
1555 3027 1805 3090 Coelesti
1839 3028 2217 3103 hierarchia,
2250 3048 2347 3091 ca·
2383 3026 2428 3089 C
2459 3029 2523 3090 in
2576 3029 2992 3111 praeallegatis
3043 3029 3224 3091 libris
3272 3029 3431 3091 tales
3479 3028 3811 3111 opiniones
3856 3029 3969 3109 ju-

847 3127 1052 3209 pitulo
1081 3127 1375 3209 septimo,
1408 3126 1467 3189 S.
1493 3126 1830 3208 Dionysius
1865 3127 2144 3209 loquitur
2175 3129 2344 3210 quod

844 3225 1051 3306 angeli
1092 3226 1292 3287 sancti
1335 3232 1482 3287 sunt
1516 3225 1581 3287 in
1611 3225 1883 3287 circuitu
1924 3226 2036 3287 Dei
2077 3227 2343 3288 chorum

846 3322 1189 3403 facientes3
1233 3331 1422 3405 atque
1455 3323 1520 3385 in
1553 3323 1718 3387 libro
1747 3324 1825 3385 de
1861 3324 2104 3387 Divinis
2139 3326 2344 3387 nomi-

844 3421 1057 3495 nibuS,
1093 3422 1372 3504 capitulo
1415 3430 1660 3504 quarto,
1697 3430 1962 3484 testatur
1998 3424 2168 3504 quod
2214 3442 2343 3487 mo-

844 3527 1075 3582 ventur
1113 3521 1179 3582 in
1220 3521 1533 3583 directum
1572 3528 1635 3583 et
1666 3521 2061 3583 circulariter
2089 3529 2152 3583 et
2181 3522 2341 3584 obli-

843 3638 988 3701 que.
1025 3620 1450 3681 Damascenus
1495 3638 1748 3701 quoque
1799 3619 1962 3681 libro
2007 3622 2336 3685 secundo:

841 3718 1142 3799 AngeluS,
1211 3718 1438 3799 inquit,
1505 3726 1601 3779 est
1667 3716 2020 3780 substantia
2087 3738 2342 3801 semper

845 3816 1119 3878 mobiliS.
1154 3816 1328 3890 Quod
1362 3816 1660 3896 intelligit
1689 3817 1766 3877 de
1799 3824 1972 3878 motu
2006 3817 2341 3897 cujusdam

841 3916 1254 3989 alterationiS,
1289 3917 1642 3979 secundum
1678 3917 1846 3997 quod
1891 3917 2026 3998 ipse
2061 3916 2344 3980 affirmat

842 4031 1030 4076 omne
1090 4021 1372 4075 creatum
1431 4033 1568 4077 esse
1621 4013 1934 4076 vertibile.
1988 4015 2341 4078 Dicendum

842 4112 921 4173 ad
953 4111 1078 4173 duo
1115 4112 1342 4193 prima,
1375 4112 1544 4193 quod
1574 4112 1640 4173 B.
1677 4112 2016 4194 Dionysius
2059 4113 2342 4193 loquitur

2458 3128 2627 3190 dicat
2670 3146 2808 3191 esse
2852 3146 2980 3190 non
3030 3129 3236 3191 solum
3284 3145 3601 3203 erroneaS,
3648 3128 3756 3191 sed
3802 3130 3967 3191 item

2458 3227 2804 3289 haereticaS.
2841 3227 2903 3290 Si
2948 3235 3163 3290 autem
3206 3227 3457 3289 dicatur
3494 3227 3659 3310 quod
3706 3227 3771 3289 in
3816 3228 3969 3291 istis

2460 3325 2641 3388 libris
2684 3326 2966 3407 loquitur
3004 3326 3171 3388 sicut
3210 3326 3541 3407 theologus
3580 3334 3641 3388 et
3672 3345 3817 3389 vere
3860 3345 3971 3389 ca-

2460 3424 2755 3498 tholicus,
2782 3424 2848 3485 in
2880 3432 3179 3507 praetacto
3207 3432 3421 3487 autem
3453 3432 3812 3487 commento
3842 3426 3973 3488 sic·

2459 3530 2527 3584 ut
2576 3521 3014 3604 philosophuS,
3056 3530 3120 3584 et
3168 3531 3470 3605 tanquam
3518 3524 3971 3606 Peripatetico-

2456 3639 2598 3682 rum
2657 3621 2998 3703 expositor,
3058 3620 3353 3686 defensor
3410 3630 3472 3684 et
3530 3622 3828 3698 imitator,
3896 3632 3971 3685 et

2455 3720 2806 3781 secundum
2846 3720 3153 3782 naturalis
3192 3720 3455 3782 rationis
3486 3720 3833 3799 dictamen3
3870 3720 3971 3784 fa-

2455 3824 2591 3880 teor
2639 3818 2827 3900 plane
2876 3819 2967 3880 sic
3018 3836 3203 3900 posse
3253 3818 3645 3901 responderi,
3690 3819 3841 3900 quia
3894 3830 3969 3883 et

2454 3916 2591 3998 ipse
2640 3916 2935 3979 Albertus
2988 3916 3055 3978 in
3102 3924 3372 3979 tractatu
3434 3916 3544 3979 illo
3595 3918 3673 3979 de
3721 3917 3969 3982 intelli-

2451 4015 2704 4094 gentiiS,
2739 4014 2947 4097 primo
2990 4015 3216 4077 scribit
3260 4015 3540 4099 capitulo
3582 4035 3597 4080 :
3640 4016 3969 4097 Peripate-

2453 4112 2723 4175 ticorum
2782 4113 2889 4175 hic
2936 4114 3305 4195 opinionem
3361 4112 3785 4189 defendimuS‚
3836 4118 3968 4197 qui

842 4209 921 4270 de
972 4210 1250 4272 motibus
1299 4210 1506 4291 angeli
1554 4218 1866 4292 quantum
1914 4211 1992 4273 ad
2045 4211 2341 4293 intelligi·
2371 4212 2420 4273 D
2452 4218 2684 4292 negant
2721 4212 3209 4291 intelligentiam
3252 4212 3389 4274 loco
3428 4211 3708 4285 definiri,
3740 4212 3971 4277 dieen-

843 4306 1018 4369 bilia.
1053 4308 1478 4369 Damascenus
1520 4326 1670 4369 vero
1716 4307 1996 4390 loquitur
2039 4309 2116 4372 de
2161 4318 2337 4371 motu

841 4406 1232 4467 alterationis
1283 4406 1348 4467 in
1393 4405 1715 4467 voluntate
1764 4409 2116 4469 secundum
2167 4426 2337 4471 com-

843 4504 1235 4585 parationem
1273 4504 1349 4565 ad
1392 4510 1706 4579 naturam,
1738 4512 1801 4566 et
1832 4524 1956 4567 non
1988 4506 2067 4567 ad
2103 4514 2336 4569 statum

842 4602 1369 4665 confirmationis.

907 4699 994 4761 De
1020 4699 1142 4762 hoc
1171 4699 1518 4773 autem,An
1550 4709 1924 4763 moveantur
1955 4702 2017 4763 in
2049 4709 2336 4784 tempore

838 4800 940 4862 vel
981 4820 1180 4870 nune,
1221 4798 1495 4861 dicimus
1545 4800 1714 4881 quod
1762 4800 1997 4881 duplex
2041 4808 2136 4861 est
2179 4809 2337 4863 tem-

840 4917 980 4980 pus.
1016 4899 1223 4960 Unum
1265 4898 1435 4980 quod
1475 4906 1572 4959 est
1603 4916 1900 4960 mensura
1942 4906 2150 4960 motus
2192 4918 2337 4962 con-

837 4997 1187 5071 tinuorum,
1222 4998 1390 5079 quod
1421 5004 1518 5058 est
1549 4996 1923 5058 continuum
1959 5012 1972 5057 ε
2008 4997 2086 5058 de
2117 5016 2246 5079 quo
2276 5006 2339 5060 et

837 5104 1111 5157 tractant
1155 5094 1542 5177 philosophi.
1577 5094 1766 5155 Aliud
1810 5095 1980 5175 quod
2025 5103 2123 5157 est
2165 5114 2340 5157 men-

839 5214 987 5257 sura
1038 5201 1248 5258 motus
1299 5194 1788 5257 indivisibilium
1834 5214 1848 5257 z
1895 5202 1957 5256 et
2001 5194 2159 5257 illud
2210 5213 2337 5258 non

836 5302 932 5356 est
979 5293 1376 5369 continuum,
1426 5294 1536 5353 sed
1591 5300 1686 5354 est
1744 5292 1997 5356 collatio
2051 5294 2337 5377 ipsorum

2450 4317 2545 4397 tes
2589 4328 2845 4373 omnem
2892 4310 3379 4391 intelligentiam
3423 4328 3561 4373 esse
3605 4311 3845 4393 ubique
3894 4324 3969 4377 et

2450 4426 2721 4490 semper.
2758 4407 2950 4470 Multa
2979 4426 3234 4491 quoque
3264 4408 3365 4471 his
3401 4409 3758 4472 consimilia
3794 4414 3969 4475 scri-

2450 4506 2544 4567 bit
2589 4506 2677 4567 ibi
2719 4526 2793 4568 ac
2836 4506 3009 4569 alibi.
3054 4507 3287 4569 Verum
3331 4526 3412 4569 an
3456 4509 3785 4589 responsio
3826 4509 3969 4575 ista

2449 4605 2752 4680 sufficiat,
2786 4605 2905 4668 rite
2949 4606 3316 4687 ambigitur,
3352 4606 3405 4669 si
3448 4615 3661 4669 tamen
3704 4608 3782 4669 de
3824 4607 3965 4673 hoc

2451 4704 2595 4766 licet
2629 4703 2973 4784 ambigere.
2988 4704 3228 4786 Nempe
3260 4704 3558 4767 dominus
3588 4706 3967 4787 Stephanus

2449 4802 2818 4865 parisiensis
2856 4803 3195 4885 episcopus
3236 4804 3703 4877 condemnavit,
3737 4822 3971 4886 repro—

2448 4901 2644 4975 bavit,
2680 4901 3010 4982 prohibuit
3052 4901 3501 4982 hujuscemodi
3548 4904 3807 4965 modum
3866 4905 3969 4969 lo—

2448 4999 2707 5081 quendi,
2760 5017 2888 5081 quo
2946 4999 3200 5073 dicitur,
3246 5000 3376 5063 Hoc
3424 5020 3647 5063 verum
3706 5009 3799 5063 est
3856 5022 3971 5067 se-

2448 5099 2730 5160 cundum
2794 5099 3145 5161 naturalem
3208 5100 3519 5163 rationem
3578 5107 3687 5162 aut
3742 5099 3971 5182 philo-

2450 5197 2795 5279 sophorum
2836 5198 3189 5261 doctrinam
3232 5217 3346 5261 seu
3384 5198 3969 5280 Peripateticorum

2450 5296 2877 5372 traditionem,
2910 5315 3038 5359 non
3076 5297 3430 5359 secundum
3475 5296 3971 5378 Scripturarum
