<?xml version="1.0" encoding="UTF-8"?>
<!DOCTYPE html PUBLIC "-//W3C//DTD XHTML 1.0 Transitional//EN"
    "http://www.w3.org/TR/xhtml1/DTD/xhtml1-transitional.dtd">
<html xmlns="http://www.w3.org/1999/xhtml" xml:lang="en" lang="en">
 <head>
  <title>
</title>
<meta http-equiv="Content-Type" content="text/html;charset=utf-8" />
  <meta name='ocr-system' content='tesseract 3.04.00' />
  <meta name='ocr-capabilities' content='ocr_page ocr_carea ocr_par ocr_line ocrx_word'/>
</head>
<body>
  <div class='ocr_page' id='page_1' title='image "./doctorisecstati11unkngoog_0286.png"; bbox 0 0 4359 6250; ppageno 0'>
   <div class='ocr_carea' id='block_1_1' title="bbox 616 2927 825 3034">
    <p class='ocr_par' dir='ltr' id='par_1_1' title="bbox 616 2927 825 3034">
     <span class='ocr_line' id='line_1_1' title="bbox 616 2927 825 2984; baseline -0.005 -12"><span class='ocrx_word' id='word_1_1' title='bbox 616 2943 659 2984; x_wconf 75' lang='lat' dir='ltr'><strong>p.</strong></span> <span class='ocrx_word' id='word_1_2' title='bbox 687 2927 825 2972; x_wconf 71' lang='lat' dir='ltr'><strong>aun’</strong></span> 
     </span>
     <span class='ocr_line' id='line_1_2' title="bbox 624 3005 660 3034; baseline 0 0"><span class='ocrx_word' id='word_1_3' title='bbox 624 3005 660 3034; x_wconf 75' lang='lat' dir='ltr'><strong>s.</strong></span> 
     </span>
    </p>
   </div>
   <div class='ocr_carea' id='block_1_2' title="bbox 848 463 969 528">
    <p class='ocr_par' dir='ltr' id='par_1_2' title="bbox 848 463 969 528">
     <span class='ocr_line' id='line_1_3' title="bbox 848 463 969 528; baseline -0.008 0"><span class='ocrx_word' id='word_1_4' title='bbox 848 463 969 528; x_wconf 78' lang='lat'><strong>274</strong></span> 
     </span>
    </p>
   </div>
   <div class='ocr_carea' id='block_1_3' title="bbox 1458 484 3343 546">
    <p class='ocr_par' dir='ltr' id='par_1_3' title="bbox 1458 484 3343 546">
     <span class='ocr_line' id='line_1_4' title="bbox 1458 484 3343 546; baseline 0 -18"><span class='ocrx_word' id='word_1_5' title='bbox 1458 484 1521 528; x_wconf 86' lang='lat' dir='ltr'><strong>IN</strong></span> <span class='ocrx_word' id='word_1_6' title='bbox 1562 485 1783 529; x_wconf 74' lang='lat' dir='ltr'>LIBRUM</span> <span class='ocrx_word' id='word_1_7' title='bbox 1825 485 1845 529; x_wconf 90' lang='lat'>1</span> <span class='ocrx_word' id='word_1_8' title='bbox 1887 484 2368 530; x_wconf 72' lang='lat' dir='ltr'><strong>SENTENTIARUM.</strong></span> <span class='ocrx_word' id='word_1_9' title='bbox 2411 501 2492 510; x_wconf 91' lang='lat'><strong>·—·</strong></span> <span class='ocrx_word' id='word_1_10' title='bbox 2533 485 2684 529; x_wconf 72' lang='lat' dir='ltr'><strong>msr.</strong></span> <span class='ocrx_word' id='word_1_11' title='bbox 2731 485 2966 546; x_wconf 83' lang='lat' dir='ltr'><strong>xxvm3</strong></span> <span class='ocrx_word' id='word_1_12' title='bbox 3011 485 3233 539; x_wconf 77' lang='lat' dir='ltr'><strong>QUAEST.</strong></span> <span class='ocrx_word' id='word_1_13' title='bbox 3281 485 3343 529; x_wconf 79' lang='lat' dir='ltr'><strong>tv</strong></span> 
     </span>
    </p>
   </div>
   <div class='ocr_carea' id='block_1_4' title="bbox 851 651 3951 734">
    <p class='ocr_par' dir='ltr' id='par_1_4' title="bbox 851 651 3951 734">
     <span class='ocr_line' id='line_1_5' title="bbox 851 651 3951 734; baseline 0 -20"><span class='ocrx_word' id='word_1_14' title='bbox 851 669 968 714; x_wconf 93' lang='lat' dir='ltr'><strong>suo</strong></span> <span class='ocrx_word' id='word_1_15' title='bbox 1010 651 1375 732; x_wconf 82' lang='lat' dir='ltr'><strong>intellectu3</strong></span> <span class='ocrx_word' id='word_1_16' title='bbox 1408 659 1621 714; x_wconf 88' lang='lat' dir='ltr'><strong>tamen</strong></span> <span class='ocrx_word' id='word_1_17' title='bbox 1660 652 1822 714; x_wconf 90' lang='lat' dir='ltr'><strong>nihil</strong></span> <span class='ocrx_word' id='word_1_18' title='bbox 1863 659 1959 715; x_wconf 90' lang='lat' dir='ltr'><strong>est</strong></span> <span class='ocrx_word' id='word_1_19' title='bbox 1993 651 2347 714; x_wconf 84' lang='lat' dir='ltr'><strong>subsistens</strong></span> <span class='ocrx_word' id='word_1_20' title='bbox 2381 651 2432 714; x_wconf 88' lang='lat' dir='ltr'><strong>A</strong></span> <span class='ocrx_word' id='word_1_21' title='bbox 2463 651 2700 714; x_wconf 91' lang='lat' dir='ltr'><strong>tionem</strong></span> <span class='ocrx_word' id='word_1_22' title='bbox 2751 652 2932 734; x_wconf 90' lang='lat' dir='ltr'><strong>sequi</strong></span> <span class='ocrx_word' id='word_1_23' title='bbox 2967 670 2980 714; x_wconf 91' lang='lat'><strong>:</strong></span> <span class='ocrx_word' id='word_1_24' title='bbox 3015 653 3191 727; x_wconf 90' lang='lat' dir='ltr'><strong>dum,</strong></span> <span class='ocrx_word' id='word_1_25' title='bbox 3239 653 3523 734; x_wconf 88' lang='lat' dir='ltr'><strong>inquam,</strong></span> <span class='ocrx_word' id='word_1_26' title='bbox 3571 651 3664 714; x_wconf 92' lang='lat' dir='ltr'><strong>sic</strong></span> <span class='ocrx_word' id='word_1_27' title='bbox 3711 652 3951 728; x_wconf 88' lang='lat' dir='ltr'><strong>dicunt,</strong></span> 
     </span>
    </p>
   </div>
   <div class='ocr_carea' id='block_1_5' title="bbox 847 749 2354 1813">
    <p class='ocr_par' dir='ltr' id='par_1_5' title="bbox 847 749 2354 1813">
     <span class='ocr_line' id='line_1_6' title="bbox 855 749 2352 824; baseline -0.001 -12"><span class='ocrx_word' id='word_1_28' title='bbox 855 749 920 812; x_wconf 93' lang='lat' dir='ltr'><strong>in</strong></span> <span class='ocrx_word' id='word_1_29' title='bbox 953 769 1041 824; x_wconf 89' lang='lat' dir='ltr'><strong>se,</strong></span> <span class='ocrx_word' id='word_1_30' title='bbox 1077 751 1201 811; x_wconf 91' lang='lat' dir='ltr'><strong>nisi</strong></span> <span class='ocrx_word' id='word_1_31' title='bbox 1233 751 1314 812; x_wconf 92' lang='lat' dir='ltr'><strong>sit</strong></span> <span class='ocrx_word' id='word_1_32' title='bbox 1347 750 1697 814; x_wconf 79' lang='lat' dir='ltr'><strong>formaliter</strong></span> <span class='ocrx_word' id='word_1_33' title='bbox 1726 751 2091 814; x_wconf 88' lang='lat' dir='ltr'><strong>absolutum</strong></span> <span class='ocrx_word' id='word_1_34' title='bbox 2124 750 2226 812; x_wconf 87' lang='lat' dir='ltr'><strong>vel</strong></span> <span class='ocrx_word' id='word_1_35' title='bbox 2257 768 2352 810; x_wconf 89' lang='lat' dir='ltr'><strong>re-</strong></span> 
     </span>
     <span class='ocr_line' id='line_1_7' title="bbox 852 848 2354 932; baseline -0.001 -23"><span class='ocrx_word' id='word_1_36' title='bbox 852 848 1137 911; x_wconf 89' lang='lat' dir='ltr'><strong>lativum.</strong></span> <span class='ocrx_word' id='word_1_37' title='bbox 1176 850 1319 912; x_wconf 91' lang='lat' dir='ltr'><strong>ldeo</strong></span> <span class='ocrx_word' id='word_1_38' title='bbox 1362 850 1497 912; x_wconf 84' lang='lat' dir='ltr'><strong>haec</strong></span> <span class='ocrx_word' id='word_1_39' title='bbox 1542 850 1897 932; x_wconf 83' lang='lat' dir='ltr'><strong>proprietas</strong></span> <span class='ocrx_word' id='word_1_40' title='bbox 1943 857 2009 911; x_wconf 92' lang='lat' dir='ltr'><strong>ut</strong></span> <span class='ocrx_word' id='word_1_41' title='bbox 2056 849 2211 922; x_wconf 83' lang='lat' dir='ltr'><strong>haec,</strong></span> <span class='ocrx_word' id='word_1_42' title='bbox 2245 856 2354 910; x_wconf 92' lang='lat' dir='ltr'><strong>aut</strong></span> 
     </span>
     <span class='ocr_line' id='line_1_8' title="bbox 850 947 2354 1025; baseline -0.001 -17"><span class='ocrx_word' id='word_1_43' title='bbox 850 955 947 1008; x_wconf 90' lang='lat' dir='ltr'><strong>est</strong></span> <span class='ocrx_word' id='word_1_44' title='bbox 976 947 1054 1008; x_wconf 90' lang='lat' dir='ltr'><strong>ad</strong></span> <span class='ocrx_word' id='word_1_45' title='bbox 1085 965 1151 1008; x_wconf 88' lang='lat' dir='ltr'><strong>se</strong></span> <span class='ocrx_word' id='word_1_46' title='bbox 1184 948 1284 1009; x_wconf 91' lang='lat' dir='ltr'><strong>vel</strong></span> <span class='ocrx_word' id='word_1_47' title='bbox 1316 947 1394 1009; x_wconf 88' lang='lat' dir='ltr'><strong>ad</strong></span> <span class='ocrx_word' id='word_1_48' title='bbox 1424 948 1714 1010; x_wconf 88' lang='lat' dir='ltr'><strong>alterum.</strong></span> <span class='ocrx_word' id='word_1_49' title='bbox 1751 948 1816 1009; x_wconf 92' lang='lat' dir='ltr'><strong>Si</strong></span> <span class='ocrx_word' id='word_1_50' title='bbox 1846 955 1941 1009; x_wconf 88' lang='lat' dir='ltr'><strong>est</strong></span> <span class='ocrx_word' id='word_1_51' title='bbox 1971 947 2050 1008; x_wconf 90' lang='lat' dir='ltr'><strong>ad</strong></span> <span class='ocrx_word' id='word_1_52' title='bbox 2080 965 2169 1020; x_wconf 89' lang='lat' dir='ltr'><strong>se,</strong></span> <span class='ocrx_word' id='word_1_53' title='bbox 2205 963 2354 1025; x_wconf 90' lang='lat' dir='ltr'><strong>ergo</strong></span> 
     </span>
     <span class='ocr_line' id='line_1_9' title="bbox 852 1044 2353 1127; baseline -0.001 -21"><span class='ocrx_word' id='word_1_54' title='bbox 852 1062 1123 1126; x_wconf 87' lang='lat' dir='ltr'><strong>persona</strong></span> <span class='ocrx_word' id='word_1_55' title='bbox 1152 1047 1495 1107; x_wconf 88' lang='lat' dir='ltr'><strong>constituta</strong></span> <span class='ocrx_word' id='word_1_56' title='bbox 1536 1063 1650 1127; x_wconf 90' lang='lat' dir='ltr'><strong>per</strong></span> <span class='ocrx_word' id='word_1_57' title='bbox 1679 1063 1843 1118; x_wconf 90' lang='lat' dir='ltr'><strong>eam,</strong></span> <span class='ocrx_word' id='word_1_58' title='bbox 1877 1052 1974 1106; x_wconf 92' lang='lat' dir='ltr'><strong>est</strong></span> <span class='ocrx_word' id='word_1_59' title='bbox 2000 1044 2079 1105; x_wconf 91' lang='lat' dir='ltr'><strong>ad</strong></span> <span class='ocrx_word' id='word_1_60' title='bbox 2111 1061 2202 1118; x_wconf 88' lang='lat' dir='ltr'><strong>se,</strong></span> <span class='ocrx_word' id='word_1_61' title='bbox 2234 1060 2353 1104; x_wconf 90' lang='lat' dir='ltr'><strong>nec</strong></span> 
     </span>
     <span class='ocr_line' id='line_1_10' title="bbox 850 1141 2347 1221; baseline -0.002 -16"><span class='ocrx_word' id='word_1_62' title='bbox 850 1143 1088 1205; x_wconf 92' lang='lat' dir='ltr'><strong>dicitur</strong></span> <span class='ocrx_word' id='word_1_63' title='bbox 1132 1143 1435 1221; x_wconf 88' lang='lat' dir='ltr'><strong>relative;</strong></span> <span class='ocrx_word' id='word_1_64' title='bbox 1486 1143 1539 1204; x_wconf 91' lang='lat' dir='ltr'><strong>si</strong></span> <span class='ocrx_word' id='word_1_65' title='bbox 1584 1160 1736 1205; x_wconf 89' lang='lat' dir='ltr'><strong>vero</strong></span> <span class='ocrx_word' id='word_1_66' title='bbox 1784 1150 1881 1204; x_wconf 92' lang='lat' dir='ltr'><strong>est</strong></span> <span class='ocrx_word' id='word_1_67' title='bbox 1928 1143 2001 1203; x_wconf 89' lang='lat' dir='ltr'><strong>ad</strong></span> <span class='ocrx_word' id='word_1_68' title='bbox 2052 1141 2347 1214; x_wconf 89' lang='lat' dir='ltr'><strong>alterum,</strong></span> 
     </span>
     <span class='ocr_line' id='line_1_11' title="bbox 850 1242 2351 1323; baseline -0.001 -20"><span class='ocrx_word' id='word_1_69' title='bbox 850 1249 1005 1303; x_wconf 88' lang='lat' dir='ltr'><strong>tunc</strong></span> <span class='ocrx_word' id='word_1_70' title='bbox 1040 1249 1109 1303; x_wconf 91' lang='lat' dir='ltr'><strong>ut</strong></span> <span class='ocrx_word' id='word_1_71' title='bbox 1141 1243 1494 1323; x_wconf 89' lang='lat' dir='ltr'><strong>proprietas</strong></span> <span class='ocrx_word' id='word_1_72' title='bbox 1525 1242 1647 1303; x_wconf 91' lang='lat' dir='ltr'><strong>erit</strong></span> <span class='ocrx_word' id='word_1_73' title='bbox 1677 1242 1920 1315; x_wconf 92' lang='lat' dir='ltr'><strong>relatio,</strong></span> <span class='ocrx_word' id='word_1_74' title='bbox 1945 1249 2009 1302; x_wconf 94' lang='lat' dir='ltr'><strong>et</strong></span> <span class='ocrx_word' id='word_1_75' title='bbox 2036 1249 2192 1302; x_wconf 91' lang='lat' dir='ltr'><strong>tunc</strong></span> <span class='ocrx_word' id='word_1_76' title='bbox 2223 1258 2351 1302; x_wconf 90' lang='lat' dir='ltr'><strong>non</strong></span> 
     </span>
     <span class='ocr_line' id='line_1_12' title="bbox 848 1339 2354 1414; baseline 0 -14"><span class='ocrx_word' id='word_1_77' title='bbox 848 1340 1152 1401; x_wconf 88' lang='lat' dir='ltr'><strong>evadetur</strong></span> <span class='ocrx_word' id='word_1_78' title='bbox 1176 1339 1551 1414; x_wconf 76' lang='lat' dir='ltr'><strong>difficultas,</strong></span> <span class='ocrx_word' id='word_1_79' title='bbox 1577 1340 1725 1401; x_wconf 89' lang='lat' dir='ltr'><strong>licet</strong></span> <span class='ocrx_word' id='word_1_80' title='bbox 1754 1339 1879 1400; x_wconf 91' lang='lat' dir='ltr'><strong>alia</strong></span> <span class='ocrx_word' id='word_1_81' title='bbox 1908 1339 2067 1400; x_wconf 88' lang='lat' dir='ltr'><strong>ratio</strong></span> <span class='ocrx_word' id='word_1_82' title='bbox 2098 1339 2181 1399; x_wconf 88' lang='lat' dir='ltr'><strong>sit</strong></span> <span class='ocrx_word' id='word_1_83' title='bbox 2213 1355 2354 1400; x_wconf 89' lang='lat' dir='ltr'><strong>con-</strong></span> 
     </span>
     <span class='ocr_line' id='line_1_13' title="bbox 849 1436 2344 1519; baseline -0.001 -20"><span class='ocrx_word' id='word_1_84' title='bbox 849 1437 1167 1499; x_wconf 88' lang='lat' dir='ltr'><strong>siderandi</strong></span> <span class='ocrx_word' id='word_1_85' title='bbox 1213 1457 1352 1499; x_wconf 90' lang='lat' dir='ltr'><strong>eam</strong></span> <span class='ocrx_word' id='word_1_86' title='bbox 1397 1446 1467 1498; x_wconf 94' lang='lat' dir='ltr'><strong>ut</strong></span> <span class='ocrx_word' id='word_1_87' title='bbox 1508 1437 1860 1519; x_wconf 82' lang='lat' dir='ltr'><strong>proprietas</strong></span> <span class='ocrx_word' id='word_1_88' title='bbox 1902 1445 1965 1500; x_wconf 88' lang='lat' dir='ltr'><strong>et.</strong></span> <span class='ocrx_word' id='word_1_89' title='bbox 1999 1445 2067 1498; x_wconf 91' lang='lat' dir='ltr'><strong>ut</strong></span> <span class='ocrx_word' id='word_1_90' title='bbox 2103 1436 2344 1498; x_wconf 88' lang='lat' dir='ltr'><strong>relatio.</strong></span> 
     </span>
     <span class='ocr_line' id='line_1_14' title="bbox 847 1534 2353 1616; baseline -0.001 -20"><span class='ocrx_word' id='word_1_91' title='bbox 847 1570 928 1580; x_wconf 93' lang='lat'>—</span> <span class='ocrx_word' id='word_1_92' title='bbox 968 1534 1290 1596; x_wconf 86' lang='lat' dir='ltr'><strong>Contraria</strong></span> <span class='ocrx_word' id='word_1_93' title='bbox 1340 1552 1488 1615; x_wconf 92' lang='lat' dir='ltr'><strong>ergo</strong></span> <span class='ocrx_word' id='word_1_94' title='bbox 1536 1535 1752 1616; x_wconf 91' lang='lat' dir='ltr'><strong>opinio</strong></span> <span class='ocrx_word' id='word_1_95' title='bbox 1802 1542 1919 1609; x_wconf 91' lang='lat' dir='ltr'><strong>est,</strong></span> <span class='ocrx_word' id='word_1_96' title='bbox 1963 1535 2132 1616; x_wconf 90' lang='lat' dir='ltr'><strong>quod</strong></span> <span class='ocrx_word' id='word_1_97' title='bbox 2171 1534 2353 1596; x_wconf 90' lang='lat' dir='ltr'><strong>Pater</strong></span> 
     </span>
     <span class='ocr_line' id='line_1_15' title="bbox 849 1631 2351 1706; baseline -0.001 -13"><span class='ocrx_word' id='word_1_98' title='bbox 849 1650 975 1694; x_wconf 93' lang='lat' dir='ltr'><strong>non</strong></span> <span class='ocrx_word' id='word_1_99' title='bbox 1038 1631 1446 1694; x_wconf 78' lang='lat' dir='ltr'><strong>constituitur</strong></span> <span class='ocrx_word' id='word_1_100' title='bbox 1503 1632 1829 1706; x_wconf 83' lang='lat' dir='ltr'><strong>relatione,</strong></span> <span class='ocrx_word' id='word_1_101' title='bbox 1891 1633 2000 1694; x_wconf 90' lang='lat' dir='ltr'><strong>sed</strong></span> <span class='ocrx_word' id='word_1_102' title='bbox 2059 1632 2351 1694; x_wconf 89' lang='lat' dir='ltr'><strong>absoluta</strong></span> 
     </span>
     <span class='ocr_line' id='line_1_16' title="bbox 850 1730 2349 1813; baseline 0.001 -22"><span class='ocrx_word' id='word_1_103' title='bbox 850 1731 1235 1813; x_wconf 86' lang='lat' dir='ltr'><strong>proprietate</strong></span> <span class='ocrx_word' id='word_1_104' title='bbox 1270 1747 1284 1792; x_wconf 90' lang='lat'>:</span> <span class='ocrx_word' id='word_1_105' title='bbox 1318 1732 1619 1812; x_wconf 90' lang='lat' dir='ltr'><strong>quoniam</strong></span> <span class='ocrx_word' id='word_1_106' title='bbox 1659 1748 1786 1793; x_wconf 91' lang='lat' dir='ltr'><strong>non</strong></span> <span class='ocrx_word' id='word_1_107' title='bbox 1821 1738 1919 1792; x_wconf 89' lang='lat' dir='ltr'><strong>est</strong></span> <span class='ocrx_word' id='word_1_108' title='bbox 1948 1730 2349 1811; x_wconf 86' lang='lat' dir='ltr'><strong>intelligibile</strong></span> 
     </span>
    </p>
   </div>
   <div class='ocr_carea' id='block_1_6' title="bbox 850 1927 2354 2990">
    <p class='ocr_par' dir='ltr' id='par_1_6' title="bbox 850 1927 2354 2792">
     <span class='ocr_line' id='line_1_17' title="bbox 852 1927 2348 2009; baseline 0.001 -22"><span class='ocrx_word' id='word_1_109' title='bbox 852 1927 1229 2007; x_wconf 91' lang='lat' dir='ltr'><strong>ingenitum,</strong></span> <span class='ocrx_word' id='word_1_110' title='bbox 1289 1946 1407 1989; x_wconf 91' lang='lat' dir='ltr'><strong>nec</strong></span> <span class='ocrx_word' id='word_1_111' title='bbox 1465 1928 1587 1990; x_wconf 91' lang='lat' dir='ltr'><strong>hoc</strong></span> <span class='ocrx_word' id='word_1_112' title='bbox 1646 1927 1769 1989; x_wconf 92' lang='lat' dir='ltr'><strong>nisi</strong></span> <span class='ocrx_word' id='word_1_113' title='bbox 1830 1946 1942 2008; x_wconf 98' lang='lat' dir='ltr'><strong>per</strong></span> <span class='ocrx_word' id='word_1_114' title='bbox 2002 1927 2348 2009; x_wconf 89' lang='lat' dir='ltr'><strong>positivum</strong></span> 
     </span>
     <span class='ocr_line' id='line_1_18' title="bbox 851 2025 2353 2109; baseline 0 -23"><span class='ocrx_word' id='word_1_115' title='bbox 851 2025 1182 2108; x_wconf 91' lang='lat' dir='ltr'><strong>proprium</strong></span> <span class='ocrx_word' id='word_1_116' title='bbox 1218 2043 1231 2087; x_wconf 90' lang='lat'>:</span> <span class='ocrx_word' id='word_1_117' title='bbox 1267 2034 1329 2088; x_wconf 92' lang='lat' dir='ltr'><strong>et</strong></span> <span class='ocrx_word' id='word_1_118' title='bbox 1360 2044 1485 2088; x_wconf 92' lang='lat' dir='ltr'><strong>non</strong></span> <span class='ocrx_word' id='word_1_119' title='bbox 1518 2045 1633 2109; x_wconf 90' lang='lat' dir='ltr'><strong>per</strong></span> <span class='ocrx_word' id='word_1_120' title='bbox 1660 2026 2024 2100; x_wconf 86' lang='lat' dir='ltr'><strong>essentiam,</strong></span> <span class='ocrx_word' id='word_1_121' title='bbox 2057 2043 2207 2106; x_wconf 90' lang='lat' dir='ltr'><strong>ergo</strong></span> <span class='ocrx_word' id='word_1_122' title='bbox 2237 2044 2353 2108; x_wconf 90' lang='lat' dir='ltr'><strong>per</strong></span> 
     </span>
     <span class='ocr_line' id='line_1_19' title="bbox 850 2123 2352 2206; baseline 0.001 -22"><span class='ocrx_word' id='word_1_123' title='bbox 850 2123 1093 2205; x_wconf 90' lang='lat' dir='ltr'><strong>aliquid</strong></span> <span class='ocrx_word' id='word_1_124' title='bbox 1143 2124 1334 2186; x_wconf 87' lang='lat' dir='ltr'><strong>aliud.</strong></span> <span class='ocrx_word' id='word_1_125' title='bbox 1379 2123 1661 2186; x_wconf 88' lang='lat' dir='ltr'><strong>Primum</strong></span> <span class='ocrx_word' id='word_1_126' title='bbox 1714 2132 1906 2206; x_wconf 90' lang='lat' dir='ltr'><strong>patet,</strong></span> <span class='ocrx_word' id='word_1_127' title='bbox 1941 2124 2091 2206; x_wconf 91' lang='lat' dir='ltr'><strong>quia</strong></span> <span class='ocrx_word' id='word_1_128' title='bbox 2142 2125 2207 2185; x_wconf 92' lang='lat' dir='ltr'><strong>in</strong></span> <span class='ocrx_word' id='word_1_129' title='bbox 2259 2142 2352 2185; x_wconf 87' lang='lat' dir='ltr'><strong>ra·</strong></span> 
     </span>
     <span class='ocr_line' id='line_1_20' title="bbox 854 2220 2353 2304; baseline 0.001 -22"><span class='ocrx_word' id='word_1_130' title='bbox 854 2220 1024 2283; x_wconf 89' lang='lat' dir='ltr'><strong>tione</strong></span> <span class='ocrx_word' id='word_1_131' title='bbox 1076 2221 1451 2304; x_wconf 84' lang='lat' dir='ltr'><strong>propinquae</strong></span> <span class='ocrx_word' id='word_1_132' title='bbox 1500 2221 1799 2304; x_wconf 82' lang='lat' dir='ltr'><strong>potentiae</strong></span> <span class='ocrx_word' id='word_1_133' title='bbox 1852 2221 1916 2283; x_wconf 89' lang='lat' dir='ltr'><strong>in</strong></span> <span class='ocrx_word' id='word_1_134' title='bbox 1967 2221 2224 2297; x_wconf 79' lang='lat' dir='ltr'><strong>diviniS,</strong></span> <span class='ocrx_word' id='word_1_135' title='bbox 2260 2241 2353 2284; x_wconf 87' lang='lat' dir='ltr'><strong>re-</strong></span> 
     </span>
     <span class='ocr_line' id='line_1_21' title="bbox 851 2319 2354 2402; baseline 0.001 -22"><span class='ocrx_word' id='word_1_136' title='bbox 851 2319 1127 2401; x_wconf 90' lang='lat' dir='ltr'><strong>quiritur</strong></span> <span class='ocrx_word' id='word_1_137' title='bbox 1178 2321 1619 2382; x_wconf 88' lang='lat' dir='ltr'><strong>convenientia</strong></span> <span class='ocrx_word' id='word_1_138' title='bbox 1676 2319 1988 2402; x_wconf 90' lang='lat' dir='ltr'><strong>suppositi</strong></span> <span class='ocrx_word' id='word_1_139' title='bbox 2040 2321 2117 2382; x_wconf 91' lang='lat' dir='ltr'><strong>ad</strong></span> <span class='ocrx_word' id='word_1_140' title='bbox 2166 2339 2354 2401; x_wconf 92' lang='lat' dir='ltr'><strong>agen-</strong></span> 
     </span>
     <span class='ocr_line' id='line_1_22' title="bbox 852 2417 2349 2500; baseline 0.002 -23"><span class='ocrx_word' id='word_1_141' title='bbox 852 2417 1027 2479; x_wconf 91' lang='lat' dir='ltr'><strong>dum.</strong></span> <span class='ocrx_word' id='word_1_142' title='bbox 1057 2417 1186 2480; x_wconf 89' lang='lat' dir='ltr'><strong>Hoc</strong></span> <span class='ocrx_word' id='word_1_143' title='bbox 1215 2425 1430 2480; x_wconf 91' lang='lat' dir='ltr'><strong>autem</strong></span> <span class='ocrx_word' id='word_1_144' title='bbox 1462 2419 1525 2479; x_wconf 91' lang='lat' dir='ltr'><strong>in</strong></span> <span class='ocrx_word' id='word_1_145' title='bbox 1560 2418 1766 2500; x_wconf 91' lang='lat' dir='ltr'><strong>prima</strong></span> <span class='ocrx_word' id='word_1_146' title='bbox 1798 2436 2066 2500; x_wconf 88' lang='lat' dir='ltr'><strong>persona</strong></span> <span class='ocrx_word' id='word_1_147' title='bbox 2096 2426 2192 2480; x_wconf 93' lang='lat' dir='ltr'><strong>est</strong></span> <span class='ocrx_word' id='word_1_148' title='bbox 2224 2436 2349 2480; x_wconf 92' lang='lat' dir='ltr'><strong>non</strong></span> 
     </span>
     <span class='ocr_line' id='line_1_23' title="bbox 850 2514 2348 2590; baseline 0.002 -15"><span class='ocrx_word' id='word_1_149' title='bbox 850 2514 1084 2577; x_wconf 88' lang='lat' dir='ltr'><strong>habere</strong></span> <span class='ocrx_word' id='word_1_150' title='bbox 1127 2515 1469 2578; x_wconf 86' lang='lat' dir='ltr'><strong>essentiam</strong></span> <span class='ocrx_word' id='word_1_151' title='bbox 1514 2515 1594 2577; x_wconf 92' lang='lat' dir='ltr'><strong>ab</strong></span> <span class='ocrx_word' id='word_1_152' title='bbox 1633 2516 1779 2578; x_wconf 91' lang='lat' dir='ltr'><strong>alio.</strong></span> <span class='ocrx_word' id='word_1_153' title='bbox 1814 2552 1894 2560; x_wconf 96' lang='lat'><strong>—</strong></span> <span class='ocrx_word' id='word_1_154' title='bbox 1923 2517 2065 2579; x_wconf 81' lang='lat' dir='ltr'><strong>Haec</strong></span> <span class='ocrx_word' id='word_1_155' title='bbox 2102 2516 2348 2590; x_wconf 83' lang='lat' dir='ltr'><strong>ScotuS‚</strong></span> 
     </span>
     <span class='ocr_line' id='line_1_24' title="bbox 850 2612 2353 2697; baseline 0.001 -22"><span class='ocrx_word' id='word_1_156' title='bbox 850 2613 962 2694; x_wconf 90' lang='lat' dir='ltr'><strong>qui</strong></span> <span class='ocrx_word' id='word_1_157' title='bbox 1025 2613 1523 2694; x_wconf 90' lang='lat' dir='ltr'><strong>disputationem</strong></span> <span class='ocrx_word' id='word_1_158' title='bbox 1587 2612 1771 2676; x_wconf 90' lang='lat' dir='ltr'><strong>istam</strong></span> <span class='ocrx_word' id='word_1_159' title='bbox 1838 2613 2081 2696; x_wconf 85' lang='lat' dir='ltr'><strong>prolixe</strong></span> <span class='ocrx_word' id='word_1_160' title='bbox 2141 2632 2353 2697; x_wconf 91' lang='lat' dir='ltr'><strong>prose-</strong></span> 
     </span>
     <span class='ocr_line' id='line_1_25' title="bbox 852 2711 1089 2792; baseline 0.004 -20"><span class='ocrx_word' id='word_1_161' title='bbox 852 2711 1089 2792; x_wconf 87' lang='lat' dir='ltr'><strong>quitur.</strong></span> 
     </span>
    </p>

    <p class='ocr_par' dir='ltr' id='par_1_7' title="bbox 854 2809 2352 2990">
     <span class='ocr_line' id='line_1_26' title="bbox 931 2809 2351 2874; baseline 0 -2"><span class='ocrx_word' id='word_1_162' title='bbox 931 2810 1165 2873; x_wconf 88' lang='lat' dir='ltr'><strong>Verum</strong></span> <span class='ocrx_word' id='word_1_163' title='bbox 1197 2811 1365 2874; x_wconf 88' lang='lat' dir='ltr'><strong>sicut</strong></span> <span class='ocrx_word' id='word_1_164' title='bbox 1393 2809 1698 2872; x_wconf 90' lang='lat' dir='ltr'><strong>vicesima</strong></span> <span class='ocrx_word' id='word_1_165' title='bbox 1729 2819 1905 2872; x_wconf 86' lang='lat' dir='ltr'><strong>sexta</strong></span> <span class='ocrx_word' id='word_1_166' title='bbox 1943 2810 2351 2873; x_wconf 88' lang='lat' dir='ltr'><strong>distinctione</strong></span> 
     </span>
     <span class='ocr_line' id='line_1_27' title="bbox 854 2908 2352 2990; baseline 0.001 -20"><span class='ocrx_word' id='word_1_167' title='bbox 854 2918 1180 2971; x_wconf 88' lang='lat' dir='ltr'><strong>ostensum</strong></span> <span class='ocrx_word' id='word_1_168' title='bbox 1230 2915 1347 2983; x_wconf 90' lang='lat' dir='ltr'><strong>est,</strong></span> <span class='ocrx_word' id='word_1_169' title='bbox 1383 2908 1601 2990; x_wconf 91' lang='lat' dir='ltr'><strong>opinio</strong></span> <span class='ocrx_word' id='word_1_170' title='bbox 1646 2909 1766 2970; x_wconf 89' lang='lat' dir='ltr'><strong>ista</strong></span> <span class='ocrx_word' id='word_1_171' title='bbox 1807 2917 1903 2970; x_wconf 85' lang='lat' dir='ltr'><strong>est</strong></span> <span class='ocrx_word' id='word_1_172' title='bbox 1952 2909 2352 2990; x_wconf 89' lang='lat' dir='ltr'><strong>apertissime</strong></span> 
     </span>
    </p>
   </div>
   <div class='ocr_carea' id='block_1_7' title="bbox 2461 751 3962 1415">
    <p class='ocr_par' dir='ltr' id='par_1_8' title="bbox 2461 751 3962 1415">
     <span class='ocr_line' id='line_1_28' title="bbox 2462 751 3956 832; baseline 0.001 -21"><span class='ocrx_word' id='word_1_173' title='bbox 2462 769 2862 832; x_wconf 85' lang='lat' dir='ltr'><strong>nequaquam</strong></span> <span class='ocrx_word' id='word_1_174' title='bbox 2910 751 3248 812; x_wconf 90' lang='lat' dir='ltr'><strong>intendunt</strong></span> <span class='ocrx_word' id='word_1_175' title='bbox 3290 751 3458 832; x_wconf 91' lang='lat' dir='ltr'><strong>quod</strong></span> <span class='ocrx_word' id='word_1_176' title='bbox 3499 757 3714 812; x_wconf 87' lang='lat' dir='ltr'><strong>nostra</strong></span> <span class='ocrx_word' id='word_1_177' title='bbox 3753 751 3956 814; x_wconf 91' lang='lat' dir='ltr'><strong>consi-</strong></span> 
     </span>
     <span class='ocr_line' id='line_1_29' title="bbox 2465 849 3955 930; baseline 0 -20"><span class='ocrx_word' id='word_1_178' title='bbox 2465 849 2704 910; x_wconf 86' lang='lat' dir='ltr'><strong>deratio</strong></span> <span class='ocrx_word' id='word_1_179' title='bbox 2744 849 2986 930; x_wconf 88' lang='lat' dir='ltr'><strong>aliquid</strong></span> <span class='ocrx_word' id='word_1_180' title='bbox 3025 858 3166 930; x_wconf 90' lang='lat' dir='ltr'><strong>agat</strong></span> <span class='ocrx_word' id='word_1_181' title='bbox 3202 857 3314 910; x_wconf 91' lang='lat' dir='ltr'><strong>aut</strong></span> <span class='ocrx_word' id='word_1_182' title='bbox 3351 849 3552 910; x_wconf 76' lang='lat' dir='ltr'><strong>variet</strong></span> <span class='ocrx_word' id='word_1_183' title='bbox 3593 849 3658 911; x_wconf 92' lang='lat' dir='ltr'><strong>in</strong></span> <span class='ocrx_word' id='word_1_184' title='bbox 3697 849 3955 922; x_wconf 87' lang='lat' dir='ltr'><strong>divinis,</strong></span> 
     </span>
     <span class='ocr_line' id='line_1_30' title="bbox 2461 946 3958 1028; baseline 0 -20"><span class='ocrx_word' id='word_1_185' title='bbox 2461 965 2662 1028; x_wconf 90' lang='lat' dir='ltr'><strong>quum</strong></span> <span class='ocrx_word' id='word_1_186' title='bbox 2720 946 2801 1008; x_wconf 89' lang='lat' dir='ltr'><strong>ab</strong></span> <span class='ocrx_word' id='word_1_187' title='bbox 2858 953 3094 1010; x_wconf 81' lang='lat' dir='ltr'><strong>aeterno</strong></span> <span class='ocrx_word' id='word_1_188' title='bbox 3151 954 3297 1008; x_wconf 89' lang='lat' dir='ltr'><strong>ante</strong></span> <span class='ocrx_word' id='word_1_189' title='bbox 3355 965 3609 1009; x_wconf 89' lang='lat' dir='ltr'><strong>omnem</strong></span> <span class='ocrx_word' id='word_1_190' title='bbox 3673 947 3958 1009; x_wconf 89' lang='lat' dir='ltr'><strong>conside-</strong></span> 
     </span>
     <span class='ocr_line' id='line_1_31' title="bbox 2461 1045 3960 1108; baseline 0.001 -2"><span class='ocrx_word' id='word_1_191' title='bbox 2461 1045 2772 1107; x_wconf 88' lang='lat' dir='ltr'><strong>rationem</strong></span> <span class='ocrx_word' id='word_1_192' title='bbox 2833 1045 3067 1107; x_wconf 91' lang='lat' dir='ltr'><strong>mentis</strong></span> <span class='ocrx_word' id='word_1_193' title='bbox 3117 1053 3343 1108; x_wconf 85' lang='lat' dir='ltr'><strong>creatae</strong></span> <span class='ocrx_word' id='word_1_194' title='bbox 3392 1045 3485 1107; x_wconf 94' lang='lat' dir='ltr'><strong>sic</strong></span> <span class='ocrx_word' id='word_1_195' title='bbox 3531 1045 3728 1107; x_wconf 85' lang='lat' dir='ltr'><strong>fuerit</strong></span> <span class='ocrx_word' id='word_1_196' title='bbox 3779 1045 3844 1106; x_wconf 91' lang='lat' dir='ltr'><strong>in</strong></span> <span class='ocrx_word' id='word_1_197' title='bbox 3892 1064 3960 1107; x_wconf 88' lang='lat' dir='ltr'><strong>re</strong></span> 
     </span>
     <span class='ocr_line' id='line_1_32' title="bbox 2464 1143 3962 1225; baseline 0.001 -22"><span class='ocrx_word' id='word_1_198' title='bbox 2464 1143 2618 1225; x_wconf 89' lang='lat' dir='ltr'><strong>ipsa.</strong></span> <span class='ocrx_word' id='word_1_199' title='bbox 2655 1143 2774 1205; x_wconf 88' lang='lat' dir='ltr'><strong>Sed</strong></span> <span class='ocrx_word' id='word_1_200' title='bbox 2825 1144 2946 1205; x_wconf 90' lang='lat' dir='ltr'><strong>hoc</strong></span> <span class='ocrx_word' id='word_1_201' title='bbox 2992 1143 3330 1206; x_wconf 87' lang='lat' dir='ltr'><strong>intendunt</strong></span> <span class='ocrx_word' id='word_1_202' title='bbox 3374 1144 3599 1206; x_wconf 91' lang='lat' dir='ltr'><strong>docere</strong></span> <span class='ocrx_word' id='word_1_203' title='bbox 3644 1151 3708 1205; x_wconf 89' lang='lat' dir='ltr'><strong>et</strong></span> <span class='ocrx_word' id='word_1_204' title='bbox 3757 1143 3962 1206; x_wconf 90' lang='lat' dir='ltr'><strong>decla-</strong></span> 
     </span>
     <span class='ocr_line' id='line_1_33' title="bbox 2461 1241 3962 1322; baseline 0.001 -22"><span class='ocrx_word' id='word_1_205' title='bbox 2461 1259 2620 1314; x_wconf 87' lang='lat' dir='ltr'><strong>rare,</strong></span> <span class='ocrx_word' id='word_1_206' title='bbox 2654 1241 2822 1322; x_wconf 93' lang='lat' dir='ltr'><strong>quod</strong></span> <span class='ocrx_word' id='word_1_207' title='bbox 2855 1241 3273 1303; x_wconf 84' lang='lat' dir='ltr'><strong>consideratio</strong></span> <span class='ocrx_word' id='word_1_208' title='bbox 3303 1249 3518 1304; x_wconf 88' lang='lat' dir='ltr'><strong>nostra</strong></span> <span class='ocrx_word' id='word_1_209' title='bbox 3547 1241 3714 1303; x_wconf 89' lang='lat' dir='ltr'><strong>circa</strong></span> <span class='ocrx_word' id='word_1_210' title='bbox 3743 1241 3962 1303; x_wconf 88' lang='lat' dir='ltr'><strong>divina</strong></span> 
     </span>
     <span class='ocr_line' id='line_1_34' title="bbox 2461 1339 3960 1415; baseline 0.001 -16"><span class='ocrx_word' id='word_1_211' title='bbox 2461 1356 2587 1400; x_wconf 90' lang='lat' dir='ltr'><strong>non</strong></span> <span class='ocrx_word' id='word_1_212' title='bbox 2629 1347 2726 1400; x_wconf 93' lang='lat' dir='ltr'><strong>est</strong></span> <span class='ocrx_word' id='word_1_213' title='bbox 2767 1339 2972 1400; x_wconf 89' lang='lat' dir='ltr'><strong>inanis</strong></span> <span class='ocrx_word' id='word_1_214' title='bbox 3015 1358 3132 1401; x_wconf 92' lang='lat' dir='ltr'><strong>nec</strong></span> <span class='ocrx_word' id='word_1_215' title='bbox 3171 1359 3370 1414; x_wconf 89' lang='lat' dir='ltr'><strong>cassa,</strong></span> <span class='ocrx_word' id='word_1_216' title='bbox 3404 1340 3514 1402; x_wconf 89' lang='lat' dir='ltr'><strong>sed</strong></span> <span class='ocrx_word' id='word_1_217' title='bbox 3544 1358 3712 1415; x_wconf 88' lang='lat' dir='ltr'><strong>vera,</strong></span> <span class='ocrx_word' id='word_1_218' title='bbox 3745 1339 3960 1402; x_wconf 84' lang='lat' dir='ltr'><strong>fidelis</strong></span> 
     </span>
    </p>
   </div>
   <div class='ocr_carea' id='block_1_8' title="bbox 2458 1436 3961 1519">
    <p class='ocr_par' dir='ltr' id='par_1_9' title="bbox 2458 1436 3961 1519">
     <span class='ocr_line' id='line_1_35' title="bbox 2458 1436 3961 1519; baseline 0 -21"><span class='ocrx_word' id='word_1_219' title='bbox 2458 1455 2533 1498; x_wconf 89' lang='lat' dir='ltr'><strong>ac</strong></span> <span class='ocrx_word' id='word_1_220' title='bbox 2571 1437 2792 1511; x_wconf 88' lang='lat' dir='ltr'><strong>solida,</strong></span> <span class='ocrx_word' id='word_1_221' title='bbox 2829 1444 3048 1519; x_wconf 87' lang='lat' dir='ltr'><strong>utpote</strong></span> <span class='ocrx_word' id='word_1_222' title='bbox 3087 1436 3328 1500; x_wconf 89' lang='lat' dir='ltr'><strong>habens</strong></span> <span class='ocrx_word' id='word_1_223' title='bbox 3369 1437 3860 1500; x_wconf 88' lang='lat' dir='ltr'><strong>fundamentum</strong></span> <span class='ocrx_word' id='word_1_224' title='bbox 3895 1438 3961 1499; x_wconf 87' lang='lat' dir='ltr'><strong>in</strong></span> 
     </span>
    </p>
   </div>
   <div class='ocr_carea' id='block_1_9' title="bbox 2461 1535 3962 1796">
    <p class='ocr_par' dir='ltr' id='par_1_10' title="bbox 2461 1535 3962 1796">
     <span class='ocr_line' id='line_1_36' title="bbox 2461 1535 3962 1619; baseline 0.002 -24"><span class='ocrx_word' id='word_1_225' title='bbox 2461 1553 2529 1596; x_wconf 93' lang='lat' dir='ltr'><strong>re</strong></span> <span class='ocrx_word' id='word_1_226' title='bbox 2564 1552 2576 1595; x_wconf 92' lang='lat'>:</span> <span class='ocrx_word' id='word_1_227' title='bbox 2612 1535 2914 1616; x_wconf 88' lang='lat' dir='ltr'><strong>quoniam</strong></span> <span class='ocrx_word' id='word_1_228' title='bbox 2961 1535 3125 1597; x_wconf 90' lang='lat' dir='ltr'><strong>sicut</strong></span> <span class='ocrx_word' id='word_1_229' title='bbox 3171 1535 3387 1598; x_wconf 90' lang='lat' dir='ltr'><strong>divina</strong></span> <span class='ocrx_word' id='word_1_230' title='bbox 3424 1537 3701 1598; x_wconf 88' lang='lat' dir='ltr'><strong>essentia</strong></span> <span class='ocrx_word' id='word_1_231' title='bbox 3739 1556 3962 1619; x_wconf 88' lang='lat' dir='ltr'><strong>super-</strong></span> 
     </span>
     <span class='ocr_line' id='line_1_37' title="bbox 2462 1632 3961 1716; baseline 0.001 -22"><span class='ocrx_word' id='word_1_232' title='bbox 2462 1632 2938 1715; x_wconf 88' lang='lat' dir='ltr'><strong>simplicissima</strong></span> <span class='ocrx_word' id='word_1_233' title='bbox 2979 1653 3240 1696; x_wconf 90' lang='lat' dir='ltr'><strong>manens</strong></span> <span class='ocrx_word' id='word_1_234' title='bbox 3280 1641 3341 1695; x_wconf 92' lang='lat' dir='ltr'><strong>et</strong></span> <span class='ocrx_word' id='word_1_235' title='bbox 3373 1633 3613 1716; x_wconf 89' lang='lat' dir='ltr'><strong>absque</strong></span> <span class='ocrx_word' id='word_1_236' title='bbox 3652 1635 3829 1697; x_wconf 91' lang='lat' dir='ltr'><strong>omni</strong></span> <span class='ocrx_word' id='word_1_237' title='bbox 3868 1635 3961 1696; x_wconf 92' lang='lat' dir='ltr'><strong>di-</strong></span> 
     </span>
     <span class='ocr_line' id='line_1_38' title="bbox 2463 1730 3961 1796; baseline 0.003 -5"><span class='ocrx_word' id='word_1_238' title='bbox 2463 1730 2802 1793; x_wconf 90' lang='lat' dir='ltr'><strong>stinctione</strong></span> <span class='ocrx_word' id='word_1_239' title='bbox 2852 1730 3102 1793; x_wconf 87' lang='lat' dir='ltr'><strong>formali</strong></span> <span class='ocrx_word' id='word_1_240' title='bbox 3163 1750 3276 1793; x_wconf 86' lang='lat' dir='ltr'><strong>seu</strong></span> <span class='ocrx_word' id='word_1_241' title='bbox 3328 1750 3455 1794; x_wconf 87' lang='lat' dir='ltr'><strong>non</strong></span> <span class='ocrx_word' id='word_1_242' title='bbox 3506 1733 3836 1796; x_wconf 85' lang='lat' dir='ltr'><strong>identitate</strong></span> <span class='ocrx_word' id='word_1_243' title='bbox 3883 1752 3961 1796; x_wconf 81' lang='lat' dir='ltr'><strong>ex</strong></span> 
     </span>
    </p>
   </div>
   <div class='ocr_carea' id='block_1_10' title="bbox 826 1828 3964 1911">
    <p class='ocr_par' dir='ltr' id='par_1_11' title="bbox 826 1828 3964 1911">
     <span class='ocr_line' id='line_1_39' title="bbox 826 1828 3964 1911; baseline 0.003 -26"><span class='ocrx_word' id='word_1_244' title='bbox 826 1829 1020 1910; x_wconf 90' lang='lat' dir='ltr'><strong>.quod</strong></span> <span class='ocrx_word' id='word_1_245' title='bbox 1059 1829 1291 1910; x_wconf 91' lang='lat' dir='ltr'><strong>aliquis</strong></span> <span class='ocrx_word' id='word_1_246' title='bbox 1332 1829 1415 1890; x_wconf 89' lang='lat' dir='ltr'><strong>sit</strong></span> <span class='ocrx_word' id='word_1_247' title='bbox 1453 1830 1631 1892; x_wconf 90' lang='lat' dir='ltr'><strong>Pater</strong></span> <span class='ocrx_word' id='word_1_248' title='bbox 1661 1828 1783 1891; x_wconf 91' lang='lat' dir='ltr'><strong>nisi</strong></span> <span class='ocrx_word' id='word_1_249' title='bbox 1827 1829 2350 1911; x_wconf 77' lang='lat' dir='ltr'><strong>praeintelligatur</strong></span> <span class='ocrx_word' id='word_1_250' title='bbox 2386 1833 2433 1896; x_wconf 90' lang='lat' dir='ltr'>B</span> <span class='ocrx_word' id='word_1_251' title='bbox 2464 1835 2688 1890; x_wconf 88' lang='lat' dir='ltr'><strong>natura</strong></span> <span class='ocrx_word' id='word_1_252' title='bbox 2736 1829 2849 1903; x_wconf 92' lang='lat' dir='ltr'><strong>rei,</strong></span> <span class='ocrx_word' id='word_1_253' title='bbox 2885 1829 2968 1891; x_wconf 95' lang='lat' dir='ltr'><strong>ob</strong></span> <span class='ocrx_word' id='word_1_254' title='bbox 3017 1849 3195 1892; x_wconf 86' lang='lat' dir='ltr'><strong>suam</strong></span> <span class='ocrx_word' id='word_1_255' title='bbox 3243 1829 3626 1894; x_wconf 81' lang='lat' dir='ltr'><strong>infinitatem</strong></span> <span class='ocrx_word' id='word_1_256' title='bbox 3677 1832 3964 1894; x_wconf 88' lang='lat' dir='ltr'><strong>continet</strong></span> 
     </span>
    </p>
   </div>
   <div class='ocr_carea' id='block_1_11' title="bbox 2462 1927 3970 2993">
    <p class='ocr_par' dir='ltr' id='par_1_12' title="bbox 2462 1927 3970 2993">
     <span class='ocr_line' id='line_1_40' title="bbox 2464 1927 3964 2012; baseline 0.002 -23"><span class='ocrx_word' id='word_1_257' title='bbox 2464 1929 2530 1990; x_wconf 92' lang='lat' dir='ltr'><strong>in</strong></span> <span class='ocrx_word' id='word_1_258' title='bbox 2561 1947 2630 1988; x_wconf 88' lang='lat' dir='ltr'><strong>se</strong></span> <span class='ocrx_word' id='word_1_259' title='bbox 2659 1945 2806 1988; x_wconf 88' lang='lat' dir='ltr'><strong>vere</strong></span> <span class='ocrx_word' id='word_1_260' title='bbox 2836 1946 2908 1989; x_wconf 89' lang='lat' dir='ltr'><strong>ac</strong></span> <span class='ocrx_word' id='word_1_261' title='bbox 2941 1927 3126 2009; x_wconf 91' lang='lat' dir='ltr'><strong>plene</strong></span> <span class='ocrx_word' id='word_1_262' title='bbox 3167 1946 3423 1990; x_wconf 90' lang='lat' dir='ltr'><strong>omnem</strong></span> <span class='ocrx_word' id='word_1_263' title='bbox 3467 1947 3725 2010; x_wconf 89' lang='lat' dir='ltr'><strong>prorsus</strong></span> <span class='ocrx_word' id='word_1_264' title='bbox 3757 1930 3964 2012; x_wconf 85' lang='lat' dir='ltr'><strong>perfe-</strong></span> 
     </span>
     <span class='ocr_line' id='line_1_41' title="bbox 2464 2025 3963 2109; baseline 0 -21"><span class='ocrx_word' id='word_1_265' title='bbox 2464 2025 2761 2099; x_wconf 90' lang='lat' dir='ltr'><strong>ctionem,</strong></span> <span class='ocrx_word' id='word_1_266' title='bbox 2796 2025 2883 2086; x_wconf 92' lang='lat' dir='ltr'><strong>ita</strong></span> <span class='ocrx_word' id='word_1_267' title='bbox 2922 2026 3092 2106; x_wconf 92' lang='lat' dir='ltr'><strong>quod</strong></span> <span class='ocrx_word' id='word_1_268' title='bbox 3130 2026 3313 2088; x_wconf 88' lang='lat' dir='ltr'><strong>valde</strong></span> <span class='ocrx_word' id='word_1_269' title='bbox 3356 2026 3608 2089; x_wconf 89' lang='lat' dir='ltr'><strong>diversa</strong></span> <span class='ocrx_word' id='word_1_270' title='bbox 3642 2046 3718 2089; x_wconf 89' lang='lat' dir='ltr'><strong>ac</strong></span> <span class='ocrx_word' id='word_1_271' title='bbox 3763 2028 3963 2109; x_wconf 88' lang='lat' dir='ltr'><strong>pluri-</strong></span> 
     </span>
     <span class='ocr_line' id='line_1_42' title="bbox 2465 2123 3964 2208; baseline 0.001 -22"><span class='ocrx_word' id='word_1_272' title='bbox 2465 2143 2566 2186; x_wconf 88' lang='lat' dir='ltr'><strong>ma</strong></span> <span class='ocrx_word' id='word_1_273' title='bbox 2595 2124 2654 2186; x_wconf 90' lang='lat' dir='ltr'><strong>ei</strong></span> <span class='ocrx_word' id='word_1_274' title='bbox 2686 2123 3076 2186; x_wconf 88' lang='lat' dir='ltr'><strong>conveniunt</strong></span> <span class='ocrx_word' id='word_1_275' title='bbox 3107 2125 3460 2186; x_wconf 89' lang='lat' dir='ltr'><strong>secundum</strong></span> <span class='ocrx_word' id='word_1_276' title='bbox 3492 2126 3662 2207; x_wconf 91' lang='lat' dir='ltr'><strong>quod</strong></span> <span class='ocrx_word' id='word_1_277' title='bbox 3699 2125 3837 2208; x_wconf 86' lang='lat' dir='ltr'><strong>ipsa</strong></span> <span class='ocrx_word' id='word_1_278' title='bbox 3867 2135 3964 2188; x_wconf 86' lang='lat' dir='ltr'><strong>est</strong></span> 
     </span>
     <span class='ocr_line' id='line_1_43' title="bbox 2462 2221 3967 2303; baseline 0.002 -18"><span class='ocrx_word' id='word_1_279' title='bbox 2462 2223 2751 2285; x_wconf 90' lang='lat' dir='ltr'><strong>omnium</strong></span> <span class='ocrx_word' id='word_1_280' title='bbox 2784 2221 3250 2303; x_wconf 87' lang='lat' dir='ltr'><strong>perfectionum</strong></span> <span class='ocrx_word' id='word_1_281' title='bbox 3280 2223 3789 2286; x_wconf 86' lang='lat' dir='ltr'><strong>eminentissime</strong></span> <span class='ocrx_word' id='word_1_282' title='bbox 3819 2243 3967 2288; x_wconf 87' lang='lat' dir='ltr'><strong>con·</strong></span> 
     </span>
     <span class='ocr_line' id='line_1_44' title="bbox 2464 2319 3965 2404; baseline 0.001 -22"><span class='ocrx_word' id='word_1_283' title='bbox 2464 2320 2724 2395; x_wconf 89' lang='lat' dir='ltr'><strong>tentiva‚</strong></span> <span class='ocrx_word' id='word_1_284' title='bbox 2759 2319 2844 2381; x_wconf 91' lang='lat' dir='ltr'><strong>ita</strong></span> <span class='ocrx_word' id='word_1_285' title='bbox 2874 2321 3043 2402; x_wconf 95' lang='lat' dir='ltr'><strong>quod</strong></span> <span class='ocrx_word' id='word_1_286' title='bbox 3085 2321 3370 2401; x_wconf 85' lang='lat' dir='ltr'><strong>indulget</strong></span> <span class='ocrx_word' id='word_1_287' title='bbox 3407 2329 3478 2382; x_wconf 91' lang='lat' dir='ltr'><strong>ut</strong></span> <span class='ocrx_word' id='word_1_288' title='bbox 3516 2322 3739 2402; x_wconf 85' lang='lat' dir='ltr'><strong>pietas,</strong></span> <span class='ocrx_word' id='word_1_289' title='bbox 3774 2323 3965 2404; x_wconf 87' lang='lat' dir='ltr'><strong>punit</strong></span> 
     </span>
     <span class='ocr_line' id='line_1_45' title="bbox 2467 2417 3966 2501; baseline 0.002 -22"><span class='ocrx_word' id='word_1_290' title='bbox 2467 2426 2535 2479; x_wconf 91' lang='lat' dir='ltr'><strong>ut</strong></span> <span class='ocrx_word' id='word_1_291' title='bbox 2563 2417 2850 2499; x_wconf 81' lang='lat' dir='ltr'><strong>aequitaS,</strong></span> <span class='ocrx_word' id='word_1_292' title='bbox 2884 2417 3167 2498; x_wconf 88' lang='lat' dir='ltr'><strong>disponit</strong></span> <span class='ocrx_word' id='word_1_293' title='bbox 3198 2426 3268 2479; x_wconf 91' lang='lat' dir='ltr'><strong>ut</strong></span> <span class='ocrx_word' id='word_1_294' title='bbox 3298 2418 3630 2500; x_wconf 89' lang='lat' dir='ltr'><strong>sapientia,</strong></span> <span class='ocrx_word' id='word_1_295' title='bbox 3666 2421 3966 2501; x_wconf 91' lang='lat' dir='ltr'><strong>producit</strong></span> 
     </span>
     <span class='ocr_line' id='line_1_46' title="bbox 2465 2515 3960 2598; baseline 0.001 -20"><span class='ocrx_word' id='word_1_296' title='bbox 2465 2524 2535 2578; x_wconf 89' lang='lat' dir='ltr'><strong>ut</strong></span> <span class='ocrx_word' id='word_1_297' title='bbox 2573 2515 2878 2598; x_wconf 87' lang='lat' dir='ltr'><strong>potentia,</strong></span> <span class='ocrx_word' id='word_1_298' title='bbox 2909 2515 3113 2596; x_wconf 84' lang='lat' dir='ltr'><strong>gignit</strong></span> <span class='ocrx_word' id='word_1_299' title='bbox 3142 2524 3212 2576; x_wconf 92' lang='lat' dir='ltr'><strong>ut</strong></span> <span class='ocrx_word' id='word_1_300' title='bbox 3251 2515 3613 2579; x_wconf 83' lang='lat' dir='ltr'><strong>intellectus</strong></span> <span class='ocrx_word' id='word_1_301' title='bbox 3651 2517 3717 2578; x_wconf 88' lang='lat' dir='ltr'><strong>in</strong></span> <span class='ocrx_word' id='word_1_302' title='bbox 3755 2519 3960 2592; x_wconf 89' lang='lat' dir='ltr'><strong>Patre,</strong></span> 
     </span>
     <span class='ocr_line' id='line_1_47' title="bbox 2465 2613 3967 2696; baseline 0.002 -20"><span class='ocrx_word' id='word_1_303' title='bbox 2465 2614 2664 2696; x_wconf 88' lang='lat' dir='ltr'><strong>spirat</strong></span> <span class='ocrx_word' id='word_1_304' title='bbox 2693 2621 2762 2674; x_wconf 92' lang='lat' dir='ltr'><strong>ut</strong></span> <span class='ocrx_word' id='word_1_305' title='bbox 2793 2614 3085 2676; x_wconf 91' lang='lat' dir='ltr'><strong>voluntas</strong></span> <span class='ocrx_word' id='word_1_306' title='bbox 3124 2613 3190 2675; x_wconf 90' lang='lat' dir='ltr'><strong>in</strong></span> <span class='ocrx_word' id='word_1_307' title='bbox 3218 2614 3396 2676; x_wconf 89' lang='lat' dir='ltr'><strong>Patre</strong></span> <span class='ocrx_word' id='word_1_308' title='bbox 3425 2622 3490 2676; x_wconf 90' lang='lat' dir='ltr'><strong>et</strong></span> <span class='ocrx_word' id='word_1_309' title='bbox 3529 2615 3722 2694; x_wconf 89' lang='lat' dir='ltr'><strong>Filio;</strong></span> <span class='ocrx_word' id='word_1_310' title='bbox 3755 2616 3842 2678; x_wconf 87' lang='lat' dir='ltr'><strong>ita</strong></span> <span class='ocrx_word' id='word_1_311' title='bbox 3867 2617 3967 2679; x_wconf 88' lang='lat' dir='ltr'><strong>di-</strong></span> 
     </span>
     <span class='ocr_line' id='line_1_48' title="bbox 2464 2711 3968 2796; baseline 0.002 -23"><span class='ocrx_word' id='word_1_312' title='bbox 2464 2713 2614 2773; x_wconf 90' lang='lat' dir='ltr'><strong>vina</strong></span> <span class='ocrx_word' id='word_1_313' title='bbox 2660 2711 2883 2773; x_wconf 90' lang='lat' dir='ltr'><strong>relatio</strong></span> <span class='ocrx_word' id='word_1_314' title='bbox 2931 2729 3008 2773; x_wconf 90' lang='lat' dir='ltr'><strong>ex</strong></span> <span class='ocrx_word' id='word_1_315' title='bbox 3057 2731 3172 2774; x_wconf 89' lang='lat' dir='ltr'><strong>sua</strong></span> <span class='ocrx_word' id='word_1_316' title='bbox 3219 2713 3615 2788; x_wconf 86' lang='lat' dir='ltr'><strong>excellentia,</strong></span> <span class='ocrx_word' id='word_1_317' title='bbox 3652 2713 3716 2775; x_wconf 87' lang='lat' dir='ltr'><strong>in</strong></span> <span class='ocrx_word' id='word_1_318' title='bbox 3765 2733 3968 2796; x_wconf 84' lang='lat' dir='ltr'><strong>quan·</strong></span> 
     </span>
     <span class='ocr_line' id='line_1_49' title="bbox 2465 2810 3968 2891; baseline 0.003 -20"><span class='ocrx_word' id='word_1_319' title='bbox 2465 2818 2601 2871; x_wconf 89' lang='lat' dir='ltr'><strong>tum</strong></span> <span class='ocrx_word' id='word_1_320' title='bbox 2634 2810 2850 2871; x_wconf 91' lang='lat' dir='ltr'><strong>divina</strong></span> <span class='ocrx_word' id='word_1_321' title='bbox 2879 2818 3060 2891; x_wconf 89' lang='lat' dir='ltr'><strong>atque</strong></span> <span class='ocrx_word' id='word_1_322' title='bbox 3091 2811 3344 2873; x_wconf 87' lang='lat' dir='ltr'><strong>realiter</strong></span> <span class='ocrx_word' id='word_1_323' title='bbox 3374 2811 3538 2873; x_wconf 91' lang='lat' dir='ltr'><strong>idem</strong></span> <span class='ocrx_word' id='word_1_324' title='bbox 3567 2831 3714 2874; x_wconf 91' lang='lat' dir='ltr'><strong>cum</strong></span> <span class='ocrx_word' id='word_1_325' title='bbox 3743 2813 3968 2876; x_wconf 82' lang='lat' dir='ltr'><strong>divina</strong></span> 
     </span>
     <span class='ocr_line' id='line_1_50' title="bbox 2465 2907 3970 2993; baseline 0.001 -23"><span class='ocrx_word' id='word_1_326' title='bbox 2465 2907 2759 2981; x_wconf 89' lang='lat' dir='ltr'><strong>essentia,</strong></span> <span class='ocrx_word' id='word_1_327' title='bbox 2793 2908 3003 2982; x_wconf 89' lang='lat' dir='ltr'><strong>habet,</strong></span> <span class='ocrx_word' id='word_1_328' title='bbox 3040 2907 3330 2983; x_wconf 90' lang='lat' dir='ltr'><strong>includit,</strong></span> <span class='ocrx_word' id='word_1_329' title='bbox 3373 2917 3435 2971; x_wconf 91' lang='lat' dir='ltr'><strong>et</strong></span> <span class='ocrx_word' id='word_1_330' title='bbox 3477 2911 3970 2993; x_wconf 87' lang='lat' dir='ltr'><strong>comprehendit</strong></span> 
     </span>
    </p>
   </div>
   <div class='ocr_carea' id='block_1_12' title="bbox 855 3005 3970 3090">
    <p class='ocr_par' dir='ltr' id='par_1_13' title="bbox 855 3005 3970 3090">
     <span class='ocr_line' id='line_1_51' title="bbox 855 3005 3970 3090; baseline 0 -21"><span class='ocrx_word' id='word_1_331' title='bbox 855 3015 921 3070; x_wconf 88' lang='lat' dir='ltr'><strong>et</strong></span> <span class='ocrx_word' id='word_1_332' title='bbox 968 3006 1474 3088; x_wconf 88' lang='lat' dir='ltr'><strong>impalliabiliter</strong></span> <span class='ocrx_word' id='word_1_333' title='bbox 1522 3013 1741 3068; x_wconf 90' lang='lat' dir='ltr'><strong>contra</strong></span> <span class='ocrx_word' id='word_1_334' title='bbox 1791 3007 2144 3068; x_wconf 89' lang='lat' dir='ltr'><strong>doctrinam</strong></span> <span class='ocrx_word' id='word_1_335' title='bbox 2206 3007 2354 3070; x_wconf 89' lang='lat' dir='ltr'><strong>San·</strong></span> <span class='ocrx_word' id='word_1_336' title='bbox 2388 3007 2432 3070; x_wconf 89' lang='lat' dir='ltr'>C</span> <span class='ocrx_word' id='word_1_337' title='bbox 2469 3005 2531 3067; x_wconf 90' lang='lat' dir='ltr'><strong>in</strong></span> <span class='ocrx_word' id='word_1_338' title='bbox 2573 3024 2640 3067; x_wconf 88' lang='lat' dir='ltr'><strong>se</strong></span> <span class='ocrx_word' id='word_1_339' title='bbox 2679 3012 2809 3066; x_wconf 89' lang='lat' dir='ltr'><strong>tam</strong></span> <span class='ocrx_word' id='word_1_340' title='bbox 2853 3005 2914 3067; x_wconf 90' lang='lat' dir='ltr'><strong>id</strong></span> <span class='ocrx_word' id='word_1_341' title='bbox 2953 3006 3122 3087; x_wconf 92' lang='lat' dir='ltr'><strong>quod</strong></span> <span class='ocrx_word' id='word_1_342' title='bbox 3161 3015 3258 3068; x_wconf 89' lang='lat' dir='ltr'><strong>est</strong></span> <span class='ocrx_word' id='word_1_343' title='bbox 3291 3007 3640 3088; x_wconf 87' lang='lat' dir='ltr'><strong>personalis</strong></span> <span class='ocrx_word' id='word_1_344' title='bbox 3681 3008 3970 3090; x_wconf 89' lang='lat' dir='ltr'><strong>proprie-</strong></span> 
     </span>
    </p>
   </div>
   <div class='ocr_carea' id='block_1_13' title="bbox 853 3103 2362 4168">
    <p class='ocr_par' dir='ltr' id='par_1_14' title="bbox 853 3103 2362 4168">
     <span class='ocr_line' id='line_1_52' title="bbox 858 3103 2356 3187; baseline 0 -19"><span class='ocrx_word' id='word_1_345' title='bbox 858 3113 1127 3179; x_wconf 91' lang='lat' dir='ltr'><strong>ctorum,</strong></span> <span class='ocrx_word' id='word_1_346' title='bbox 1172 3103 1523 3187; x_wconf 82' lang='lat' dir='ltr'><strong>praesertim</strong></span> <span class='ocrx_word' id='word_1_347' title='bbox 1562 3103 1919 3185; x_wconf 85' lang='lat' dir='ltr'><strong>Augustini,</strong></span> <span class='ocrx_word' id='word_1_348' title='bbox 1964 3105 2204 3180; x_wconf 89' lang='lat' dir='ltr'><strong>Hilarii,</strong></span> <span class='ocrx_word' id='word_1_349' title='bbox 2243 3105 2356 3168; x_wconf 89' lang='lat' dir='ltr'><strong>Bo-</strong></span> 
     </span>
     <span class='ocr_line' id='line_1_53' title="bbox 854 3202 2351 3278; baseline 0.001 -13"><span class='ocrx_word' id='word_1_350' title='bbox 854 3202 965 3265; x_wconf 88' lang='lat' dir='ltr'><strong>etii</strong></span> <span class='ocrx_word' id='word_1_351' title='bbox 1015 3211 1079 3264; x_wconf 91' lang='lat' dir='ltr'><strong>et</strong></span> <span class='ocrx_word' id='word_1_352' title='bbox 1126 3202 1434 3276; x_wconf 84' lang='lat' dir='ltr'><strong>Anselmi,</strong></span> <span class='ocrx_word' id='word_1_353' title='bbox 1486 3210 1549 3263; x_wconf 88' lang='lat' dir='ltr'><strong>et.</strong></span> <span class='ocrx_word' id='word_1_354' title='bbox 1602 3209 1819 3265; x_wconf 89' lang='lat' dir='ltr'><strong>contra</strong></span> <span class='ocrx_word' id='word_1_355' title='bbox 1866 3204 2351 3278; x_wconf 88' lang='lat' dir='ltr'><strong>Damascenum,</strong></span> 
     </span>
     <span class='ocr_line' id='line_1_54' title="bbox 853 3300 2356 3375; baseline 0.001 -11"><span class='ocrx_word' id='word_1_356' title='bbox 853 3300 1239 3364; x_wconf 88' lang='lat' dir='ltr'><strong>Richardum</strong></span> <span class='ocrx_word' id='word_1_357' title='bbox 1290 3302 1368 3363; x_wconf 91' lang='lat' dir='ltr'><strong>de</strong></span> <span class='ocrx_word' id='word_1_358' title='bbox 1419 3302 1477 3363; x_wconf 90' lang='lat' dir='ltr'><strong>S.</strong></span> <span class='ocrx_word' id='word_1_359' title='bbox 1525 3301 1797 3375; x_wconf 88' lang='lat' dir='ltr'><strong>Victore,</strong></span> <span class='ocrx_word' id='word_1_360' title='bbox 1845 3302 1975 3364; x_wconf 90' lang='lat' dir='ltr'><strong>imo</strong></span> <span class='ocrx_word' id='word_1_361' title='bbox 2025 3310 2089 3363; x_wconf 91' lang='lat' dir='ltr'><strong>et</strong></span> <span class='ocrx_word' id='word_1_362' title='bbox 2137 3312 2356 3365; x_wconf 89' lang='lat' dir='ltr'><strong>contra</strong></span> 
     </span>
     <span class='ocr_line' id='line_1_55' title="bbox 854 3399 2358 3484; baseline 0.001 -22"><span class='ocrx_word' id='word_1_363' title='bbox 854 3400 1209 3462; x_wconf 89' lang='lat' dir='ltr'><strong>doctrinam</strong></span> <span class='ocrx_word' id='word_1_364' title='bbox 1253 3399 1454 3462; x_wconf 91' lang='lat' dir='ltr'><strong>divini</strong></span> <span class='ocrx_word' id='word_1_365' title='bbox 1495 3408 1557 3462; x_wconf 88' lang='lat' dir='ltr'><strong>et</strong></span> <span class='ocrx_word' id='word_1_366' title='bbox 1598 3400 1808 3481; x_wconf 84' lang='lat' dir='ltr'><strong>magni</strong></span> <span class='ocrx_word' id='word_1_367' title='bbox 1852 3400 2130 3484; x_wconf 80' lang='lat' dir='ltr'><strong>Dionysii</strong></span> <span class='ocrx_word' id='word_1_368' title='bbox 2173 3402 2238 3464; x_wconf 90' lang='lat' dir='ltr'><strong>in</strong></span> <span class='ocrx_word' id='word_1_369' title='bbox 2287 3402 2358 3463; x_wconf 89' lang='lat' dir='ltr'><strong>li-</strong></span> 
     </span>
     <span class='ocr_line' id='line_1_56' title="bbox 855 3497 2356 3581; baseline 0.002 -22"><span class='ocrx_word' id='word_1_370' title='bbox 855 3497 971 3560; x_wconf 90' lang='lat' dir='ltr'><strong>bro</strong></span> <span class='ocrx_word' id='word_1_371' title='bbox 1000 3515 1116 3560; x_wconf 92' lang='lat' dir='ltr'><strong>suo</strong></span> <span class='ocrx_word' id='word_1_372' title='bbox 1156 3498 1233 3559; x_wconf 89' lang='lat' dir='ltr'><strong>de</strong></span> <span class='ocrx_word' id='word_1_373' title='bbox 1272 3497 1517 3559; x_wconf 91' lang='lat' dir='ltr'><strong>Divinis</strong></span> <span class='ocrx_word' id='word_1_374' title='bbox 1560 3499 2051 3561; x_wconf 89' lang='lat' dir='ltr'><strong>characteribus.</strong></span> <span class='ocrx_word' id='word_1_375' title='bbox 2087 3500 2356 3581; x_wconf 89' lang='lat' dir='ltr'><strong>Derogat</strong></span> 
     </span>
     <span class='ocr_line' id='line_1_57' title="bbox 856 3596 2356 3679; baseline 0.001 -21"><span class='ocrx_word' id='word_1_376' title='bbox 856 3614 1112 3679; x_wconf 90' lang='lat' dir='ltr'><strong>quoque</strong></span> <span class='ocrx_word' id='word_1_377' title='bbox 1156 3596 1551 3678; x_wconf 91' lang='lat' dir='ltr'><strong>simplicitati</strong></span> <span class='ocrx_word' id='word_1_378' title='bbox 1596 3597 1848 3671; x_wconf 84' lang='lat' dir='ltr'><strong>divinae,</strong></span> <span class='ocrx_word' id='word_1_379' title='bbox 1891 3604 1953 3658; x_wconf 90' lang='lat' dir='ltr'><strong>et</strong></span> <span class='ocrx_word' id='word_1_380' title='bbox 1998 3606 2093 3659; x_wconf 87' lang='lat' dir='ltr'><strong>est</strong></span> <span class='ocrx_word' id='word_1_381' title='bbox 2138 3606 2356 3661; x_wconf 89' lang='lat' dir='ltr'><strong>contra</strong></span> 
     </span>
     <span class='ocr_line' id='line_1_58' title="bbox 860 3695 2356 3776; baseline 0 -18"><span class='ocrx_word' id='word_1_382' title='bbox 860 3713 1265 3758; x_wconf 88' lang='lat' dir='ltr'><strong>communem</strong></span> <span class='ocrx_word' id='word_1_383' title='bbox 1298 3695 1733 3776; x_wconf 88' lang='lat' dir='ltr'><strong>theologorum</strong></span> <span class='ocrx_word' id='word_1_384' title='bbox 1768 3695 2169 3758; x_wconf 85' lang='lat' dir='ltr'><strong>traditionem</strong></span> <span class='ocrx_word' id='word_1_385' title='bbox 2192 3697 2356 3759; x_wconf 92' lang='lat' dir='ltr'><strong>:imo</strong></span> 
     </span>
     <span class='ocr_line' id='line_1_59' title="bbox 859 3792 2356 3875; baseline -0.001 -19"><span class='ocrx_word' id='word_1_386' title='bbox 859 3794 1057 3875; x_wconf 91' lang='lat' dir='ltr'><strong>(quod</strong></span> <span class='ocrx_word' id='word_1_387' title='bbox 1094 3792 1371 3875; x_wconf 91' lang='lat' dir='ltr'><strong>amplius</strong></span> <span class='ocrx_word' id='word_1_388' title='bbox 1415 3792 1591 3873; x_wconf 88' lang='lat' dir='ltr'><strong>ligat)</strong></span> <span class='ocrx_word' id='word_1_389' title='bbox 1620 3800 1681 3855; x_wconf 91' lang='lat' dir='ltr'><strong>et</strong></span> <span class='ocrx_word' id='word_1_390' title='bbox 1719 3801 1937 3855; x_wconf 90' lang='lat' dir='ltr'><strong>contra</strong></span> <span class='ocrx_word' id='word_1_391' title='bbox 1975 3794 2356 3855; x_wconf 85' lang='lat' dir='ltr'><strong>decretalem</strong></span> 
     </span>
     <span class='ocr_line' id='line_1_60' title="bbox 861 3891 2362 3973; baseline -0.001 -19"><span class='ocrx_word' id='word_1_392' title='bbox 861 3892 1211 3954; x_wconf 74' lang='lat' dir='ltr'><strong>innocentii</strong></span> <span class='ocrx_word' id='word_1_393' title='bbox 1245 3892 1311 3953; x_wconf 89' lang='lat' dir='ltr'><strong>in</strong></span> <span class='ocrx_word' id='word_1_394' title='bbox 1342 3891 1620 3971; x_wconf 86' lang='lat' dir='ltr'><strong>generali</strong></span> <span class='ocrx_word' id='word_1_395' title='bbox 1654 3891 1946 3967; x_wconf 88' lang='lat' dir='ltr'><strong>concilio,</strong></span> <span class='ocrx_word' id='word_1_396' title='bbox 1969 3891 2033 3953; x_wconf 94' lang='lat' dir='ltr'><strong>in</strong></span> <span class='ocrx_word' id='word_1_397' title='bbox 2064 3911 2190 3973; x_wconf 89' lang='lat' dir='ltr'><strong>qua</strong></span> <span class='ocrx_word' id='word_1_398' title='bbox 2220 3910 2362 3954; x_wconf 91' lang='lat' dir='ltr'><strong>con·</strong></span> 
     </span>
     <span class='ocr_line' id='line_1_61' title="bbox 862 3988 2358 4070; baseline 0.002 -21"><span class='ocrx_word' id='word_1_399' title='bbox 862 3989 1099 4051; x_wconf 89' lang='lat' dir='ltr'><strong>tinetur</strong></span> <span class='ocrx_word' id='word_1_400' title='bbox 1141 3989 1310 4070; x_wconf 89' lang='lat' dir='ltr'><strong>quod</strong></span> <span class='ocrx_word' id='word_1_401' title='bbox 1356 3988 1587 4051; x_wconf 80' lang='lat' dir='ltr'><strong>divinae</strong></span> <span class='ocrx_word' id='word_1_402' title='bbox 1633 4007 1917 4069; x_wconf 80' lang='lat' dir='ltr'><strong>personae</strong></span> <span class='ocrx_word' id='word_1_403' title='bbox 1960 3990 2040 4052; x_wconf 89' lang='lat' dir='ltr'><strong>ab</strong></span> <span class='ocrx_word' id='word_1_404' title='bbox 2081 3990 2358 4052; x_wconf 90' lang='lat' dir='ltr'><strong>invicem</strong></span> 
     </span>
     <span class='ocr_line' id='line_1_62' title="bbox 862 4087 2361 4168; baseline 0 -19"><span class='ocrx_word' id='word_1_405' title='bbox 862 4087 1346 4168; x_wconf 89' lang='lat' dir='ltr'><strong>distinguuntur</strong></span> <span class='ocrx_word' id='word_1_406' title='bbox 1384 4106 1497 4168; x_wconf 91' lang='lat' dir='ltr'><strong>per</strong></span> <span class='ocrx_word' id='word_1_407' title='bbox 1539 4087 1974 4167; x_wconf 89' lang='lat' dir='ltr'><strong>proprietates.</strong></span> <span class='ocrx_word' id='word_1_408' title='bbox 2012 4089 2187 4161; x_wconf 87' lang='lat' dir='ltr'><strong>Quod</strong></span> <span class='ocrx_word' id='word_1_409' title='bbox 2229 4108 2361 4150; x_wconf 92' lang='lat' dir='ltr'><strong>cer-</strong></span> 
     </span>
    </p>
   </div>
   <div class='ocr_carea' id='block_1_14' title="bbox 2466 3103 3988 4170">
    <p class='ocr_par' dir='ltr' id='par_1_15' title="bbox 2466 3103 3988 4170">
     <span class='ocr_line' id='line_1_63' title="bbox 2468 3103 3968 3187; baseline 0.003 -22"><span class='ocrx_word' id='word_1_410' title='bbox 2468 3103 2611 3166; x_wconf 89' lang='lat' dir='ltr'><strong>tatis</strong></span> <span class='ocrx_word' id='word_1_411' title='bbox 2648 3103 2899 3186; x_wconf 90' lang='lat' dir='ltr'><strong>(sicque</strong></span> <span class='ocrx_word' id='word_1_412' title='bbox 2939 3103 3269 3167; x_wconf 87' lang='lat' dir='ltr'><strong>constituit</strong></span> <span class='ocrx_word' id='word_1_413' title='bbox 3309 3106 3694 3187; x_wconf 88' lang='lat' dir='ltr'><strong>personam),</strong></span> <span class='ocrx_word' id='word_1_414' title='bbox 3727 3114 3854 3169; x_wconf 87' lang='lat' dir='ltr'><strong>tam</strong></span> <span class='ocrx_word' id='word_1_415' title='bbox 3892 3107 3968 3169; x_wconf 90' lang='lat' dir='ltr'><strong>id</strong></span> 
     </span>
     <span class='ocr_line' id='line_1_64' title="bbox 2466 3202 3968 3285; baseline 0.002 -21"><span class='ocrx_word' id='word_1_416' title='bbox 2466 3203 2636 3284; x_wconf 90' lang='lat' dir='ltr'><strong>quod</strong></span> <span class='ocrx_word' id='word_1_417' title='bbox 2666 3210 2760 3263; x_wconf 90' lang='lat' dir='ltr'><strong>est</strong></span> <span class='ocrx_word' id='word_1_418' title='bbox 2795 3202 3137 3265; x_wconf 87' lang='lat' dir='ltr'><strong>relationis.</strong></span> <span class='ocrx_word' id='word_1_419' title='bbox 3174 3204 3306 3265; x_wconf 84' lang='lat' dir='ltr'><strong>Imo</strong></span> <span class='ocrx_word' id='word_1_420' title='bbox 3345 3212 3407 3265; x_wconf 85' lang='lat' dir='ltr'><strong>et</strong></span> <span class='ocrx_word' id='word_1_421' title='bbox 3439 3203 3576 3285; x_wconf 89' lang='lat' dir='ltr'><strong>ipsa</strong></span> <span class='ocrx_word' id='word_1_422' title='bbox 3605 3205 3968 3267; x_wconf 85' lang='lat' dir='ltr'><strong>subsistens</strong></span> 
     </span>
     <span class='ocr_line' id='line_1_65' title="bbox 2466 3300 3974 3374; baseline 0.001 -11"><span class='ocrx_word' id='word_1_423' title='bbox 2466 3308 2582 3374; x_wconf 88' lang='lat' dir='ltr'><strong>est,</strong></span> <span class='ocrx_word' id='word_1_424' title='bbox 2627 3319 2744 3362; x_wconf 89' lang='lat' dir='ltr'><strong>nec</strong></span> <span class='ocrx_word' id='word_1_425' title='bbox 2791 3300 3046 3363; x_wconf 85' lang='lat' dir='ltr'><strong>realiter</strong></span> <span class='ocrx_word' id='word_1_426' title='bbox 3088 3301 3307 3363; x_wconf 83' lang='lat' dir='ltr'><strong>differt</strong></span> <span class='ocrx_word' id='word_1_427' title='bbox 3347 3301 3428 3363; x_wconf 90' lang='lat' dir='ltr'><strong>ab</strong></span> <span class='ocrx_word' id='word_1_428' title='bbox 3470 3303 3720 3365; x_wconf 88' lang='lat' dir='ltr'><strong>actione</strong></span> <span class='ocrx_word' id='word_1_429' title='bbox 3761 3304 3974 3366; x_wconf 87' lang='lat' dir='ltr'><strong>notio-</strong></span> 
     </span>
     <span class='ocr_line' id='line_1_66' title="bbox 2467 3397 3972 3479; baseline 0.001 -20"><span class='ocrx_word' id='word_1_430' title='bbox 2467 3398 2596 3459; x_wconf 92' lang='lat' dir='ltr'><strong>nali</strong></span> <span class='ocrx_word' id='word_1_431' title='bbox 2634 3415 2647 3459; x_wconf 91' lang='lat'>:</span> <span class='ocrx_word' id='word_1_432' title='bbox 2685 3397 2824 3461; x_wconf 93' lang='lat' dir='ltr'><strong>ideo</strong></span> <span class='ocrx_word' id='word_1_433' title='bbox 2855 3415 2982 3460; x_wconf 92' lang='lat' dir='ltr'><strong>non</strong></span> <span class='ocrx_word' id='word_1_434' title='bbox 3013 3406 3110 3459; x_wconf 88' lang='lat' dir='ltr'><strong>est</strong></span> <span class='ocrx_word' id='word_1_435' title='bbox 3135 3399 3554 3479; x_wconf 88' lang='lat' dir='ltr'><strong>judicandum</strong></span> <span class='ocrx_word' id='word_1_436' title='bbox 3584 3401 3663 3462; x_wconf 91' lang='lat' dir='ltr'><strong>de</strong></span> <span class='ocrx_word' id='word_1_437' title='bbox 3693 3420 3766 3463; x_wconf 88' lang='lat' dir='ltr'><strong>ea</strong></span> <span class='ocrx_word' id='word_1_438' title='bbox 3793 3401 3972 3463; x_wconf 90' lang='lat' dir='ltr'><strong>sicut</strong></span> 
     </span>
     <span class='ocr_line' id='line_1_67' title="bbox 2467 3496 3978 3563; baseline 0.004 -6"><span class='ocrx_word' id='word_1_439' title='bbox 2467 3496 2544 3557; x_wconf 90' lang='lat' dir='ltr'><strong>de</strong></span> <span class='ocrx_word' id='word_1_440' title='bbox 2595 3496 2902 3559; x_wconf 89' lang='lat' dir='ltr'><strong>relatione</strong></span> <span class='ocrx_word' id='word_1_441' title='bbox 2950 3505 3176 3558; x_wconf 89' lang='lat' dir='ltr'><strong>creata.</strong></span> <span class='ocrx_word' id='word_1_442' title='bbox 3224 3533 3305 3542; x_wconf 89' lang='lat'>—</span> <span class='ocrx_word' id='word_1_443' title='bbox 3346 3498 3488 3561; x_wconf 86' lang='lat' dir='ltr'><strong>Haec</strong></span> <span class='ocrx_word' id='word_1_444' title='bbox 3539 3498 3658 3561; x_wconf 91' lang='lat' dir='ltr'><strong>isto</strong></span> <span class='ocrx_word' id='word_1_445' title='bbox 3709 3498 3772 3561; x_wconf 92' lang='lat' dir='ltr'><strong>in</strong></span> <span class='ocrx_word' id='word_1_446' title='bbox 3825 3499 3978 3563; x_wconf 84' lang='lat' dir='ltr'><strong>loco</strong></span> 
     </span>
     <span class='ocr_line' id='line_1_68' title="bbox 2471 3594 3980 3679; baseline 0.002 -22"><span class='ocrx_word' id='word_1_447' title='bbox 2471 3595 2751 3657; x_wconf 85' lang='lat' dir='ltr'><strong>breviter</strong></span> <span class='ocrx_word' id='word_1_448' title='bbox 2801 3595 3085 3675; x_wconf 88' lang='lat' dir='ltr'><strong>tetigisse</strong></span> <span class='ocrx_word' id='word_1_449' title='bbox 3135 3594 3437 3669; x_wconf 83' lang='lat' dir='ltr'><strong>sufficiat,</strong></span> <span class='ocrx_word' id='word_1_450' title='bbox 3471 3597 3623 3678; x_wconf 89' lang='lat' dir='ltr'><strong>quia</strong></span> <span class='ocrx_word' id='word_1_451' title='bbox 3671 3598 3980 3679; x_wconf 85' lang='lat' dir='ltr'><strong>superius</strong></span> 
     </span>
     <span class='ocr_line' id='line_1_69' title="bbox 2469 3692 3984 3759; baseline 0.002 -4"><span class='ocrx_word' id='word_1_452' title='bbox 2469 3692 2778 3755; x_wconf 91' lang='lat' dir='ltr'><strong>vicesima</strong></span> <span class='ocrx_word' id='word_1_453' title='bbox 2815 3701 2992 3755; x_wconf 86' lang='lat' dir='ltr'><strong>sexta</strong></span> <span class='ocrx_word' id='word_1_454' title='bbox 3029 3693 3436 3756; x_wconf 89' lang='lat' dir='ltr'><strong>distinctione</strong></span> <span class='ocrx_word' id='word_1_455' title='bbox 3477 3694 3775 3757; x_wconf 87' lang='lat' dir='ltr'><strong>diffusius</strong></span> <span class='ocrx_word' id='word_1_456' title='bbox 3815 3706 3984 3759; x_wconf 84' lang='lat' dir='ltr'><strong>sunt</strong></span> 
     </span>
     <span class='ocr_line' id='line_1_70' title="bbox 2471 3791 3984 3874; baseline 0.004 -22"><span class='ocrx_word' id='word_1_457' title='bbox 2471 3810 2788 3873; x_wconf 87' lang='lat' dir='ltr'><strong>expressa.</strong></span> <span class='ocrx_word' id='word_1_458' title='bbox 2841 3791 3105 3854; x_wconf 89' lang='lat' dir='ltr'><strong>Videtur</strong></span> <span class='ocrx_word' id='word_1_459' title='bbox 3153 3809 3408 3874; x_wconf 91' lang='lat' dir='ltr'><strong>quoque</strong></span> <span class='ocrx_word' id='word_1_460' title='bbox 3467 3794 3533 3854; x_wconf 92' lang='lat' dir='ltr'><strong>in</strong></span> <span class='ocrx_word' id='word_1_461' title='bbox 3588 3793 3684 3855; x_wconf 92' lang='lat' dir='ltr'><strong>his</strong></span> <span class='ocrx_word' id='word_1_462' title='bbox 3742 3794 3984 3858; x_wconf 88' lang='lat' dir='ltr'><strong>Scotus</strong></span> 
     </span>
     <span class='ocr_line' id='line_1_71' title="bbox 2473 3888 3985 3974; baseline 0.004 -24"><span class='ocrx_word' id='word_1_463' title='bbox 2473 3888 2597 3951; x_wconf 92' lang='lat' dir='ltr'><strong>sibi</strong></span> <span class='ocrx_word' id='word_1_464' title='bbox 2648 3888 2770 3971; x_wconf 89' lang='lat' dir='ltr'><strong>ipsi</strong></span> <span class='ocrx_word' id='word_1_465' title='bbox 2815 3890 3189 3963; x_wconf 88' lang='lat' dir='ltr'><strong>contrarius,</strong></span> <span class='ocrx_word' id='word_1_466' title='bbox 3224 3890 3374 3972; x_wconf 91' lang='lat' dir='ltr'><strong>quia</strong></span> <span class='ocrx_word' id='word_1_467' title='bbox 3414 3891 3546 3972; x_wconf 89' lang='lat' dir='ltr'><strong>jam</strong></span> <span class='ocrx_word' id='word_1_468' title='bbox 3590 3892 3778 3974; x_wconf 92' lang='lat' dir='ltr'><strong>paulo</strong></span> <span class='ocrx_word' id='word_1_469' title='bbox 3817 3902 3985 3957; x_wconf 81' lang='lat' dir='ltr'><strong>ante</strong></span> 
     </span>
     <span class='ocr_line' id='line_1_72' title="bbox 2473 3987 3988 4070; baseline 0.003 -21"><span class='ocrx_word' id='word_1_470' title='bbox 2473 3988 2747 4049; x_wconf 87' lang='lat' dir='ltr'><strong>sensisse</strong></span> <span class='ocrx_word' id='word_1_471' title='bbox 2797 3987 3068 4062; x_wconf 90' lang='lat' dir='ltr'><strong>videtur,</strong></span> <span class='ocrx_word' id='word_1_472' title='bbox 3103 3989 3273 4070; x_wconf 90' lang='lat' dir='ltr'><strong>quod</strong></span> <span class='ocrx_word' id='word_1_473' title='bbox 3319 3989 3500 4051; x_wconf 90' lang='lat' dir='ltr'><strong>Pater</strong></span> <span class='ocrx_word' id='word_1_474' title='bbox 3547 3990 3988 4054; x_wconf 84' lang='lat' dir='ltr'><strong>constituatur</strong></span> 
     </span>
     <span class='ocr_line' id='line_1_73' title="bbox 2474 4085 3982 4170; baseline 0.003 -23"><span class='ocrx_word' id='word_1_475' title='bbox 2474 4105 2588 4167; x_wconf 87' lang='lat' dir='ltr'><strong>per</strong></span> <span class='ocrx_word' id='word_1_476' title='bbox 2627 4086 2952 4148; x_wconf 86' lang='lat' dir='ltr'><strong>notionem</strong></span> <span class='ocrx_word' id='word_1_477' title='bbox 2996 4085 3506 4150; x_wconf 85' lang='lat' dir='ltr'><strong>innascibilitatis</strong></span> <span class='ocrx_word' id='word_1_478' title='bbox 3541 4106 3555 4151; x_wconf 92' lang='lat'><strong>:</strong></span> <span class='ocrx_word' id='word_1_479' title='bbox 3591 4108 3732 4170; x_wconf 81' lang='lat' dir='ltr'><strong>quae</strong></span> <span class='ocrx_word' id='word_1_480' title='bbox 3766 4089 3982 4165; x_wconf 85' lang='lat' dir='ltr'><strong>notio,</strong></span> 
     </span>
    </p>
   </div>
   <div class='ocr_carea' id='block_1_15' title="bbox 862 4184 3982 4267">
    <p class='ocr_par' dir='ltr' id='par_1_16' title="bbox 862 4184 3982 4267">
     <span class='ocr_line' id='line_1_74' title="bbox 862 4184 3982 4267; baseline 0.002 -20"><span class='ocrx_word' id='word_1_481' title='bbox 862 4192 1000 4248; x_wconf 90' lang='lat' dir='ltr'><strong>tum</strong></span> <span class='ocrx_word' id='word_1_482' title='bbox 1060 4194 1155 4248; x_wconf 91' lang='lat' dir='ltr'><strong>est</strong></span> <span class='ocrx_word' id='word_1_483' title='bbox 1204 4186 1281 4247; x_wconf 88' lang='lat' dir='ltr'><strong>de</strong></span> <span class='ocrx_word' id='word_1_484' title='bbox 1342 4184 1836 4267; x_wconf 88' lang='lat' dir='ltr'><strong>proprietatibus</strong></span> <span class='ocrx_word' id='word_1_485' title='bbox 1887 4186 2163 4247; x_wconf 89' lang='lat' dir='ltr'><strong>relativis</strong></span> <span class='ocrx_word' id='word_1_486' title='bbox 2223 4206 2361 4250; x_wconf 89' lang='lat' dir='ltr'><strong>esse</strong></span> <span class='ocrx_word' id='word_1_487' title='bbox 2391 4188 2441 4249; x_wconf 91' lang='lat' dir='ltr'>D</span> <span class='ocrx_word' id='word_1_488' title='bbox 2473 4184 2828 4245; x_wconf 90' lang='lat' dir='ltr'><strong>secundum</strong></span> <span class='ocrx_word' id='word_1_489' title='bbox 2885 4184 3334 4264; x_wconf 84' lang='lat' dir='ltr'><strong>Augustinum,</strong></span> <span class='ocrx_word' id='word_1_490' title='bbox 3389 4186 3624 4249; x_wconf 87' lang='lat' dir='ltr'><strong>dicitur</strong></span> <span class='ocrx_word' id='word_1_491' title='bbox 3681 4186 3982 4253; x_wconf 78' lang='lat' dir='ltr'><strong>relative.</strong></span> 
     </span>
    </p>
   </div>
   <div class='ocr_carea' id='block_1_16' title="bbox 865 4283 2369 5346">
    <p class='ocr_par' dir='ltr' id='par_1_17' title="bbox 865 4283 2369 5346">
     <span class='ocr_line' id='line_1_75' title="bbox 865 4283 2361 4364; baseline 0.001 -19"><span class='ocrx_word' id='word_1_492' title='bbox 865 4283 1373 4364; x_wconf 87' lang='lat' dir='ltr'><strong>intelligendum,</strong></span> <span class='ocrx_word' id='word_1_493' title='bbox 1428 4302 1628 4364; x_wconf 91' lang='lat' dir='ltr'><strong>quum</strong></span> <span class='ocrx_word' id='word_1_494' title='bbox 1695 4283 1909 4345; x_wconf 87' lang='lat' dir='ltr'><strong>nullus</strong></span> <span class='ocrx_word' id='word_1_495' title='bbox 1973 4284 2194 4345; x_wconf 85' lang='lat' dir='ltr'><strong>doctor</strong></span> <span class='ocrx_word' id='word_1_496' title='bbox 2253 4303 2361 4347; x_wconf 96' lang='lat' dir='ltr'><strong>au-</strong></span> 
     </span>
     <span class='ocr_line' id='line_1_76' title="bbox 866 4381 2362 4463; baseline 0.001 -20"><span class='ocrx_word' id='word_1_497' title='bbox 866 4382 1184 4443; x_wconf 88' lang='lat' dir='ltr'><strong>thenticus</strong></span> <span class='ocrx_word' id='word_1_498' title='bbox 1228 4400 1429 4463; x_wconf 89' lang='lat' dir='ltr'><strong>usque</strong></span> <span class='ocrx_word' id='word_1_499' title='bbox 1479 4382 1555 4443; x_wconf 91' lang='lat' dir='ltr'><strong>ad</strong></span> <span class='ocrx_word' id='word_1_500' title='bbox 1608 4389 1859 4463; x_wconf 88' lang='lat' dir='ltr'><strong>tempus</strong></span> <span class='ocrx_word' id='word_1_501' title='bbox 1912 4381 2065 4443; x_wconf 88' lang='lat' dir='ltr'><strong>illud</strong></span> <span class='ocrx_word' id='word_1_502' title='bbox 2120 4383 2362 4463; x_wconf 88' lang='lat' dir='ltr'><strong>legatur</strong></span> 
     </span>
     <span class='ocr_line' id='line_1_77' title="bbox 866 4478 2361 4560; baseline 0 -18"><span class='ocrx_word' id='word_1_503' title='bbox 866 4480 1049 4543; x_wconf 90' lang='lat' dir='ltr'><strong>aliter</strong></span> <span class='ocrx_word' id='word_1_504' title='bbox 1079 4478 1389 4542; x_wconf 89' lang='lat' dir='ltr'><strong>docuisse.</strong></span> <span class='ocrx_word' id='word_1_505' title='bbox 1424 4479 1710 4560; x_wconf 90' lang='lat' dir='ltr'><strong>Denique</strong></span> <span class='ocrx_word' id='word_1_506' title='bbox 1754 4480 1988 4542; x_wconf 84' lang='lat' dir='ltr'><strong>motiva</strong></span> <span class='ocrx_word' id='word_1_507' title='bbox 2018 4481 2152 4543; x_wconf 83' lang='lat' dir='ltr'><strong>haec</strong></span> <span class='ocrx_word' id='word_1_508' title='bbox 2193 4481 2361 4543; x_wconf 89' lang='lat' dir='ltr'><strong>Scoti</strong></span> 
     </span>
     <span class='ocr_line' id='line_1_78' title="bbox 868 4578 2364 4659; baseline 0.001 -19"><span class='ocrx_word' id='word_1_509' title='bbox 868 4578 958 4640; x_wconf 92' lang='lat' dir='ltr'><strong>nil</strong></span> <span class='ocrx_word' id='word_1_510' title='bbox 1011 4595 1268 4659; x_wconf 91' lang='lat' dir='ltr'><strong>prorsus</strong></span> <span class='ocrx_word' id='word_1_511' title='bbox 1319 4578 1729 4652; x_wconf 90' lang='lat' dir='ltr'><strong>concludunt,</strong></span> <span class='ocrx_word' id='word_1_512' title='bbox 1770 4596 1887 4639; x_wconf 91' lang='lat' dir='ltr'><strong>nec</strong></span> <span class='ocrx_word' id='word_1_513' title='bbox 1936 4578 2106 4639; x_wconf 90' lang='lat' dir='ltr'><strong>dicta</strong></span> <span class='ocrx_word' id='word_1_514' title='bbox 2153 4579 2364 4641; x_wconf 89' lang='lat' dir='ltr'><strong>valen-</strong></span> 
     </span>
     <span class='ocr_line' id='line_1_79' title="bbox 870 4675 2359 4752; baseline 0.001 -14"><span class='ocrx_word' id='word_1_515' title='bbox 870 4676 1264 4739; x_wconf 89' lang='lat' dir='ltr'><strong>tissimorum</strong></span> <span class='ocrx_word' id='word_1_516' title='bbox 1314 4676 1644 4737; x_wconf 90' lang='lat' dir='ltr'><strong>doctorum</strong></span> <span class='ocrx_word' id='word_1_517' title='bbox 1690 4675 2049 4749; x_wconf 84' lang='lat' dir='ltr'><strong>Alexandri,</strong></span> <span class='ocrx_word' id='word_1_518' title='bbox 2083 4676 2359 4752; x_wconf 85' lang='lat' dir='ltr'><strong>Thomae,</strong></span> 
     </span>
     <span class='ocr_line' id='line_1_80' title="bbox 870 4774 2365 4856; baseline -0.001 -17"><span class='ocrx_word' id='word_1_519' title='bbox 870 4774 1135 4848; x_wconf 89' lang='lat' dir='ltr'><strong>Alberti,</strong></span> <span class='ocrx_word' id='word_1_520' title='bbox 1188 4774 1663 4848; x_wconf 86' lang='lat' dir='ltr'><strong>Bonaventurae,</strong></span> <span class='ocrx_word' id='word_1_521' title='bbox 1717 4774 2216 4856; x_wconf 88' lang='lat' dir='ltr'><strong>sequaciumque</strong></span> <span class='ocrx_word' id='word_1_522' title='bbox 2265 4794 2365 4838; x_wconf 90' lang='lat' dir='ltr'><strong>eo-</strong></span> 
     </span>
     <span class='ocr_line' id='line_1_81' title="bbox 872 4872 2366 4953; baseline -0.001 -17"><span class='ocrx_word' id='word_1_523' title='bbox 872 4894 1038 4948; x_wconf 91' lang='lat' dir='ltr'><strong>rum,</strong></span> <span class='ocrx_word' id='word_1_524' title='bbox 1073 4873 1439 4935; x_wconf 89' lang='lat' dir='ltr'><strong>invalidant.</strong></span> <span class='ocrx_word' id='word_1_525' title='bbox 1480 4872 1720 4953; x_wconf 91' lang='lat' dir='ltr'><strong>Nempe</strong></span> <span class='ocrx_word' id='word_1_526' title='bbox 1764 4891 1964 4953; x_wconf 93' lang='lat' dir='ltr'><strong>quum</strong></span> <span class='ocrx_word' id='word_1_527' title='bbox 2009 4873 2232 4935; x_wconf 90' lang='lat' dir='ltr'><strong>dicunt</strong></span> <span class='ocrx_word' id='word_1_528' title='bbox 2274 4893 2366 4935; x_wconf 89' lang='lat' dir='ltr'><strong>re-</strong></span> 
     </span>
     <span class='ocr_line' id='line_1_82' title="bbox 875 4969 2367 5051; baseline -0.001 -16"><span class='ocrx_word' id='word_1_529' title='bbox 875 4973 1173 5035; x_wconf 89' lang='lat' dir='ltr'><strong>lationem</strong></span> <span class='ocrx_word' id='word_1_530' title='bbox 1224 4971 1610 5033; x_wconf 87' lang='lat' dir='ltr'><strong>considerari</strong></span> <span class='ocrx_word' id='word_1_531' title='bbox 1659 4969 2020 5051; x_wconf 90' lang='lat' dir='ltr'><strong>dupliciter,</strong></span> <span class='ocrx_word' id='word_1_532' title='bbox 2068 4971 2367 5034; x_wconf 84' lang='lat' dir='ltr'><strong>videlicet</strong></span> 
     </span>
     <span class='ocr_line' id='line_1_83' title="bbox 874 5069 2366 5153; baseline -0.002 -19"><span class='ocrx_word' id='word_1_533' title='bbox 874 5080 945 5134; x_wconf 89' lang='lat' dir='ltr'><strong>ut</strong></span> <span class='ocrx_word' id='word_1_534' title='bbox 1003 5070 1453 5153; x_wconf 88' lang='lat' dir='ltr'><strong>proprietatem</strong></span> <span class='ocrx_word' id='word_1_535' title='bbox 1502 5076 1565 5131; x_wconf 92' lang='lat' dir='ltr'><strong>et</strong></span> <span class='ocrx_word' id='word_1_536' title='bbox 1616 5076 1684 5131; x_wconf 91' lang='lat' dir='ltr'><strong>ut</strong></span> <span class='ocrx_word' id='word_1_537' title='bbox 1731 5069 2125 5143; x_wconf 87' lang='lat' dir='ltr'><strong>relationem,</strong></span> <span class='ocrx_word' id='word_1_538' title='bbox 2176 5077 2366 5151; x_wconf 91' lang='lat' dir='ltr'><strong>atque</strong></span> 
     </span>
     <span class='ocr_line' id='line_1_84' title="bbox 876 5167 2368 5251; baseline -0.001 -21"><span class='ocrx_word' id='word_1_539' title='bbox 876 5178 945 5231; x_wconf 92' lang='lat' dir='ltr'><strong>ut</strong></span> <span class='ocrx_word' id='word_1_540' title='bbox 990 5168 1441 5251; x_wconf 84' lang='lat' dir='ltr'><strong>proprietatem</strong></span> <span class='ocrx_word' id='word_1_541' title='bbox 1494 5167 1876 5229; x_wconf 86' lang='lat' dir='ltr'><strong>constituere</strong></span> <span class='ocrx_word' id='word_1_542' title='bbox 1925 5185 2262 5249; x_wconf 87' lang='lat' dir='ltr'><strong>personam</strong></span> <span class='ocrx_word' id='word_1_543' title='bbox 2305 5177 2368 5230; x_wconf 91' lang='lat' dir='ltr'><strong>et</strong></span> 
     </span>
     <span class='ocr_line' id='line_1_85' title="bbox 873 5265 2369 5346; baseline -0.001 -16"><span class='ocrx_word' id='word_1_544' title='bbox 873 5276 1088 5330; x_wconf 89' lang='lat' dir='ltr'><strong>actum</strong></span> <span class='ocrx_word' id='word_1_545' title='bbox 1119 5266 1503 5329; x_wconf 88' lang='lat' dir='ltr'><strong>notionalem</strong></span> <span class='ocrx_word' id='word_1_546' title='bbox 1544 5266 1921 5346; x_wconf 87' lang='lat' dir='ltr'><strong>praecedere,</strong></span> <span class='ocrx_word' id='word_1_547' title='bbox 1956 5265 2065 5327; x_wconf 90' lang='lat' dir='ltr'><strong>sed</strong></span> <span class='ocrx_word' id='word_1_548' title='bbox 2107 5274 2175 5327; x_wconf 91' lang='lat' dir='ltr'><strong>ut</strong></span> <span class='ocrx_word' id='word_1_549' title='bbox 2215 5267 2369 5329; x_wconf 88' lang='lat' dir='ltr'><strong>rela-</strong></span> 
     </span>
    </p>
   </div>
   <div class='ocr_carea' id='block_1_17' title="bbox 2471 4282 3992 4659">
    <p class='ocr_par' dir='ltr' id='par_1_18' title="bbox 2471 4282 3992 4659">
     <span class='ocr_line' id='line_1_86' title="bbox 2471 4282 3987 4366; baseline 0.005 -22"><span class='ocrx_word' id='word_1_550' title='bbox 2471 4282 2608 4344; x_wconf 85' lang='lat' dir='ltr'><strong>Non</strong></span> <span class='ocrx_word' id='word_1_551' title='bbox 2667 4300 2816 4362; x_wconf 90' lang='lat' dir='ltr'><strong>ergo</strong></span> <span class='ocrx_word' id='word_1_552' title='bbox 2875 4282 3284 4345; x_wconf 85' lang='lat' dir='ltr'><strong>constituitur</strong></span> <span class='ocrx_word' id='word_1_553' title='bbox 3342 4302 3455 4365; x_wconf 89' lang='lat' dir='ltr'><strong>per</strong></span> <span class='ocrx_word' id='word_1_554' title='bbox 3512 4285 3987 4366; x_wconf 83' lang='lat' dir='ltr'><strong>proprietatem</strong></span> 
     </span>
     <span class='ocr_line' id='line_1_87' title="bbox 2471 4380 3992 4467; baseline 0.003 -26"><span class='ocrx_word' id='word_1_555' title='bbox 2471 4380 2752 4461; x_wconf 88' lang='lat' dir='ltr'><strong>aliquam</strong></span> <span class='ocrx_word' id='word_1_556' title='bbox 2801 4380 3175 4442; x_wconf 87' lang='lat' dir='ltr'><strong>absolutam.</strong></span> <span class='ocrx_word' id='word_1_557' title='bbox 3220 4380 3670 4445; x_wconf 85' lang='lat' dir='ltr'><strong>Verumtamen</strong></span> <span class='ocrx_word' id='word_1_558' title='bbox 3711 4386 3811 4463; x_wconf 90' lang='lat' dir='ltr'><strong>(ut</strong></span> <span class='ocrx_word' id='word_1_559' title='bbox 3859 4404 3992 4467; x_wconf 78' lang='lat' dir='ltr'><strong>ap-</strong></span> 
     </span>
     <span class='ocr_line' id='line_1_88' title="bbox 2475 4478 3990 4563; baseline 0.007 -24"><span class='ocrx_word' id='word_1_560' title='bbox 2475 4478 2680 4560; x_wconf 84' lang='lat' dir='ltr'><strong>paret)</strong></span> <span class='ocrx_word' id='word_1_561' title='bbox 2739 4478 2960 4540; x_wconf 54' lang='lat' dir='ltr'><strong>Sco&#39;tus</strong></span> <span class='ocrx_word' id='word_1_562' title='bbox 3022 4478 3086 4539; x_wconf 89' lang='lat' dir='ltr'><strong>in</strong></span> <span class='ocrx_word' id='word_1_563' title='bbox 3145 4479 3244 4541; x_wconf 91' lang='lat' dir='ltr'><strong>his</strong></span> <span class='ocrx_word' id='word_1_564' title='bbox 3304 4479 3586 4562; x_wconf 85' lang='lat' dir='ltr'><strong>loquitur</strong></span> <span class='ocrx_word' id='word_1_565' title='bbox 3641 4484 3990 4563; x_wconf 80' lang='lat' dir='ltr'><strong>opinative</strong></span> 
     </span>
     <span class='ocr_line' id='line_1_89' title="bbox 2475 4577 3280 4659; baseline 0 -20"><span class='ocrx_word' id='word_1_566' title='bbox 2475 4578 2677 4659; x_wconf 86' lang='lat' dir='ltr'><strong>magis</strong></span> <span class='ocrx_word' id='word_1_567' title='bbox 2721 4595 2913 4658; x_wconf 90' lang='lat' dir='ltr'><strong>quam</strong></span> <span class='ocrx_word' id='word_1_568' title='bbox 2957 4577 3280 4639; x_wconf 90' lang='lat' dir='ltr'><strong>assertive.</strong></span> 
     </span>
    </p>
   </div>
   <div class='ocr_carea' id='block_1_18' title="bbox 2889 4850 3550 4924">
    <p class='ocr_par' dir='ltr' id='par_1_19' title="bbox 2889 4850 3550 4924">
     <span class='ocr_line' id='line_1_90' title="bbox 2889 4850 3550 4924; baseline 0.009 -12"><span class='ocrx_word' id='word_1_569' title='bbox 2889 4850 3364 4924; x_wconf 88' lang='lat' dir='ltr'><strong>QUAESTIO</strong></span> <span class='ocrx_word' id='word_1_570' title='bbox 3441 4854 3550 4918; x_wconf 88' lang='lat' dir='ltr'><strong>IV</strong></span> 
     </span>
    </p>
   </div>
   <div class='ocr_carea' id='block_1_19' title="bbox 2480 5066 4010 5334">
    <p class='ocr_par' dir='ltr' id='par_1_20' title="bbox 2480 5066 4010 5334">
     <span class='ocr_line' id='line_1_91' title="bbox 2485 5066 4008 5267; baseline -0.001 -135"><span class='ocrx_word' id='word_1_571' title='bbox 2485 5066 2810 5267; x_wconf 78' lang='lat' dir='ltr'><strong>QUarto</strong></span> <span class='ocrx_word' id='word_1_572' title='bbox 2835 5069 3274 5152; x_wconf 88' lang='lat' dir='ltr'><strong>principaliter</strong></span> <span class='ocrx_word' id='word_1_573' title='bbox 3298 5074 3764 5153; x_wconf 81' lang='lat' dir='ltr'><strong>quaeritur‚An</strong></span> <span class='ocrx_word' id='word_1_574' title='bbox 3785 5076 4008 5147; x_wconf 76' lang='lat' dir='ltr'><strong>ima..</strong></span> 
     </span>
     <span class='ocr_line' id='line_1_92' title="bbox 2480 5171 4010 5334; baseline 0.003 -98"><span class='ocrx_word' id='word_1_575' title='bbox 2480 5183 2753 5334; x_wconf 56' lang='lat' dir='ltr'><strong>vinigo</strong></span> <span class='ocrx_word' id='word_1_576' title='bbox 2801 5171 3226 5237; x_wconf 83' lang='lat' dir='ltr'><strong>conveniat</strong></span> <span class='ocrx_word' id='word_1_577' title='bbox 3273 5171 3426 5237; x_wconf 73' lang='lat' dir='ltr'><strong>soli</strong></span> <span class='ocrx_word' id='word_1_578' title='bbox 3471 5174 3678 5239; x_wconf 73' lang='lat' dir='ltr'><strong>Filio</strong></span> <span class='ocrx_word' id='word_1_579' title='bbox 3730 5174 3816 5241; x_wconf 73' lang='lat' dir='ltr'><strong>in</strong></span> <span class='ocrx_word' id='word_1_580' title='bbox 3867 5178 4010 5247; x_wconf 79' lang='lat' dir='ltr'><strong>‹n-</strong></span> 
     </span>
    </p>
   </div>
  </div>
 </body>
</html>
