4359 6250
1042 484 1264 539 QUAEST.
1309 486 1418 532 vm
1463 487 1476 531 :
1520 487 1606 532 AN
1647 485 1902 532 cAmTAs
1945 485 2148 532 Possrr
2190 487 2415 534 AUGERI
2456 487 2520 533 IN
2562 488 2877 535 murtrum
3428 472 3507 535 47

399 650 688 712 cundum
741 659 936 715 totam
979 654 1322 716 voluntatis
1364 655 1668 718 virtutem
1710 664 1901 738 atque
1933 655 1985 718 A
2015 657 2293 739 amplius
2333 660 2562 722 crescit
2602 661 2666 722 in
2705 660 2987 733 caritate,
3020 667 3195 723 tanto
3238 660 3380 742 plus
3420 661 3509 723 di-

395 755 740 826 conatum;
771 759 834 811 et
875 751 1016 812 talis
1055 751 1300 814 sufficit
1331 761 1641 834 quantum
1684 753 1749 815 in
1793 771 1902 814 no-

395 843 500 906 bis
539 855 660 920 est,
705 865 833 910 non
879 850 1104 912 minor.
1139 850 1282 912 Haec
1325 850 1614 914 Thomas,
1649 887 1729 896 —
1761 851 1901 914 Haec

393 961 550 1006 vero
599 945 1012 1028 intelligenda
1053 949 1372 1022 videntur,
1405 949 1579 1012 salva
1624 950 1900 1012 motione

393 1050 460 1103 et
503 1059 626 1124 ope
669 1045 944 1126 Spiritus
986 1047 1218 1120 Sancti,
1258 1048 1326 1109 in
1370 1048 1542 1109 omni
1588 1056 1732 1110 actu
1777 1066 1904 1109 me-

395 1141 626 1204 ritorio
663 1144 1002 1206 causaliter
1037 1164 1112 1207 ac
1153 1145 1595 1227 principaliter
1639 1163 1903 1208 concur-

392 1248 579 1301 rente
605 1258 620 1302 :
645 1242 754 1323 qui
787 1243 1108 1305 interdum
1141 1244 1416 1306 multum
1449 1244 1720 1325 gratiose
1754 1263 1905 1326 prae-

391 1339 578 1400 venit
624 1349 927 1414 mentem,
970 1341 1059 1403 ita
1099 1343 1271 1423 quod
1314 1343 1452 1404 sine
1494 1360 1611 1405 suo
1661 1343 1900 1424 ingenti

391 1445 634 1499 conatu
673 1439 1045 1501 accenditur
1073 1448 1136 1501 et
1178 1440 1436 1522 proficit
1467 1441 1895 1503 vehementer.

391 1535 618 1597 Nihilo
655 1537 870 1598 minus
901 1538 967 1599 in
1009 1538 1118 1600 tali
1159 1539 1588 1620 praeventione
1626 1539 1900 1601 liberum

390 1632 739 1696 arbitrium
783 1643 1175 1717 cooperatur.

779 1961 1258 2035 QUAESTIO
1323 1961 1525 2025 VIII

547 2225 738 2288 Ctavo
776 2227 1104 2308 quaeritur,
1141 2227 1274 2293 An
1315 2228 1611 2295 caritas
1651 2227 1906 2308 possit

571 2327 850 2403 augeri
893 2327 981 2391 111
1021 2325 1460 2393 infinitum.

483 2422 747 2485 Videtur
791 2424 962 2505 quod
1012 2442 1158 2486 non.
1213 2425 1442 2499 Primo,
1495 2425 1647 2506 quia
1696 2433 1764 2486 ut
1815 2425 1903 2488 ait

393 2520 843 2602 PhilosophuS,
877 2523 1166 2585 omnium
1211 2531 1433 2586 natura
1473 2524 1901 2586 constantium

396 2627 618 2681 certus
655 2627 748 2682 est
789 2619 942 2683 finis
981 2639 1094 2682 seu
1142 2640 1439 2683 mensura
1477 2629 1540 2682 et
1579 2622 1738 2683 ratio
1779 2641 1906 2682 ma-

219 2736 314 2782 ma
350 2765 362 2775 .
393 2718 796 2798 gnitudinis3
834 2728 1026 2800 atque
1067 2727 1138 2781 ut
1173 2721 1262 2781 ait
1299 2720 1646 2802 Scriptura,
1689 2720 1905 2781 omnia

396 2817 468 2877 in
503 2835 791 2890 numero,
827 2836 1128 2880 mensura
1168 2826 1230 2879 et
1263 2818 1542 2899 pondere
1573 2818 1903 2880 constituit

393 2915 590 2976 Deus.
645 2915 808 2996 Ergo
855 2915 1104 2977 caritati
1154 2915 1546 2996 praestitutus
1595 2923 1692 2977 est
1751 2915 1902 2977 finis

2016 754 2246 817 latatur
2286 765 2350 818 et
2396 758 2681 839 aperitur
2728 777 2836 821 cor
2877 759 3017 839 ejus
3060 759 3137 820 ad
3182 758 3507 821 caritatem

2016 855 2343 934 majorem.

2081 1051 2174 1113 Ad
2208 1050 2325 1113 hoc
2358 1051 2699 1132 respondet
2729 1052 3037 1114 Henricus
3068 1052 3294 1134 quinto
3320 1055 3514 1127 Quod-

2015 1148 2231 1222 libeto,
2266 1150 2614 1230 quaestione
2646 1151 2949 1212 vicesima
2986 1151 3262 1213 secunda
3296 1169 3310 1212 :
3344 1153 3412 1214 In
3445 1171 3512 1214 re

2014 1247 2251 1329 duplex
2310 1247 2748 1310 consideratur
2797 1248 3125 1330 perfectio,
3176 1257 3240 1311 et
3288 1268 3511 1313 secun-

2015 1344 2168 1406 dum
2202 1345 2320 1408 hoc
2352 1345 2588 1427 duplex
2620 1346 3057 1408 consideratur
3087 1346 3151 1408 in
3183 1365 3257 1409 ea
3287 1349 3513 1410 modus

2011 1444 2359 1525 augmenti.
2386 1445 2518 1507 Una
2546 1452 2641 1506 est
2672 1444 2981 1526 perfectio
3012 1445 3124 1520 rei,
3159 1447 3511 1509 consistens

2017 1543 2080 1604 in
2139 1543 2279 1623 ejus
2339 1544 2614 1605 essentia
2671 1562 2783 1605 seu
2841 1551 3065 1606 natura
3098 1563 3115 1623 3
3166 1545 3312 1620 alia,
3372 1565 3513 1627 quae

2015 1641 2307 1703 consistit
2337 1641 2401 1704 in
2433 1643 2797 1723 operatione
2830 1642 3051 1725 ipsiuS.
3076 1643 3283 1705 Prima
3312 1643 3515 1726 perfe-

2015 1737 2225 1799 ctione
2256 1737 2537 1819 perfecta
2565 1745 2663 1800 est
2699 1739 3017 1820 quantitas
3050 1739 3236 1802 molis
3269 1739 3333 1801 in
3364 1758 3511 1821 sup-

1939 1839 1985 1901 B
2016 1835 2246 1916 posito,
2298 1837 2552 1918 quando
2600 1837 2855 1918 attingit
2910 1845 3268 1900 extremum
3318 1856 3515 1919 quan-

2017 1934 2213 1996 titatis
2262 1933 2493 1997 dehitae
2540 1955 2671 1998 suae
2720 1934 2939 1998 formae
2988 1943 3051 1996 et
3099 1935 3357 2017 speciei,
3403 1943 3515 1998 aut

2015 2031 2414 2114 simpliciter,
2449 2039 2559 2095 aut
2597 2033 2949 2096 secundum
2991 2035 3161 2115 quod
3202 2033 3392 2096 habet
3420 2053 3515 2096 es-

2015 2148 2082 2192 se
2130 2130 2194 2191 in
2236 2131 2353 2193 hac
2394 2131 2496 2192 vel
2540 2131 2649 2193 illa
2692 2131 2973 2193 materia.
3009 2132 3238 2213 Sicque
3281 2131 3348 2194 in
3391 2131 3515 2195 for-

2017 2227 2137 2290 mis
2184 2228 2645 2309 recipientibus
2692 2229 2891 2310 magis
2937 2237 3000 2292 et
3041 2229 3275 2305 minus,
3308 2229 3514 2293 forma

2015 2334 2277 2388 vocatur
2341 2326 2625 2407 perfecta
2690 2327 2944 2407 quando
3005 2327 3259 2409 attingit
3314 2335 3514 2390 extre-

2017 2443 2195 2486 mum
2228 2424 2483 2485 virtutis
2524 2442 2634 2486 seu
2674 2424 2963 2486 virtualis
3001 2426 3371 2506 quantitatis
3411 2427 3513 2488 de-

2016 2520 2164 2584 bitae
2211 2523 2485 2603 propriae
2534 2522 2793 2603 speciei,
2828 2522 2929 2584 vel
2978 2523 3376 2604 simpliciter,
3410 2525 3509 2586 vel

2015 2627 2205 2700 prout
2235 2619 2425 2682 habet
2464 2639 2603 2682 esse
2647 2620 2711 2681 in
2744 2620 2865 2682 isto
2906 2620 3005 2682 vel
3047 2620 3175 2683 illo.
3211 2621 3339 2684 Hoc
3380 2641 3510 2684 mo-

2016 2718 2117 2790 do,
2152 2726 2465 2799 quantum
2506 2719 2663 2780 mihi
2702 2726 2985 2800 apparet,
3014 2721 3306 2800 quamvis
3348 2720 3510 2783 forte

2015 2817 2407 2878 contrarium
2447 2835 2670 2879 verum
2712 2818 2816 2890 sit,
2850 2835 3269 2900 quaecumque
3307 2819 3511 2882 forma

2016 2922 2247 2988 creata,
2282 2934 2359 2977 ex
2389 2932 2465 2977 eo
2496 2916 2664 2997 quod
2696 2922 2983 2979 creatura
3012 2923 3129 2992 est,
3152 2917 3319 2979 sicut
3350 2917 3513 2980 limi-

395 3014 570 3075 ultra
599 3032 790 3094 quem
821 3014 1038 3094 augeri
1071 3032 1198 3077 non
1231 3022 1455 3095 potest.
1482 3049 1563 3060 --
1588 3015 1899 3090 Secundo,
1939 3017 1984 3082 C
2017 3019 2142 3074 tata
2170 3020 2267 3074 est
2297 3014 2375 3075 ad
2408 3013 2709 3095 speciem,
2731 3014 2817 3074 ita
2848 3014 3117 3077 limitata
3145 3023 3241 3076 est
3268 3016 3348 3077 ad
3379 3034 3509 3077 cer-

393 3111 720 3194 capacitas
767 3112 998 3174 mentis
1049 3120 1272 3176 creatae
1324 3111 1511 3175 finita
1554 3121 1650 3175 est
1693 3132 1707 3175 ε
1753 3132 1905 3196 ergo

395 3211 676 3272 infinitae
707 3211 988 3273 caritatis
1018 3212 1381 3293 susceptiva
1421 3228 1548 3274 non
1578 3220 1691 3275 est.
1728 3214 1904 3275 Acci-

388 3309 559 3371 dens
604 3317 820 3371 autem
879 3310 1066 3391 quale
1123 3318 1221 3372 est
1279 3311 1528 3385 caritas,
1586 3330 1703 3373 nec
1761 3330 1900 3375 esse

391 3426 610 3489 neque
654 3409 872 3489 augeri
916 3415 1120 3489 potest
1161 3408 1282 3470 nisi
1329 3409 1394 3471 in
1433 3427 1549 3472 suo
1587 3409 1895 3490 subjecto.

391 3541 482 3550 -
511 3505 744 3578 Tertio,
779 3506 940 3567 nihil
979 3507 1266 3569 ordinate
1307 3515 1598 3569 movetur
1625 3515 1734 3569 aut
1765 3516 1900 3571 ten-

391 3604 490 3666 dit
525 3603 648 3666 nisi
676 3605 757 3666 ad
788 3604 1134 3667 terminum
1166 3624 1358 3687 quem
1402 3612 1610 3687 potest
1636 3606 1902 3688 attinge-

393 3722 468 3765 re
517 3721 532 3764 :
577 3721 708 3785 quo
755 3704 1007 3785 adepto,
1060 3703 1350 3785 quiescit.
1401 3704 1638 3767 Caritas
1685 3714 1897 3767 autem

389 3802 692 3883 augendo
742 3811 1032 3864 movetur
1073 3811 1136 3865 et
1187 3803 1389 3865 tendit
1431 3804 1506 3865 ad
1559 3804 1898 3885 quamdam

395 3898 880 3981 perfectionem,
899 3918 1050 3981 ergo
1077 3900 1157 3962 ad
1185 3900 1462 3982 aliquem
1492 3900 1685 3963 finem
1712 3920 1901 3983 quem

393 3998 790 4080 pertransire
823 4016 950 4059 non
981 3998 1164 4060 valet.
1199 4034 1276 4044 —
1304 4000 1555 4073 Quarto,
1589 4000 1641 4061 si
1672 4000 1898 4062 caritas

395 4096 466 4157 in
519 4095 850 4157 infinitum
894 4096 1063 4157 valet
1105 4096 1343 4177 augeri,
1383 4104 1595 4178 posset
1637 4116 1762 4159 non
1807 4117 1900 4161 so-

2015 3119 2150 3173 tum
2191 3111 2458 3193 gradum
2503 3111 2911 3195 perfectionis
2953 3113 3020 3175 in
3058 3133 3173 3176 sua
3210 3115 3506 3189 essentia,

2012 3210 2101 3272 ita
2147 3211 2319 3291 quod
2368 3212 2426 3271 ei
2485 3219 2581 3273 est
2630 3211 2941 3273 terminus
2999 3214 3304 3275 naturalis
3353 3214 3511 3277 citra

2012 3326 2206 3390 quem
2251 3308 2473 3371 sistere
2518 3309 2741 3390 nequit
2782 3308 2845 3371 in
2888 3310 3175 3384 minimo,
3211 3330 3327 3374 nec
3367 3330 3509 3394 pro·

2009 3407 2189 3487 gredi
2224 3407 2391 3468 valet
2424 3408 2489 3468 in
2530 3423 2802 3468 summ0.
2838 3406 2975 3470 Non
3014 3409 3185 3469 enim
3216 3409 3422 3483 vide0,
3454 3410 3507 3472 si

2012 3512 2225 3586 posset
2271 3506 2489 3586 augeri
2538 3505 2603 3566 in
2654 3504 3004 3578 infinitum,
3057 3506 3212 3587 quin
3262 3509 3507 3589 species

2011 3603 2255 3665 ratione
2285 3622 2412 3685 qua
2442 3603 2708 3685 specieS,
2744 3610 2957 3685 posset
2988 3604 3333 3667 consistere
3366 3606 3509 3668 inri-

2010 3702 2142 3764 nita
2176 3720 2191 3763 :
2226 3710 2289 3764 et
2330 3702 2422 3764 sic
2460 3702 2711 3764 nullum
2756 3701 3151 3783 impossihile
3190 3711 3357 3765 esset
3397 3723 3504 3786 po-

2011 3818 2160 3861 nere
2220 3800 2623 3862 individuum
2680 3807 2824 3861 actu
2884 3800 3003 3863 suh
3062 3808 3233 3863 certa
3289 3802 3502 3883 specie

2011 3898 2360 3960 infinitum.
2396 3934 2477 3943 -
2506 3899 2797 3961 Secundo
2840 3900 3027 3962 modo
3075 3899 3280 3962 forma
3324 3918 3502 3963 voca-

2009 4004 2112 4058 tur
2151 3996 2454 4078 perfecta,
2488 3996 2743 4079 quando
2785 4004 2991 4080 potest
3030 4016 3322 4060 exercere
3357 4016 3502 4081 ope·

2008 4095 2318 4157 rationem
2371 4094 2735 4177 perfectiori
2796 4096 2984 4159 modo
3031 4114 3158 4179 quo
3206 4097 3502 4159 convenit

395 4194 536 4256 lum
577 4194 840 4257 caritate
880 4201 946 4255 et
981 4195 1183 4273 gratia
1225 4195 1664 4257 sacratissimae
1703 4197 1900 4279 Virgi-
1927 4202 1978 4263 D
2007 4194 2154 4267 sibi,
2200 4201 2310 4255 aut
2354 4194 2417 4255 in
2462 4212 2535 4255 ea
2579 4201 2799 4256 natum
2842 4201 2940 4257 est
2980 4194 3143 4257 fieri.

393 4292 525 4362 niS,
559 4291 672 4352 sed
711 4297 776 4351 et
814 4289 1046 4352 animae
1076 4289 1330 4363 Christi,
1368 4290 1570 4371 major
1606 4292 1806 4372 gratia
1834 4302 1897 4355 et

393 4390 630 4451 caritas
669 4407 830 4451 esse.
868 4388 1066 4450 Omne
1107 4389 1278 4449 enim
1318 4389 1598 4463 finitum,
1635 4409 1749 4471 per
1790 4392 1895 4453 ad-

391 4488 708 4551 ditionem
743 4487 1112 4549 continuam
1153 4494 1360 4568 potest
1397 4505 1761 4549 excrescere
1793 4509 1896 4551 su-

395 4606 516 4669 pra
574 4586 860 4659 finitum,
921 4604 1120 4666 quum
1183 4604 1384 4646 unum
1447 4584 1705 4648 finitum
1769 4605 1894 4650 non

391 4685 743 4747 excedatur
771 4685 853 4746 ab
883 4683 1010 4746 alio
1044 4684 1760 4765 improportionabiliter
1787 4694 1898 4749 aut

395 4783 675 4845 infinite.
709 4818 792 4829 -—
822 4782 1073 4855 Quinto,
1107 4782 1162 4843 si
1203 4782 1427 4845 caritas
1469 4790 1674 4864 potest
1710 4785 1775 4846 in
1805 4784 1899 4846 in-

395 4880 662 4944 finitum
721 4880 964 4961 augeri,
1018 4887 1230 4962 posset
1287 4880 1542 4942 tandem
1604 4882 1896 4946 increatae

395 4981 646 5042 caritati
696 4978 956 5061 aequari.
989 5014 1070 5023 —
1099 4980 1306 5053 Sext0,
1341 4979 1492 5061 quia
1535 4980 1626 5042 sic
1670 4981 1896 5043 caritas

397 5079 530 5141 viae
569 5087 781 5159 posset
820 5079 1057 5159 aequari
1099 5078 1344 5140 caritati
1390 5078 1628 5159 patriae,
1665 5079 1792 5142 imo
1835 5088 1898 5141 et

401 5176 610 5256 major
650 5196 723 5239 ea
765 5176 932 5238 fieri.

493 5274 560 5335 ln
615 5274 1006 5338 contrarium
1063 5282 1178 5349 est,
1231 5276 1401 5357 quod
1458 5281 1697 5358 quanto
1752 5276 1897 5359 quis

2088 4293 2197 4355 Est
2238 4301 2450 4355 autem
2495 4293 2714 4374 opinio
2758 4311 2884 4354 una
2925 4293 3298 4368 dicentium,
3332 4296 3501 4376 quod

2008 4392 2233 4454 caritas
2264 4398 2455 4473 queat
2483 4391 2698 4472 augeri
2731 4392 2795 4453 in
2829 4391 3179 4465 infinitum,
3198 4394 3501 4474 quoniam

2007 4508 2135 4552 non
2193 4498 2400 4570 potest
2448 4489 2507 4550 ei
2559 4488 2804 4570 praefigi
2864 4490 3197 4563 terminuS,
3250 4509 3368 4553 nec
3422 4510 3501 4553 ex

2007 4595 2183 4670 parte
2217 4588 2417 4669 ipsius
2446 4586 2725 4648 caritatis
2755 4588 3266 4668 augmentabiliS,
3298 4609 3500 4671 quum

2006 4687 2089 4747 sit
2128 4685 2530 4767 participatio
2568 4692 2632 4746 et
2671 4685 3042 4747 assimilatio
3076 4687 3365 4766 quaedam
3406 4706 3503 4750 ca-

2006 4784 2209 4846 ritatis
2253 4784 2544 4847 increatae
2587 4790 2651 4845 et
2691 4782 2982 4857 infinitae,
3016 4784 3126 4865 qui
3168 4792 3267 4845 est
3304 4785 3499 4867 Spiri-

2009 4891 2107 4945 tus
2147 4883 2447 4960 Sanctus3
2480 4901 2595 4943 nec
2637 4900 2713 4943 ex
2756 4890 2929 4963 parte
2971 4882 3215 4961 agentis
3256 4901 3369 4943 seu
3400 4901 3497 4945 ca-

2006 4982 2259 5044 ritatem
2306 4980 2617 5061 augentis,
2653 4979 2763 5061 qui
2812 4985 2909 5039 est
2956 4980 3119 5040 Deus
3170 4978 3497 5043 immensae

2007 5078 2296 5157 virtutis;
2330 5096 2447 5139 nec
2476 5096 2554 5139 ex
2586 5084 2761 5159 parte
2792 5076 3087 5156 subjecti,
3122 5076 3202 5138 ob
3239 5095 3495 5140 causam

2003 5177 2136 5257 jam
2178 5184 2429 5238 tactam.

2087 5274 2431 5337 Veritatem
2486 5271 2680 5353 hujus
2732 5270 3054 5354 opinionis
3102 5271 3317 5336 videre
3368 5291 3496 5339 non
