4359 6250
895 483 1016 552 404

1525 507 1590 556 m
1631 507 1853 556 unum(
1893 509 1914 554 1
1956 501 2439 554 SENTENTIARUH.
2482 524 2564 534 —
2605 503 2760 552 msT.
2804 502 3034 568 xxxv13
3078 500 3300 560 QUAEST.
3344 501 3367 549 1

975 676 1156 740 Nunc
1195 679 1362 742 idem
1406 680 1773 743 monstrabo
1810 698 1888 742 ex
1933 677 2121 741 dictis
2157 678 2224 740 B.
2268 678 2391 740 Au·
2420 676 2471 738 A
2501 676 2622 738 Has
2654 685 2867 739 autem
2905 676 3180 739 rationes
3219 675 3329 738 ubi
3368 692 3507 736 esse
3550 668 3999 734 'arbitrandum

892 776 1156 855 gustini,
1191 777 1300 859 qui
1332 778 1399 841 in
1433 779 1594 841 libro
1633 779 1924 841 LXXXIII
1959 777 2387 851 Quaestionum

888 872 1166 938 effatur:
1191 875 1365 939 Ideas
1394 877 1565 939 Plato
1596 877 1842 959 primus
1872 874 2225 958 appellasse
2256 893 2392 957 per-

892 972 1170 1048 hibetur,
1212 983 1284 1037 et
1319 976 1612 1057 quamvis
1663 975 1800 1058 ipse
1850 976 2060 1056 primo
2109 993 2263 1036 usus
2310 974 2393 1035 sit

891 1072 1152 1135 nomine
1185 1073 1314 1148 illo,
1353 1092 1480 1137 non
1512 1083 1721 1136 tamen
1755 1093 1856 1136 res
1886 1073 2246 1154 significata
2278 1091 2391 1154 per

889 1187 1124 1232 nomen
1172 1171 1292 1234 hoc
1337 1179 1482 1235 ante
1531 1171 1656 1234 fuit
1702 1171 1965 1234 omnino
2014 1172 2246 1252 ignota.
2301 1170 2392 1233 Si·

889 1266 1152 1347 quidem
1194 1276 1366 1331 tanta
1403 1269 1503 1332 vis
1543 1270 1954 1332 constituitur
1994 1269 2059 1331 in
2101 1267 2285 1342 ideis,
2320 1274 2391 1329 ut

890 1365 1017 1426 ‚nisi
1047 1365 1148 1428 his
1179 1366 1521 1430 intellectis
1553 1368 1805 1450 sapiens
1847 1387 1984 1430 esse.
2026 1385 2217 1429 nemo
2255 1385 2392 1448 pos-

889 1462 989 1524 sit.
1047 1464 1206 1527 Sunt
1253 1485 1530 1548 namque
1578 1466 1734 1528 ideae
1783 1465 2169 1547 principales
2222 1484 2389 1546 qum-

889 1561 1036 1623 dam
1092 1562 1314 1626 formae
1359 1564 1458 1626 vel
1521 1565 1794 1626 rationes
1853 1583 2064 1625 rerum
2127 1562 2387 1624 stabiles

889 1667 1078 1741 atque
1123 1661 1700 1736 incommutabileS,
1747 1682 1888 1743 quie
1933 1661 2217 1724 formatae
2260 1679 2385 1723 non

889 1764 1057 1833 sunt,
1089 1778 1161 1821 ac
1200 1779 1314 1842 per
1347 1760 1467 1822 hoc
1504 1769 1754 1822 aeternae
1793 1767 1961 1834 sunt,
1996 1778 2251 1841 semper
2287 1777 2387 1820 eo-

2500 782 2615 848 est,
2668 775 2792 837 nisi
2842 775 2906 837 in
2957 784 3169 837 mente
3219 771 3583 837 creatoris?
3631 771 3769 833 Non
3816 769 3999 830 enim

2500 873 2848 955 quidquam
2881 881 3059 937 extra
3089 893 3155 935 se
3187 873 3465 955 positum
3502 869 3893 940 intuebatur,
3931 874 4004 926 ut

2500 972 2850 1034 secundum
2888 972 3047 1034 illud
3086 971 3500 1034 constitueret
3540 968 3706 1051 quod
3746 965 3995 1046 agebat.

2500 1071 2633 1143 Quo
2665 1078 2835 1152 patet
2867 1071 3034 1152 quod
3068 1071 3209 1132 idea
3246 1070 3327 1131 sit
3368 1066 3786 1150 cognoscendi
3823 1065 3999 1148 prin-

2501 1169 2765 1250 cipium.
2810 1169 2984 1232 Unde
3022 1176 3083 1231 et
3120 1168 3275 1231 alibi
3312 1167 3538 1231 asserit
3575 1164 3995 1246 AugustinuS‚

2500 1267 2667 1348 quod
2700 1268 2810 1349 qui
2842 1275 3029 1348 negat
3060 1269 3371 1329 mundum
3412 1266 3855 1348 archetypum,
3890 1281 3999 1324 ne-

2498 1373 2601 1445 gat
2634 1365 2865 1428 Filium
2898 1367 3029 1429 Dei.
3066 1365 3263 1428 Filius
3302 1374 3513 1428 autem
3550 1365 3659 1427 Dei
3690 1370 3787 1425 est
3828 1381 3999 1424 ema-

2500 1465 2671 1528 natio
2730 1465 3113 1540 intellectus,
3165 1449 3227 1528 et
3282 1465 3345 1527 in
3406 1483 3482 1527 eo
3528 1464 3719 1526 -Pater
3776 1461 3999 1525 omnia

2498 1563 2801 1625 intuetur.
2846 1564 3106 1637 Rursus,
3147 1564 3213 1626 in
3254 1563 3420 1625 libro
3456 1562 3533 1624 de
3572 1560 3807 1624 Ordine
3848 1578 3998 1622 con·

2498 1667 2765 1722 testatur
2804 1681 2817 1724 :
2860 1661 3032 1723 Plato
3074 1678 3199 1723 non
3244 1661 3476 1722 erravit
3522 1658 3994 1740 intelligibilem

2500 1776 2740 1839 ponens
2773 1759 3109 1832 mundum,
3144 1766 3204 1821 et
3235 1777 3468 1820 vocans
3500 1758 3797 1820 eumdem
3834 1775 3995 1818 sem·

889 1856 1036 1918 dem
1077 1859 1265 1920 modo
1303 1877 1440 1921 sese
1480 1858 1824 1934 habentes3
1857 1877 1999 1940 quae
2035 1857 2254 1919 divina
2290 1857 2383 1918 in·
2423 1857 2470 1919 B
2500 1858 2812 1938 piternam
2842 1866 3032 1940 atque
3059 1857 3652 1921 incommutabilem
3679 1857 3991 1918 rationem

885 1954 1239 2036 telligentia
1295 1957 1722 2019 continentur.
1784 1957 1990 2029 Quum
2053 1955 2207 2035 ipsae
2264 1973 2383 2016 nec

885 2051 1172 2116 oriantur
1222 2073 1430 2135 neque
1488 2054 1821 2127 intereant,
1865 2054 2217 2115 secundum
2277 2072 2381 2115 eas

885 2158 1102 2214 tamen
1158 2151 1420 2215 formari
1484 2153 1719 2215 dicitur
1767 2171 1956 2214 omne
2011 2152 2179 2235 quod
2228 2150 2381 2213 oriri

885 2257 948 2311 et
990 2250 1250 2313 interire
1283 2259 1510 2333 potest,
1545 2260 1608 2313 et
1648 2268 1838 2313 omne
1878 2251 2044 2333 quod
2087 2250 2292 2313 oritur
2321 2259 2383 2334 et

885 2347 1122 2409 interit.
1161 2348 1252 2411 Ex
1301 2349 1416 2411 hac
1461 2349 1525 2411 B.
1571 2349 1910 2430 Augustini
1953 2347 2380 2429 descriptione

881 2445 1259 2521 ostenditur,
1301 2447 1472 2528 quod
1511 2447 1669 2509 ideae
1708 2447 1837 2508 sint
1879 2447 2154 2509 rationes
2198 2453 2261 2507 et
2303 2445 2381 2507 si-

881 2544 1279 2606 militudines
1319 2545 1566 2607 entium
1602 2544 1896 2607 increatae
1931 2564 1945 2608 ε
1978 2545 2130 2626 quia
2169 2552 2236 2606 ut
2267 2543 2375 2618 ait,

881 2660 1284 2724 nequaquam
1320 2642 1604 2706 formatae
1635 2651 1804 2716 sunt,
1830 2642 1939 2705 sed
1969 2651 2237 2705 aeternae.
2263 2643 2379 2704 Na-

879 2748 1039 2803 turae
1095 2748 1306 2802 autem
1371 2748 1596 2803 creatae
1653 2740 1938 2804 formata}
1997 2748 2146 2802 sunt
2190 2760 2203 2803 :
2250 2740 2381 2802 imo

879 2845 944 2899 et
975 2845 1044 2898 ut
1074 2838 1411 2902 intellectae
1441 2859 1478 2901 a
1500 2839 1650 2914 Dec,
1671 2838 1751 2900 ab
1783 2839 2095 2900 idealibus
2127 2838 2382 2900 rationi-

882 2935 1003 2997 bus
1045 2935 1356 2999 Creatoris
1394 2957 1540 2999 suas
1579 2937 1941 3018 suscipiunt
1979 2937 2275 3010 rationeS,
2311 2943 2381 2998 ιιι

879 3041 1120 3095 tactum
1169 3041 1283 3096 est.
1335 3069 1418 3080 -—
1465 3034 1773 3118 Denique,
1827 3035 1996 3116 quod
2047 3035 2204 3098 ideae
2252 3036 2379 3097 sint
2419 3039 2462 3103 C

881 3132 1276 3215 principium
1352 3134 1774 3214 cognoscendi
1839 3154 1912 3196 ac
1979 3134 2376 3216 gubernandi

883 3239 1112 3305 creata,
1157 3231 1378 3313 pandit
1414 3232 1829 3312 Augustinus,
1874 3232 2143 3295 dice-ndo
2177 3252 2192 3296 :
2226 3234 2377 3307 Quis

877 3329 1104 3391 audeat
1150 3329 1361 3391 dicere
1417 3330 1617 3392 Deum
1670 3329 2189 3393 irrationabiliter
2238 3350 2377 3394 om-

841 3410 986 3489 ‘nia
1030 3427 1435 3490 condidisset
1473 3428 1648 3501 Quod
1693 3428 1745 3489 si
1789 3429 1916 3490 dici
1961 3438 2024 3491 et
2065 3430 2236 3492 credi
2284 3450 2376 3493 re-

875 3532 974 3587 ete
1007 3542 1132 3588 non
1163 3533 1391 3607 potest,
1426 3534 1620 3588 restat
1653 3528 1820 3608 quod
1863 3528 2080 3591 omnia
2110 3529 2378 3592 rationa-

875 3624 1093 3686 biliter
1121 3624 1252 3686 sint
1280 3625 1550 3687 condita.
1585 3626 1713 3689 Hoc
1741 3634 1952 3689 autem
1984 3627 2377 3708 Augustinus

876 3720 1295 3804 deprompsit,
1328 3724 1408 3785 ad
1438 3723 2001 3787 demonstrandum
2038 3726 2208 3807 quod
2252 3725 2377 3788 nisi

876 3821 1259 3883 concedatur
1289 3822 1453 3885 Deus
1483 3823 1701 3885 omnia
1732 3843 1845 3905 per
1875 3823 2109 3886 ideales
2139 3824 2375 3887 formas

869 3920 1396 4001 exemplaresque
1453 3921 1726 3983 rationes
1785 3920 2036 3995 fecisse,
2087 3922 2377 4003 sequitur

869 4018 1045 4098 quod
1095 4018 1612 4081 irrationabiliter
1657 4020 1881 4082 fecerit
1929 4040 2019 4083 ea.
2070 4021 2233 4101 Ergo
2280 4040 2375 4083 ra-

869 4114 963 4176 tio
1013 4115 1234 4178 idealis
1281 4136 1395 4179 seu
1448 4118 1774 4199 exemplar
1819 4126 1916 4179 est
1966 4120 2368 4199 cognitionis,

2499 1975 2623 2036 qua
2665 1957 2831 2018 Deus
2874 1956 3026 2019 fecit
3068 1958 3239 2019 hunc
3284 1957 3619 2018 mundum.

2574 2054 2748 2117 Idem
2809 2054 3115 2136 probatur
3170 2055 3543 2118 auctoritate
3604 2053 3826 2126 Boetii‚
3883 2051 3993 2134 qui

2494 2151 2767 2216 Platonis
2815 2154 3193 2216 sententiam
3246 2153 3467 2216 metris
3514 2151 3849 2235 expressit,
3902 2151 3993 2212 di-

2496 2252 2697 2314 cendo
2728 2269 2743 2313 τ
3393 2251 3403 2260 ’

2544 2403 2592 2454 O
2622 2403 2716 2469 qui
2750 2407 3022 2469 perpetua
3052 2404 3321 2456 mundum
3352 2404 3568 2457 ratione
3596 2402 3901 2468 gubernas.

2496 2541 2571 2602 Et
2601 2549 2743 2623 post
2774 2561 2975 2624 pauca
3008 2558 3023 2604 ε

2544 2684 2721 2743 Quem
2755 2699 2865 2735 non
2900 2688 3145 2734 exterum
3178 2684 3513 2749 pepulerunt
3551 2683 3759 2748 fingere
3800 2699 3990 2736 causoe

2542 2766 2796 2817 Materiae
2832 2765 3106 2816 fluitantis
3145 2779 3309 2830 opus,
3342 2779 3533 2816 verum
3570 2765 3743 2816 insita
3783 2766 3988 2816 summi

2542 2847 2744 2898 Forma
2770 2846 2920 2908 boni,
2950 2845 3125 2897 livore
3154 2860 3371 2897 carens.
3396 2847 3481 2897 Tu
3510 2851 3717 2897 cuncta
3746 2861 3991 2912 superno

2538 2927 2712 2978 Ducis
2732 2926 2801 2978 ab
2822 2926 3097 2992 exemplo,
3112 2926 3406 2992 pulchrum
3430 2926 3847 2992 pulcherrimus
3870 2929 3989 2993 ipse

2540 3007 2815 3059 Mundum
2859 3011 3045 3057 mente
3084 3020 3285 3071 gerens
3307 2999 3607 3073 'similique
3648 3007 3703 3058 in
3747 3008 3991 3071 imagine

3694 3087 3987 3155 [formans.

2494 3224 2583 3287 Ex
2606 3224 2840 3307 quibus
2866 3234 3131 3301 constat,
3157 3225 3329 3308 quod
3360 3226 3616 3289 Creator
3634 3226 3989 3289 altissimus

2492 3326 2965 3408 intelligibilem
2998 3335 3189 3409 atque
3219 3328 3635 3411 archetypum
3672 3328 3987 3391 mundum

2494 3424 2658 3486 intra
2700 3444 2767 3487 se
2811 3426 3116 3499 intuetur,
3150 3433 3214 3487 et
3256 3426 3334 3487 ad
3378 3425 3518 3507 ejus
3563 3426 3985 3489 imitationem

2492 3523 2752 3586 molitus
2800 3532 2897 3585 est
2941 3524 3254 3585 mundum
3300 3524 3693 3599 sensibilem,
3736 3526 3814 3587 ad
3858 3545 3989 3588 suae

2492 3622 2725 3685 mentis
2769 3622 3096 3704 exemplar
3136 3622 3504 3704 respiciens

2570 3722 2699 3784 Hoc
2750 3739 3005 3804 quoque
3063 3720 3401 3783 Anselmus
3461 3722 3527 3783 in
3586 3722 3985 3803 Monologion

2490 3838 2607 3882 suo
2650 3827 3005 3901 protestans
3048 3836 3063 3881 ε
3104 3818 3293 3881 Nullo
3334 3819 3602 3903 (inquit)
3646 3821 3835 3883 modo
3877 3840 3987 3904 po-

2489 3926 2612 3980 test
2648 3918 2889 3999 aliquid
2932 3916 3013 3979 ab
3054 3916 3270 3998 aliquo
3313 3918 3774 3981 rationabiliter
3816 3918 3983 3993 fieri,

2488 4016 2613 4078 nisi
2656 4016 2721 4077 in
2761 4016 3056 4078 facientis
3096 4015 3338 4078 ratione
3378 4017 3689 4097 praecedat
3728 4015 3983 4099 aliquod

2489 4114 2579 4176 rei
2615 4115 2921 4178 faciendae
2957 4116 3136 4197 quasi
3170 4116 3566 4197 exemplum,
3600 4116 3737 4177 sive
3772 4117 3984 4199 aptius

871 4211 1004 4274 imo
1043 4221 1105 4275 et
1144 4214 1537 4296 sapientialis
1578 4216 2101 4299 rati0nabilisque
2141 4220 2373 4299 produ·
2405 4224 2453 4285 D
2486 4213 2721 4275 dicitur
2766 4213 2973 4277 forma
3020 4214 3121 4276 vel
3170 4213 3528 4276 similitudo
3584 4221 3694 4276 aut
3741 4214 3978 4295 regula.

871 4310 1122 4386 ctionis,
1165 4312 1582 4395 principium,
1625 4314 1925 4375 similiter
1962 4324 2024 4376 et
2061 4316 2375 4395 guberna-

869 4408 1087 4483 tioniS,
1130 4430 1271 4491 quae
1308 4418 1404 4473 est
1440 4419 1618 4473 actus
1659 4412 2028 4493 prudentiae.
2070 4415 2161 4476 Ad
2204 4418 2371 4496 quod

869 4507 1319 4570 declarandum
1379 4508 1663 4590 loquitur
1708 4509 2101 4590 Augustinus
2153 4530 2168 4573 ε
2220 4514 2370 4586 Quis

870 4623 1019 4667 vera
1048 4604 1353 4685 religione
1386 4604 1672 4667 imbutus
1702 4607 1930 4667 audeat
1961 4626 2209 4688 negare,
2242 4627 2373 4673 om-

868 4702 976 4765 nia
1013 4722 1154 4785 quae
1195 4702 1360 4764 fiunt
1402 4710 1463 4765 et
1509 4712 1783 4785 aguntur
1825 4722 2100 4787 suosque
2144 4726 2369 4771 cursus

868 4811 1042 4865 certo
1089 4802 1523 4865 moderamine
1574 4802 1916 4876 celebrant,
1969 4805 2208 4866 summi
2257 4806 2368 4868 Dei

869 4901 1119 4981 legibus
1157 4900 1470 4963 contineri
1511 4909 1573 4963 et
1608 4900 1995 4981 gubernari?
2030 4902 2176 4965 Ideo
2216 4922 2367 4965 cun-

867 5008 972 5062 cta
999 4999 1275 5083 propriis
1302 4999 1658 5062 rationibus
1689 5008 1838 5062 sunt
1868 5007 2092 5063 creata.
2117 5036 2199 5046 --
2218 5001 2371 5063 Rur-

867 5118 1001 5173 suS,
1042 5100 1211 5180 quod
1259 5098 1394 5162 istae
1441 5098 1716 5161 rationes
1765 5098 2000 5161 ideales
2049 5100 2177 5162 sint
2220 5120 2367 5163 vere

865 5198 938 5260 in
977 5198 1125 5273 Deo,
1168 5204 1232 5260 et
1273 5198 1444 5279 quod
1490 5198 1627 5279 ipse
1669 5198 1747 5259 ad
1794 5216 2011 5260 earum
2061 5198 2364 5262 intuitum

867 5304 1187 5379 operetur,
1212 5295 1576 5359 manifestat
1605 5296 2018 5376 AugustinuS‚
2036 5298 2363 5361 addendo:

2484 4312 2597 4374 Illa
2643 4322 2854 4375 autem
2902 4312 3109 4375 forma
3149 4330 3291 4393 quae
3336 4312 3402 4373 in
3447 4312 3759 4375 Creatoris
3801 4312 3983 4375 ratio-

2486 4429 2564 4471 ne
2604 4430 2702 4473 res
2746 4411 3049 4473 creandas
3089 4410 3435 4492 praecessit,
3473 4410 3628 4492 quid
3671 4410 3845 4472 aliud
3886 4418 3983 4472 est

2482 4527 2677 4591 quam
2722 4510 3012 4592 quaedam
3058 4527 3269 4571 rerum
3318 4509 3384 4570 in
3428 4508 3567 4590 ipsa
3608 4509 3851 4572 ratione-
3894 4508 3981 4571 lo-

2482 4608 2674 4683 cutio,
2718 4608 2893 4670 velut
2932 4628 3132 4690 quum
3174 4606 3356 4669 faber
3396 4606 3676 4670 facturus
3723 4607 3980 4689 aliquod

2482 4725 2611 4769 suae
2654 4706 2808 4768 artis
2850 4724 3035 4787 opuS,
3078 4706 3235 4767 illud
3280 4704 3461 4787 prius
3504 4704 3671 4768 intra
3714 4724 3781 4768 se
3824 4706 3979 4768 dicit

2482 4805 2715 4866 mentis
2764 4804 3225 4886 concept-lone?
3278 4804 3352 4866 Et
3400 4804 3535 4867 haec
3582 4805 3743 4867 ratio
3788 4813 3977 4887 atque

2481 4902 2718 4966 locutio
2748 4904 2838 4966 rei
2870 4904 2935 4965 in
2967 4904 3116 4976 Deo,
3149 4910 3245 4965 est
3275 4903 3415 4985 ipsa
3442 4903 3555 4966 Dei
3586 4905 3882 4974 essentia,
3914 4910 3979 4965 et

2478 5001 2833 5063 similitudo
2869 5010 2965 5063 est
3004 4999 3116 5063 rei.
3152 5001 3324 5063 Istud
3362 5001 3705 5064 Anselmus
3741 5000 3975 5063 diffuse

2478 5100 2903 5182 prosequitur.

2557 5200 2843 5281 Denique
2901 5200 3001 5262 his
3060 5200 3442 5263 concordant
3502 5198 3971 5283 praecipuorum

2476 5299 2647 5360 dicta
2702 5298 3255 5381 philosophorum.
3306 5299 3409 5362 Ait
3462 5300 3638 5363 enim
3688 5299 3861 5363 Plato
3906 5298 3971 5361 in

4020 2407 4257 2454 Boeumjiht

4020 2470 4088 2521 ΙΙΙ,
4100 2475 4251 2512 neus.
