4359 6250
134 3248 235 3291 cm.
250 3266 303 3301 vt,
317 3257 355 3295 3.

778 507 864 552 ΑΝ
907 507 1351 554 mormanus
1390 507 1705 552 natm-tva:
1746 506 2157 553 consummi·
2201 505 2264 551 m
2305 507 2532 552 mvnvs
2575 507 2906 564 raasoms,
2948 506 3076 552 mc.
3357 485 3476 549 217

388 675 533 737 latio
576 693 691 736 seu
742 682 1003 737 mutuus
1050 693 1228 738 amor
1270 675 1621 738 amicorum
1664 675 1742 737 ad
1786 674 1878 738 in·
1908 671 1960 735 A
1990 675 2091 737 vel
2133 674 2620 749 emanationem,
2653 684 2717 738 et.
2756 677 2907 738 item
2948 677 3116 757 quod
3163 694 3287 738 uno
3326 675 3480 737 rela-

387 773 593 835 vicem
637 791 653 834 z
696 793 841 854 quae
886 773 1168 836 amicitia
1210 793 1335 837 non
1380 782 1477 836 est
1517 782 1763 837 tantum
1814 774 1879 834 in
1990 770 2267 834 tivorum
2307 772 2669 848 deficiente,
2701 773 2923 836 relatio
2963 772 3184 835 deficit
3222 773 3288 833 in
3331 773 3476 846 alio,

390 889 514 933 uno
576 889 799 934 eorum
840 889 857 949 ;
922 873 1315 955 stultumque
1378 880 1545 935 esset
1600 889 1881 934 asserere
1989 871 2284 951 quamvis
2316 871 2598 934 localiter
2629 872 2901 933 multum
2939 872 3233 944 distante,
3267 891 3485 952 quem-

387 969 739 1032 amicitiam
782 969 959 1032 illam
1002 987 1129 1033 non
1172 989 1311 1034 esse
1353 971 1508 1053 quid
1551 969 1737 1033 reale.

466 1069 775 1150 Denique,
800 1077 961 1130 teste
988 1069 1390 1151 Philosopho,
1414 1070 1703 1151 quaedam
1734 1077 1885 1130 sunt

386 1167 652 1229 relativa
709 1169 1061 1229 secundum
1120 1187 1280 1241 esse,
1332 1176 1396 1230 et
1442 1169 1731 1249 quaedam
1792 1187 1885 1230 56-

387 1266 671 1328 cundum
710 1265 875 1344 dici3
916 1275 1288 1348 certumque
1327 1275 1423 1328 est
1460 1268 1641 1348 juxta
1685 1266 1885 1329 inten-

386 1365 626 1426 tionem
658 1364 1045 1446 Philosophi,
1069 1365 1332 1427 relativa
1360 1366 1713 1427 secundum
1745 1385 1882 1426 6556

386 1462 623 1524 realem
674 1463 1017 1544 importare
1065 1463 1455 1526 relationem.
1500 1464 1674 1525 Unde
1717 1463 1884 1525 circa

392 1561 785 1643 principium
848 1562 994 1623 libri
1044 1563 1123 1625 de
1170 1563 1247 1624 IV
1297 1563 1677 1644 Coaequaevis
1728 1561 1885 1623 dicit

388 1659 687 1722 Albertus
740 1678 754 1724 ε
804 1660 1117 1722 Accidens
1174 1662 1343 1742 quod
1403 1680 1529 1723 non
1590 1661 1711 1722 nisi
1771 1681 1885 1723 ens

388 1759 653 1821 rationis
715 1767 833 1832 est,
894 1778 1021 1822 non
1080 1767 1178 1822 est
1239 1760 1305 1821 in
1370 1759 1877 1842 pra-dicamento.

1989 969 2332 1032 admodum
2400 976 2463 1031 et
2531 970 2822 1032 videmus

2891 971 3106 1032 lumen
3173 969 3484 1032 diffusum

1993 1085 2139 1129 mox
2170 1067 2454 1140 interire,
2492 1067 2630 1149 ipso
2662 1068 2958 1130 luminari
2991 1068 3332 1130 subtracto.
3358 1068 3487 1130 Nec

1992 1173 2242 1246 oportet
2281 1174 2352 1226 ut
2391 1184 2644 1246 semper
2681 1166 2765 1227 sit
2803 1165 3098 1246 specialis
3141 1166 3307 1227 actio
3346 1185 3488 1227 cau-

1992 1283 2137 1325 sans
2180 1263 2666 1325 fundamentum
2709 1264 3032 1326 relationis
3063 1273 3126 1326 et
3158 1265 3360 1346 ipsam
3397 1283 3488 1326 rc-

1995 1362 2328 1437 lationem;
2362 1363 2490 1424 imo
2526 1363 2748 1425 relatio
2781 1362 3152 1424 naturaliter
3182 1364 3485 1444 consequi

1993 1468 2202 1542 potest
2241 1460 2380 1522 sine
2422 1479 2583 1522 nova
2623 1460 3009 1534 causalitate,
3043 1460 3205 1522 sicut
3242 1470 3306 1522 et
3347 1479 3486 1542 pro-

1994 1559 2206 1640 prium
2251 1558 2663 1639 consequitur
2705 1559 3004 1640 speciem.

2073 1758 2366 1830 Demum‚
2409 1757 2559 1837 quia
2596 1757 2972 1820 Guillelmus
3017 1765 3080 1818 et
3124 1757 3346 1819 Scotus
3390 1775 3490 1819 co-

390 1857 883 1920 Praedicamenta
930 1877 1228 1939 namque,
1280 1859 1633 1920 secundum
1681 1857 1883 1920 Boeti-
1922 1854 1967 1916 B
1995 1863 2229 1918 nantur
2271 1855 2631 1929 defendere,
2675 1858 2844 1938 quod
2893 1856 3224 1938 opiniones
3266 1874 3488 1918 eorum

390 1975 519 2024 um,
572 1963 723 2017 sunt
770 1956 994 2017 decem
1044 1975 1257 2018 rerum
1307 1956 1646 2038 principia,
1696 1956 1885 2037 signi-

387 2054 649 2116 ficantia
691 2073 806 2116 ens
855 2054 1041 2116 reale.

464 2152 690 2214 Adhuc
738 2159 977 2225 autem,
1030 2152 1195 2214 inter
1243 2153 1744 2233 consanguineos
1790 2160 1886 2214 est

386 2250 907 2331 consanguinitas
958 2269 1105 2312 vere
1154 2250 1343 2312 realis
1391 2268 1405 2312 ε
1457 2269 1599 2332 quae
1648 2258 1883 2323 tamen,

384 2349 741 2410 secundum
784 2349 1095 2422 doctoreS,
1138 2349 1385 2410 exsistit
1426 2349 1667 2412 relatio.

467 2449 543 2508 At
588 2465 740 2510 vero
787 2448 958 2528 quod
1008 2466 1136 2510 non
1184 2456 1280 2509 est
1322 2447 1478 2529 quid
1522 2447 1711 2522 reale,
1758 2465 1884 2510 non

386 2552 605 2606 causat
643 2546 881 2606 realem
920 2543 1246 2607 effectum.
1290 2545 1409 2607 Sed
1449 2546 1603 2607 ordo
1642 2565 1754 2607 seu
1792 2563 1886 2608 or-

383 2643 649 2717 dinati0,
673 2662 819 2724 quae
848 2650 942 2704 est
972 2643 1216 2716 relatio,
1250 2643 1439 2705 habet
1470 2643 1701 2704 realem
1734 2642 1887 2705 effe—

384 2749 561 2804 ctum
598 2761 612 2805 ε
658 2741 825 2803 sicut
864 2741 1256 2823 experientia
1298 2743 1500 2816 docet,
1536 2741 1703 2823 quod
1746 2760 1887 2802 can-

384 2840 547 2902 delae
598 2859 904 2914 accensae,
950 2848 1013 2901 et
1062 2841 1262 2902 multa
1314 2840 1551 2902 similia
1602 2840 1885 2902 ordinate

385 2937 721 3018 disposita,
766 2937 964 3018 magis
1008 2937 1344 3009 delectant,
1382 2945 1575 3018 agunt
1616 2944 1725 2999 aut
1770 2945 1888 2998 ter-

1996 1961 2310 2036 praetactae
2353 1972 2480 2017 non
2524 1963 2673 2016 sunt
2715 1955 2900 2017 dictis
2941 1954 3300 2035 Augustini,
3342 1955 3490 2016 Boe-

1995 2052 2090 2126 tii,
2118 2052 2514 2126 Damasceni,
2537 2053 2842 2132 Anselmi,
2875 2052 3168 2116 Richardi
3201 2052 3278 2114 de
3308 2053 3367 2115 S.
3391 2053 3440 2111 V
3446 2053 3492 2113 i-

1997 2159 2167 2214 ctore
2229 2151 2580 2225 contrariae,
2644 2171 2814 2213 nunc
2875 2149 3240 2214 monstrabo
3298 2168 3490 2232 oppo-

1996 2249 2210 2310 situm.

2075 2348 2252 2420 Quod
2301 2366 2451 2429 ergo
2499 2368 2786 2420 summae,
2831 2349 3122 2427 increata}
3170 2355 3234 2410 et-
3276 2367 3491 2429 super-

1998 2446 2216 2508 felices
2262 2465 2548 2529 personae
2591 2447 2852 2508 relative
2897 2447 3210 2519 dicantur,
3244 2445 3490 2508 relatio-

1997 2545 2316 2626 nibusque
2367 2546 2852 2618 constituantur,
2895 2545 3384 2624 distinguantur,
3427 2552 3489 2606 et

1998 2662 2200 2725 usque
2259 2644 2334 2705 ad
2387 2644 2756 2706 Trinitatem
2816 2643 3342 2724 multiplicentur,
3395 2643 3488 2703 in-

1998 2742 2270 2804 notescit
2311 2761 2388 2803 ex
2431 2760 2506 2804 eo
2556 2743 2724 2823 quod
2771 2743 2996 2824 quinto
3044 2742 3121 2803 de
3163 2741 3486 2813 Trinitate,

1999 2840 2280 2921 capitulo
2321 2849 2565 2915 octavo,
2609 2840 2888 2923 loquitur
2927 2839 3318 2920 Augustinus
3361 2858 3376 2902 :
3417 2839 3493 2900 ll-

2001 2938 2108 2999 lud
2168 2939 2487 3020 praecipue
2537 2947 2887 3011 teneamuS,
2939 2937 3250 3019 quidquid
3297 2937 3375 2998 ad
3424 2957 3492 2998 se

386 3043 553 3108 rent,
586 3054 781 3117 quam
814 3036 1026 3116 inepte
1056 3035 1393 3116 disposita3
1426 3035 1719 3098 similiter
1748 3035 1887 3098 soni
1926 3037 1970 3100 C
1998 3035 2235 3097 dicitur
2266 3037 2788 3118 praestantissima
2827 3036 2935 3098 illa
2963 3044 3026 3097 et
3054 3036 3268 3097 divina
3299 3035 3494 3097 subli-

384 3144 453 3197 et
484 3154 671 3198 voces
703 3135 1123 3217 hominesque
1153 3136 1400 3197 armati.
1435 3136 1609 3197 Unde
1642 3135 1705 3196 in
1738 3135 1890 3197 Can·

386 3234 535 3295 tic-is
566 3234 655 3296 ait
684 3233 1013 3315 Scriptura
1035 3253 1051 3297 :
1077 3232 1405 3295 Terribilis
1438 3240 1507 3294 ut
1536 3240 1887 3296 castrorum

385 3333 559 3395 acies
601 3331 911 3395 ordinata.

471 3431 667 3493 Multa
722 3430 821 3492 his
870 3430 1228 3493 consimilia
1274 3431 1352 3492 ad
1402 3431 1571 3492 idem
1632 3439 1891 3511 possent

313 3564 355 3599 n,
388 3531 633 3605 induci,
666 3549 813 3612 quae
853 3536 917 3591 et
956 3529 1107 3590 alibi
1153 3548 1231 3591 ex
1270 3528 1483 3592 verbis
1524 3528 1885 3611 Alexandri,

385 3630 669 3703 Thomae,
704 3626 969 3701 Alberti‚
1004 3628 1480 3697 Bonaventurae‚
1505 3627 1756 3708 AEgidii,
1789 3627 1888 3690 Ri-

386 3728 612 3790 chardi
652 3736 716 3789 et
753 3726 1025 3789 aliorum
1068 3726 1370 3788 diffusius
1416 3725 1757 3788 introduxi.
1794 3726 1888 3787 Id-

384 3824 561 3887 circo
605 3825 743 3887 haec
786 3842 990 3905 pauca
1038 3843 1153 3905 pro
1198 3824 1491 3904 pra-senti
1536 3823 1883 3886 sufficiant.

469 3925 546 3986 At
578 3940 731 3986 vero
772 3922 1211 4004 persuasiones
1252 3922 1575 3984 Guillelmi
1617 3922 1888 3983 inducta»,

382 4023 469 4083 ad
514 4021 915 4103 probandum
960 4020 1130 4101 quod
1176 4020 1397 4081 relatio
1440 4038 1565 4082 non
1612 4020 1695 4081 sit
1734 4020 1888 4101 quid

384 4120 581 4193 reale,
642 4120 981 4182 solvuntur
1036 4118 1326 4180 faciliter.
1382 4119 1616 4181 Tamen
1676 4126 1747 4179 ut
1801 4120 1890 4180 ait

2001 3139 2210 3211 mitas,
2243 3136 2745 3199 substantialiter
2775 3136 2939 3213 dici3
2972 3136 3139 3217 quod
3169 3143 3384 3198 autem
3414 3136 3492 3196 ad

1998 3237 2264 3318 aliquid,
2309 3254 2435 3298 non
2480 3234 3002 3309 substantialiter,
3046 3235 3154 3297 sed
3195 3235 3490 3311 relative;

2000 3342 2368 3417 tantamque
2416 3334 2548 3394 vim
2597 3352 2735 3395 esse
2785 3333 3074 3413 ejusdem
3124 3333 3492 3395 substantiae

2002 3434 2066 3495 in
2096 3435 2274 3495 Patre
2305 3440 2367 3494 et
2398 3431 2555 3494 Filio
2584 3439 2647 3493 et
2678 3431 2919 3513 Spiritu
2951 3432 3198 3505 Sancto,
3219 3439 3290 3492 ut
3318 3432 3494 3512 quid-

2001 3532 2152 3613 quid
2186 3532 2264 3593 de
2295 3530 2563 3611 singulis
2592 3530 2670 3591 ad
2702 3549 2768 3591 se
2801 3530 2971 3610 ipsos
3002 3530 3492 3611 dici·tur‚utpote

1999 3630 2310 3701 absolute,
2363 3646 2489 3691 non
2546 3628 2876 3709 pluraliter
2934 3627 2999 3688 in
3059 3646 3328 3699 summa,
3377 3628 3490 3688 sed

2001 3728 2406 3809 singulariter
2455 3726 2825 3806 accipiatur.
2879 3726 3181 3787 Praeterea
3234 3725 3491 3786 undeci-

2002 3844 2107 3887 mo
2154 3826 2444 3906 ejusdem
2505 3823 2650 3885 libri
2711 3824 2989 3904 capitulo
3036 3831 3424 3885 contestatur
3475 3841 3488 3883 :

2000 3924 2175 3998 Quod
2219 3922 2474 4004 proprie
2519 3922 2768 4002 singula
2796 3922 2890 4003 (id
2929 3929 3026 3983 est
3054 3921 3319 4001 singulae
3358 3940 3495 4002 per-

2002 4022 2198 4101 sonae)
2243 4020 2308 4082 in
2359 4020 2662 4081 Trinitate
2711 4019 3030 4092 dicuntur,
3081 4019 3258 4081 nullo
3309 4019 3496 4081 modo

2000 4120 2077 4182 ad
2118 4138 2186 4179 se
2218 4118 2386 4200 lipsa,
2422 4118 2530 4179 sed
2572 4117 2650 4179 ad
2694 4118 2970 4179 invicem
3001 4118 3102 4179 vel
3140 4118 3218 4179 ad
3258 4124 3496 4178 cre'atu-

384 4219 667 4292 BoetiuS,
721 4218 891 4279 sicut
934 4217 1225 4297 quaedam
1286 4224 1436 4278 sunt
1482 4236 1724 4298 magnae
1773 4217 1890 4279 dif-
1920 4218 1969 4279 D
2000 4237 2133 4279 ram
2180 4216 2502 4289 dicuntur,
2537 4216 2680 4277 ideo
2720 4216 3003 4288 relative,
3037 4234 3163 4279 non
3203 4215 3494 4277 substan-

387 4316 701 4380 ficultatis
750 4322 1016 4397 propter
1062 4334 1193 4377 suae
1240 4315 1682 4376 excellentiam
1734 4316 1891 4376 enti-

386 4414 559 4488 tatis,
618 4421 689 4475 ut
747 4413 1119 4475 substantias
1176 4420 1500 4493 separatae,
1561 4413 1889 4494 potissime

384 4515 593 4591 Deus3
623 4512 719 4574 sic
756 4511 1049 4592 quaedam
1094 4518 1243 4572 sunt
1282 4512 1359 4572 ad
1405 4510 1888 4591 intelligendum

382 4610 691 4673 difficilia
741 4617 1001 4692 propter
1048 4608 1329 4670 entitatis
1388 4628 1519 4671 suae
1568 4609 1892 4671 modicita-

387 4719 541 4775 tem.
573 4710 745 4771 sicut
788 4706 1053 4768 materia
1095 4706 1321 4787 prima,
1358 4714 1610 4787 tempus
1653 4714 1717 4769 et
1760 4726 1890 4770 mo-

383 4816 515 4881 tuS,
544 4814 737 4888 atque
776 4803 1022 4876 relati0,
1055 4812 1127 4865 ut
1156 4804 1523 4884 frequenter
1559 4805 1783 4867 saltem
1825 4806 1891 4867 in

384 4906 717 4969 creaturis.
772 4902 1092 4965 Naturalis
1150 4920 1299 4982 ergo
1348 4902 1892 4984 condependentia

384 5006 522 5067 sive
582 5000 902 5067 connexio
966 5000 1376 5062 relativorum
1442 5000 1521 5061 ad
1590 5001 1887 5076 invicem,

384 5124 575 5167 causa
630 5109 733 5165 est
798 5100 969 5181 quod
1034 5098 1254 5160 relatio
1316 5099 1501 5161 realis
1566 5101 1895 5182 consequi-

385 5212 491 5265 tur
527 5202 851 5264 nnitatem
894 5196 1261 5260 substantia».
1292 5198 1395 5259 vel
1425 5197 1747 5279 qualitatis
1787 5205 1894 5259 aut

387 5298 789 5383 quantitatiS,
842 5315 955 5358 seu
1004 5295 1319 5358 actionem
1376 5302 1487 5358 aut
1532 5295 1892 5378 passionem

2000 4316 2234 4378 tialiter
2266 4334 2339 4376 ea
2368 4314 2492 4377 dici
2538 4314 2945 4376 manifestum
2983 4322 3098 4375 est.
3134 4315 3204 4377 In
3234 4313 3494 4377 exordio

1998 4433 2254 4497 quoque
2296 4413 2443 4475 libri
2483 4414 2688 4476 octavi
2726 4431 2739 4474 :
2774 4412 3061 4475 Diximus
3091 4412 3355 4493 (inquit)
3382 4413 3493 4474 ali-

1998 4513 2089 4583 bi,
2142 4531 2218 4573 ea
2275 4511 2402 4572 dici
2465 4511 2719 4593 proprie
2776 4511 2840 4571 in
2897 4511 3005 4572 illa
3057 4511 3358 4572 Trinitate
3412 4512 3488 4572 ad

1999 4610 2281 4691 singulas
2350 4628 2652 4692 personas
2719 4608 3016 4670 distincte
3084 4608 3488 4691 pertinentia,

1999 4726 2141 4789 quae
2174 4708 2434 4769 relative
2467 4708 2768 4769 dicuntur
2797 4707 2874 4768 ad
2909 4707 3203 4769 invicem.
3230 4742 3310 4751 —-
3339 4707 3492 4767 Mul-

1999 4814 2061 4867 ta
2106 4806 2206 4867 his
2251 4804 2612 4868 consimilia
2656 4806 2722 4867 in
2769 4806 2932 4867 libro
2975 4806 3051 4866 de
3091 4804 3393 4865 Trinitate
3433 4812 3497 4866 et

1999 4904 2151 4965 alibi
2202 4904 2428 4966 asserit
2468 4903 2881 4984 Augustinus,
2924 4910 2988 4964 et
3029 4921 3103 4964 ea
3142 4904 3220 4965 ad
3272 4920 3498 4984 propo-

2000 5004 2195 5064 situm
2240 5011 2368 5065 tam
2413 5002 2649 5065 diffuse
2689 5020 2761 5063 ac
2803 5002 3130 5064 evidenter
3172 5002 3497 5083 prosequi-

2004 5109 2124 5175 tur,
2160 5108 2230 5163 ut
2261 5101 2421 5162 nulli
2460 5100 2789 5173 benev010,
2824 5099 3038 5172 docili,
3072 5116 3198 5160 non
3231 5099 3494 5160 imman-

2003 5199 2161 5272 siv0,
2197 5218 2564 5281 processum
2596 5197 2805 5259 Sancti
2839 5196 3012 5259 illius
3043 5196 3490 5271 consideranti,

2006 5297 2207 5379 possit
2250 5316 2388 5360 esse
2433 5296 2746 5358 incertum
2792 5296 2945 5377 quin
2991 5295 3258 5357 intentio
3301 5294 3492 5357 fuerit
