4359 6250
543 1752 796 1802 Joannativ,

535 1818 548 1857 Ι
563 1819 598 1857 1.

831 466 946 531 104

1481 487 1544 531 IN
1585 486 1806 531 LIBRUM
1849 487 1868 530 1
1911 484 2393 531 SENTENTIARUM.
2438 502 2520 512 —
2560 484 2711 529 DIST.
2758 483 2906 545 x1x;
2950 483 3172 539 QUAEST.
3220 484 3264 529 11

827 656 994 717 sicut
1026 654 1299 718 locatum
1331 656 1523 717 estin
1567 654 1725 729 loco,
1760 674 1878 717 nec
1919 656 2084 717 sicut
2115 655 2321 716 forma
2347 653 2398 716 A
2510 654 2585 715 Et
2640 654 2816 715 addit
2876 653 3203 715 Udalricus
3261 653 3328 714 in
3392 653 3672 725 Summa,
3730 649 3922 712 tertio

827 760 921 814 est
967 752 1034 814 in
1077 754 1377 832 materia3
1419 772 1537 815 nec
1581 754 1746 821 sicut
1790 762 2029 815 motum
2077 753 2143 815 in
2189 772 2317 816 mo-

824 860 1034 925 vente,
1069 852 1234 914 sicut
1267 870 1532 932 regnum
1563 860 1658 914 est
1689 853 1752 913 in
1789 870 1972 933 rege3
2003 870 2120 913 nec
2153 852 2320 913 sicut

825 967 924 1010 res
966 949 1030 1010 in
1071 950 1314 1032 optimo
1356 950 1506 1012 fine.
1542 951 1717 1024 Quod
1760 959 1960 1013 totum
2004 950 2205 1031 possit
2234 950 2320 1011 fa-

824 1047 1032 1109 ciliter
1064 1048 1336 1130 probari.
1372 1084 1451 1094 —
1479 1049 1802 1124 Praeterea,
1836 1051 1888 1111 si
1920 1050 2096 1112 Pater
2125 1056 2222 1111 est
2253 1049 2318 1110 in

825 1147 1005 1219 Filio,
1039 1156 1100 1209 et
1149 1156 1426 1221 econtra,
1461 1148 1750 1229 sequitur
1791 1149 1959 1230 quod
2009 1149 2186 1211 Pater
2236 1148 2319 1211 sit

825 1246 890 1307 in
922 1248 1119 1308 Patre.
1156 1247 1221 1308 Si
1261 1247 1434 1308 enim
1476 1248 1670 1309 Filius
1705 1255 1802 1308 est
1832 1248 1896 1309 in
1937 1248 2134 1318 Patre,
2168 1266 2318 1328 ergo

823 1344 1136 1425 quidquid
1169 1353 1264 1405 est
1297 1345 1360 1406 in
1397 1345 1574 1419 Filio,
1609 1352 1705 1406 est
1736 1345 1802 1406 in
1829 1346 2026 1407 Patre.
2062 1347 2181 1408 Scd
2212 1346 2316 1408 Pa-

823 1449 919 1502 ter
962 1448 1058 1502 est
1110 1442 1174 1502 in
1217 1441 1376 1504 Filio
1411 1460 1424 1503 :
1459 1460 1607 1522 ergo
1650 1443 1827 1504 Pater
1869 1452 1962 1503 est
2010 1444 2074 1505 in
2117 1444 2311 1506 Patre.

822 1575 903 1584 —
931 1540 1110 1615 Item,
1145 1540 1197 1601 si
1251 1540 1550 1621 quaelihet
1602 1559 1871 1622 persona
1911 1550 2008 1603 est
2055 1542 2121 1603 in
2170 1541 2315 1615 alia,

825 1638 1076 1698 videtur
1120 1638 1410 1700 confusio
1454 1658 1699 1719 magna.

906 1736 976 1797 In
1025 1737 1390 1818 oppositum
1441 1746 1536 1799 est
1586 1738 1753 1818 quod
1801 1737 1997 1799 Filius
2045 1738 2154 1808 ait,
2190 1739 2317 1818 Ego

2431 752 2592 815 libro
2640 771 2653 814 ε
2697 751 2995 826 Quamvis
3045 752 3397 814 secundum
3449 769 3581 812 rem
3632 750 3808 811 Pater
3856 754 3925 810 et

2429 851 2624 912 Filius
2664 851 2793 911 sint
2832 850 3050 912 divina
3086 850 3381 923 essentia,
3417 856 3628 911 tamen
3665 865 3920 909 sumen-

2428 950 2509 1012 do
2538 950 2877 1011 essentiam
2918 957 2980 1011 et
3012 966 3345 1031 personam
3383 946 3733 1010 secundum
3776 963 3920 1027 pro-

2430 1048 2599 1129 prias
2644 1047 2980 1110 nominum
3020 1047 3315 1119 rationeS,
3350 1046 3545 1107 Filius
3586 1063 3699 1107 seu
3740 1045 3925 1105 Pater

2429 1155 2525 1209 est
2570 1147 2633 1209 in
2684 1147 2978 1220 essentia,
3012 1146 3178 1207 sicut
3227 1144 3627 1227 suppositum
3680 1151 3923 1206 naturae

2429 1252 2525 1307 est
2565 1246 2631 1306 in
2672 1264 2785 1307 sua
2822 1251 3081 1321 natura3
3112 1244 3387 1305 essentia
3424 1261 3679 1325 quoque
3717 1248 3809 1303 est
3854 1240 3919 1303 in

2428 1346 2604 1407 Patre
2645 1352 2705 1405 et
2747 1344 2927 1417 Filio,
2961 1343 3128 1405 sicut
3166 1350 3392 1405 natura
3432 1343 3497 1403 in
3539 1359 3654 1405 suo
3690 1358 3924 1423 suppo-

2428 1444 2570 1506 sito.
2604 1444 3055 1505 Verumtamen
3105 1442 3225 1505 hoc
3268 1442 3451 1504 aliter
3491 1447 3587 1502 est
3629 1439 3695 1502 in
3740 1440 3921 1503 Crea-

2428 1550 2562 1605 tore
2592 1550 2655 1603 et
2684 1542 2989 1604 creaturis
3014 1558 3029 1602 t
3055 1540 3205 1622 quia
3237 1540 3302 1602 in
3333 1539 3636 1601 creaturis
3667 1538 3925 1620 quando

2428 1640 2641 1721 aliqua
2690 1640 2940 1701 diversa
2988 1646 3136 1700 sunt
3188 1640 3254 1700 in
3304 1657 3429 1699 una
3476 1644 3721 1711 natura,
3771 1645 3924 1697 tunc

2430 1746 2578 1800 sunt
2610 1738 2674 1799 in
2708 1738 2818 1799 illa
2848 1738 3017 1799 sicut
3056 1746 3267 1818 partes
3298 1735 3635 1817 integrales
3669 1735 3734 1797 in
3768 1742 3919 1806 tot0,

827 1835 892 1897 in
943 1835 1142 1909 Patre,
1186 1843 1249 1895 et
1297 1835 1476 1897 Pater
1525 1836 1591 1897 in
1643 1856 1743 1898 me
1791 1844 1905 1899 est.
1946 1836 2022 1897 Et
2069 1837 2146 1898 ad
2197 1838 2316 1898 hoc
2355 1840 2402 1901 B
2430 1837 2531 1900 vel
2581 1838 2747 1899 sicut
2796 1844 3005 1919 partes
3054 1835 3423 1916 subJec'tivae
3467 1836 3535 1896 in
3578 1852 3708 1897 uno
3752 1852 3925 1896 com-

828 1934 1044 1996 multae
1088 1934 1492 1996 auctoritates
1543 1934 1917 1997 Sanctorum
1966 1936 2319 2016 allegantur

826 2033 892 2094 in
943 2033 1170 2094 littera.
1205 2068 1286 2077 —
1320 2033 1744 2095 Damascenus
1794 2034 1984 2095 etiam
2038 2033 2319 2115 loquitur

825 2132 995 2212 quod
1040 2131 1341 2212 quaelibet
1385 2149 1654 2213 persona
1697 2132 1913 2194 divina
1955 2140 2050 2195 est
2089 2132 2155 2194 in
2196 2133 2319 2195 alia

826 2249 940 2311 per
996 2229 1666 2291 circumincessionem
1723 2248 1736 2291 ε
1791 2230 2092 2311 quaelihet
2145 2232 2317 2292 enim

825 2336 922 2389 est
962 2326 1238 2401 infinita,
1273 2336 1334 2389 et
1377 2327 1571 2389 trium
1614 2346 2026 2409 personarum
2068 2337 2164 2391 est
2196 2348 2321 2391 una

825 2426 1118 2488 essentia.

907 2625 1000 2687 Ad
1051 2626 1171 2687 hoc
1221 2624 1562 2707 respondet.
1604 2625 1923 2699 AlbertuS,
1978 2627 2145 2707 quod
2196 2646 2323 2688 una

829 2742 1098 2806 persona
1127 2732 1220 2785 est
1252 2724 1318 2786 in
1358 2723 1503 2797 alia,
1538 2725 1701 2786 sicut
1739 2724 1872 2804 jam
1908 2725 2150 2786 dictum
2181 2732 2319 2804 est3

828 2829 1016 2903 atque
1062 2823 1127 2884 in
1166 2822 1275 2883 tali
1322 2822 1639 2884 locutione
1691 2822 2056 2903 praepositio
2095 2825 2165 2882 in
2210 2824 2321 2885 du-

830 2920 1064 3002 plicem
1115 2920 1556 2982 habitudinem
1607 2927 1802 2995 notat,
1859 2929 2012 3001 puta
2059 2922 2323 3002 originis

2432 1937 2634 2009 muni,
2687 1936 2787 1997 vel
2848 1935 3014 1996 sicut
3064 1935 3129 1996 in
3180 1954 3305 1995 una
3361 1933 3626 1995 materia
3672 1952 3749 1995 ex
3798 1952 3927 2013 qua

2432 2041 2739 2097 constant.
2777 2032 2948 2094 Nihil
2994 2041 3207 2094 autem
3250 2031 3474 2093 talium
3516 2037 3613 2093 est
3658 2030 3724 2092 in
3763 2030 3925 2092 divi-

2432 2134 2553 2208 niS,
2588 2132 2697 2195 sed
2728 2132 3003 2194 essentia
3031 2140 3129 2193 est
3160 2131 3224 2193 in
3256 2130 3574 2193 distinctis
3612 2128 3923 2212 personi5‚

2430 2240 2493 2294 et
2542 2230 2895 2294 econtrario
2944 2231 3259 2293 distinctae
3323 2246 3607 2311 personae
3661 2236 3808 2289 sunt
3858 2229 3926 2289 in

2432 2351 2559 2393 una
2597 2331 2873 2393 essentia
2912 2349 3025 2411 per
3055 2329 3485 2392 omnimodam
3529 2327 3926 2390 identitatem

2429 2430 2721 2493 essentiae
2752 2448 2900 2491 cum
2932 2446 3201 2512 persona
3230 2436 3291 2490 et
3321 2427 3696 2501 econtrario,
3730 2434 3794 2489 et
3822 2427 3930 2489 ha-

2430 2530 2654 2591 bitudo
2705 2527 3172 2611 praepositionis
3218 2530 3291 2586 in
3335 2532 3624 2588 servatur
3678 2525 3744 2588 in
3794 2526 3931 2587 sola

2430 2628 2796 2690 differentia
2846 2626 3126 2688 rationis.
3162 2626 3366 2698 Quum
3410 2643 3560 2705 ergo
3602 2624 3799 2686 Filius
3843 2624 3929 2685 sit

2431 2726 2650 2788 divina
2679 2724 2955 2787 essentia
2984 2744 3126 2806 quae
3156 2732 3252 2785 est
3283 2724 3348 2786 in
3379 2724 3578 2796 Patre,
3604 2722 3801 2784 Filius
3832 2732 3929 2785 est

2433 2825 2498 2886 in
2530 2824 2707 2885 Patre
2740 2824 2806 2885 in
2837 2830 3145 2905 quantum
3189 2822 3325 2904 ipse
3358 2821 3553 2883 Filius
3593 2830 3725 2901 est3
3757 2829 3819 2883 et
3860 2822 3927 2883 in

2434 2929 2745 3003 quantum
2806 2920 3059 2982 realiter
3107 2920 3445 2982 distinctus
3494 2939 3531 2981 a
3580 2921 3778 2993 Patre,
3830 2928 3931 2982 est

829 3038 940 3080 seu
972 3018 1320 3092 relationiS,
1353 3026 1415 3079 et
1454 3018 1802 3081 identitatis
1839 3038 1852 3081 ε
1887 3027 1950 3081 et
1978 3020 2186 3100 quoad
2217 3021 2322 3082 ha-
2361 3021 2404 3083 C
2435 3021 2603 3103 apud
2660 3020 2924 3081 Patrem.
2978 3020 3064 3081 De
3114 3027 3382 3101 utroque
3438 3020 3666 3081 harum
3724 3018 3930 3081 fertur

830 3116 1188 3179 hitudinem
1221 3116 1567 3192 relationiS,
1601 3136 1728 3181 non
1759 3119 1982 3181 eodem
2014 3119 2201 3182 modo
2232 3119 2323 3182 di-

831 3217 997 3277 citur
1054 3217 1233 3277 Pater
1283 3235 1420 3278 esse
1472 3216 1536 3277 in
1597 3216 1756 3279 Filio
1813 3226 1875 3278 et
1931 3225 2210 3292 econtra,
2263 3226 2326 3279 et

831 3315 1002 3376 idem
1053 3315 1129 3376 de
1175 3315 1416 3396 Spiritu
1465 3315 1693 3376 Sancto
1742 3316 2102 3378 dicendum.
2147 3317 2326 3378 Pater

831 3431 1106 3493 namque
1147 3412 1212 3473 in
1253 3413 1412 3474 Filio
1455 3420 1551 3474 est
1590 3414 1753 3475 sicut
1797 3414 2187 3496 principium
2230 3415 2327 3476 Fi-

832 3510 925 3584 lii,
958 3518 1020 3572 et
1059 3511 1225 3573 sicut
1268 3511 1333 3573 in
1374 3511 1580 3574 Verbo
1621 3530 1735 3575 suo
1773 3519 1962 3594 atque
2006 3513 2325 3594 imagine;

833 3609 1028 3670 Filius
1062 3617 1273 3671 autem
1306 3609 1370 3672 in
1402 3610 1603 3684 Patre,
1640 3611 1804 3672 sicut
1848 3609 1911 3672 in
1945 3630 2060 3674 suo
2091 3612 2325 3692 princi-

834 3707 942 3788 pio
971 3716 1034 3769 et
1062 3708 1439 3789 proferente.
1459 3710 1619 3771 -Si
1650 3717 1862 3771 autem
1894 3718 2228 3790 quaeratur,
2247 3729 2327 3771 an

834 3806 1012 3867 Pater
1051 3806 1250 3888 possit
1290 3807 1416 3868 dici
1464 3826 1602 3868 esse
1653 3807 1719 3868 in
1765 3807 1981 3869 divina
2028 3807 2325 3880 essentia,

834 3911 942 3966 aut
973 3904 1169 3966 Filius
1201 3923 1312 3966 seu
1345 3905 1617 3987 Spiritus
1650 3906 1916 3967 Sanctus
1943 3923 1956 3966 ε
1984 3905 2328 3968 dicendum

834 4001 1004 4083 quod
1056 4020 1182 4064 non
1234 4003 1526 4084 propric3
1570 4003 1699 4064 imo
1746 4003 1890 4084 plus
1933 4004 2188 4084 proprie
2238 4004 2329 4065 di—

835 4109 1086 4162 ceretur
1115 4100 1332 4162 divina
1364 4118 1630 4182 persona
1671 4119 1808 4162 esse
1853 4101 1918 4162 in
1949 4110 2195 4176 natura,
2229 4102 2330 4164 vel

2434 3118 2691 3183 Joannis
2720 3118 2930 3201 primo
2962 3137 2975 3180 :
3005 3119 3075 3180 In
3106 3117 3424 3200 principio
3457 3126 3593 3181 erat
3622 3118 3925 3193 Verbum,
3966 3135 4267 3185 Jonas-...n
4325 3123 4326 3126 ’

2440 3219 2500 3280 id
2550 3226 2666 3289 est,
2713 3218 2777 3279 in
2828 3219 3003 3280 Patre
3054 3217 3176 3278 fuit
3214 3217 3493 3279 Verbum
3542 3236 3655 3280 seu
3704 3217 3927 3288 Filius,

2438 3316 2739 3398 quoniam
2779 3316 3060 3377 Verbum
3100 3322 3195 3377 est
3235 3315 3509 3377 essentia
3543 3334 3684 3397 quae
3726 3325 3820 3377 est
3863 3315 3931 3378 in

2438 3415 2634 3477 Patre.
2658 3414 2733 3475 Et
2763 3414 3041 3476 Verbum
3071 3414 3165 3493 (in
3197 3421 3507 3495 quantum
3536 3421 3632 3475 est
3664 3431 3937 3494 persona

2441 3514 2683 3595 prolata
2732 3513 2812 3574 ab
2867 3513 3191 3573 intellectu
3246 3512 3535 3594 paterno)
3582 3519 3714 3573 erat
3762 3513 3937 3594 apud

2441 3613 2664 3685 Deum,
2700 3611 2866 3673 sicut
2909 3611 3070 3672 alius
3115 3611 3284 3692 apud
3328 3609 3546 3684 alium,
3581 3611 3936 3673 secundum

2442 3711 2891 3792 Augustinum‚
2925 3718 2985 3772 et
3030 3709 3404 3772 econtrario.
3442 3708 3648 3772 Simili
3692 3710 3940 3771 ratione

2442 3810 2620 3871 Pater
2664 3818 2727 3870 et
2770 3808 2968 3870 Filius
3010 3816 3159 3869 sunt
3201 3808 3265 3869 in
3307 3807 3549 3888 Spiritu
3591 3807 3837 3880 Sancto,
3874 3817 3943 3868 et

2444 3907 2717 3988 Spiritus
2758 3907 3023 3968 Sanctus
3066 3907 3131 3968 in
3173 3914 3460 3988 utroque.
3498 3905 3573 3966 Et
3616 3905 3704 3967 ita
3744 3924 3947 3986 expo-

2444 4012 2605 4066 nunt
2660 4004 2792 4066 haec
2847 4003 3041 4065 verba
3094 4004 3507 4084 AugustinuS‚
3563 4002 3947 4066 Ambrosius

2444 4111 2631 4184 atque
2671 4102 2964 4164 Hilarius,
3001 4103 3426 4164 Damascenus
3467 4120 3616 4164 vero
3654 4100 3949 4164 affirmat

837 4198 1032 4260 Filius
1063 4199 1130 4260 in
1160 4199 1434 4260 essentia
1463 4199 1679 4260 Patris
1708 4199 1784 4260 Et
1815 4200 1867 4261 si
1897 4199 2112 4282 aliquo
2144 4201 2331 4263 modo
2363 4204 2412 4265 D
2442 4200 2686 4261 Patrem
2727 4217 2864 4260 esse
2900 4198 2966 4261 in
2998 4198 3157 4260 Filio
3196 4205 3255 4259 et
3288 4206 3546 4261 econtra
3582 4199 3949 4261 secundum

837 4297 1220 4357 concedatur
1251 4314 1520 4377 persona
1549 4315 1687 4359 esse
1720 4297 1782 4358 in
1816 4298 2112 4372 essentia,
2150 4298 2331 4360 intel-

839 4395 1163 4474 ligendum
1195 4402 1290 4456 est
1330 4395 1495 4457 sicut
1534 4396 1676 4476 quis
1717 4395 1950 4458 dicitur
1979 4415 2117 4457 esse
2158 4397 2226 4459 in
2256 4415 2331 4459 eo

837 4511 965 4576 quo
1004 4500 1116 4554 est.
1154 4493 1422 4555 Persona
1461 4494 1632 4555 enim
1676 4495 2029 4556 secundum
2070 4496 2331 4558 modum

839 4591 1256 4672 intelligendi,
1277 4599 1373 4652 est
1397 4591 1576 4672 quasi
1603 4591 1954 4654 formaliter
1979 4612 2092 4654 sua
2120 4612 2330 4654 essen—

837 4691 946 4764 tia,
984 4690 1046 4752 id
1075 4697 1173 4751 est
1204 4708 1316 4772 per
1344 4689 1685 4752 essentiam
1718 4710 1921 4765 suam,
1956 4691 2122 4753 sicut
2149 4691 2331 4754 Joan-

838 4807 950 4850 nes
995 4795 1091 4849 est
1134 4788 1325 4850 homo
1369 4787 1779 4849 humanitate.
1825 4787 1967 4850 Haec
2010 4788 2326 4851 Alhertus.

906 4886 1210 4949 Praeterea
1239 4884 1590 4947 secundum
1622 4885 1984 4947 Udalricum
2017 4893 2079 4947 et
2107 4905 2331 4948 secun-

839 4987 993 5048 dum
1032 4983 1385 5057 Albertum,
1431 4983 1498 5044 in
1540 4983 1774 5044 divinis
1814 4984 1912 5063 (ut
1962 4985 2195 5066 patuit)
2237 4994 2332 5047 est

841 5082 1208 5164 magnitudo
1237 5081 1492 5144 virtutis
1532 5089 1594 5142 et
1634 5080 2064 5163 perfectioniS,
2100 5083 2230 5145 imo
2270 5093 2332 5145 et

839 5181 1178 5244 infinitatis
1246 5188 1435 5263 atque
1502 5188 1752 5244 aeternae
1821 5181 2197 5257 durationiS,
2268 5191 2331 5244 et

837 5299 1089 5342 summa
1129 5278 1505 5341 excellentia
1548 5279 1614 5340 in
1658 5279 1960 5342 omnibus
2004 5280 2193 5368 istis..

2444 4298 2885 4361 habitudinem
2929 4296 3253 4359 relationis
3292 4297 3579 4377 originis,
3612 4297 3701 4358 ita
3730 4305 3797 4357 ut
3826 4296 3950 4359 Pa-

2444 4405 2539 4460 ter
2587 4396 2835 4458 dicatur
2884 4397 2951 4458 in
3001 4395 3159 4459 Filio
3211 4395 3377 4457 sicut
3426 4395 3815 4477 principium
3872 4396 3947 4458 in

2445 4495 2849 4577 principiam,
2893 4503 2955 4556 et
2996 4495 3192 4556 Filius
3232 4494 3297 4555 in
3339 4494 3515 4556 Patre
3560 4494 3727 4556 sicut
3765 4494 3953 4575 prin-

2444 4594 2751 4676 cipiatum
2806 4593 2871 4654 in
2921 4592 3262 4675 principio,
3306 4593 3487 4673 juxta
3537 4592 3795 4655 modum
3847 4593 3950 4656 lo-

2444 4692 2681 4774 quendi
2733 4691 3117 4764 Graecorum,
3153 4690 3264 4772 qui
3314 4690 3503 4753 etiam
3558 4691 3780 4753 dicunt
3826 4691 3951 4754 Pa—

2445 4799 2605 4852 trem
2670 4809 2808 4852 esse
2868 4808 3123 4850 causam
3190 4789 3352 4850 Filii.
3418 4789 3647 4871 Sicque
3710 4790 3952 4854 modus

2443 4890 2701 4949 essendi
2728 4891 2797 4948 in
2831 4905 2958 4970 quo
2996 4888 3174 4949 Pater
3213 4887 3517 4949 asseritur
3554 4905 3692 4949 esse
3734 4887 3799 4949 in
3840 4888 3953 4951 Fi-

2445 4988 2529 5050 lio
2561 4994 2623 5048 et
2661 4993 2938 5061 econtra,
2972 4986 3300 5047 reducitur
3332 4986 3409 5047 ad
3451 4984 3712 5048 modum
3752 4984 3953 5050 illum

2442 5087 2695 5146 essendi
2724 5087 2795 5144 in
2826 5102 2952 5165 quo
2984 5085 3336 5146 secundum
3367 5083 3817 5167 Philosophum
3849 5085 3955 5147 di-

2443 5183 2608 5245 citur
2647 5202 2837 5245 causa
2867 5183 2933 5244 in
2973 5189 3227 5246 causato
3266 5201 3426 5257 esse,
3460 5189 3523 5244 et
3556 5182 3945 5246 econtrario.

2440 5321 2519 5329 —-
2550 5282 2639 5344 Ex
2679 5281 2780 5343 his
2821 5282 2909 5343 ita
2944 5280 3249 5363 probatur
3277 5281 3675 5363 propositum
3712 5297 3725 5342 :
3758 5281 3949 5354 Quae-
