4359 6250
650 1854 666 1873 ·
697 1851 771 1895 illa

639 2041 658 2060 ·
687 2040 777 2083 hec

864 462 981 526 146

1497 480 1561 526 m
1603 480 1824 525 LIBRUM
1867 480 1886 524 1
1929 476 2411 523 SENTENTIARUM.
2457 494 2537 504 -·
2580 476 2733 521 ms'r.
2780 476 2950 538 xxn3
2993 477 3217 531 QUAEST.
3264 477 3326 521 tv

860 658 956 712 est
996 651 1322 715 distinctio
1363 652 1426 713 in
1472 668 1576 720 re:
1619 652 1726 712 sed
1780 649 2130 712 secundum
2183 648 2356 708 hunc
2388 646 2438 708 A
2468 646 2852 717 incarnatus,
2889 646 2951 708 id
2982 654 3077 707 est
3110 647 3281 709 carni
3327 646 3546 708 unitus
3575 644 3757 724 (unio
3787 663 3971 705 nam·

859 749 1118 810 tertium
1173 752 1429 811 modum
1479 749 1826 811 attenditur
1867 748 1931 808 in
1976 746 2105 808 Deo
2148 745 2359 806 unitas

861 854 1052 929 atque
1100 847 1427 929 pluralitas
1473 868 1486 911 :
1532 846 1741 908 unitas
1787 846 2139 907 secundum
2179 843 2359 905 abso-

864 945 1092 1016 lutum,
1128 946 1373 1007 scilicet
1417 947 1481 1006 in
1526 944 1836 1016 essentia3
1881 942 2209 1025 pluralitas
2256 960 2360 1023 pe-

863 1062 977 1106 nes
1019 1045 1472 1125 respectivum,
1507 1044 1806 1105 videlicet
1839 1043 1900 1103 in
1940 1040 2249 1122 personis,
2288 1040 2362 1101 Et

865 1142 1216 1203 secundum
1263 1144 1433 1203 hunc
1479 1141 1739 1203 modum
1790 1147 1938 1202 sunt
1983 1140 2192 1201 solum
2235 1139 2362 1200 duo

867 1241 1036 1302 modi
1081 1240 1332 1302 dicendi
1388 1240 1452 1301 in
1497 1240 1754 1311 divinis,
1802 1246 2019 1320 utpote
2069 1237 2360 1299 substan-

867 1338 1102 1399 tialiter
1131 1346 1193 1397 et
1227 1337 1505 1399 relative.
1531 1338 1604 1398 Et
1634 1336 1784 1417 quia
1817 1336 1948 1398 baec
1981 1335 2203 1396 dicunt
2234 1351 2359 1395 non

866 1435 1062 1508 aliud,
1126 1436 1234 1496 sed
1298 1435 1495 1495 alium
1559 1435 1820 1496 modum
1879 1433 2154 1504 essendi,
2221 1432 2362 1493 ideo

869 1552 1068 1594 unum
1120 1540 1288 1606 sunt,
1335 1540 1396 1593 et
1445 1533 1521 1594 de
1573 1552 1638 1593 se
1692 1532 1966 1594 invicem
2021 1530 2363 1621 praedican-

867 1639 991 1705 tur,
1027 1639 1097 1693 ut
1137 1632 1314 1693 Pater
1343 1639 1437 1693 est
1479 1631 1664 1704 DeuS,
1699 1638 1762 1691 et
1792 1631 1958 1692 Deus
1997 1636 2093 1690 est
2131 1629 2310 1689 Pater
2344 1647 2357 1690 ε

868 1737 931 1790 et
981 1730 1282 1810 quoniam
1333 1729 1554 1790 dicunt
1603 1728 1926 1790 diversum
1984 1728 2245 1789 modum
2294 1745 2361 1787 se

2468 764 2591 826 que
2640 745 2862 806 relatio
2908 745 3065 823 est):
3109 745 3399 827 quaedam
3442 761 3613 815 vern,
3656 743 3969 824 quoniam

2469 843 2773 904 claudunt
2814 843 3185 905 relationem
3238 844 3303 903 in
3353 842 3723 924 suppositiS‚
3766 850 3835 903 ut
3878 842 3969 903 si-

2472 940 2643 1001 milis
2688 948 2748 1001 et
2794 941 3056 1022 aequalis
3092 962 3105 1005 ε
3140 959 3267 1003 non
3312 942 3486 1002 enim
3532 941 3830 1003 dicuntur
3880 940 3970 1001 si-

2474 1039 2657 1100 miles
2698 1039 2799 1100 vel
2842 1040 3115 1119 aequales
3160 1040 3282 1101 nisi
3327 1039 3439 1120 qui
3484 1038 3973 1118 distinguuntur

2471 1135 2552 1198 ab
2598 1137 2874 1198 invicem
2918 1145 2981 1198 et
3026 1139 3389 1199 referuntur
3430 1138 3509 1199 ad
3553 1136 3846 1198 invicem.
3882 1172 3973 1181 —

2470 1234 2615 1296 Haec
2657 1235 3118 1297 Bonaventura.

2553 1334 2855 1395 Praeterea
2887 1334 3155 1395 Thomas
3196 1334 3364 1395 circa
3405 1335 3539 1396 haec
3570 1332 3791 1394 scribit
3820 1351 3972 1413 quae

2472 1450 2548 1492 ex
2590 1431 2848 1493 Alberto
2896 1432 3153 1493 inducta
3196 1440 3366 1500 sunt,
3404 1431 3677 1513 qualiter
3720 1430 3973 1493 scilicet.

2471 1529 2701 1591 divisio
2732 1530 2840 1590 illa
2871 1529 3261 1591 trimembris
3291 1530 3631 1597 Ambrosii,
3666 1530 3973 1611 Dionysio

2472 1636 2690 1690 sancto
2739 1629 3097 1697 concordet,
3143 1629 3252 1709 qui
3301 1629 3517 1691 divina
3566 1628 3823 1689 nomina
3871 1628 3974 1689 di-

2474 1726 2639 1789 vidit
2691 1726 2756 1787 in
2807 1744 2882 1788 ea
2930 1746 3070 1807 quae
3122 1726 3485 1788 translative
3537 1726 3857 1797 dicuntur,
3907 1734 3976 1787 et

869 1827 1166 1899 habendi,
1215 1827 1355 1889 ideo
1396 1828 1747 1889 secundum
1793 1826 1912 1887 hoc
1929 1828 1975 1898 *‚
2023 1826 2086 1887 id
2128 1832 2225 1886 est.
2268 1843 2360 1885 se·
2399 1827 2445 1887 B
2477 1825 2543 1886 in
2574 1843 2647 1886 ea
2678 1844 2819 1906 quae
2850 1825 3105 1906 proprie
3141 1844 3154 1886 :
3189 1843 3463 1906 quorum
3493 1826 3781 1907 quaedam
3816 1833 3977 1887 sunt

871 1925 1150 1987 cundum
1183 1925 1568 1996 absolutum,
1602 1932 1694 1985 est
1728 1924 1975 2001 unitas;
2009 1924 2362 1985 secundum

872 2023 1040 2096 illa*,
1067 2023 1363 2085 videlicet
1395 2023 1768 2103 respectiva,
1789 2021 2078 2083 consistit
2110 2021 2174 2081 in
2206 2021 2364 2084 divi-

871 2122 972 2183 nis
1015 2122 1363 2203 pluralitas.

951 2220 1016 2283 Si
1065 2226 1278 2281 autem
1328 2219 1691 2300 objiciatur,
1745 2219 1896 2299 quia
1953 2236 2140 2280 omne
2192 2218 2362 2299 quod

868 2318 1124 2390 dicitur,
1157 2325 1265 2379 aut
1295 2317 1530 2378 dicitur
1571 2316 2092 2389 substantialiter,
2127 2322 2237 2377 aut
2265 2333 2364 2376 ac-

867 2416 1320 2494 cidentaliter3
1383 2416 1490 2477 sed
1552 2416 1616 2477 in
1676 2414 1912 2476 divinis
1972 2414 2063 2475 nil
2127 2413 2364 2474 dicitur

865 2514 1343 2578 accidentaliter
1393 2531 1406 2575 z
1453 2531 1603 2593 ergo
1652 2513 1867 2575 omnia
1917 2512 2221 2573 dicuntur
2272 2511 2361 2571 ibi

867 2613 1388 2675 substantialiter.
1453 2613 1528 2674 Et
1590 2631 1832 2686 rursus,
1895 2610 2208 2692 quidquid
2268 2616 2363 2671 est

868 2710 1245 2784 substantia,
1278 2710 1514 2771 dieitur
1558 2708 2060 2771 substantialiter
2094 2726 2106 2768 :
2143 2708 2253 2769 sed
2298 2707 2364 2767 in

867 2809 1104 2871 divinis
1154 2808 1316 2869 nihil
1365 2815 1461 2869 est
1511 2806 1635 2868 nisi
1697 2806 2068 2868 substantia.
2122 2842 2205 2850 —
2254 2806 2365 2867 Re-

871 2906 1337 2987 spondendum‚
1392 2906 1560 2986 quod
1621 2904 1976 2966 substantia
2023 2904 2367 2987 dupliciter

2476 1924 2842 1986 eommunia
2891 1923 3094 1985 tribus
3146 1924 3455 2005 personis,
3498 1924 3742 1986 scilicet
3789 1922 3977 1984 abso-

2477 2023 2628 2095 luta,
2662 2022 2739 2083 de
2772 2021 3007 2102 quibus
3049 2030 3272 2083 tractat
3312 2022 3377 2084 in
3421 2022 3584 2085 libro
3613 2024 3691 2084 de
3722 2022 3975 2083 Divinis

2476 2119 2882 2198 nominibus;
2924 2120 3047 2181 alia
3078 2138 3228 2182 vero
3256 2121 3335 2182 ad
3366 2121 3649 2201 singulas
3680 2127 3977 2201 spectant

2477 2237 2798 2300 personaS‚
2835 2226 2904 2279 ut
2942 2219 3222 2280 relativa.
3257 2252 3338 2264 —
3367 2219 3432 2281 Si
3474 2226 3687 2281 autem
3730 2237 3976 2299 quaera-

2475 2325 2599 2388 tur,
2636 2317 2909 2398 qualiter
2938 2316 3199 2377 nomina
3229 2317 3349 2378 ista
3378 2318 3692 2398 negativa,
3728 2317 3977 2378 increa-

2476 2423 2600 2487 tus,
2636 2415 3009 2485 immensus,
3044 2415 3336 2477 dieantur
3366 2416 3443 2476 de
3476 2416 3639 2493 Deo;
3672 2414 3978 2477 similiter

2476 2532 2550 2575 ea
2593 2532 2733 2594 quae
2782 2532 2859 2574 ex
2909 2522 3195 2594 tempore
3247 2514 3671 2595 praedicantur
3714 2514 3791 2575 de
3839 2514 3977 2575 Deo

2477 2619 2539 2673 et
2582 2612 2954 2673 relationem
3002 2620 3246 2693 ponunt
3292 2612 3357 2673 in
3400 2620 3708 2683 creatura,
3748 2619 3818 2673 ut
3860 2613 3976 2675 do·

2482 2710 2691 2772 minus
2730 2718 2793 2771 et
2828 2717 3070 2772 creator
3104 2727 3117 2771 :
3152 2710 3516 2783 dicendum,
3550 2711 3720 2791 quod
3760 2710 3978 2772 omnis

2478 2808 2729 2887 negatio
2777 2826 2855 2869 ex
2903 2807 3117 2889 aliqua
3170 2806 3599 2870 affirmatione
3651 2815 3971 2870 causatur.

2479 2908 2652 2969 Unde
2693 2913 2752 2967 et
2797 2905 2859 2966 in
2906 2906 3140 2967 divinis
3186 2907 3345 2969 ratio
3390 2907 3825 2988 negat-ivorum
3870 2926 3981 2967 su-

870 3006 1125 3077 dicitur‚
1155 3005 1400 3067 scilicet
1427 3023 1540 3065 ens
1575 3022 1686 3085 per
1716 3022 1804 3076 se,
1829 3012 1892 3065 et
1921 3023 2034 3065 ens
2064 3004 2142 3065 ad
2173 3023 2260 3065 se.
2295 3003 2363 3064 In
2405 3007 2449 3070 C
2482 3024 2593 3087 pra
2644 3005 2953 3067 rationem
3003 3003 3538 3067 affirmativorum
3599 3004 3905 3066 fundatur
3960 3023 3977 3066 ε

871 3104 1108 3166 divinis
1159 3111 1370 3166 autem
1412 3110 1673 3165 vocatur
1723 3100 2076 3164 substantia
2115 3110 2178 3164 et
2218 3102 2365 3178 sub-

873 3202 1250 3265 stantialiter
1282 3200 1406 3263 dici
1439 3201 1762 3269 asseritur,
1789 3219 1913 3262 non
1947 3201 2098 3281 quia
2126 3208 2223 3262 est
2252 3220 2365 3262 ens

876 3319 989 3383 per
1039 3319 1126 3374 se,
1170 3300 1280 3362 sed
1329 3299 1480 3380 quia
1521 3306 1616 3360 est
1659 3316 1772 3360 ens
1822 3298 1897 3361 ad
1950 3319 2034 3360 se.
2080 3299 2365 3380 Denique

874 3399 1000 3461 dici
1047 3397 1307 3460 relative
1352 3397 1416 3458 in
1459 3397 1696 3458 divinis
1741 3397 2052 3476 contingit
2094 3397 2365 3477 duplici-

878 3506 971 3560 ter
1015 3517 1029 3561 :
1073 3497 1362 3579 quaedam
1413 3496 1586 3557 enim
1636 3495 1937 3556 dicuntur
1987 3496 2247 3556 relative
2290 3514 2367 3556 ex

877 3595 1213 3678 principali
1256 3593 1536 3656 nominis
1577 3593 1926 3663 intellectu,
1961 3594 2249 3674 quaedam
2291 3612 2367 3654 ex

877 3693 1309 3775 consequenti.
1345 3692 1555 3754 Prima
1596 3699 1744 3753 sunt
1788 3692 1854 3752 in
1899 3691 2136 3772 triplici
2183 3691 2369 3753 disfe-

877 3794 1096 3854 rentia.
1151 3792 1306 3854 Nam
1357 3791 1645 3872 quaedam
1705 3789 2073 3869 significant
2121 3791 2369 3851 relatio-

878 3910 1024 3953 nem
1069 3898 1131 3952 et
1175 3890 1434 3952 relative
1479 3889 1801 3952 dicuntur.
1839 3894 1906 3948 ut
1950 3889 2162 3964 Pater3
2206 3907 2371 3968 quae-

876 3990 1021 4051 dam
1067 3988 1434 4069 significant
1479 3987 1874 4050 relationem.
1909 4005 2025 4047 nee
2069 3986 2370 4047 dicuntur

875 4088 954 4150 ad
995 4087 1288 4158 alterum,
1322 4086 1487 4147 sicut
1531 4086 1894 4166 paternitas,
1930 4105 2070 4166 quai
2112 4103 2237 4146 non
2279 4085 2371 4146 di-

2482 3104 2647 3166 sicut
2689 3104 2808 3166 hoc
2851 3103 3021 3186 quod
3064 3111 3159 3165 est
3205 3103 3635 3185 incorporeuS,
3670 3102 3983 3166 fundatur

2483 3221 2673 3282 super
2719 3201 2837 3263 hoc
2882 3203 3049 3284 quod
3095 3210 3191 3262 est
3235 3201 3527 3283 simplex.
3572 3203 3732 3264 Hinc
3774 3203 3983 3264 nomi-

2483 3318 2563 3360 na
2612 3298 2903 3379 negativa
2950 3300 3341 3361 reducuntur
3383 3301 3483 3361 vel
3534 3300 3611 3361 ad
3662 3299 3977 3362 unitatem

2482 3397 2793 3470 essentiae,
2830 3405 2901 3458 ut
2941 3398 3279 3464 increatus,
3326 3399 3713 3477 immensus3
3754 3399 3855 3460 vel
3896 3400 3983 3461 ad

2482 3495 2957 3558 distinctionem
3019 3515 3456 3577 personarum,
3508 3498 3673 3559 sicut
3735 3497 3985 3577 ingeni-

2484 3603 2603 3656 ωε.
2639 3595 2909 3657 Nomina
2948 3613 3201 3676 quoque
3246 3595 3355 3656 illa
3393 3615 3535 3676 quae
3572 3613 3649 3658 ex
3687 3602 3983 3676 tempore

2484 3693 2560 3754 de
2605 3695 2731 3755 Deo
2773 3694 3093 3767 dicuntur,
3133 3694 3283 3775 quia
3325 3694 3559 3755 realem
3601 3694 3981 3756 relat-ionem

2484 3800 2705 3854 notant
2748 3793 2811 3853 in
2858 3801 3163 3864 ereatura,
3204 3812 3346 3874 quae
3394 3793 3453 3854 ei
3504 3793 3856 3855 innascitur
3896 3812 3982 3854 ex

2484 3891 2847 3971 operatione
2899 3891 3009 3952 Dei
3054 3891 3131 3952 ad
3182 3899 3379 3965 extra,
3422 3892 3573 3952 dant
3623 3890 3985 3972 intelligere

2484 3989 2723 4070 aliquid
2775 3988 3136 4050 absolutum
3184 3989 3247 4052 in
3292 3990 3441 4062 Dec,
3486 3991 3653 4051 sicut
3700 3991 3818 4051 hoc
3867 4009 3989 4052 no-

2488 4107 2656 4154 men,
2682 4087 3009 4157 dominus,
3044 4087 3144 4150 vel
3188 4095 3451 4160 creator,
3490 4096 3667 4150 notat
3710 4096 3989 4170 potesta-

879 4186 1046 4247 citur
1074 4186 1150 4246 ad
1182 4185 1474 4253 alterum,
1501 4184 1610 4244 sed
1642 4191 1732 4244 est
1770 4183 1981 4264 ipsum
2013 4201 2139 4264 quo
2171 4202 2370 4244 unum
2405 4189 2451 4248 l)
2485 4193 2615 4245 tem
2658 4184 2722 4245 in
2764 4185 2891 4246 Deo
2921 4204 3046 4265 qua
3081 4193 3247 4246 creat
3279 4193 3339 4246 et
3374 4187 3535 4266 regit
3568 4195 3811 4264 creata3
3854 4187 3989 4248 sic-

879 4283 1151 4345 refertur
1181 4283 1258 4344 ad
1290 4283 1593 4353 alterum3
1628 4281 1914 4361 quaedam
1947 4281 2249 4342 dicuntur
2280 4301 2373 4342 re-

881 4381 1091 4453 lative,
1126 4379 1428 4460 quoniam
1473 4379 1724 4460 privant
1769 4379 2162 4447 relationem,
2210 4379 2375 4441 sicut

882 4478 1224 4559 ingenium,
1263 4476 1786 4558 improcessibilis
1816 4494 1828 4538 :
1854 4477 1973 4538 ista
2005 4485 2215 4539 tamen
2247 4496 2371 4540 non

881 4586 978 4638 est
1023 4595 1180 4658 pura
1226 4576 1518 4658 privatio.
1567 4582 1635 4634 ut
1680 4574 1843 4636 infra
1886 4576 2150 4636 dicetur.
2188 4577 2375 4638 Porro

881 4694 1023 4755 quae
1055 4673 1276 4734 dicunt
1311 4672 1682 4734 relationem
1716 4689 1792 4732 ex
1826 4673 2237 4752 consequenti
2283 4671 2374 4733 in-

880 4772 1160 4844 tellectu,
1217 4769 1515 4832 similiter
1574 4776 1722 4831 sunt
1775 4769 1839 4830 in
1892 4769 2127 4850 triplici
2190 4769 2375 4831 diffe-

881 4870 1102 4932 rentia.
1167 4869 1323 4931 Nam
1383 4868 1671 4949 quaedam
1732 4867 2032 4928 dicuntur
2089 4868 2373 4937 relat-ive,

881 4970 1033 5051 quia
1101 4974 1427 5050 ponuntur
1493 4984 1606 5046 pro
1670 4965 1973 5038 relativiS,
2041 4974 2111 5026 ut
2174 4985 2376 5047 quum

880 5068 1136 5139 dicitur,
1173 5066 1337 5128 Deus
1379 5072 1636 5144 generat
1680 5066 1903 5133 Deum,
1944 5064 2004 5124 id
2049 5071 2164 5133 est,
2200 5065 2378 5126 Pater

881 5166 1160 5237 Filiu1n3
1212 5163 1522 5245 quaedain,
1586 5164 1886 5244 quoniam
1949 5162 2253 5223 claudunt
2314 5164 2377 5224 in

883 5283 998 5326 suo
1041 5263 1402 5345 significato
1447 5262 1814 5324 relationem
1863 5261 2268 5334 inu-insecus,
2311 5269 2379 5322 ut

2486 4303 2609 4366 que
2656 4269 3046 4345 reducuntur
3088 4285 3165 4346 ad
3205 4303 3279 4345 ea
3322 4304 3463 4366 quae
3504 4286 3582 4347 ad
3632 4285 3989 4365 majestatis

2487 4382 2808 4463 pertinent
2851 4382 3179 4443 unitatem.
3216 4383 3358 4444 Haec
3401 4381 3691 4445 ThomaS.

2564 4480 2673 4542 His
2719 4498 3072 4543 consonans
3119 4482 3335 4543 Petrus
3371 4499 3384 4542 :
3420 4482 3708 4555 Nomina,
3744 4481 3985 4562 inquit,

2487 4577 2721 4657 quibus
2754 4579 2953 4640 'Deum
2986 4578 3413 4652 nominamuS,
3448 4587 3555 4640 aut
3587 4579 3991 4642 conveniunt

2487 4675 2609 4737 sibi
2652 4678 3002 4737 secundum
3042 4676 3374 4738 veritatem
3418 4677 3506 4738 rei
3548 4696 3690 4758 quae
3732 4677 3795 4738 in
3838 4676 3992 4758 ipso

2486 4781 2603 4843 est,
2647 4782 2752 4835 aut
2800 4774 3183 4837 translative.
3230 4775 3291 4838 Si
3346 4776 3553 4857 primo
3609 4775 3813 4848 modo,
3854 4775 3991 4838 hoc

2488 4878 2584 4930 est
2626 4871 2965 4951 dupliciter
3000 4889 3013 4933 z
3050 4891 3193 4934 nam
3240 4875 3529 4954 quaedam
3578 4882 3727 4936 sunt
3768 4893 3993 4935 essen-

2489 4968 2685 5036 tialia,
2712 4969 2999 5048 quiedam
3032 4970 3406 5050 personalia.
3430 4971 3803 5033 Essentialia
3830 4991 3997 5053 quo-

2491 5085 2614 5147 que
2656 5067 2938 5147 duplicia
2987 5077 3129 5129 sunt
3177 5087 3192 5129 ε
3236 5069 3536 5150 quoniam
3587 5071 3875 5151 quaedam
3922 5074 3991 5134 ei

2493 5163 2879 5225 conveniunt
2928 5164 3009 5226 ab
3058 5173 3313 5237 aeterno,
3359 5175 3429 5228 ut
3478 5168 3766 5249 sapiens:
3811 5188 3993 5249 qua*-

2491 5263 2635 5322 dam
2668 5281 2744 5322 ex
2777 5271 3082 5344 tempore,
3109 5272 3177 5325 ut
3208 5265 3523 5328 dominns.
3551 5267 3995 5331 personalium
