4359 6250
885 482 1005 547 294
1808 503 1984 550 tumn
2025 505 2045 549 1
2087 503 2569 550 sumnmlmuu.
2615 521 2696 534 --
2736 505 2890 552 msr.
2935 505 3062 550 xxx

888 677 1123 740 accidit
1165 677 1329 743 De0.
1372 679 1458 740 Et
1493 679 1568 740 ut
1609 678 1827 741 omnis
1876 678 2260 741 amoveatur
2296 679 2759 756 controversia,
2802 680 2974 742 certe
3019 679 3095 741 ut
3131 679 3287 741 tuus
3322 679 3632 741 dominus
3683 679 3860 742 esset
3885 677 3996 740 vel

888 809 1099 872 meuS,
1151 793 1264 874 qui
1320 793 1519 856 modo
1572 811 1713 856 esse
1766 793 2108 874 coepimuS‚
2160 812 2244 857 ex
2289 795 2585 875 tempore
2635 794 2886 857 habuit.
2930 795 3275 868 Quomodo
3325 812 3479 875 ergo
3522 793 3994 874 obtinebimuS,

886 908 1055 970 nihil
1093 910 1449 972 secundum
1494 910 1792 972 accidens
1834 910 1963 972 dici
2002 909 2270 973 Deum?
2306 911 2438 973 nisi
2475 911 2631 991 quia
2669 911 2879 991 ipsius
2914 912 3165 974 naturae
3197 910 3361 973 nihil
3404 911 3640 973 accidit
3676 927 3808 991 quo
3842 927 3998 972 mu-

887 1024 1064 1088 tetur
1104 1045 1117 1085 :
1160 1027 1234 1089 ut
1282 1043 1358 1089 ea
1404 1026 1539 1088 sint
1584 1026 1944 1088 accidentia
1980 1027 2276 1106 relativa,
2319 1044 2466 1107 quae
2506 1044 2657 1089 cum
2706 1027 2927 1107 aliqua
2964 1027 3328 1090 mutatione
3366 1043 3580 1090 rerum
3623 1025 3704 1089 de
3751 1025 4002 1106 quibus

890 1141 1219 1221 dicuntur,
1252 1142 1578 1222 accidunt,
1620 1143 1793 1205 sicut
1820 1142 2073 1206 amicus
2110 1143 2381 1207 relative
2412 1117 2672 1206 dicitur.
2706 1144 2858 1206 Non
2895 1143 3070 1205 enim
3101 1143 3354 1206 amicus
3392 1160 3534 1206 esse
3571 1143 3826 1224 incipit,
3867 1143 4002 1206 nisi

888 1274 1095 1337 quum
1134 1275 1351 1322 amare
1391 1260 1659 1340 coeperit
1700 1279 1713 1320 ε
1756 1259 1832 1321 fit
1868 1275 2021 1339 ergo
2064 1259 2286 1339 aliqua
2323 1259 2601 1322 mutatio
2643 1259 3024 1338 voluntatis,
3056 1260 3132 1322 ut
3171 1259 3426 1322 amicus
3467 1259 3742 1321 dicatur.
3783 1259 4003 1321 Num-

888 1390 1039 1435 mus
1086 1392 1265 1455 ver0,
1298 1392 1501 1455 quum
1561 1376 1801 1437 dicitur
1852 1377 2160 1456 pretium,
2202 1375 2472 1439 relative
2520 1377 2802 1455 dicitur3
2852 1393 2970 1438 nec
3022 1376 3240 1438 tamen
3297 1376 3590 1438 mutatus
3637 1376 3738 1438 est
3785 1393 4000 1456 quum

890 1507 1032 1552 esse
1064 1491 1261 1570 coepit
1291 1492 1599 1574 pretium,
1632 1510 1750 1554 nec
1788 1510 1994 1573 quum
2025 1493 2265 1554 dicitur
2294 1493 2557 1573 pignus,
2590 1494 2654 1555 et
2689 1492 3097 1572 huJusmodi.
3125 1493 3195 1556 Si
3235 1508 3386 1572 ergo
3425 1508 3742 1555 nummus
3777 1493 4002 1572 potest

762 1635 791 1664 u
824 1633 850 1663 ι
888 1601 1116 1669 nulla*
1152 1607 1257 1670 sui
1306 1609 1668 1671 mutatione
1705 1609 1901 1672 toties
1938 1609 2069 1671 dici
2106 1609 2401 1688 relative,
2443 1610 2517 1670 ut
2563 1626 2776 1689 neque
2823 1626 3030 1690 quum
3070 1609 3303 1690 incipit
3341 1607 3471 1670 dici
3523 1624 3735 1688 neque
3783 1625 3996 1688 quum

888 1723 1152 1802 desinit,
1179 1723 1430 1804 aliquid
1465 1724 1535 1785 in
1574 1724 1717 1804 eJus
1758 1726 1991 1788 natura
2026 1725 2129 1788 vel
2169 1724 2384 1787 forma
2427 1742 2559 1805 qua
2594 1742 2911 1788 nummus
2956 1726 3078 1804 est,
3111 1723 3498 1788 mutationis
3537 1723 3652 1787 fiat
3692 1745 3708 1785 :
3750 1726 4001 1805 quanto

890 1838 1149 1903 facilius
1196 1840 1276 1902 de
1327 1839 1440 1902 illa
1490 1841 2014 1904 incommutabili
2066 1842 2189 1905 Dei
2237 1840 2604 1904 substantia
2656 1840 2972 1905 debemus
3018 1842 3333 1922 accipere,
3375 1841 3552 1921 quod
3602 1841 3696 1902 ita
3742 1840 4004 1904 dicatur

889 1955 1158 2018 relative
1211 1955 1459 2035 aliquid
1515 1957 1599 2018 ad
1657 1959 2044 2037 creaturam,
2085 1958 2157 2019 ut
2215 1958 2520 2037 quamvis
2567 1957 3016 2038 temporaliter
3072 1956 3342 2038 incipiat
3394 1957 3549 2036 dici,
3589 1973 3721 2018 non
3777 1958 4001 2019 tamen

891 2071 1019 2152 ipsi
1057 2071 1441 2134 substantiae
1480 2073 1602 2135 Dei
1641 2073 1954 2135 accidisse
1985 2073 2237 2153 aliquid
2266 2073 2691 2154 intelligatur,
2721 2074 2833 2136 sed
2875 2073 2971 2136 illi
3010 2073 3322 2136 creaturae
3353 2073 3435 2135 ad
3472 2089 3671 2152 quam
3709 2072 4004 2136 dicitur?

636 2217 675 2248 ε.
754 2219 795 2258 v,
847 2187 1187 2260 ‚Qualiter
1244 2188 1441 2250 etiam
1498 2187 1831 2268 refugium
1882 2190 2177 2252 nostrum
2237 2190 2498 2252 dicitur.
2544 2188 2904 2270 Refugium
2956 2191 3132 2252 enim
3193 2190 3493 2252 nostrum
3541 2189 3783 2252 dicitur
3818 2189 4005 2252 Deus

624 2782 861 2830 ouran-id&

890 2302 1160 2366 relative
1204 2323 1218 2363 :
1261 2303 1343 2365 ad
1380 2321 1501 2366 nos
1540 2303 1715 2366 enim
1757 2303 2055 2382 refertur,
2089 2305 2154 2367 et
2180 2305 2338 2367 tunc
2368 2305 2698 2386 refugium
2736 2305 3036 2368 nostrum
3069 2305 3165 2383 fit,
3207 2321 3414 2385 quum
3445 2304 3528 2367 ad
3556 2321 3707 2368 eum
3751 2303 4004 2385 refugi-

891 2436 1062 2482 mus.
1091 2419 1433 2500 Numquid
1462 2421 1617 2482 tunc
1654 2420 1728 2482 fit
1764 2420 2013 2501 aliquid
2054 2421 2121 2483 in
2161 2420 2306 2500 eJus
2343 2423 2598 2500 natura,
2633 2421 2811 2502 quod
2849 2423 3199 2501 antequam
3239 2420 3690 2502 refugeremus
3723 2421 3806 2483 ad
3845 2439 4001 2484 eum

890 2551 1021 2598 non
1061 2534 1248 2598 erat?
1282 2535 1359 2598 In
1409 2534 1601 2599 nobis
1653 2552 1804 2616 ergo
1858 2535 1931 2598 fit
1967 2536 2188 2615 aliqua
2240 2537 2542 2612 mutatiO,
2583 2537 2698 2616 qui
2747 2537 2828 2598 ad
2866 2554 3017 2599 eum
3071 2536 3454 2616 refugiendo
3503 2535 3822 2599 efficimur
3861 2555 4004 2600 me-

890 2652 1124 2731 liores;
1167 2652 1234 2713 in
1279 2650 1391 2713 illo
1430 2653 1650 2714 autem
1689 2651 1892 2714 nulla.
1935 2651 2043 2714 Sic
2082 2653 2142 2714 et
2181 2653 2366 2732 pater
2402 2653 2625 2714 noster
2662 2670 2804 2715 esse
2854 2653 3106 2732 incipit,
3140 2671 3347 2732 quum
3384 2670 3500 2733 per
3538 2652 3682 2732 ejus
3719 2654 4002 2731 gratiam

893 2783 1373 2846 regeneramur,
1419 2768 1533 2846 qui
1590 2767 1769 2830 dedit
1825 2767 2016 2830 nobis
2070 2767 2464 2849 potestatem
2520 2767 2694 2830 filios
2750 2768 2874 2832 Dei
2921 2768 3084 2830 fieri.
3128 2766 3507 2832 Substantia
3563 2786 3714 2848 ergo
3777 2773 4008 2832 nostra

891 2883 1185 2945 mutatur
1234 2884 1299 2944 in
1352 2883 1613 2962 meliuS,
1660 2901 1866 2964 quum
1922 2883 2043 2946 filii
2092 2883 2238 2963 ejus
2286 2883 2624 2946 efficimur.
2677 2883 2997 2947 Similiter
3049 2885 3114 2946 et
3175 2883 3285 2947 ille
3339 2885 3524 2964 pater
3581 2885 3803 2947 noster
3859 2903 4006 2947 esse

889 2998 1143 3077 incipit,
1176 2999 1291 3060 sed
1324 2998 1505 3060 nulla
1542 3016 1678 3060 suae
1713 3000 2227 3062 commutatione
2265 2998 2670 3062 substantiae.
2707 2999 2895 3072 Quod
2937 3017 3088 3080 ergo
3121 2999 3569 3080 temporaliter
3600 2999 3730 3061 dici
3768 2999 4010 3080 incipit

888 3115 1068 3178 Deus
1105 3114 1283 3194 quod
1320 3117 1509 3178 antea
1548 3132 1676 3177 non
1706 3115 2063 3191 dicebatur,
2098 3115 2522 3179 manifestum
2563 3117 2662 3179 est.
2698 3116 2967 3181 relative
3006 3117 3133 3180 dici
3169 3138 3182 3178 ε
3219 3135 3349 3179 non
3388 3118 3605 3180 tamen
3637 3117 4004 3180 secundum

886 3231 1188 3293 accidens
1224 3230 1372 3310 Dei,
1405 3232 1580 3311 quod
1620 3231 1871 3312 aliquid
1910 3233 1967 3295 ei
2012 3233 2341 3312 acciderit,
2377 3232 2493 3296 sed
2535 3234 2728 3314 plane
2765 3234 3126 3297 secundum
3172 3234 3472 3297 accidens
3511 3232 3656 3314 ejus
3702 3234 3781 3295 ad
3821 3235 4006 3314 quod

886 3346 1017 3408 dici
1064 3345 1315 3425 aliquid
1361 3348 1540 3410 Deus
1586 3347 1819 3427 incipit
1864 3350 2154 3411 relative.

1022 3462 1121 3524 Ex
1153 3461 1258 3523 his
1287 3464 1507 3542 aperte
1546 3465 1935 3543 ostenditur,
1970 3466 2146 3545 quod
2177 3467 2478 3545 quaedam
2510 3465 2591 3528 de
2621 3465 2762 3528 Deo
2795 3465 3243 3546 temporaliter
3270 3467 3579 3529 dicuntur
3607 3467 3879 3530 relative
3919 3468 4006 3531 ad

889 3582 1218 3641 creaturas
1254 3578 1396 3640 sine
1434 3580 1798 3641 mutatione
1832 3580 2133 3660 Deitatis,
2168 3581 2284 3644 sed
2315 3600 2446 3643 non
2490 3582 2631 3644 sine
2670 3581 3033 3643 mutatione
3069 3582 3382 3645 creaturae
3417 3602 3430 3643 :
3468 3584 3534 3645 et
3570 3583 3662 3645 ita
3697 3582 4008 3645 accidens

889 3697 989 3758 est
1032 3696 1101 3756 in
1133 3696 1447 3771 creatura,
1482 3710 1613 3756 non
1645 3695 1713 3757 in
1744 3695 2068 3759 Creatore.
2104 3698 2190 3759 Et
2226 3696 2577 3777 appellatio
2609 3714 2740 3777 qua
2779 3698 3072 3759 creatura
3110 3696 3351 3760 dicitur
3379 3697 3648 3761 relative
3685 3699 3767 3761 ad
3806 3698 4010 3761 Crea-

888 3813 1121 3890 torem,
1162 3811 1434 3874 relativa
1472 3813 1593 3891 est,
1646 3813 1711 3874 et
1748 3812 2129 3877 relationem
2184 3815 2368 3875 notat
2417 3830 2564 3893 quae
2619 3813 2718 3875 est
2757 3814 2825 3876 in
2873 3814 3018 3893 ipsa
3065 3815 3396 3896 creatura3
3441 3814 3793 3896 appellatio
3843 3834 4007 3878 vero

887 3930 1003 3991 illa
1032 3946 1163 4009 qua
1196 3928 1463 3992 Creator
1496 3927 1767 3992 relative
1796 3930 2040 3992 dicitur
2076 3931 2158 3991 ad
2198 3930 2584 4009 creaturam,
2619 3930 2890 3993 relativa
2927 3930 3198 4011 quidem
3229 3931 3348 4009 est,
3373 3931 3490 3994 sed
3524 3930 3774 3995 nullam
3817 3934 4012 3994 notat

889 4044 1273 4107 relationem
1322 4060 1469 4123 quae
1517 4042 1605 4104 sit
1651 4043 1719 4104 in
1766 4042 2090 4107 Creatore.

892 4269 964 4333 C.
1012 4273 1147 4334 Hic
1192 4274 1507 4335 solvitur
1553 4271 1854 4346 quaestio
1912 4285 2056 4346 qua
2113 4271 2611 4346 quaerebatur,
2664 4273 2921 4335 utrum
2975 4274 3299 4344 Spiritus
3341 4275 3656 4339 Sanctus
3699 4276 4008 4337 dicatur

1592 4389 1848 4450 datum
1892 4390 2210 4451 relative
2258 4393 2357 4452 ad
2400 4403 2502 4465 se,
2552 4403 2776 4465 quum
2823 4393 2977 4463 ipse
3024 4391 3143 4452 det
3184 4405 3283 4452 se.

1030 4591 1157 4653 Hic
1202 4592 1418 4671 potest
1474 4590 1644 4653 solvi
1692 4590 1970 4670 quaestio
2018 4590 2324 4671 superius
2370 4592 2730 4673 proposita,
2781 4591 2896 4655 ubi
2943 4592 3379 4673 quaerebatur,
3443 4610 3649 4674 quum
3710 4594 4008 4675 Spiritus

894 4708 1173 4772 Sanctus
1208 4708 1433 4769 datum
1465 4706 1719 4769 dicatur
1754 4706 1859 4769 vel
1889 4706 2206 4768 donatum
2237 4704 2444 4787 (quod
2479 4709 2700 4772 autem
2739 4709 2952 4788 datur,
2993 4709 3272 4773 refertur
3299 4711 3362 4772 et
3401 4710 3482 4771 ad
3521 4728 3674 4773 eum
3712 4710 3827 4791 qui
3857 4711 4002 4791 dat,

894 4826 958 4888 et
995 4824 1077 4887 ad
1106 4822 1297 4886 illum
1335 4823 1441 4886 cui
1479 4820 1718 4902 datur),
1753 4824 1818 4886 et
1852 4840 2057 4903 quum
2098 4823 2385 4905 Spiritus
2422 4824 2700 4888 Sanctus
2742 4826 2852 4889 det
2887 4844 2958 4889 se
2997 4826 3242 4906 ipsum,
3285 4826 3510 4889 utrum
3547 4825 3629 4888 ad
3671 4846 3744 4890 se
3772 4828 4005 4908 ipsum

892 4940 1161 5004 relative
1198 4940 1475 5018 dicatur,
1509 4956 1716 5019 quum
1754 4939 1995 5003 dicitur
2022 4940 2160 5002 dari
2202 4941 2305 5004 vel
2344 4940 2594 5004 donari.
2637 4940 2760 5005 Cui
2797 4942 3148 5022 quaestioni
3187 4942 3677 5034 respondenteS,
3709 4942 4008 5007 dicimus

890 5057 1213 5138 Spiritum
1260 5056 1575 5119 Sanctum
1626 5056 1755 5118 dici
1796 5057 2023 5119 datum
2062 5057 2164 5120 vel
2203 5058 2520 5121 donatum
2557 5057 2827 5121 relative
2865 5060 2930 5122 et
2967 5060 3046 5121 ad
3090 5059 3355 5121 dantem
3405 5060 3469 5121 et
3517 5060 3598 5121 ad
3647 5060 3840 5123 illum
3887 5061 4003 5123 cui

890 5175 1103 5238 datur.
1145 5176 1327 5239 Dans
1367 5174 1587 5236 autem
1636 5173 1775 5236 sive
1813 5173 2110 5251 donator,
2145 5175 2244 5235 est
2285 5173 2481 5238 Pater
2509 5192 2660 5237 cum
2689 5174 2860 5238 Filio
2899 5176 2965 5238 et
3001 5173 3252 5256 Spiritu
3293 5174 3556 5238 Sancto,
3597 5175 3735 5239 Nec
3771 5178 4000 5240 tamen

891 5289 1175 5353 dicimus
1224 5290 1545 5372 Spiritum
1594 5292 1907 5356 Sanctum
1954 5290 2181 5355 referri
2219 5292 2303 5354 ad
2337 5308 2450 5373 se3
2482 5292 2597 5355 sed
2633 5292 2984 5373 appellatio
3022 5291 3158 5354 dati
3197 5290 3302 5355 vel
3339 5291 3562 5356 donati
3601 5292 3882 5357 refertur
3931 5296 4002 5357 et
