4359 6250
1262 485 1437 532 LIBER
1476 485 1497 532 1
1539 485 2019 532 summanum.
2064 503 2146 514 —
2186 485 2338 532 msr.
2383 487 2508 532 XXV

3312 467 3432 532 189

354 652 457 718 ita
492 655 854 734 ponenda
894 656 1005 721 ait
1041 656 1126 722 in
1167 653 1475 722 divinis
1510 655 1832 723 bonitas
1859 655 1906 717 A
1939 655 2137 716 aturis
2167 655 2325 718 dicit
2363 655 2850 734 indivisionem3
2881 663 2945 718 et
2980 656 3106 718 alia
3143 663 3239 718 θεῖ
3266 656 3427 718 ratio

354 751 653 831 duplex,
703 754 979 834 utpote
1022 754 1478 820 essentialis
1527 755 1613 821 et
1658 769 1829 834 per-

353 849 657 917 sonans·

436 946 695 1008 Videtur
750 948 920 1030 quod
979 949 1130 1023 imo,
1189 949 1340 1031 quia
1397 965 1525 1010 non
1580 948 1832 1010 videtur

354 1045 541 1124 major
578 1045 741 1108 ratio
780 1047 859 1109 de
900 1065 1025 1108 uno
1064 1066 1257 1129 quam
1296 1045 1440 1108 alio.
1474 1081 1555 1092 —
1584 1047 1661 1107 Et
1700 1065 1833 1108 rur-

354 1162 469 1216 sus,
504 1144 809 1224 quoniam
840 1144 1080 1207 bonum
1113 1144 1529 1208 convertibile
1558 1151 1655 1207 θεῖ
1684 1162 1831 1206 cum

352 1248 504 1314 ente,
555 1243 1097 1323 quemadmodum
1150 1262 1349 1305 unum
1404 1261 1418 1305 :
1470 1260 1621 1324 ergo
1668 1242 1831 1304 sicut

352 1357 455 1400 cns
482 1347 578 1401 est
616 1340 875 1423 duplex,
908 1340 1208 1406 videlicet
1242 1340 1609 1403 absolutum
1647 1348 1709 1402 et
1739 1359 1833 1403 re-

354 1435 607 1499 lativum
654 1457 769 1500 seu
816 1439 1168 1521 personale,
1220 1439 1409 1501 etiam
1461 1439 1525 1500 in
1573 1438 1829 1512 diviniS,

354 1535 431 1596 ita
470 1543 531 1596 θῖ
572 1536 835 1599 bonum.

422 1634 509 1696 Ad
540 1635 663 1697 hoc
701 1636 932 1698 Doctor
970 1635 1253 1698 solennis
1293 1635 1357 1697 in
1398 1634 1605 1717 primo
1635 1635 1835 1708 Quod-

354 1730 533 1794 libeto
574 1734 917 1814 respondet
950 1751 963 1795 :
996 1733 1252 1814 Aliquid
1293 1733 1597 1814 distingui
1640 1732 1706 1794 in
1746 1732 1835 1795 di·

1939 752 2436 816 indistinctionis
2475 755 2785 828 essentiae,
2817 753 2944 816 alia
2971 771 3122 816 vero
3151 753 3311 815 ratio
3339 753 3430 814 in-

1940 851 2368 914 distinctionis
2412 870 2714 934 personae.
2751 852 2992 914 Idcirco
3035 852 3101 913 in
3140 852 3268 914 Deo
3307 851 3430 912 dis-

1940 949 2252 1030 tinguitur
2281 949 2516 1030 duplex
2545 950 2776 1024 unitaS,
2807 950 3051 1011 scilicet
3079 947 3433 1011 essentialis

1940 1055 2003 1108 et
2035 1047 2386 1129 personalis
2407 1065 2421 1108 ε
2440 1047 2818 1120 essentialiS‚
2843 1055 3102 1130 propter
3130 1067 3260 1110 suae
3290 1047 3437 1109 sub-

1941 1147 2188 1210 stantiae
2233 1146 2731 1228 simplicitatem,
2773 1166 2898 1228 qua
2946 1166 2983 1209 a
3024 1166 3092 1210 se
3135 1153 3232 1210 est
3273 1146 3434 1208 indi-

1942 1244 2139 1318 visuS,
2158 1252 2222 1306 et
2251 1244 2332 1307 ab
2361 1244 2502 1306 aliis
2535 1245 2782 1306 cunctis
2813 1245 3038 1306 creatis
3067 1245 3341 1324 divisus3
3372 1251 3436 1308 et

1944 1343 2316 1423 personalis,
2351 1349 2610 1424 propter
2657 1342 3134 1423 simplicitatem
3183 1351 3249 1404 et
3297 1360 3437 1424 pro-

1944 1440 2276 1520 prietatem
2309 1439 2658 1514 relativam,
2683 1459 2810 1522 qua
2837 1440 3137 1522 quaelibet
3168 1457 3438 1521 persona

1942 1536 2159 1599 divina
2205 1537 2269 1598 in
2309 1555 2376 1599 se
2416 1543 2512 1598 est
2553 1555 2678 1598 una
2719 1556 2793 1598 ac
2833 1537 3220 1611 indistincta,
3254 1545 3318 1600 et
3356 1537 3436 1599 ab

1942 1635 2085 1697 aliis
2125 1634 2414 1716 personis
2454 1635 2771 1696 distincta.
2806 1636 3015 1698 Deitas
3045 1652 3196 1698 vero
3233 1642 3299 1698 et
3328 1635 3437 1698 bo-

1944 1732 2105 1794 nitas
2136 1733 2258 1796 sub
2289 1734 2508 1796 eadem
2541 1734 2784 1796 ratione
2816 1734 3204 1796 conveniunt
3234 1753 3440 1797 essen-

351 1829 505 1892 vinis
555 1850 753 1913 penes
805 1831 1141 1894 essentiale
1189 1838 1252 1893 et
1300 1831 1653 1912 personale,
1706 1848 1832 1892 non
1864 1834 1910 1896 B
1942 1831 2046 1894 tiae
2090 1849 2164 1893 ac
2212 1831 2499 1914 personis
2542 1849 2556 1893 :
2599 1831 2835 1895 idcirco
2882 1841 3030 1894 sunt
3076 1832 3438 1896 essentialia

354 1929 651 2010 contingit
690 1929 815 1991 nisi
856 1948 932 1992 ex
972 1930 1092 1992 boc
1135 1930 1307 2010 quod
1347 1929 1558 2012 ipsum
1599 1929 1722 1991 alia
1760 1946 1833 1990 ac

352 2025 465 2087 alia
492 2028 737 2090 ratione
767 2029 1065 2091 convenit
1102 2027 1393 2090 essentiae
1422 2035 1487 2091 et
1525 2044 1828 2109 personae.

352 2123 603 2198 Idcirco,
640 2126 693 2187 si
742 2125 985 2207 aliquid
1034 2126 1155 2189 sub
1202 2145 1329 2188 una
1376 2133 1566 2208 atque
1613 2126 1833 2188 eadem

352 2223 579 2285 ratione
644 2223 936 2290 essentiae
996 2243 1069 2286 ac
1129 2242 1413 2306 personae
1475 2223 1831 2296 conveniat,

351 2318 461 2381 hoc
498 2321 711 2383 solum
760 2329 856 2383 est
905 2322 1273 2400 essentiale;
1304 2322 1359 2383 si
1402 2339 1554 2384 vero
1596 2341 1673 2384 ex
1720 2340 1837 2384 sua

351 2417 602 2496 speciali
634 2419 877 2481 ratione
915 2419 1251 2482 conveniat
1286 2419 1494 2482 solum
1525 2436 1831 2501 personae,

352 2531 467 2575 non
508 2516 825 2590 essentias,
867 2517 1076 2580 solum
1118 2525 1216 2579 est
1258 2517 1589 2599 personale
1622 2534 1636 2578 :
1670 2517 1837 2578 sicut

352 2611 463 2672 hoc
510 2629 767 2687 nomen,
818 2615 1017 2688 Pater,
1069 2615 1325 2697 proprie
1372 2622 1723 2696 sumptum.
1771 2614 1836 2677 Si

352 2727 493 2771 vero
537 2711 625 2772 sit
670 2729 905 2778 nomen
946 2711 1203 2793 aliquod
1251 2712 1437 2792 cujus
1481 2713 1641 2774 ratio
1690 2729 1835 2774 con·

352 2807 553 2868 veniat
604 2817 733 2871 tam
782 2809 1073 2872 essentiae
1116 2828 1308 2890 quam
1358 2811 1667 2891 personiS,
1709 2828 1836 2872 non

353 2911 555 2968 tamen
584 2907 809 2969 eodem
841 2908 1027 2969 modo
1056 2915 1167 2969 aut
1194 2907 1391 2970 simili
1420 2908 1683 2982 ratione,
1718 2909 1838 2971 boc

1946 1936 2223 2008 tantum3
2255 1948 2373 1991 nec
2404 1929 2472 1990 in
2502 1930 2630 1992 Deo
2657 1930 3072 2010 distinguitur
3100 1931 3300 1993 deitas
3329 1937 3440 1994 aut

1944 2027 2195 2090 bonitas
2224 2028 2482 2110 duplex,
2501 2028 2798 2091 videlicet
2826 2029 3180 2091 essentialis
3210 2038 3273 2091 et
3304 2048 3442 2112 per-

1944 2125 2202 2198 sonaliS‚
2236 2127 2346 2188 sed
2376 2126 2585 2188 solum
2624 2127 2976 2189 essentialis
3009 2127 3258 2190 bonitas
3291 2145 3439 2190 con-

1945 2223 2119 2286 venit
2148 2224 2294 2286 Deo.
2321 2223 2398 2284 Et
2427 2223 2622 2304 hujus
2653 2243 2842 2287 causa
2871 2224 3262 2288 rationabilis
3293 2225 3443 2287 assi·

1943 2327 2194 2402 gnatur,
2227 2321 2378 2404 quia
2418 2322 2717 2385 videlicet
2765 2322 2972 2385 unitas
3013 2323 3204 2386 aliam
3248 2323 3440 2387 habet

1946 2417 2254 2481 rationem
2297 2437 2490 2500 quam
2532 2419 2782 2482 bonitas
2826 2436 2840 2481 :
2883 2419 3034 2502 quia
3076 2421 3142 2483 in
3185 2440 3301 2483 sua
3343 2440 3440 2483 ra-

1945 2516 2117 2579 tione
2162 2517 2614 2580 indivisionem
2665 2517 2956 2593 includit,
2998 2538 3140 2600 quae
3181 2519 3306 2582 alia
3346 2538 3440 2581 ra-

1945 2614 2119 2677 tione
2176 2615 2477 2677 convenit
2523 2616 2813 2679 essentiae
2861 2635 3054 2697 quam
3112 2634 3436 2699 personae3

1947 2712 2197 2776 bonitas
2242 2730 2392 2776 vero
2435 2721 2696 2776 vocatur
2737 2715 2907 2797 quod
2951 2714 3299 2797 appetibile
3342 2723 3440 2778 est

1945 2819 2136 2893 atque
2180 2810 2477 2886 amabile,
2509 2811 2680 2892 quod
2724 2813 2999 2874 maxime
3044 2813 3342 2876 convenit
3381 2813 3440 2876 ei

1947 2909 2057 2990 qui
2100 2917 2196 2971 est
2231 2910 2522 2972 omnium
2564 2909 2826 2972 ultimus
2865 2910 3017 2972 finis
3052 2928 3066 2973 :
3099 2919 3162 2974 et
3190 2912 3310 2975 hoc
3341 2931 3441 2975 ea-

351 3011 441 3063 cst
484 3005 825 3067 essentiale
873 3013 937 3067 θῖ
983 3004 1314 3087 personale
1368 3022 1382 3067 τ
1434 3007 1840 3088 quemadmo-
1868 3009 1912 3072 C
1948 3007 2093 3069 dem
2136 3007 2380 3070 ratione
2423 3009 2718 3071 convenit
2760 3008 2979 3071 deitati
3023 3017 3084 3071 et
3125 3011 3438 3085 essentiae,

352 3100 499 3164 dum
544 3104 759 3166 unitas
796 3121 875 3167 ex
916 3124 1032 3166 sua
1074 3103 1327 3167 formali
1371 3103 1837 3185 significatione

353 3199 415 3261 in
444 3202 571 3265 Deo
602 3202 761 3265 dicit
800 3202 1369 3278 indistinctionem,
1403 3204 1568 3266 sicut
1607 3203 1673 3265 in
1706 3222 1837 3266 cre-

1948 3111 2011 3167 et
2042 3105 2389 3188 unicuique
2428 3106 2660 3170 divinae
2699 3113 2762 3169 et
2800 3106 3096 3171 increatas
3133 3127 3436 3191 personae.

1948 3205 2093 3267 Haec
2131 3203 2458 3268 Heni-icus.
2493 3240 2573 3251 —
2603 3205 2952 3269 Concordat
2990 3208 3356 3272 Richardus.

1282 3648 2097 3763 DISTINCTIO
2207 3652 2498 3762 XXV

642 4012 727 4077 Α.
785 4015 968 4082 Quid
1010 4014 1461 4091 &iamne-etur
1506 4027 1730 4090 quum
1776 4015 2052 4077 dicitur
2088 4014 2526 4088 pluraliter,
2576 4013 2730 4075 tres
2767 4028 3133 4089 personoe,

1494 4133 1635 4205 vel,
1700 4133 1861 4219 duae
1912 4144 2274 4205 personae.

572 4351 1015 4417 RAETEREA
1060 4350 1605 4415 considerandum
1652 4354 1772 4433 est,
1822 4368 2032 4434 quum
2078 4350 2206 4415 hoc
2259 4368 2524 4432 nomen,
2574 4368 2876 4434 persona,
2923 4354 3000 4416 ut
3051 4352 3441 4435 praedictum

603 4471 730 4547 θεῖ,
769 4466 1133 4531 secundum
1187 4466 1623 4531 substantiam
1672 4468 1949 4547 dicatur,
1988 4484 2138 4548 quae
2198 4468 2286 4531 sit
2335 4467 2768 4549 intelligentia
2810 4466 2996 4549 dicti,
3037 4482 3246 4548 quum
3292 4467 3444 4549 plu-

600 4584 830 4648 raliter
864 4584 1215 4665 profertur,
1248 4584 1382 4647 tres
1421 4600 1741 4663 personae,
1772 4583 1901 4664 vel,
1938 4582 2089 4647 duae
2124 4598 2460 4665 personae3
2501 4586 2566 4647 et
2605 4599 2814 4666 quum
2849 4583 3113 4666 dicitur,
3153 4582 3305 4647 Alia
3346 4586 3447 4648 est

348 4719 617 4783 persona
652 4701 896 4779 PatriS,
937 4700 1065 4762 alia
1109 4700 1209 4763 est
1252 4715 1532 4780 persona
1572 4699 1750 4779 Filii,
1791 4700 1919 4762 alia
1955 4703 2053 4764 est
2100 4716 2381 4781 persona
2417 4700 2701 4781 Spiritus
2737 4700 2980 4765 Sancti.
3028 4701 3099 4764 Si
3146 4701 3323 4764 enim
3374 4702 3445 4762 in

350 4816 447 4881 his
490 4816 943 4882 locutionibus
976 4832 1273 4897 personae
1314 4814 1710 4878 vocabulum
1760 4816 2061 4880 essentiae
2098 4815 2600 4897 intelligentiam
2639 4818 2818 4897 facit,
2857 4818 3079 4899 plures
3128 4817 3445 4881 essentias

350 4934 637 4999 confiteri
673 4934 1001 5012 videmur,
1033 4934 1100 4996 et
1134 4932 1226 4995 ita
1261 4932 1484 5013 plures
1520 4932 1700 4996 deos.
1734 4932 1805 4996 Si
1843 4950 1997 4997 vero
2021 4933 2335 4997 essentiae
2365 4933 2913 5014 significationem
2951 4933 3043 4997 ibi
3079 4950 3212 4997 non
3240 4933 3439 5013 tenet,

350 5048 469 5113 alia
495 5052 597 5115 est
634 5050 841 5131 hujus
866 5049 1159 5115 nominis
1187 5049 1352 5113 ratio
1390 5066 1598 5130 quum
1627 5050 1889 5129 dicitur,
1912 5050 2107 5113 Pater
2134 5050 2235 5113 est
2269 5066 2571 5130 persona,
2595 5049 2723 5127 vel,
2753 5048 2965 5113 Filius
2993 5051 3094 5113 est
3120 5065 3398 5131 persona
3422 5071 3439 5132 3

352 5167 411 5227 θῖ
459 5166 591 5231 alia
646 5182 855 5250 quum
907 5166 1171 5245 dicitur,
1210 5164 1405 5229 Pater
1452 5166 1518 5228 et
1566 5164 1776 5228 Filius
1822 5167 1888 5229 et
1936 5166 2223 5247 Spiritus
2268 5165 2547 5230 Sanctus
2597 5166 2754 5228 sunt
2803 5166 2936 5227 tres
2980 5182 3276 5245 personae
3309 5184 3327 5247 ;
3377 5167 3443 5229 et

352 5297 551 5361 quum
588 5282 858 5363 dicitur,
889 5281 1043 5345 Alia
1092 5282 1190 5345 est
1225 5297 1505 5362 persona
1548 5280 1788 5361 Patris,
1837 5281 1967 5344 alia
2010 5280 2190 5361 Filii,
2241 5282 2306 5345 et
2345 5278 2754 5362 hujusmodi.
