4359 6250
613 3832 686 3889 cs.
703 3838 734 3876 ι.
749 3832 856 3884 xlx,

591 3910 636 3951 p.
659 3900 734 3939 366
751 3896 814 3939 tr.

884 467 1006 536 576

1535 489 1598 534 IN
1639 484 1862 535 LIBRUM
1905 489 1926 533 1
1967 483 2452 534 SENTENTIARUM.
2500 505 2581 515 -—
2620 484 2773 534 DIST.
2820 483 3007 550 xL1113
3050 485 3274 542 QUAEST.
3322 485 3344 532 1

885 659 1043 735 loco,
1088 678 1204 722 nec
1257 667 1559 742 tempore.
1610 661 1768 734 Non,
1823 660 2106 742 inquam,
2161 657 2469 721 finiturA
2504 657 2811 720 terminus
2859 658 3253 739 quantitatis,
3306 665 3376 719 ut
3425 664 3700 740 punctus
3748 656 3937 718 lineae
3985 673 4000 717 ε

884 759 1210 822 intellectu
1259 759 1608 822 definiente
1652 779 1666 822 :
1711 759 1896 840 cujus
1945 765 2042 820 est
2089 757 2384 826 definire,

884 857 1034 939 quia
1065 858 1504 940 circumspicit.
1537 866 1729 920 totam
1768 876 1902 919 rem
1935 875 2050 938 per
2079 855 2385 917 terminos

885 976 1014 1018 suae
1063 956 1390 1035 essentiae3
1442 956 1662 1037 sicque
1721 955 1893 1018 solus
1945 956 2107 1016 Deus
2156 952 2387 1015 definit

883 1073 972 1127 se,
1007 1053 1158 1135 quia
1188 1054 1276 1115 nil
1311 1054 1410 1115 sui
1442 1074 1632 1116 suum
1665 1053 1814 1115 latet
1848 1052 2243 1114 intellectum
2276 1067 2289 1112 z
2324 1058 2387 1113 et

882 1161 1191 1233 quantum
1231 1153 1309 1213 ad
1353 1152 1494 1226 hoc,
1527 1170 1654 1214 non
1694 1151 1929 1213 dicitur
1967 1149 2091 1211 sibi
2133 1149 2255 1231 ipsi
2295 1149 2389 1210 in-

883 1250 1130 1325 finituS,
1164 1250 1315 1332 quia
1345 1250 1668 1331 cognoscit
1699 1269 1765 1311 se
1797 1257 1924 1312 tam
1957 1247 2237 1331 perfecte
2268 1247 2387 1308 sic-

884 1356 954 1410 ut
1007 1368 1084 1411 ex
1140 1368 1255 1411 sua
1313 1346 1759 1429 cognoscibilis
1817 1354 1913 1409 est
1972 1354 2213 1408 natura.
2257 1345 2384 1407 Nec

885 1447 1022 1510 loco
1061 1446 1289 1509 finitur
1329 1449 1515 1521 DeuS,
1549 1447 1658 1508 sed
1703 1445 1905 1527 magis
1949 1445 2096 1507 finit
2134 1451 2199 1506 et
2238 1462 2385 1506 con-

883 1547 1061 1609 tinet.
1083 1545 1212 1608 Nec
1244 1554 1528 1627 tempore
1558 1544 1786 1607 finitur
1819 1563 1832 1606 ε
1867 1543 2019 1626 quia
2053 1561 2225 1604 nunc
2257 1561 2387 1604 suae

883 1644 1252 1708 aeternitatis
1282 1644 1530 1706 excedit
1562 1651 1818 1725 tempus
1852 1649 1996 1705 ante
2027 1649 2089 1704 et
2121 1648 2282 1724 post.
2308 1677 2388 1686 —

885 1743 1196 1816 Secundo,
1249 1741 1578 1803 infinitum
1638 1741 1913 1803 sumitur
1963 1747 2148 1822 prout
2201 1739 2388 1800 tertio

2497 757 2717 839 sicque
2764 777 2800 818 a
2854 758 3168 839 positione
3225 765 3290 820 et
3347 778 3383 820 a
3442 757 3797 839 privatione
3857 755 4002 818 talis

2498 853 2647 916 finis
2689 855 2991 917 dicuntur
3030 855 3287 918 finitum
3329 864 3390 918 et
3430 854 3761 917 infinitum
3812 860 4003 936 prout

2499 952 2823 1033 passiones
2873 963 3023 1015 sunt
3070 953 3484 1037 quantitatis3
3532 972 3650 1015 nec
3704 953 3798 1014 sic
3853 959 4003 1012 sunt

2499 1051 2563 1112 in
2618 1051 2808 1112 rebus
2870 1052 3278 1133 incorporeis,
3329 1051 3472 1114 Alio
3530 1052 3717 1113 modo
3764 1050 4004 1112 dicitur

2498 1146 2652 1210 finis
2695 1157 3005 1232 quantum
3050 1150 3127 1211 ad
3167 1149 3509 1212 essentiam
3554 1149 3667 1222 rei,
3699 1148 3870 1210 sicut
3912 1147 4003 1208 ul-

2499 1247 2655 1308 tima
2692 1247 3059 1310 differentia
3104 1247 3513 1310 constitutiva
3554 1255 3651 1310 est
3688 1247 3765 1309 ad
3806 1264 3999 1327 quam

2501 1345 2875 1407 terminatur
2904 1345 3180 1408 essentia
3213 1345 3448 1427 speciei
3484 1362 3499 1407 :
3533 1345 3704 1407 unde
3736 1344 3797 1405 id
3830 1343 4001 1425 quod

2500 1443 2821 1523 significat
2860 1444 3202 1506 essentiam
3248 1445 3361 1518 rei,
3404 1451 3666 1507 vocatur
3707 1442 4004 1505 definitio

2500 1543 2601 1604 vel
2651 1543 2983 1605 terminus.
3038 1543 3268 1625 Sicque
3317 1543 3553 1604 dieitur
3600 1541 4005 1623 unumquod-

2501 1659 2625 1721 que
2666 1640 2842 1702 finiri
2886 1660 2999 1723 per
3042 1642 3103 1702 id
3146 1642 3313 1722 quod
3353 1641 3735 1703 determinat.
3765 1647 3829 1701 et
3860 1657 4005 1701 con-

2502 1740 2695 1801 trahit
2722 1739 3065 1801 essentiam
3097 1739 3238 1820 ejus
3274 1759 3287 1802 :
3322 1738 3869 1821 quemadmodum
3902 1757 4005 1798 na-

883 1839 1772 1924 PhysicorumaPhilosopho
1809 1838 2138 1911 definitur,
2172 1837 2386 1898 dicen·
2424 1837 2644 1900 Btura
2703 1837 2975 1918 generiS,
3031 1858 3172 1919 quae
3234 1839 3311 1899 de
3376 1857 3443 1899 se
3504 1844 3600 1899 est
3659 1837 3736 1898 ad
3803 1835 4005 1898 multa

883 1949 946 2002 te
979 1959 993 2002 :
1027 1938 1358 2001 Infinitum
1401 1945 1496 2000 est
1536 1937 1721 2018 cujus
1765 1937 2183 2018 quantitatem
2224 1935 2387 1996 acci-

887 2037 1211 2121 pientibus
1251 2056 1505 2118 semper
1535 2043 1630 2098 est.
1659 2035 1901 2116 aliquid
1931 2043 2108 2096 extra
2145 2033 2389 2114 accipe-

885 2156 972 2199 re.
1019 2137 1095 2198 Et
1144 2136 1263 2199 hoe
1314 2141 1520 2216 potest
1568 2133 1696 2195 dici
1746 2133 2106 2214 dupliciter.
2153 2130 2384 2204 Primo,

886 2236 1238 2298 secundum
1281 2235 1598 2315 passivam
1641 2233 1987 2315 potentiam
2024 2251 2038 2295 ε
2073 2239 2136 2293 et.
2167 2230 2260 2293 sic
2294 2239 2388 2292 est

886 2334 953 2396 in
1011 2332 1312 2397 continuo
1370 2340 1434 2394 et
1479 2330 1772 2393 discreto,
1828 2331 2138 2405 Secund0‚
2193 2347 2388 2411 penes

883 2431 1158 2494 activam
1207 2430 1556 2512 potentiam
1603 2446 1616 2490 :
1659 2429 1878 2510 sicque
1929 2428 2043 2490 soli
2092 2426 2388 2490 convenit

884 2531 1117 2593 divinae
1159 2529 1478 2612 potentiae,
1513 2527 1814 2610 quoniam
1857 2526 2023 2588 sicut
2058 2526 2388 2588 infinitum

886 2630 952 2691 in
997 2629 1299 2690 continuo
1348 2626 1785 2689 consideratur
1832 2625 2185 2686 secundum
2234 2623 2391 2685 divi-

886 2729 1131 2790 sionem
1168 2727 1233 2788 in
1265 2733 1476 2808 partes
1517 2743 1770 2806 semper
1798 2723 2155 2785 divisibiles
2198 2722 2385 2797 ultra,

884 2827 976 2888 sic
1017 2824 1347 2888 infinitum
1403 2825 1468 2885 in
1516 2823 1724 2884 activa
1773 2821 2077 2904 potentia,
2121 2829 2215 2882 est
2262 2838 2388 2883 non

885 2933 1050 2987 stare
1080 2931 1190 2986 aut
1220 2923 1547 2985 terminari
1585 2921 1648 2982 in
1686 2939 2092 3002 quocumque
2124 2918 2383 2992 effectu,

2502 1934 2899 2008 indifferenS,
2934 1935 3161 1997 finitur
3207 1954 3321 2016 per
3356 1935 3829 2012 differentiam3
3874 1953 4001 1996 ma-

2500 2034 2657 2096 teria
2688 2052 2942 2116 quoque
2974 2034 3201 2115 prima,
3235 2053 3379 2116 quae
3408 2053 3485 2096 ex
3526 2053 3593 2096 se
3625 2032 4001 2095 indifferens

2498 2140 2594 2195 est
2624 2133 2702 2194 ad
2731 2150 2953 2194 omnes
2986 2131 3244 2206 formaS‚
3268 2140 3529 2215 propter
3557 2133 3729 2214 quod
3759 2141 3823 2194 et
3853 2149 4002 2213 quo-

2500 2233 2643 2293 dam
2696 2231 2883 2292 modo
2934 2229 3188 2292 infinita
3236 2240 3518 2304 vocatur,
3566 2248 3679 2311 per
3727 2229 3997 2292 formam

2499 2329 2758 2407 finitur3
2799 2335 2863 2390 et
2904 2327 3201 2390 similiter
3238 2328 3463 2402 forma,
3506 2348 3649 2410 quae
3689 2337 4001 2410 quantum

2500 2427 2564 2488 in
2597 2446 2663 2489 se
2695 2434 3036 2509 est‚potest
3066 2427 3379 2508 perficere
3408 2427 3689 2489 diversas
3722 2427 4001 2488 materiae

2501 2532 2730 2607 parteS,
2766 2525 2995 2590 finitur
3040 2544 3153 2607 per
3192 2525 3521 2587 materiam
3568 2525 3633 2586 in
3674 2543 3801 2607 qua
3846 2524 4001 2585 reei-

2500 2623 2691 2704 pitur.
2726 2624 2930 2705 Atque
2961 2643 2998 2685 a
3030 2622 3170 2686 talis
3206 2622 3359 2685 finis
3396 2621 3752 2704 negatione,
3785 2622 4003 2684 divina

2498 2719 2773 2781 essentia
2800 2718 3038 2780 dicitur
3068 2718 3340 2780 infinita.
3364 2718 3582 2782 Omnis
3610 2719 3851 2781 etenim
3882 2718 4005 2782 for-

2500 2837 2623 2891 ma,
2666 2817 2718 2878 si
2762 2817 3074 2879 abstracte
3122 2825 3433 2892 sumatur,
3481 2818 3544 2878 in
3600 2818 3859 2899 propria
3906 2837 4003 2880 ra-

2499 2917 2669 2978 tione
2712 2916 3054 2997 quamdam
3106 2914 3297 2978 habet
3346 2915 3729 2977 infinitatem
3778 2935 3791 2979 :
3836 2916 4006 2978 sicut

886 3024 994 3085 sed
1040 3022 1206 3083 ultra
1246 3039 1503 3084 omnem
1552 3018 2055 3100 magnitudinem
2101 3017 2387 3079 multitu·
2426 3022 2469 3086 C
2501 3015 2563 3076 in
2602 3013 2895 3076 albedine
2942 3014 3255 3076 abstracte
3304 3021 3583 3096 accepta,
3627 3013 3788 3076 ratio
3834 3012 4005 3076 albe-

886 3121 1230 3203 dinemque
1285 3119 1638 3182 effectuum
1689 3138 1756 3180 se
1807 3136 1991 3199 posse
2049 3117 2388 3180 extendere

888 3227 1198 3303 quantum
1258 3238 1336 3280 ex
1397 3224 1574 3299 parte
1638 3216 1840 3298 ipsius
1901 3223 2016 3278 est.
2079 3215 2223 3279 Haec
2281 3216 2387 3277 Al-

887 3319 1125 3381 bertus.

969 3417 1149 3481 Circa
1189 3417 1323 3480 haec
1364 3416 1645 3498 loquitur
1683 3414 1952 3476 Thomas
1997 3432 2010 3477 :
2054 3412 2388 3475 Infinitum

887 3514 1230 3597 dupliciter
1264 3514 1519 3588 dieitur,
1554 3511 1800 3575 scilicet
1838 3511 2150 3593 privative
2185 3519 2248 3573 et
2282 3530 2389 3572 ne-

886 3615 1115 3695 gative.
1167 3613 1479 3676 Privative
1539 3630 1665 3675 non
1727 3611 2024 3674 convenit
2082 3612 2231 3685 Dec,
2285 3610 2387 3671 eui

889 3712 1144 3796 proprie
1189 3712 1528 3794 loquendo,
1574 3710 1661 3772 nil
1713 3708 2008 3771 convenit
2051 3708 2385 3789 privative,

889 3820 959 3873 ut
989 3812 1232 3875 dictum
1263 3817 1360 3873 est
1392 3817 1574 3888 ante3
1617 3809 1725 3870 sed
1767 3807 2055 3887 negative
2091 3806 2390 3869 convenit

888 3911 1035 3973 Deo,

966 4007 1180 4090 Aliqui
1219 4013 1457 4079 autem,
1490 4004 1875 4086 accipientes
1916 4002 2175 4064 finitum
2207 4009 2268 4064 et
2302 4002 2391 4063 in·

888 4106 1150 4168 finitum
1191 4104 1401 4167 solum
1442 4111 1513 4165 ut
1543 4110 1691 4164 sunt
1732 4102 2056 4183 passiones
2097 4120 2210 4162 seu
2254 4118 2392 4183 pro-

2498 3113 2668 3176 dinis
2709 3132 2835 3175 non
2874 3120 2969 3174 est
3008 3111 3193 3175 finita
3230 3113 3308 3175 ad
3347 3112 3607 3195 aliquid.
3644 3113 3880 3175 Tamen
3922 3113 4003 3175 ad

2500 3222 2743 3275 certum
2803 3213 3068 3293 gradum
3132 3211 3543 3294 perfectionis
3600 3220 3665 3274 et
3719 3212 4005 3274 entitat-is

2499 3311 2915 3374 determinata
2957 3318 3053 3373 est
3092 3328 3105 3372 :
3149 3330 3296 3372 nam
3340 3310 3499 3373 ratio
3542 3309 3771 3373 coloris
3814 3310 4003 3372 ratio·

2500 3429 2625 3493 que
2654 3409 2906 3471 essendi
2938 3409 3442 3471 determinantur
3482 3408 3549 3470 in
3588 3406 3907 3481 albedine,
3939 3416 4004 3469 et

2498 3509 2576 3570 ad
2619 3514 2854 3569 certam
2896 3506 3175 3588 speciem
3216 3506 3695 3568 contrahuntur.
3730 3506 3893 3568 Hinc
3930 3507 4003 3569 il-

2501 3608 2609 3668 lud
2642 3606 2810 3688 quod
2846 3604 3037 3666 habet
3066 3623 3203 3666 esse
3235 3603 3599 3666 absolutum
3628 3612 3692 3665 et
3724 3603 3789 3666 in
3821 3605 4003 3667 nullo

2500 3713 2827 3786 receptum
2862 3722 3067 3785 neque
3098 3711 3516 3777 contractum,
3548 3704 3677 3766 imo
3705 3705 3877 3785 quod
3908 3712 4005 3766 est

2502 3804 2710 3886 ipsum
2758 3822 2947 3865 suum
2992 3820 3152 3875 esse,
3197 3801 3315 3864 hoc
3359 3809 3456 3863 est
3504 3801 3889 3884 simpliciter
3930 3822 4003 3864 ac

2502 3888 3039 3984 perfectionaliter
3098 3899 3451 3973 infinitum,
3506 3900 3592 3963 ita
3640 3901 3812 3981 quod
3862 3902 4004 3981 ejus

2500 4000 2792 4073 essentia,
2812 3999 3080 4080 ejusque
3112 3998 3381 4071 bonitaS‚
3408 3998 3793 4080 potentia‚et
3822 4000 4007 4081 quid-

2501 4097 2654 4179 quid
2699 4097 2763 4158 in
2804 4115 2879 4158 eo
2924 4104 3041 4169 est,
3084 4103 3181 4158 est
3221 4095 3571 4158 infinit-um.
3616 4096 3693 4157 Et
3735 4096 3859 4159 hoc
3901 4116 4005 4159 ex—

888 4204 1190 4286 prietates
1233 4201 1478 4284 quanti,
1514 4218 1639 4262 non
1683 4207 1974 4281 poterant
2017 4198 2082 4260 in
2129 4200 2255 4260 Deo
2297 4200 2391 4260 in·
2421 4204 2470 4265 D
2501 4214 2716 4276 presse
2774 4195 3012 4256 dicitur
3070 4194 3134 4255 in
3194 4192 3358 4255 libro
3408 4194 3485 4255 de
3538 4194 3779 4269 Causis,
3833 4196 4007 4275 quod

889 4302 1107 4365 venire
1169 4300 1554 4362 infinitatem
1619 4298 1739 4359 nisi
1803 4288 2389 4378 secundum'quod

891 4398 1304 4462 inveniebant
1333 4398 1399 4460 in
1429 4415 1504 4460 eo
1534 4397 1840 4459 rationem
1873 4394 2244 4478 quantitatis
2273 4394 2394 4455 vir-

889 4498 1078 4560 tualis
1124 4516 1137 4558 1
1186 4497 1352 4558 unde
1402 4494 1698 4558 dicebant
1745 4495 1942 4555 Deum
1990 4512 2128 4555 esse
2179 4491 2392 4554 infini-

888 4594 1372 4677 tum,quoniam
1405 4591 1605 4654 virtus
1636 4592 1775 4672 ejus
1806 4598 1901 4652 est
1933 4589 2203 4652 infinita.
2230 4590 2389 4652 Hinc

887 4694 1149 4777 quidam
1200 4690 1514 4772 negabant
1565 4690 1671 4751 Dei
1722 4688 2062 4750 essentiam
2111 4706 2250 4749 esse
2301 4688 2392 4749 in-

885 4793 1139 4856 finitam
1181 4792 1248 4853 in
1289 4790 1530 4852 ratione
1572 4787 1860 4850 essentiae
1904 4786 2386 4859 consideratam,

885 4902 948 4955 et
977 4892 1069 4955 sic
1099 4910 1240 4953 eam
1269 4909 1306 4951 a
1335 4888 1580 4952 Sanctis
1611 4884 1978 4949 asserebant
2009 4884 2231 4946 videri.
2270 4885 2388 4947 Sed

886 4992 1045 5055 illud
1093 5007 1432 5053 erroneum
1479 4995 1592 5049 est.
1623 5022 1704 5031 —
1741 4984 1886 5047 ldeo
1928 4983 2112 5045 aliter
2160 4990 2258 5044 est
2299 4983 2391 5045 di·

886 5091 1183 5164 cendum,
1213 5088 1382 5170 quod
1425 5085 1690 5157 scilicet,
1724 5082 2078 5144 secundum
2116 5081 2392 5143 Philoso-

886 5191 1087 5273 phum
1134 5187 1361 5270 quinto
1408 5182 1870 5266 Metaphysicae,
1912 5180 2068 5242 finis
2115 5198 2231 5241 seu
2276 5187 2394 5241 ter-

886 5288 1100 5353 minus
1168 5282 1612 5366 multipliciter
1673 5280 1927 5343 dicitur.
1997 5279 2133 5342 Uno
2203 5279 2390 5340 modo

2500 4312 2613 4355 ens
2674 4292 2953 4375 primum
3012 4292 3203 4354 habet
3260 4291 3563 4353 virtutem
3622 4290 4008 4373 simpliciter

2502 4391 2843 4463 infinitam,
2877 4391 3180 4473 quoniam
3227 4390 3439 4472 ipsum
3480 4398 3576 4452 est
3615 4409 3731 4452 sua
3775 4390 4000 4469 virtus.

2502 4527 2580 4536 —
2626 4492 2751 4553 Nec
2800 4490 3007 4553 obstat
3056 4490 3223 4571 quod
3285 4489 3472 4570 plene
3520 4489 4005 4570 comprehendit

2501 4608 2568 4651 se
2600 4588 2832 4671 ipsum.
2868 4589 2956 4650 De
2988 4588 3227 4649 ratione
3270 4605 3545 4667 namque
3586 4587 4004 4669 comprehen-

2500 4686 2695 4750 sionis
2738 4694 2888 4748 sunt
2926 4687 3070 4749 duo.
3102 4686 3305 4748 Unum
3352 4692 3469 4758 est,
3502 4685 3670 4766 quod
3713 4684 3870 4747 finis
3912 4686 4003 4746 rei

2499 4785 3013 4867 apprehendatur
3057 4791 3121 4846 et
3166 4784 3566 4846 contineatur
3616 4782 3784 4844 infra
3832 4801 4003 4846 com-

2500 4883 2999 4964 prehendentem
3021 4899 3035 4944 :
3056 4882 3275 4963 sicque
3308 4880 3637 4943 infinitum
3668 4880 3849 4943 nullo
3880 4899 4005 4943 mo-

2500 4982 2580 5043 do
2630 4980 3191 5062 comprehenditur
3232 4998 3441 5061 neque
3480 4999 3517 5042 a
3555 4978 3744 5041 finito
3792 4998 3999 5060 neque

2498 5079 2579 5141 ab
2636 5078 2916 5153 infinito,
2974 5078 3278 5160 quoniam
3338 5077 3539 5140 finem
3598 5095 3725 5140 non
3786 5078 3991 5141 habet.

2498 5178 2687 5240 Aliud
2727 5185 2843 5253 est,
2878 5177 3046 5259 quod
3083 5175 3244 5238 nihil
3288 5176 3733 5258 comprehensi
3774 5176 3858 5237 sit
3894 5194 3993 5237 ex-

2500 5285 2597 5339 tra
2627 5276 3223 5359 comprehensorem
3254 5292 3269 5337 :
3302 5282 3364 5337 et
3394 5273 3487 5337 sic
3518 5273 3852 5337 infinitum
3884 5292 3991 5343 seu
