4359 6250
1108 496 1194 541 AN
1235 495 1492 542 emus
1534 495 1880 552 Areaxrun,
1923 495 1996 540 m·
2037 495 2339 550 ommi-na
2380 495 2673 551 omnesve
2714 495 2963 542 Acrmus
3506 474 3581 539 41

487 667 808 748 reprobat.
847 667 993 730 Ideo
1027 667 1208 747 juxta
1237 666 1493 728 tertiam
1528 673 1700 728 tenet
1731 664 1986 748 positio-
2013 665 2065 728 A
2095 684 2209 727 nes
2250 665 2503 727 habitus
2542 664 2738 728 infusi
2784 673 3049 747 possunt
3085 664 3300 746 augeri
3342 672 3467 726 tarn
3507 683 3585 726 ex

483 784 656 840 nem,
689 767 864 847 quod
907 773 1317 847 augmentum
1361 765 1638 827 caritatis
1677 773 1740 827 et
1781 765 1989 845 eujus-

485 863 642 926 libet
673 864 898 927 formae
928 864 1292 946 recipientis
1325 864 1526 946 magis
1555 871 1618 926 et
1649 863 1883 937 minuS,
1909 862 1986 924 fit

485 981 604 1044 per
643 963 764 1025 hoe
805 963 974 1044 quod
1015 963 1236 1024 eadem
1279 962 1482 1025 forma
1525 963 1703 1044 prius
1753 962 1984 1043 imper-

487 1061 658 1123 fecta
703 1068 770 1122 et
817 1061 884 1124 in
932 1062 1128 1142 gradu
1187 1061 1477 1131 remisso,
1526 1062 1607 1123 ad
1656 1060 1989 1142 perfectio-

487 1178 626 1221 rem
672 1159 1010 1222 deducitur
1053 1161 1320 1240 gradum
1362 1178 1376 1220 t
1420 1159 1530 1241 qui
1579 1160 1810 1240 gradus
1858 1177 1986 1221 non

483 1258 708 1330 simul,
751 1259 860 1320 sed
907 1259 1266 1322 successive
1306 1260 1373 1321 in
1411 1259 1632 1322 eadem
1677 1267 1826 1320 sunt
1869 1259 1988 1321 for-

487 1376 616 1418 ma.
653 1357 722 1419 ln
753 1357 926 1420 omni
969 1376 1242 1439 namque
1285 1357 1808 1420 transmutatione
1851 1375 1988 1439 pro-

487 1454 632 1537 prie
653 1455 842 1530 dicta,
857 1455 1220 1536 subjectum
1255 1464 1466 1518 manet
1495 1474 1762 1519 numero
1787 1474 1985 1517 unum

483 1561 548 1616 et
587 1553 754 1618 idern
795 1554 916 1616 sub
957 1562 1225 1636 utroque
1256 1554 1528 1617 termino
1561 1561 1871 1636 quantum
1909 1555 1987 1616 ad

485 1671 682 1715 omne
722 1653 882 1715 illud
922 1653 1090 1734 quod
1131 1652 1410 1733 pertinet
1439 1672 1554 1734 per
1591 1672 1658 1714 se
1689 1653 1766 1715 ad
1807 1653 1990 1715 ratio-

485 1771 642 1813 nem
683 1750 978 1831 subjecti,
1020 1752 1096 1812 ad
1140 1752 1309 1833 quod
1355 1751 1419 1813 in
1464 1752 1817 1814 intensione
1867 1752 1990 1814 for-

2096 773 2273 846 parte
2305 764 2558 826 virtutis
2597 783 2709 826 seu
2752 763 3026 838 habituS‚
3060 783 3252 846 quam
3293 783 3369 825 ex
3408 771 3585 844 parte

2094 863 2338 944 agentis
2370 881 2481 924 seu
2514 861 2925 924 infundentis.
2961 861 3161 924 Causa
3198 870 3411 924 autem
3440 881 3588 942 aug-

2098 960 2579 1022 mentabilitatis
2618 961 2871 1022 virtutis
2921 959 3147 1022 infusae
3186 978 3312 1022 non
3352 966 3449 1022 est
3486 978 3586 1021 ac-

2097 1059 2391 1141 cipienda
2428 1077 2505 1120 ex
2549 1067 2725 1141 parte
2770 1059 3065 1139 subjecti,
3099 1059 3250 1140 quia
3290 1077 3367 1120 ex
3411 1067 3587 1140 parte

2097 1158 2373 1239 subject-i
2422 1175 2547 1220 non
2596 1165 2691 1220 est
2731 1157 3120 1239 possibilitas
3168 1157 3247 1218 ad
3288 1174 3587 1237 augmen—

2098 1264 2235 1317 tum
2296 1255 2537 1329 formae,
2588 1256 2710 1316 nisi
2769 1255 2851 1317 sit
2908 1256 3135 1318 educta
3182 1257 3259 1317 de
3308 1254 3590 1336 potentia

2101 1353 2410 1433 materiae3
2443 1354 2553 1415 sed
2592 1354 2900 1416 sumenda
2929 1361 3023 1416 est
3052 1373 3129 1415 ex
3162 1361 3338 1435 parte
3369 1353 3589 1416 formae

2099 1451 2164 1512 in
2209 1470 2275 1513 se
2321 1471 2333 1514 :
2378 1453 2528 1533 quia
2572 1452 2636 1513 in
2680 1470 2793 1512 sua
2831 1452 3106 1514 essentia
3148 1451 3337 1513 habet
3382 1459 3589 1532 partes

2098 1551 2399 1614 virtuales
2440 1569 2552 1612 seu
2592 1549 3040 1624 latitudinales,
3084 1569 3209 1613 non
3255 1549 3589 1630 integrales

2099 1658 2162 1711 et
2206 1649 2677 1732 quantitativas
2719 1649 2795 1710 ad
2847 1668 3003 1730 quas
3050 1656 3147 1711 est
3195 1649 3261 1710 in
3309 1649 3592 1729 potentia

2100 1750 2255 1816 dum
2303 1755 2399 1810 est
2446 1748 2566 1810 sub
2615 1749 2963 1829 quantitate
3012 1748 3265 1822 minori,
3317 1748 3483 1809 sicut
3528 1755 3594 1808 et

485 1868 614 1911 mae
653 1849 928 1930 pertinet
968 1849 1104 1929 ipsa
1145 1848 1370 1922 forma,
1403 1849 1754 1910 secundum
1794 1868 1986 1929 quam
2025 1852 2071 1914 B
2102 1848 2403 1929 quaelibet
2440 1847 2563 1908 alia
2604 1847 2824 1909 forma.
2859 1846 2986 1908 Nec
3016 1853 3111 1907 est
3147 1847 3210 1907 in
3253 1847 3372 1908 hoc
3409 1844 3593 1907 diffe-

483 1947 842 2010 attenditur
889 1946 1165 2024 intensio
1211 1953 1402 2028 atque
1459 1947 1771 2022 remissio,
1823 1948 1990 2008 sieut

485 2047 648 2108 dum
687 2047 766 2108 de
807 2047 1020 2108 minus
1061 2046 1266 2108 calido
1306 2045 1383 2108 fit
1420 2046 1662 2127 aliquid
1697 2045 1982 2109 calidius.

484 2181 572 2191 —-
601 2145 746 2208 Haee
777 2145 1134 2219 Durandus,
1168 2145 1280 2225 qui
1316 2144 1382 2205 in
1422 2145 1521 2207 his
1550 2144 1803 2206 videtur
1831 2145 1988 2207 Tho-

485 2263 664 2306 mam
708 2250 987 2305 secutus.

579 2343 888 2404 Praeterea
943 2340 1252 2403 Henrieus
1309 2341 1683 2415 Quodlibeto
1741 2342 1985 2424 quinto,

482 2441 842 2522 quaestione
891 2439 1328 2514 nonadecima,
1371 2460 1497 2521 qua
1539 2441 1865 2522 quaeritur,
1908 2459 1988 2501 an

481 2537 746 2600 habitus
781 2537 1032 2600 infusus
1069 2538 1270 2619 possit
1297 2537 1513 2619 augeri
1549 2556 1562 2598 :
1598 2539 1864 2620 Duplex,
1899 2537 1989 2600 in-

481 2637 652 2719 quit,
683 2644 782 2699 est
817 2643 1233 2718 augmentum
1276 2636 1646 2707 formarum,
1683 2655 1880 2698 unum
1924 2636 1988 2698 in

481 2735 767 2798 essentia
804 2742 868 2796 et
907 2743 1131 2797 natura
1167 2754 1410 2808 earum,
1451 2735 1624 2797 aliud
1669 2734 1732 2797 in
1773 2753 1989 2816 opera-

482 2835 683 2896 tione.
744 2834 832 2896 De
892 2834 1102 2915 primo
1162 2841 1504 2914 augmento
1564 2833 1791 2915 quaerit
1852 2833 1987 2896 haec

481 2932 776 3014 quaestio.
812 2933 900 2994 De
929 2950 1059 3014 quo
1097 2940 1192 2993 est
1222 2950 1347 2993 una
1385 2931 1624 3012 opinio,
1659 2932 1826 3014 quod
1867 2931 1990 2994 for-

2103 1945 2305 2007 rentia
2340 1946 2555 2026 aliqua
2582 1963 2659 2006 ex
2692 1952 2867 2026 parte
2904 1945 3328 2006 materialium
3367 1944 3595 2006 forma-

2102 2063 2245 2106 rum
2283 2051 2348 2104 et
2375 2044 2667 2116 aliarum,
2700 2044 2810 2104 sed
2849 2051 2945 2104 est
2984 2043 3189 2105 solum
3230 2041 3595 2105 differentia

2100 2163 2177 2205 ex
2228 2149 2404 2224 parte
2453 2142 2697 2222 agentis
2731 2161 2745 2204 ε
2779 2141 3081 2223 quoniam
3130 2141 3350 2205 formae
3400 2149 3592 2203 mate-

2100 2242 2289 2304 riales
2328 2240 2563 2302 habent
2599 2259 2791 2320 agens
2835 2240 2901 2302 in
2946 2241 3208 2302 materia
3246 2258 3374 2322 quo
3410 2259 3596 2321 gene-

2098 2348 2340 2413 rantur,
2374 2347 2437 2400 et
2465 2346 2776 2420 generatae
2818 2346 3342 2421 augmentantur-3
3375 2339 3594 2402 formae

2100 2458 2251 2502 vero
2292 2439 2740 2500 immateriales
2780 2456 2853 2499 ae
2888 2438 3275 2520 spiritualeS,
3308 2447 3379 2500 ut
3418 2438 3593 2501 habi-

2103 2545 2203 2600 tus
2246 2537 2565 2619 acquisiti,
2600 2555 2714 2618 per
2752 2545 2933 2598 aetus
2974 2535 3247 2616 subJ'ecti
3292 2551 3592 2617 generan—

2101 2643 2206 2698 tur
2250 2644 2439 2717 atque
2487 2642 2815 2716 augentur.
2862 2634 3123 2696 Habitus
3168 2642 3381 2696 autem
3432 2634 3595 2697 infu-

2101 2735 2176 2808 si,
2210 2734 2501 2816 quamvis
2542 2733 2607 2794 in
2646 2734 2869 2796 eodem
2914 2732 3269 2795 consistunt
3306 2733 3596 2814 subjecto

2101 2851 2249 2894 eum
2300 2832 2629 2912 acquisitis
2678 2831 3025 2906 habitibus,
3065 2832 3216 2913 quia
3262 2839 3475 2893 tamen
3516 2851 3594 2893 ex

2099 2931 2349 2993 actibus
2399 2931 2631 2992 nostris
2677 2947 2803 2993 non
2850 2937 3253 3010 generantur,
3298 2931 3439 2993 ideo
3476 2950 3595 2993 nee

485 3049 744 3092 marum
783 3037 1200 3112 augmentum
1239 3048 1366 3092 non
1399 3038 1496 3092 est
1525 3049 1603 3091 ex
1637 3038 1860 3092 natura
1893 3049 1988 3092 es·
2026 3036 2069 3098 C
2102 3029 2193 3091 eis
2243 3037 2577 3109 augentur,
2620 3028 2915 3091 effective
2966 3029 3129 3102 dico,
3172 3030 3281 3091 sed
3331 3028 3597 3110 disposi-

485 3129 716 3193 sentiae
763 3130 1156 3203 earumdem,
1197 3130 1308 3191 sed
1350 3147 1428 3191 ex
1471 3130 1884 3211 dispositione
1927 3138 1991 3191 et

487 3228 686 3290 modo
732 3228 983 3289 essendi
1033 3228 1098 3289 in
1147 3227 1437 3308 subjecto
1481 3245 1494 3289 :
1537 3229 1705 3309 quod
1757 3227 1988 3309 impro-

487 3326 716 3388 batum
754 3333 851 3388 est
887 3325 1062 3388 alibi.
1096 3326 1431 3407 Quumque
1466 3326 1686 3389 formae
1726 3344 1838 3387 seu
1869 3326 1992 3387 vir-

485 3433 664 3488 tutes
704 3424 934 3488 infusae
980 3444 1107 3488 non
1152 3423 1429 3487 habeant
1475 3443 1614 3487 esse
1663 3424 1727 3486 in
1776 3423 1988 3505 subje-

487 3533 602 3588 cto
644 3544 724 3586 ex
771 3531 994 3586 natura
1036 3523 1332 3604 subject-i,
1373 3524 1539 3586 sieut
1577 3542 1654 3587 ex
1699 3523 1990 3603 subjecto

487 3642 626 3685 non
664 3622 902 3685 habent
948 3640 1110 3695 esse,
1151 3622 1240 3683 ita
1289 3641 1407 3683 nec
1457 3641 1645 3683 suum
1694 3640 1992 3703 augmen-

485 3730 657 3793 tum,
699 3721 1054 3783 secundum
1103 3721 1290 3782 istam
1332 3720 1721 3801 opinionem.
1760 3720 1990 3801 Sicque

484 3819 850 3881 secundum
898 3817 1268 3901 opinionem
1322 3819 1506 3891 hane,
1554 3836 1682 3881 non
1729 3826 1992 3900 apparet

483 3917 816 4003 quomodo
858 3916 924 3978 in
968 3915 1292 3978 habitibus
1336 3916 1566 3979 infusis
1609 3917 1758 3998 poni
1803 3924 1994 3998 queat

483 4023 932 4097 augmentum.
986 4015 1106 4077 Sed
1166 4022 1236 4076 ut
1282 4024 1608 4078 ostensum
1661 4022 1757 4077 est
1813 4015 1988 4089 alibi,

489 4114 778 4177 intensio
805 4120 868 4176 et
897 4114 1190 4176 remissio
1221 4113 1287 4175 in
1322 4113 1544 4176 formis
1579 4113 1721 4175 fieri
1758 4114 1992 4175 habent

2101 3129 2231 3190 tive
2262 3136 2326 3190 et
2357 3127 2677 3190 meritorie
2710 3135 2973 3189 tantum.
3002 3130 3157 3202 Imo,
3192 3130 3597 3209 quemadmo—

2103 3228 2257 3290 dum
2289 3246 2325 3288 a
2360 3227 2494 3289 solo
2532 3226 2997 3307 supernaturali
3038 3234 3263 3307 agente
3301 3236 3598 3289 creantur

2101 3334 2166 3387 et
2215 3324 2659 3397 infunduntur,
2710 3308 2800 3386 ita
2854 3325 2937 3387 ab
2985 3342 3061 3387 eo
3108 3325 3242 3388 solo
3299 3324 3595 3387 effective

2102 3431 2416 3506 augentur
2450 3440 2463 3484 :
2497 3430 2561 3485 et
2605 3424 2745 3497 hoe,
2790 3441 2916 3486 non
2961 3442 3075 3504 per
3113 3423 3385 3504 alicujus
3428 3423 3595 3505 ejus—

2103 3524 2249 3585 dem
2280 3523 2571 3585 essentiae
2600 3521 3089 3605 appositionem,
3122 3522 3273 3604 quia
3304 3542 3600 3604 augmen-

2102 3629 2241 3708 tum
2292 3622 2357 3683 in
2407 3620 2631 3684 formis
2690 3638 2815 3683 non
2864 3630 2961 3681 est
3009 3639 3123 3702 per
3170 3620 3447 3701 partium
3494 3622 3599 3683 ad-

2103 3720 2411 3782 ditionem
2471 3720 2537 3782 in
2596 3719 2942 3781 formarum
3000 3720 3296 3793 essentia,
3357 3720 3468 3781 sed
3532 3720 3598 3783 in

2103 3818 2339 3879 virtute
2388 3836 2503 3899 per
2544 3837 2736 3900 quam
2785 3817 2989 3879 forma
3036 3826 3220 3880 aucta
3266 3818 3599 3881 efficacius

2106 3924 2313 3998 potest
2361 3917 2428 3978 in
2479 3934 2659 3978 suam
2707 3916 3140 3997 operationem
3194 3936 3208 3980 :
3256 3917 3424 3997 quod
3474 3935 3601 3979 non

2107 4016 2344 4077 faceret
2384 4015 2593 4077 simile
2635 4014 2999 4097 appositum
3044 4015 3262 4088 simili,
3298 4016 3599 4097 quoniam

2105 4112 2395 4194 tepidum
2434 4113 2807 4193 adjunctum
2838 4113 3165 4194 aequaliter
3202 4113 3437 4195 tepid0,
3472 4132 3597 4176 non

487 4214 562 4276 in
605 4217 828 4274 earum
869 4212 1145 4274 essentia
1183 4231 1260 4274 ex
1303 4219 1526 4274 natura
1570 4212 1727 4294 ipsa,
1759 4232 1884 4294 qua
1928 4212 1992 4273 in
2025 4217 2074 4278 D
2107 4212 2259 4274 facit
2303 4210 2589 4273 calidius,
2626 4211 2723 4273 Fit
2761 4229 2909 4291 ergo
2947 4220 3360 4293 augmentum
3400 4220 3599 4276 extra-

489 4331 616 4375 sua
646 4311 920 4373 essentia
961 4311 1362 4373 latitudinem
1403 4309 1655 4372 habent.
1691 4311 1836 4372 Ideo
1867 4328 1994 4373 non

486 4430 572 4473 ex
623 4418 848 4471 natura
893 4408 1191 4489 subjecti,
1233 4408 1342 4471 sed
1394 4408 1598 4490 ipsius
1641 4408 1862 4471 formae
1903 4428 1996 4470 se-

485 4508 783 4571 cundum
832 4526 920 4581 se,
965 4507 1402 4589 investiganda
1441 4515 1538 4569 est
1579 4526 1769 4569 causa
1815 4508 1997 4569 ratio-

483 4627 622 4691 que
650 4605 972 4687 augmenti
999 4607 1339 4687 :quoniam
1367 4606 1588 4668 eadem
1618 4612 1714 4693 est
1743 4624 1891 4668 cum
1920 4624 1997 4669 eo

483 4706 668 4789 quod
707 4712 804 4767 est
851 4723 1043 4767 causa
1087 4703 1478 4785 suscipiendi
1532 4703 1732 4784 magis
1771 4710 1835 4765 et
1880 4704 1996 4766 mi—

485 4825 640 4868 nus.
683 4805 872 4867 Porro
921 4802 1122 4884 magis
1171 4809 1234 4865 et
1275 4803 1510 4877 minue,
1544 4810 1694 4865 sunt
1733 4802 1998 4885 disposi-

481 4903 702 4967 tiones
745 4900 1044 4982 subjecti,
1085 4919 1163 4963 ex
1201 4919 1280 4964 eo
1316 4902 1487 4983 quod
1531 4901 1734 4965 forma
1777 4902 1844 4964 in
1883 4922 1998 4964 sua

483 5000 773 5063 essentia
825 5005 925 5061 est
982 4998 1187 5079 maJ'or
1243 5007 1308 5061 et
1361 4998 1590 5074 minor,
1643 5001 1995 5063 secundum

487 5098 762 5163 modum
805 5097 1423 5179 infra-tangendum.
1467 5098 1578 5159 Est
1613 5099 1786 5160 enim
1826 5098 1995 5161 idem

491 5198 726 5261 modus
784 5196 1108 5277 augmenti
1159 5196 1225 5257 in
1274 5194 1575 5259 omnibus
1629 5195 1994 5277 hujusmodi

491 5294 744 5360 formis.
795 5330 878 5341 —
925 5293 1168 5356 Idcirco
1224 5293 1588 5369 dicendum,
1642 5294 1808 5375 quod
1867 5313 2000 5357 om-

2107 4310 2316 4372 ctione
2376 4310 2441 4372 in
2501 4317 2714 4371 actum
2766 4310 3136 4372 virtualium
3197 4310 3473 4392 partium
3531 4312 3597 4373 in

2106 4409 2461 4471 substantia
2498 4408 2773 4481 habitus,
2807 4427 3079 4490 quarum
3118 4408 3419 4490 quaelibet
3448 4410 3599 4471 edu-

2107 4514 2207 4569 cta
2248 4506 2427 4588 ponit
2468 4514 2880 4588 augmentum
2926 4524 3052 4569 non
3096 4506 3301 4569 solum
3348 4507 3413 4568 in
3453 4507 3600 4569 sub—

2108 4604 2358 4678 stantia,
2404 4606 2512 4667 sed
2562 4604 2755 4666 etiam
2802 4604 2869 4667 in
2918 4605 3171 4678 virtute,
3214 4613 3278 4667 et
3322 4606 3442 4668 hoc
3490 4625 3604 4687 per

2109 4704 2278 4766 idem
2315 4722 2507 4783 agens
2548 4704 3026 4785 supernaturale
3059 4722 3173 4784 per
3202 4704 3370 4785 quod
3401 4704 3604 4765 virtus

2109 4804 2173 4865 in
2206 4822 2344 4865 esse
2376 4802 2863 4884 producitur.—
2883 4801 3026 4865 Haec
3056 4802 3381 4865 HenrieuS.
3408 4802 3604 4883 Cujus

2108 4902 2440 4983 responsio
2470 4901 2723 4963 videtur
2762 4919 3039 4964 consona
3078 4900 3176 4962 his
3217 4921 3359 4983 quae
3396 4920 3473 4963 ex
3513 4920 3607 4963 se-

2109 4999 2319 5061 cunda
2369 4999 2663 5061 secundae
2710 5005 2859 5061 sunt
2910 4999 3283 5061 introducta.
3333 4998 3604 5060 Intentio

2108 5116 2363 5180 quoque
2400 5098 2654 5159 Henriei
2701 5097 2865 5159 infra
2904 5096 3135 5159 clarius
3178 5096 3503 5171 elucescit,
3538 5097 3603 5159 in

2108 5196 2479 5279 qugestione,
2512 5216 2591 5258 an
2630 5196 2857 5259 caritas
2897 5202 3110 5277 posset
3148 5196 3363 5277 augeri
3405 5197 3469 5259 in
3512 5196 3605 5259 in-

2110 5294 2389 5357 finitum.
