4359 6250
767 474 847 537 86
1384 496 1448 543 ΙΝ
1489 496 1712 541 LIBRUM
1756 496 1775 539 1
1816 493 2300 539 SENTENTIARL‘M.
2348 512 2428 521 —
2468 494 2621 539 DIST.
2668 493 2860 557 xvm3
2903 495 3127 550 QUAEST.
3175 496 3236 540 lv

767 662 847 724 sit
898 663 1158 739 donum,
1208 665 1317 727 sed
1366 665 1558 727 etiam
1609 672 1678 726 ut
1726 666 1809 727 sit
1856 665 2020 727 Deus
2066 672 2257 745 atque
2291 664 2340 726 Α
2370 670 2467 725 est
2522 682 2637 744 per
2681 665 3155 744 generationem
3211 672 3492 747 accepta,
3546 663 3633 727 ita
3677 670 3738 726 et
3791 663 3868 725 in

765 760 984 823 divina
1025 764 1316 825 essentia.
1363 763 1507 827 Haec
1548 762 1863 826 Albertus.

833 859 1021 923 Porro
1049 863 1127 923 ad
1157 861 1572 943 quaestionem
1606 862 1812 943 primo
1844 870 2078 925 motam
2111 861 2262 924 Tho-

769 976 904 1019 mas
936 961 1273 1041 respondet
1309 978 1322 1021 :
1358 961 1534 1023 Sicut
1575 961 1640 1023 in
1673 961 1830 1023 Filio
1860 960 2263 1041 significatur

769 1057 1122 1138 proprietas
1168 1059 1308 1139 ejus
1354 1078 1468 1140 per
1508 1059 1769 1121 modum
1814 1059 2158 1133 relationis,
2193 1065 2263 1120 ut

769 1173 968 1236 quum
1001 1156 1236 1217 dicitur
1265 1156 1514 1231 filiatio,
1549 1165 1610 1219 et
1649 1177 1764 1239 per
1793 1157 2054 1219 modum
2093 1176 2263 1220 ema-

770 1254 1070 1327 nationiS,
1103 1274 1302 1335 quum
1344 1256 1578 1317 dicitur
1606 1256 1928 1337 generatio
1967 1256 2262 1338 passive;

772 1351 865 1413 sic
923 1360 1089 1414 esset
1145 1354 1223 1415 de
1281 1354 1522 1435 Spiritu
1581 1355 1829 1429 Sancto,
1891 1356 1944 1417 si
2005 1355 2266 1417 nomina

775 1458 986 1511 essent
1017 1451 1333 1533 imposita.
1369 1454 1488 1515 Sed
1523 1462 1781 1535 propter
1809 1454 2129 1516 defectum
2163 1472 2267 1515 no-

777 1548 1048 1623 minum,
1082 1551 1302 1613 eodem
1354 1552 1596 1613 utimur
1639 1553 1896 1615 nomine
1943 1553 2021 1616 ad
2071 1553 2265 1633 signi-

775 1645 1100 1708 ficandum
1163 1651 1628 1713 emanationem
1691 1652 1964 1733 Spiritus
2027 1651 2261 1720 Sancti,

773 1751 964 1824 atque
1018 1746 1096 1807 ad
1144 1748 1602 1828 designandum
1664 1750 2115 1830 proprietatem
2162 1749 2262 1810 vel

2372 762 2777 842 processione
2836 761 3109 845 Spiritus
3167 762 3398 825 Sancti.
3451 762 3572 825 Sed
3620 762 3871 825 donum

2371 860 2660 942 sequitur
2690 861 2949 923 modurn
2983 862 3438 943 processionis:
3458 880 3657 943 quum
3686 860 3893 922 enim·

2373 959 2672 1039 procedat
2702 968 2770 1020 ut
2809 977 3007 1034 amor,
3042 960 3333 1042 sequitur
3360 960 3530 1042 quod
3566 959 3877 1041 procedat

2372 1063 2445 1119 ut
2485 1057 2817 1120 donabilis.

2454 1157 2641 1219 Porro
2683 1157 2902 1219 Petrus
2946 1157 3394 1238 compendiose
3436 1165 3499 1219 et
3544 1156 3709 1219 clare
3756 1156 3877 1219 hic

2377 1254 2659 1335 loquitur
2691 1272 2705 1315 :
2740 1255 2904 1317 Dum
2934 1255 3262 1338 quaeritur,
3295 1274 3375 1317 an
3414 1255 3639 1318 eodem
3668 1254 3877 1337 Spiri-

2376 1359 2477 1415 tus
2516 1353 2782 1417 Sanctus
2822 1353 2905 1414 sit
2943 1354 3109 1415 Deus
3152 1361 3216 1415 et
3256 1353 3518 1427 donum,
3551 1361 3660 1415 aut
3696 1374 3879 1435 quae-

2377 1450 2537 1512 ritur
2585 1452 2662 1513 de
2711 1451 3039 1513 identitate
3089 1452 3201 1525 rei,
3254 1452 3473 1534 sicque
3523 1451 3878 1515 dicendum

2378 1550 2545 1629 quod
2604 1549 2719 1622 sic,
2770 1549 3072 1631 quoniam
3132 1550 3197 1611 in
3251 1549 3487 1612 divinis
3546 1550 3712 1613 idem
3768 1560 3879 1613 est

2378 1648 2653 1709 essentia
2708 1655 2899 1729 atque
2959 1649 3357 1730 proprietas3
3407 1658 3517 1711 aut
3564 1649 3878 1731 quaeritur

2379 1745 2457 1807 de
2488 1745 2816 1807 identitate
2846 1747 3199 1808 secundum
3230 1746 3540 1809 rationem
3576 1765 3590 1809 :
3625 1755 3686 1809 et
3714 1756 3877 1809 tunc

774 1841 1146 1906 relationem
1197 1845 1421 1926 ipsius,
1469 1847 1768 1909 videlicet
1814 1848 2072 1910 nomine
2123 1866 2265 1929 pro·
2302 1847 2348 1909 B
2378 1844 2693 1906 ablativus
2723 1844 2851 1918 ille,
2885 1848 3124 1915 eodem,
3154 1846 3544 1908 construitur
3572 1865 3717 1909 cum
3747 1846 3877 1908 hoc

775 1940 1102 2004 cessionis.
1138 1943 1290 2006 Dico
1321 1963 1468 2027 ergo
1498 1946 1669 2027 quod
1709 1946 2029 2027 processio
2060 1954 2267 2028 potest

774 2039 987 2103 dicere
1037 2044 1502 2106 emanationem
1557 2046 1829 2127 Spiritus
1878 2045 2111 2119 Sancti,
2165 2046 2265 2107 vel

776 2138 1148 2202 relationem
1190 2159 1302 2202 seu
1343 2141 1794 2225 proprietatem
1834 2142 2028 2204 illius.
2065 2143 2129 2206 Si
2175 2143 2269 2204 di-

777 2244 878 2297 cat
916 2237 1288 2300 relationem
1329 2258 1442 2301 seu
1487 2242 1961 2323 proprietatem,
1997 2242 2088 2304 sic
2130 2242 2269 2323 Spi-

779 2334 938 2395 ritus
996 2336 1262 2398 Sanctus
1323 2339 1704 2419 proprietate
1765 2360 1898 2413 sua,
1953 2339 2269 2421 loquendo

779 2432 1149 2510 formaliter,
1186 2442 1280 2497 est
1319 2436 1591 2517 Spiritus
1632 2438 1898 2500 Sanctus
1938 2447 2001 2500 et
2029 2439 2268 2500 donum

777 2549 851 2593 ac
889 2549 1067 2594 amor
1105 2533 1402 2615 spiratuS,
1437 2552 1564 2597 non
1604 2544 1818 2598 autem
1859 2537 2023 2598 Deus
2063 2555 2271 2617 neque

779 2630 996 2692 divina
1026 2632 1299 2694 essentia
1334 2651 1348 2694 τ
1382 2633 1548 2695 sicut
1579 2653 1696 2696 nec
1736 2634 1930 2696 Filius
1960 2634 2272 2696 filiatione

778 2735 874 2790 est
922 2727 1108 2803 Deus,
1157 2728 1508 2793 formaliter
1557 2732 1909 2814 loquend03
1950 2732 2060 2794 sed
2109 2731 2271 2793 filia-

779 2826 950 2888 tione
981 2835 1075 2889 est
1108 2828 1324 2901 Filius,
1359 2837 1423 2889 et
1451 2829 1683 2892 deitate
1714 2830 1900 2903 Deus,
1934 2838 1996 2891 et
2025 2830 2272 2913 sapien-

777 2924 868 2984 tia
897 2924 1169 3005 sapienS.
1206 2926 1268 2988 Si
1300 2934 1512 2989 autem
1546 2927 1867 3009 processio
1906 2928 2075 2990 dicat
2104 2947 2273 2990 ema-

2378 1942 2596 2016 verbo,
2644 1944 2755 2013 sit,
2808 1944 2909 2005 vel
2963 1944 3027 2005 in
3078 1944 3319 2006 ratione
3380 1944 3621 2020 formae,
3672 1953 3733 2008 et
3780 1947 3877 2009 ita

2378 2041 2653 2122 Spiritus
2700 2041 2966 2103 Sanctus
3010 2060 3136 2105 non
3180 2044 3401 2106 eodem
3452 2052 3543 2106 est
3593 2045 3757 2107 Deus
3806 2054 3881 2107 et

2378 2138 2639 2209 donum,
2675 2138 2977 2218 quoniam
3020 2138 3250 2200 deitate
3282 2146 3377 2201 est
3416 2140 3602 2214 DeuS,
3634 2147 3697 2202 et
3728 2159 3877 2222 pro·

2380 2236 2648 2318 prietate
2696 2244 2791 2297 est
2834 2236 3110 2316 donum3
3146 2245 3255 2299 aut
3304 2238 3370 2299 in
3414 2238 3654 2301 ratione
3699 2240 3876 2321 prin-

2381 2335 2556 2417 cipii,
2591 2335 2811 2416 sicque
2850 2335 3096 2409 eodem,
3134 2336 3193 2398 id
3230 2344 3325 2398 est
3364 2337 3583 2399 eadem
3621 2356 3876 2420 proces-

2381 2432 2580 2505 sione,
2615 2441 2709 2495 est
2752 2433 2918 2495 Deus
2957 2441 3019 2495 et
3057 2434 3319 2508 donum,
3353 2435 3502 2517 quia
3544 2454 3659 2518 per
3696 2436 3878 2499 illam

2382 2531 2856 2613 processionem
2886 2531 3076 2594 habet
3106 2539 3170 2594 et
3198 2540 3295 2595 est
3333 2534 3645 2615 quidquid
3684 2534 3880 2598 habet

2382 2636 2445 2691 et
2488 2636 2602 2691 est.
2640 2630 2841 2710 Hujus
2885 2638 3098 2692 autem
3144 2631 3510 2714 exemplum
3552 2641 3668 2707 est,
3702 2642 3771 2696 ut
3818 2634 3878 2696 si

2384 2728 2529 2809 quis
2569 2728 2816 2789 dicatur
2853 2729 3096 2809 pudore
3125 2728 3361 2792 rubens
3400 2739 3461 2792 et
3501 2730 3732 2793 rubore
3770 2751 3881 2793 ru-

2384 2825 2543 2887 bens
2577 2843 2591 2887 ε
2628 2826 2868 2907 pudore
2912 2846 3189 2908 namque
3234 2836 3329 2890 est
3375 2828 3609 2892 rubens
3659 2848 3882 2892 causa-

2385 2924 2550 2998 liter,
2602 2924 2835 2986 rubore
2894 2924 3264 2988 formaliter.
3318 2926 3461 2991 Haec
3507 2929 3743 2991 Petrus.
3792 2963 3885 2975 —

781 3022 1126 3097 nationem,
1178 3024 1270 3085 sic
1327 3024 1455 3086 dici
1515 3032 1723 3108 potest
1768 3027 1939 3108 quod
1998 3027 2273 3109 Spiritus
2312 3023 2354 3085 C
2385 3023 2556 3085 Idem
2600 3022 2864 3085 omnino
2904 3023 3272 3087 Richardus.

784 3121 1049 3185 Sanctus
1095 3141 1208 3185 sua
1251 3125 1655 3205 processione
1701 3135 1796 3188 est
1839 3129 2006 3189 Deus
2048 3146 2120 3189 ac
2164 3127 2273 3189 do-

785 3239 942 3282 num
986 3228 1049 3282 et
1089 3239 1287 3296 amor,
1336 3224 1873 3304 quemadmodum
1920 3225 2114 3287 Filius
2161 3245 2277 3288 sua

787 3318 1116 3382 nativitate
1145 3328 1240 3382 est
1281 3321 1476 3384 Filius
1515 3330 1578 3384 et
1618 3323 1819 3402 Deus;
1850 3323 2277 3386 diversimode

788 3425 1000 3480 tamen
1037 3436 1051 3479 :
1084 3419 1387 3501 quoniam
1429 3421 1628 3482 deitas
1668 3441 1735 3483 se
1765 3422 1956 3485 habet
1984 3423 2060 3486 ad
2091 3443 2279 3505 gene-

791 3515 1099 3579 rationem
1131 3517 1337 3580 solum
1379 3525 1449 3579 ut
1478 3527 1738 3601 accepta
1777 3539 1890 3601 per
1919 3540 2081 3593 eam,
2117 3521 2282 3584 filia-

789 3613 879 3676 tio
920 3622 1134 3678 autem
1179 3616 1530 3678 secundum
1571 3617 1879 3680 rationem
1924 3619 2281 3700 intelligen-

790 3712 876 3788 di,
930 3720 1025 3775 est
1083 3731 1478 3795 consequens
1524 3717 2019 3797 generationem.
2073 3719 2282 3781 Simili

790 3811 978 3874 modo
1007 3812 1378 3874 conceditur
1405 3814 1575 3894 quod
1609 3813 1803 3876 Filius
1835 3817 2154 3878 nascendo
2183 3835 2283 3878 ac-

792 3909 948 3991 cipit
998 3910 1320 3985 deitatem,
1371 3930 1489 3973 nec
1547 3912 1895 4002 solum=ita
1952 3916 2121 3996 quod
2180 3935 2284 3996 ge-

791 4008 1093 4070 rundium
1144 4008 1443 4089 importet
1492 4011 2072 4086 concomitantiam,
2118 4014 2286 4075 sicut

792 4125 992 4187 quum
1051 4107 1288 4168 dicitur
1344 4108 1421 4169 de
1482 4107 1738 4171 homine
1797 4119 2114 4186 currente,
2174 4112 2287 4174 Ille

2474 3123 2913 3185 Bonaventura
2972 3131 3187 3186 autem
3246 3124 3311 3186 in
3370 3124 3881 3190 dubitationibus

2386 3221 2556 3283 circa
2600 3220 2873 3282 litteram
2920 3222 3139 3284 eadem
3184 3222 3409 3284 scribit
3446 3243 3589 3306 quae
3627 3224 3757 3305 jam
3795 3245 3881 3289 ex

2388 3317 2644 3381 Alberto
2686 3326 2747 3379 et
2789 3318 2970 3380 Petro
3008 3319 3265 3382 inducta
3306 3329 3473 3383 sunt..

2469 3418 2791 3479 Postremo
2840 3418 2998 3479 mihi
3047 3427 3328 3500 apparet,
3375 3421 3545 3502 quod
3592 3421 3888 3502 Magister

2395 3516 2459 3577 in
2494 3515 2701 3576 littera
2741 3523 2869 3576 tam
2912 3515 3079 3578 clare
3117 3523 3179 3578 et
3217 3517 3665 3598 magistraliter
3700 3519 3887 3581 docet

2396 3613 2669 3696 qualiter
2709 3613 2983 3695 praefatae.
3028 3615 3492 3697 propositiones
3532 3617 3661 3680 sint
3698 3637 3890 3691 verae,

2396 3720 2468 3773 ut
2498 3712 2607 3773 vix
2638 3711 2871 3774 clarius
2900 3713 3102 3794 possit
3130 3715 3383 3795 exponi.
3418 3715 3660 3797 Nempe
3690 3735 3894 3797 quum

2396 3809 2652 3885 dicitur,
2679 3809 2875 3872 Filius
2906 3811 3221 3872 nascendo
3250 3828 3378 3872 non
3409 3812 3615 3873 solum
3646 3813 3897 3894 accepit

2398 3915 2460 3970 et
2508 3908 2697 3970 habet
2757 3915 2827 3970 ut
2874 3909 2956 3970 sit
3016 3908 3231 3983 Filius,
3282 3910 3393 3972 sed
3440 3911 3633 3972 etiam
3692 3919 3762 3973 ut
3808 3911 3899 3973 sit

2399 4009 2565 4069 Deus
2619 4025 2633 4068 :
2686 4026 2909 4069 sensus
2958 4007 3145 4089 plane
3202 4015 3297 4070 est
3352 4008 3493 4082 iste,
3550 4010 3719 4091 quod
3780 4029 3900 4090 per

2398 4105 2870 4186 generationem
2912 4105 3159 4186 accepit
3202 4125 3239 4166 a
3280 4107 3458 4168 Patre
3500 4125 3715 4170 veram
3760 4106 3898 4169 dei-

794 4203 1107 4265 currendo
1136 4211 1232 4266 est
1258 4204 1448 4266 homo
1467 4223 1484 4284 ;
1516 4206 1625 4268 sed
1667 4207 1856 4268 etiam
1888 4216 1958 4268 ut
1989 4209 2286 4290 importet
2318 4211 2367 4272 D
2398 4203 2544 4265 tatis
2594 4208 2905 4276 naturam,
2957 4221 3150 4284 quam
3200 4203 3321 4265 sub
3371 4204 3613 4267 ratione
3664 4205 3897 4267 Simili-

796 4301 1209 4384 principium,
1244 4302 1550 4365 rationem
1582 4323 1693 4366 seu
1723 4304 2163 4378 habitudinem
2194 4327 2291 4370 ac-

798 4399 1110 4481 ceptionis
1150 4399 1228 4461 ad
1267 4407 1625 4481 acceptum,
1658 4407 1728 4462 ut
1763 4401 1846 4463 sit
1884 4420 2107 4465 sensus
2141 4421 2156 4465 :
2193 4405 2287 4466 Fi-

800 4497 922 4559 lius
954 4498 1270 4559 nascendo
1299 4497 1546 4578 accepit
1574 4497 1895 4573 deitatem,
1931 4499 1995 4562 id
2024 4509 2140 4571 est,
2174 4522 2289 4583 per

797 4595 1192 4658 nativitatem
1232 4595 1531 4658 deitatem
1574 4597 1839 4678 accepit.
1876 4598 1951 4659 Et
1991 4598 2289 4661 similiter

795 4701 892 4757 est
946 4694 1025 4756 de
1077 4693 1480 4775 processione
1527 4693 1802 4776 Spiritus
1859 4695 2090 4758 Sancti.
2144 4697 2289 4761 Haec

794 4793 1064 4857 Thomas
1108 4793 1173 4855 in
1214 4793 1480 4874 Scripto.

873 4892 963 4954 Ex
1007 4891 1244 4974 quibus
1287 4899 1459 4973 patet
1503 4891 1900 4973 objectorum
1949 4892 2201 4956 solutiO.

871 4991 1044 5053 Idem
1095 4989 1423 5052 Udalricus
1477 4990 1542 5052 in
1595 4990 1855 5052 Summa
1911 5010 2046 5066 sua,
2102 4992 2288 5054 tertio

794 5088 993 5168 libro;
1027 5097 1090 5150 et
1136 5087 1312 5150 addit
1355 5105 1370 5150 ε
1415 5088 1779 5151 Secundum
1828 5089 2139 5152 rationem
2194 5091 2288 5152 in-

795 5186 1117 5268 telligendi
1166 5185 1533 5248 differentia
1575 5194 1670 5248 est
1719 5186 1783 5248 in
1833 5187 1948 5261 eis,
1982 5187 2287 5270 quoniam

798 5284 963 5346 sicut
1012 5284 1075 5345 in
1125 5284 1528 5364 generatione
1578 5283 1742 5359 Filii,
1787 5284 1989 5347 deitas
2039 5292 2284 5347 tantum

2398 4301 2639 4363 tudinis
2683 4301 3076 4382 accipiendo,
3118 4309 3215 4364 est
3252 4320 3327 4364 ac
3371 4302 3606 4365 dicitur
3642 4303 3839 4365 Filius
3872 4322 3893 4384 ;

2397 4409 2587 4482 atque
2630 4419 2707 4462 ex
2746 4400 2987 4462 directa
3023 4408 3087 4463 et
3129 4401 3399 4463 naturali
3444 4401 3701 4484 sequela
3740 4419 3894 4464 con-

2399 4498 2689 4579 sequitur
2735 4498 2901 4581 quod
2962 4499 3041 4560 sit
3088 4517 3277 4561 verus
3325 4500 3489 4562 Deus
3542 4518 3615 4561 ac
3674 4499 3898 4563 divina

2398 4597 2693 4669 essentia,
2711 4612 2839 4658 non
2869 4596 3037 4677 quod
3068 4597 3267 4658 deitas
3296 4605 3405 4658 aut
3434 4597 3651 4659 divina
3680 4616 3896 4661 essen-

2398 4696 2487 4757 tia
2528 4695 2611 4757 sit
2653 4695 2891 4757 directe
2942 4695 3251 4757 terminus
3295 4696 3742 4776 generationiS,
3776 4715 3895 4760 seu

2402 4794 2465 4856 id
2496 4794 2665 4876 quod
2696 4801 3054 4874 generatur,
3088 4794 3196 4855 sed
3236 4801 3333 4856 est
3362 4795 3543 4875 quasi
3579 4795 3897 4856 terminus

2400 4900 2461 4954 et
2492 4891 2651 4954 ratio
2681 4891 2967 4954 formalis
3008 4910 3123 4953 cur
3150 4892 3437 4972 generari
3468 4892 3765 4955 convenit
3794 4893 3897 4955 Fi-

2402 4989 2507 5062 lio,
2542 4998 2604 5051 et
2645 4990 2797 5072 quia
2840 5008 2954 5071 per
2991 4989 3462 5070 generationem
3507 4989 3565 5052 ei
3606 5007 3897 5052 commu-

2399 5087 2665 5149 nicatur.
2736 5086 2810 5148 Et
2876 5086 3044 5148 idem
3104 5087 3447 5149 dicendum
3508 5088 3587 5150 de
3649 5087 3895 5169 Spiritu

2400 5187 2648 5260 Sancto,
2709 5185 3245 5268 quemadmodum
3313 5192 3375 5247 et
3432 5185 3714 5267 AEgidius
3782 5185 3894 5248 hic

2399 5283 2691 5346 declarat.
