4359 6250
814 480 935 545 252

1432 501 1495 546 IN
1536 501 1757 548 LIBRUM
1800 503 1817 546 1
1862 501 2342 548 ΒΕΝΤΕΝΤῙΑΒΠΜ.
2389 521 2469 530 -·
2509 503 2660 549 ms‘r.
2707 504 2915 567 xxvn3
2960 505 3182 560 QUAEST.
3230 506 3296 551 111

809 671 1092 746 alteriuS,
1127 691 1253 735 non
1302 679 1549 753 oportet
1598 673 1765 753 quod
1817 690 2069 752 semper
2110 690 2306 753 quan·
2336 671 2385 732 A
2413 671 2608 747 aliud,
2643 673 2896 754 quando
2924 674 3281 737 considerat
3320 675 3600 756 speciem
3639 677 3812 758 apud
3847 696 3920 738 se

808 771 1169 853 documque
1209 771 1353 853 quis
1394 770 1782 832 convertitur
1814 770 1878 831 in
1918 770 2198 851 speciem
2231 771 2305 832 il-

808 869 959 944 lam,
994 878 1397 932 convertatur
1448 870 1513 931 in
1563 870 1625 930 id
1678 870 1861 950 cujus
1913 877 2009 936 est
2058 871 2302 952 species

806 976 915 1030 aut
946 967 1299 1030 similitudo
1332 987 1345 1029 ε
1380 968 1531 1049 quia
1572 969 1637 1030 in
1677 969 1956 1049 speciem
1998 987 2109 1030 seu
2150 969 2304 1030 ima-

804 1066 1019 1146 ginem
1073 1074 1279 1147 potest
1326 1067 1471 1148 quis
1522 1067 1829 1138 converti,
1881 1068 2139 1129 tendere
2190 1087 2302 1130 seu

808 1166 1047 1228 moveri
1090 1165 1450 1246 dupliciter.
1486 1166 1715 1238 Primo,
1750 1167 2099 1228 secundum
2132 1167 2301 1248 quod

805 1272 901 1326 est
931 1263 1175 1344 species
1208 1264 1298 1324 rei
1332 1263 1503 1324 illius
1540 1281 1553 1324 ε
1588 1264 1807 1346 sicque
1841 1264 2005 1326 idem
2048 1275 2144 1327 est
2175 1284 2304 1328 mo-

806 1369 907 1423 tus
940 1380 1051 1422 seu
1084 1361 1303 1423 eadem
1347 1362 1676 1424 conversio
1709 1363 1773 1423 in
1806 1363 2085 1444 speciem
2118 1364 2208 1425 rei
2240 1373 2302 1426 ct

809 1461 873 1522 in
908 1479 1060 1522 rem.
1096 1460 1407 1532 Secunde,
1440 1467 1627 1541 prout
1658 1461 1903 1542 species
1940 1462 2048 1523 illa
2076 1470 2171 1524 est
2203 1481 2301 1524 res

808 1560 1095 1640 quaedam
1133 1577 1146 1620 ε
1180 1566 1243 1620 et
1282 1559 1369 1620 ita
1412 1576 1538 1621 non
1585 1567 1832 1640 oportet
1870 1561 2037 1641 quod
2078 1562 2298 1623 eadem

808 1657 1219 1719 conversione
1280 1665 1682 1719 convertatur
1730 1658 1921 1720 homo
1971 1660 2035 1720 in
2096 1661 2300 1740 speci-

805 1776 924 1829 em,
959 1765 1019 1818 et
1052 1755 1116 1816 in
1162 1775 1294 1817 rem
1336 1756 1520 1836 cujus
1560 1764 1656 1818 est
1687 1758 1953 1838 species,
1990 1765 2057 1818 ut
2098 1778 2298 1840 quum

2414 771 2824 833 exsistentem
2875 792 3012 834 esse
3062 792 3318 836 causam
3369 792 3586 836 eorum
3637 795 3779 856 quae
3828 775 3918 837 ab

2416 869 2556 950 ipso
2614 870 2800 932 fiunt.
2855 871 2958 933 Sic
3006 890 3260 955 quoque
3309 881 3404 935 est
3451 873 3528 934 de
3578 872 3918 935 intellectu

2414 969 2631 1031 divino
2676 971 3028 1032 secundum
3072 971 3243 1052 quod
3287 971 3678 1033 convertitur
3717 991 3920 1053 supra

2413 1085 2480 1128 se
2513 1067 2724 1148 ipsum
2758 1069 2818 1130 in
2853 1078 3163 1150 quantum
3194 1078 3290 1131 est
3331 1089 3430 1131 res
3462 1069 3771 1151 quaedam,
3805 1070 3918 1131 vel

2415 1174 2599 1246 prout
2658 1175 2752 1228 est
2801 1167 3154 1229 similitudo
3209 1187 3420 1230 rerum
3479 1177 3748 1242 tantum,
3799 1175 3920 1230 aut.

2415 1273 2598 1344 prout
2650 1284 2749 1326 res
2794 1265 2902 1327 illa
2943 1284 3086 1347 quae
3128 1274 3224 1328 est.
3265 1286 3479 1329 rerum
3527 1267 3912 1340 similitudO,

2411 1370 2507 1425 est
2539 1382 2728 1426 causa
2766 1382 2986 1426 eorum
3017 1384 3158 1446 quae
3197 1365 3318 1426 sibi
3358 1365 3726 1427 conformat.
3759 1365 3912 1428 Haec

2413 1461 2682 1524 Thomas
2726 1463 2791 1524 in
2836 1463 3101 1544 Scripto.

2490 1560 2650 1622 Hinc
2697 1579 2951 1643 quoque
2999 1562 3064 1623 in
3114 1562 3396 1637 Summa,
3448 1562 3654 1643 prima
3700 1570 3908 1643 parte,

2411 1659 2759 1740 quaestione
2793 1661 3112 1723 tricesima
3146 1668 3367 1742 quarta
3403 1679 3415 1722 ε
3451 1661 3516 1722 111
3549 1660 3773 1734 Verbo,
3811 1660 3916 1722 in-

2411 1757 2571 1838 quit,
2615 1757 2992 1839 importatur
3033 1767 3360 1840 respectus
3403 1759 3479 1820 ad
3525 1767 3908 1821 creaturam.

804 1855 949 1937 quis
990 1854 1346 1917 considerat
1386 1855 1726 1936 imaginem
1768 1874 1879 1917 seu
1919 1865 2190 1919 statuam
2234 1858 2296 1920 in
2335 1865 2382 1927 Β
2411 1854 2576 1916 Deus
2621 1856 2792 1917 enim
2835 1876 2901 1918 se
2944 1859 3402 1938 cognoscendo,
3436 1875 3691 1920 omnem
3735 1876 3916 1919 crea-

804 1961 1111 2036 quantum
1162 1961 1259 2015 est
1306 1971 1537 2034 corpus
1590 1954 1930 2035 lapideum.
1963 1992 2044 2000 —
2082 1957 2298 2038 ltaque

805 2072 1002 2134 quum
1036 2053 1200 2113 Deus
1231 2052 1313 2112 sit
1342 2051 1697 2115 similitudo
1727 2061 1788 2114 et
1820 2054 2065 2135 species
2096 2074 2301 2116 exem-

806 2151 1001 2232 plaris
1049 2151 1337 2213 omnium
1388 2170 1624 2224 rerum,
1676 2159 1882 2232 potest
1938 2153 2298 2216 intellectus

805 2248 1146 2330 dupliciter
1172 2247 1325 2310 ferri
1359 2249 1423 2309 in
1457 2249 1667 2330 ipsum
1702 2267 1715 2310 :
1752 2249 1960 2330 primo
1987 2250 2296 2324 absolute,

808 2356 997 2429 prout
1041 2349 1207 2410 Deus
1250 2355 1345 2408 est
1392 2367 1490 2408 res
1536 2348 1863 2428 quaedam3
1895 2350 2198 2423 secundo,
2234 2351 2299 2411 in

805 2454 1116 2528 quantum
1162 2446 1296 2528 ipse
1345 2454 1441 2508 est
1483 2446 1771 2508 omnium
1822 2466 2033 2510 rerum
2080 2447 2303 2510 simili-

807 2546 976 2607 tudo,
1013 2546 1215 2626 Atque
1256 2554 1527 2626 utroque
1570 2546 1756 2608 modo
1785 2547 1950 2608 Deus
1986 2565 2053 2608 se
2086 2547 2298 2628 ipsum

805 2644 1149 2724 cognoscit,
1183 2652 1245 2706 et
1276 2663 1469 2726 supra
1499 2663 1565 2705 se
1607 2645 2019 2716 convertitur,
2052 2663 2178 2706 non
2211 2645 2301 2706 di-

802 2761 1005 2814 versa,
1044 2743 1153 2804 sed
1194 2741 1381 2804 unica
1421 2742 1687 2804 actione.
1722 2743 1896 2804 Unde
1937 2743 1990 2804 si
2036 2746 2299 2803 verbum

804 2848 1091 2904 sumatur
1132 2848 1319 2922 prout
1361 2841 1773 2922 consequitur
1814 2841 2013 2903 divini
2057 2841 2301 2904 intelle-

804 2946 943 3001 ctus
988 2939 1291 3000 intuitum
1341 2945 1525 3019 prout
1571 2939 1962 3000 convertitur
2000 2959 2193 3020 super
2231 2960 2297 3002 se

2413 1959 2616 2014 turam
2681 1955 3020 2033 cognoscit.
3081 1954 3360 2016 Verbum
3415 1963 3630 2016 autem
3693 1963 3914 2018 mente

2411 2060 2813 2133 conceptum,
2846 2061 2942 2114 est
2985 2054 3572 2136 repraesentativum
3614 2055 3912 2116 omnium

2410 2169 2550 2230 quai
2599 2151 2930 2212 actualiter
2980 2152 3440 2232 intelliguntur.
3481 2153 3556 2213 Et
3602 2153 3910 2233 quoniam

2409 2248 2576 2310 Deus
2615 2268 2682 2310 se
2721 2257 2783 2310 et
2812 2249 2935 2312 alia
2969 2251 3268 2313 universa
3303 2268 3429 2313 uno
3472 2251 3768 2331 intelligit
3803 2271 3914 2314 ac—

2409 2355 2501 2418 tu,
2536 2347 2800 2408 unicum
2831 2348 3109 2409 Verbum
3149 2347 3288 2428 ejus
3327 2356 3424 2409 est
3463 2349 3912 2429 expressivum

2411 2462 2536 2506 non
2592 2446 2798 2507 solum
2856 2446 3076 2518 Patri5‚
3127 2447 3236 2508 sed
3295 2447 3486 2508 etiam
3546 2447 3754 2508 omnis
3815 2449 3912 2510 rei

2411 2551 2652 2606 creata».
2689 2543 2766 2604 Et
2794 2545 2960 2606 sicut
2997 2545 3264 2607 scientia
3292 2544 3402 2606 Dei
3434 2552 3531 2606 est
3569 2544 3774 2607 solum
3805 2565 3914 2608 co-

2409 2641 2760 2721 gnoscitiva
2798 2642 3149 2705 secundum
3190 2643 3359 2724 quod
3400 2651 3496 2704 est
3534 2642 3736 2723 ipsius
3765 2645 3910 2718 Dei,

2410 2741 2518 2802 sed
2551 2749 2619 2801 ut
2650 2748 2745 2802 est
2776 2749 3228 2811 creaturarum,
3262 2750 3356 2803 est
3387 2759 3514 2804 non
3555 2743 3760 2804 solum
3801 2761 3912 2806 6ο-

2409 2839 2781 2919 gnoscitiva‚
2815 2841 2923 2902 sed
2955 2848 3018 2902 et
3059 2839 3326 2913 factiva;
3358 2840 3452 2902 sic
3481 2840 3762 2903 Verbum
3791 2842 3912 2904 Dei

2409 2945 2505 2999 est
2553 2937 2758 3000 solum
2807 2939 3244 3020 expressivum
3295 2957 3516 3001 eorum
3567 2959 3708 3022 quae
3755 2951 3914 3004 sunt

804 3038 871 3100 in
930 3044 1238 3118 quantum
1295 3044 1390 3098 est
1446 3036 1800 3098 similitudo
1857 3044 1921 3098 et
1975 3039 2300 3120 exemplar
2335 3045 2378 3106 C
2411 3037 2476 3097 in
2507 3037 2704 3110 Patre,
2740 3045 3170 3099 creaturarum
3211 3056 3362 3100 vero
3399 3056 3526 3101 non
3568 3039 3774 3101 solum
3809 3048 3914 3102 est-

804 3137 1093 3199 omnium
1144 3155 1380 3208 rerum,
1426 3144 1577 3198 tunc
1627 3136 1820 3198 etiam
1869 3136 2184 3218 accipitur
2231 3137 2297 3199 in

806 3234 1012 3296 Verbo
1055 3242 1379 3315 respectus
1424 3235 1500 3295 ad
1545 3241 1921 3307 creaturam,
1956 3243 2023 3295 ut
2066 3244 2158 3297 est
2209 3255 2300 3298 re-

806 3340 1061 3415 spectus
1109 3333 1261 3394 artis
1309 3334 1385 3395 ad
1434 3332 1773 3395 artificiata
1827 3351 1840 3394 :
1890 3334 2109 3416 sicque
2158 3353 2298 3416 pro-

806 3432 943 3514 prie
976 3431 1272 3494 convenit
1294 3431 1500 3493 Verbo
1529 3449 1761 3494 nomen
1793 3431 1965 3494 artis,
1989 3433 2051 3494 Si
2084 3441 2294 3495 tamen

806 3532 1066 3591 verbum
1099 3530 1411 3611 accipitur
1449 3532 1801 3592 secundum
1842 3532 2130 3593 ordinem
2174 3552 2299 3593 ma-

804 3627 1227 3691 nifestationis
1265 3628 1343 3689 ad
1383 3628 1675 3701 alterum,
1719 3628 1811 3690 sic
1850 3648 2103 3709 semper
2142 3630 2297 3691 dicit

803 3733 1164 3807 respectum
1213 3726 1293 3787 ad
1344 3733 1695 3787 creaturam
1742 3743 1755 3787 :
1799 3727 2101 3807 quoniam
2154 3728 2297 3789 talis

804 3823 1229 3887 manifestatio
1260 3824 1620 3887 intellectus
1654 3825 1853 3886 divini
1896 3832 1990 3887 est
2022 3845 2135 3907 per
2165 3845 2296 3887 cre-

800 3930 1123 3985 aturarum
1182 3923 1605 3986 eductionem.
1661 3924 1821 3986 Hinc
1878 3933 1941 3987 et
1992 3925 2293 3999 Verbum,

802 4022 1153 4084 secundum
1217 4022 1643 4101 Augustinum
1712 4041 1906 4104 super
1964 4024 2295 4092 Joannem‚

802 4129 898 4183 est
941 4120 1263 4203 operativa
1310 4120 1593 4202 potentia
1632 4122 1831 4183 Patris
1876 4141 1988 4203 per
2038 4123 2297 4184 modum

2409 3136 2869 3216 expressivum,
2931 3136 3039 3197 sed
3101 3137 3292 3198 etiam
3351 3138 3772 3219 operativum.
3827 3176 3914 3185 —

2408 3234 2550 3297 Haec
2592 3234 2657 3295 in
2697 3235 2958 3296 Summa
2993 3252 3004 3295 :
3040 3255 3182 3316 quae
3221 3243 3284 3296 et
3317 3236 3779 3316 magistraliora
3819 3240 3914 3300 vi-

2407 3334 2639 3393 dentur
2697 3332 3035 3412 praedictiS.
3090 3333 3323 3395 Tamen
3385 3352 3458 3395 ea
3503 3354 3646 3415 quae
3697 3336 3788 3397 ait-
3839 3336 3910 3397 in

2408 3430 2675 3511 Scripto,
2695 3433 3074 3493 concordant
3104 3432 3291 3493 dictis
3322 3432 3562 3494 Alberti
3599 3432 3720 3495 hoc
3752 3433 3907 3505 1060,

2408 3549 2548 3611 quae
2598 3537 2661 3591 et
2709 3529 2899 3610 paulo
2949 3537 3094 3591 ante
3144 3537 3444 3610 praetacta
3489 3540 3656 3594 sunt.
3703 3532 3778 3593 Et
3827 3533 3910 3595 de

2406 3628 2508 3689 his
2550 3636 2732 3689 acute
2777 3627 2999 3689 scribit
3039 3628 3308 3691 Thomas
3349 3629 3414 3691 in
3455 3630 3716 3692 Summa
3759 3650 3914 3694 con-

2411 3734 2503 3787 tra
2552 3726 2842 3805 gentileS‚
2878 3726 3086 3806 primo
3131 3726 3315 3796 libro,
3352 3736 3420 3789 ut
3465 3728 3696 3809 partim
3747 3748 3912 3811 prae-

2407 3826 2697 3887 habitum
2743 3833 2858 3898 est,
2905 3833 2966 3887 et
3011 3826 3176 3888 infra
3218 3827 3576 3889 habe-bitur.

2490 3924 2668 3985 Circa
2696 3924 2816 3986 1106
2849 3924 3130 4005 loquitur
3158 3925 3510 3988 Alexander
3543 3944 3557 3988 :
3589 3925 3779 3988 Aliud
3809 3936 3910 3987 est

2409 4023 2641 4097 dicere,
2674 4024 2853 4086 Pater
2895 4024 3054 4085 dicit
3091 4024 3392 4097 Verbum,
3425 4033 3510 4099 et,
3541 4026 3722 4087 Pater
3757 4025 3916 4087 Ver-

2411 4122 2491 4183 bo
2522 4121 2677 4183 dicit
2718 4130 3057 4195 creaturaS‚
3091 4123 3629 4203 quemadmodum
3670 4123 3916 4186 dicitur

804 4221 976 4283 artis.
1022 4256 1097 4265 ——
1140 4220 1483 4282 Sciendum
1532 4238 1808 4301 quoque,
1855 4223 2025 4303 quod
2068 4222 2297 4284 artifex
2333 4230 2378 4290 D
2410 4220 2887 4302 quintodecimo
2917 4221 2996 4282 de
3026 4221 3349 4283 Trinitate.
3384 4223 3564 4284 Pater
3591 4222 3764 4285 enim
3797 4242 3916 4285 no-

806 4326 1010 4400 potest
1056 4318 1337 4380 converti
1380 4317 1455 4379 ad
1504 4317 1783 4399 speciem
1826 4320 1979 4381 artis
2022 4340 2151 4383 suae
2194 4322 2300 4382 tri-

808 4416 1077 4498 pliciter.
1122 4415 1351 4489 Primo,
1400 4424 1588 4497 prout
1636 4417 1879 4497 species
1930 4425 2024 4479 est
2073 4420 2298 4481 simili-

806 4517 959 4578 tudo
1008 4514 1097 4577 rei
1139 4534 1253 4597 per
1291 4515 1502 4596 ipsum
1546 4514 1776 4578 fiendae
1812 4534 1825 4578 :
1860 4517 2080 4599 sicque
2122 4518 2301 4580 abso-

806 4614 938 4676 lute
982 4613 1371 4676 convertitur
1415 4613 1481 4675 in
1531 4632 1665 4675 rem
1708 4614 2137 4689 artificiatam,
2172 4634 2299 4678 non

804 4713 1095 4776 habendo
1155 4712 1349 4773 ullam
1408 4712 1977 4775 considerationem
2032 4715 2108 4776 de
2165 4724 2300 4777 arte

804 4832 919 4875 sua
948 4813 1299 4874 secundum
1341 4830 1426 4873 se.
1464 4812 1773 4884 Secundo,
1810 4812 1875 4873 in
1918 4812 2121 4893 ipsam
2164 4833 2302 4895 spe-

807 4912 972 4973 ciem
1016 4911 1169 4972 artis
1214 4911 1567 4972 secundum
1606 4929 1745 4972 esse
1788 4912 1955 4992 quod
2000 4911 2191 4975 habet
2236 4913 2299 4974 in

806 5010 1019 5071 anima
1062 5009 1202 5089 ejus
1237 5026 1251 5070 :
1286 5016 1349 5070 et
1394 5009 1481 5069 ita
1522 5016 1615 5070 est
1665 5008 2086 5074 consideratio
2126 5011 2304 5073 abso-

810 5108 941 5170 luta
971 5107 1173 5188 ipsius
1204 5106 1441 5189 speciei
1482 5108 1835 5169 secundum
1868 5110 2035 5191 quod
2077 5118 2173 5171 est
2204 5128 2304 5171 res

814 5206 1139 5288 quaedam3
1172 5225 1289 5268 nec
1332 5206 1425 5267 sic
1467 5205 1707 5287 aliquid
1749 5208 1825 5269 de
1864 5226 1930 5270 re
1969 5207 2308 5269 artificiata

816 5303 1189 5366 considerat.
1234 5304 1464 5378 Tertio,
1507 5306 1931 5387 comparando
1982 5326 2181 5368 unum
2230 5307 2308 5368 ad

2410 4320 2528 4381 scit
2560 4340 2627 4381 se
2659 4320 2725 4380 in
2755 4338 2845 4390 56,
2881 4327 2942 4381 et
2973 4319 3188 4381 omnia
3217 4320 3422 4381 noscit
3453 4320 3517 4382 in
3550 4320 3709 4383 Filio
3741 4339 3756 4381 t
3789 4323 3910 4384 sed
3967 4320 3978 4332 '

2410 4420 2530 4480 hoc
2570 4426 2664 4479 est
2703 4418 2757 4479 ei
2801 4436 3008 4490 nosse,
3042 4418 3213 4499 quod
3251 4418 3480 4481 die-ere.
3525 4419 3687 4500 Ergo
3724 4420 3916 4483 Pater

2409 4516 2564 4578 dicit
2595 4536 2682 4591 se,
2716 4524 2778 4578 et
2819 4516 3088 4578 dicendo
3127 4536 3195 4579 se
3223 4526 3480 4599 generat
3516 4517 3766 4580 Filium.
3801 4518 3915 4581 Se-

2412 4616 2692 4678 cundum
2741 4616 2861 4678 hoc
2910 4634 3058 4697 ergo
3106 4616 3275 4697 quod
3328 4616 3509 4678 Pater
3555 4616 3712 4679 dicit
3756 4617 3912 4679 Ver-

2411 4714 2590 4784 bum,
2642 4732 2770 4776 non
2828 4714 3086 4794 ponitur
3145 4722 3472 4795 respectus
3529 4715 3605 4776 ad
3665 4724 3915 4778 creatu-

2413 4832 2546 4874 ram
2587 4830 2600 4874 :
2635 4813 2764 4874 imo
2802 4813 2921 4874 hoc
2950 4812 3227 4874 Verbum
3259 4819 3356 4874 est
3384 4812 3659 4874 Verbum
3701 4812 3914 4894 ipsius

2412 4910 2702 4972 dicentis,
2737 4911 2904 4972 Dicit
2933 4927 3187 4991 quoque
3225 4910 3406 4972 Pater
3433 4910 3648 4973 omnia
3686 4910 3750 4972 in
3781 4910 3914 4975 1106

2414 5010 2641 5083 Verb0,
2679 5010 2740 5070 id
2772 5015 2866 5070 est
2906 5008 3223 5090 produxit.
3259 5008 3422 5089 Ergo
3459 5008 3700 5071 ratione
3731 5008 3916 5073 illius

2415 5126 2542 5191 quo
2573 5108 2807 5169 dicitur
2836 5107 3050 5169 omnia
3083 5107 3146 5168 in
3178 5105 3298 5169 1106
3330 5107 3535 5169 Verbo
3573 5107 3802 5169 fecisse
3835 5128 3916 5171 ac

2416 5205 2828 5288 disposuisse,
2886 5205 3078 5267 habet
3135 5205 3254 5267 hoc
3313 5205 3590 5268 Verbum
3650 5206 3922 5269 cointel-

2421 5306 2654 5367 lectum
2699 5312 3019 5367 creaturae.
3054 5303 3244 5367 Porro
3283 5304 3434 5366 dum
3468 5304 3703 5367 dicitur
3729 5304 3924 5369 Pater
