4359 6250
1141 505 1436 562 QUALITER
1475 505 1658 550 nmo
1699 502 1843 549 nom
1885 503 2227 550 CONVENIAT
2269 506 2523 551 SPmrrffl
2566 507 2794 553 SAac-ro
3438 489 3509 552 71

425 676 887 739 liberalissima.
924 677 1233 748 Secunde,
1279 696 1391 758 per
1435 683 1791 756 respectum
1835 675 1912 736 ad
1944 675 1993 736 A
2023 674 2114 735 sic
2160 694 2285 738 non
2326 685 2421 737 est
2462 678 2903 740 universaliter
2935 699 3179 752 verum,
3213 681 3512 760 quoniam

423 783 626 836 creata
661 793 676 836 :
709 783 774 836 ct
812 774 932 836 hoc
975 774 1332 856 dupliciter,
1370 783 1520 855 puta
1560 774 1910 834 secundum

421 873 708 935 habitum
739 881 802 934 et
831 874 1182 934 secundum
1213 881 1445 934 actum.
1473 873 1669 934 Filius
1700 880 1912 934 autem

421 972 628 1054 primo
660 971 870 1044 modo,
891 971 1186 1034 videlicet
1215 971 1566 1033 secundum
1598 970 1910 1045 habitum,

421 1089 543 1133 non
595 1070 788 1132 habet
835 1069 1144 1132 rationem
1190 1069 1341 1132 doni
1385 1087 1399 1130 ε
1441 1069 1742 1150 quoniam
1787 1088 1912 1131 non

421 1170 707 1252 procedit
756 1169 1112 1232 secundum
1162 1169 1472 1230 rationem
1522 1168 1752 1237 dantis,
1805 1169 1913 1230 sed

419 1268 801 1350 generantis.
863 1267 1064 1329 Habet
1121 1276 1333 1329 tamen
1397 1267 1704 1329 rationem
1765 1266 1913 1329 doni

421 1368 774 1431 secundum
823 1367 1172 1448 potentiam
1221 1367 1300 1428 ad
1351 1373 1689 1438 creaturas,
1729 1374 1917 1448 prout

423 1467 488 1528 in
520 1466 764 1529 ratione
804 1467 953 1527 doni
995 1473 1090 1526 est
1129 1465 1488 1527 connotatio
1525 1464 1798 1544 alicujus
1829 1463 1917 1525 ef-

423 1565 626 1626 fectus
687 1565 754 1626 in
813 1571 1130 1640 creatura:
1175 1563 1284 1624 sed
1347 1579 1472 1624 non
1527 1561 1716 1623 habet
1776 1562 1918 1622 rati-

424 1683 610 1726 onem
670 1663 820 1726 doni
877 1663 1228 1724 secundum
1289 1661 1579 1722 habitum
1637 1661 1913 1742 proprie,

424 1762 716 1844 quamvis
757 1761 838 1822 sit
877 1759 1191 1823 donabilis
1227 1777 1240 1821 :
1276 1759 1578 1842 quoniam
1618 1758 1790 1821 aliud
1823 1766 1913 1819 est

2025 793 2247 834 sensus
2279 783 2371 836 est
2413 777 2579 856 quod
2621 778 2893 858 Spiritus
2936 779 3201 840 Sanctus
3234 779 3417 840 detur
3450 780 3513 840 in

2024 872 2322 932 omnibus
2373 893 2483 934 seu
2534 893 2680 935 cum
2729 876 3028 937 omnibus
3080 876 3261 937 donis
3312 877 3443 938 suis
3496 893 3510 937 ε

2024 970 2194 1050 quod
2226 989 2351 1032 non
2392 980 2487 1032 est
2518 992 2761 1046 verum,
2798 975 3106 1036 sumendo
3145 974 3383 1036 donum
3414 993 3517 1036 ex-

2026 1076 2222 1129 tense.
2278 1069 2571 1142 Quaedam
2630 1091 2904 1152 namque
2958 1080 3106 1133 sunt
3163 1072 3327 1134 dona
3376 1092 3517 1155 quae

2025 1187 2279 1248 semper
2324 1177 2471 1229 sunt
2519 1189 2664 1230 cum
2716 1171 2953 1251 Spiritu
3010 1171 3257 1246 Sancto,
3302 1179 3371 1232 ut
3418 1191 3517 1233 ca-

2027 1265 2200 1336 ritaS,
2253 1266 2597 1347 sapientia3
2646 1268 2934 1349 quaedam
2989 1289 3129 1350 quae
3188 1289 3515 1350 nunquam

2027 1371 2175 1425 sunt
2226 1383 2371 1424 cum
2422 1364 2659 1445 Spiritu
2711 1367 2959 1442 Sancte,
3003 1375 3071 1429 ut
3120 1368 3311 1430 timor
3359 1386 3517 1449 pure

2029 1462 2308 1540 servilis3
2333 1463 2619 1542 quaedam
2652 1484 2793 1544 qua>
2822 1465 3162 1547 aliquando
3192 1473 3337 1527 sunt
3370 1485 3515 1527 cum

2029 1559 2269 1640 Spiritu
2302 1560 2549 1634 Sancto,
2582 1561 2922 1642 aliquando
2962 1581 3109 1636 non,
3146 1571 3214 1623 ut.
3254 1564 3519 1645 prophe-

2028 1657 2132 1718 tia.
2171 1657 2234 1719 Si
2267 1667 2479 1719 autem
2522 1661 2988 1740 particulariter
3021 1661 3410 1741 intelligatur
3440 1662 3517 1723 de

2028 1755 2211 1816 donis
2256 1757 2469 1835 gratiae
2512 1765 2761 1838 gratum
2813 1758 3123 1833 facientiS,
3158 1760 3250 1821 sic
3293 1778 3517 1820 verum

427 1860 727 1941 potentia,
761 1859 934 1920 aliud
966 1858 1272 1939 aptitudo,
1309 1858 1465 1919 Nam
1498 1865 1676 1938 pater
1707 1875 1918 1918 carna·
1953 1857 1998 1917 B
2026 1863 2142 1928 est,
2197 1874 2313 1915 nec
2364 1855 2552 1917 habet
2602 1857 2987 1918 instantiam.
3022 1893 3103 1901 —
3140 1858 3218 1918 At
3269 1875 3417 1919 vero
3464 1857 3518 1918 si

425 1959 500 2020 lis
543 1964 752 2040 potest
797 1957 1008 2019 silium
1059 1976 1246 2017 suum
1298 1957 1522 2018 docere
1567 1973 1580 2015 :
1624 1954 1700 2016 ad
1746 1955 1917 2016 hunc

421 2066 635 2118 tamen
685 2063 898 2117 actum
950 2073 1076 2116 non
1130 2053 1320 2116 habet
1377 2053 1801 2135 aptitudinem
1853 2053 1917 2114 in

421 2162 732 2237 quantum
765 2163 966 2235 pater,
1002 2153 1111 2214 sed
1154 2153 1217 2213 in
1251 2159 1560 2233 quantum
1597 2151 1911 2231 magister.

421 2255 654 2315 Verum
715 2251 990 2332 Spiritus
1050 2251 1314 2312 Sanctus
1372 2249 1606 2310 dicitur
1654 2250 1915 2321 donum,

419 2370 546 2413 non
600 2350 810 2411 solum
859 2349 1011 2430 quia
1059 2355 1266 2430 potest
1315 2347 1557 2418 donari,
1609 2348 1718 2408 sed
1769 2348 1920 2428 quia

422 2469 498 2512 ex
538 2467 654 2510 sua
699 2447 1102 2529 processione
1151 2445 1572 2528 aptitudinem
1621 2446 1810 2506 habet
1853 2451 1920 2505 ut

424 2549 630 2620 detur,
665 2546 816 2627 quia
858 2545 1145 2626 procedit
1189 2553 1258 2605 ut
1303 2545 1539 2606 donum
1583 2551 1771 2624 atque
1816 2543 1920 2604 do-

425 2644 638 2707 nabile
697 2660 710 2703 :
767 2643 988 2723 sicque
1045 2640 1453 2702 habitualiter
1507 2641 1564 2701 ei
1624 2641 1918 2702 convenit

423 2761 560 2806 esse
609 2743 873 2804 donum.
907 2776 988 2784 —
1017 2739 1340 2812 Praeterea,
1384 2739 1556 2800 aliud
1605 2745 1701 2798 est
1751 2738 1914 2811 fieri,

423 2841 594 2903 aliud
646 2840 780 2902 dari
835 2857 847 2900 :
899 2838 1200 2920 quoniam
1250 2837 1394 2899 fieri
1445 2837 1742 2899 convenit
1790 2855 1916 2898 non

422 2940 774 3011 exsistenti,
818 2937 954 2998 dari
1004 2955 1154 2998 vero
1203 2936 1550 2997 exsistenti.
1603 2936 1747 2997 ldeo
1796 2935 1919 3016 pri-

2027 1951 2343 2014 ablativus
2391 1954 2506 2014 iste
2552 1955 2718 2016 dicat
2761 1955 3216 2028 causalitatem,
3248 1955 3368 2018 hoc
3416 1972 3521 2036 po-

2029 2059 2151 2112 test
2180 2071 2318 2112 esse
2362 2052 2713 2132 tripliciter.
2749 2053 2979 2126 Primo,
3014 2054 3101 2114 ita
3145 2055 3312 2135 quod
3352 2054 3521 2116 dicat

2031 2149 2464 2211 causalitatem
2517 2150 2896 2231 simpliciter
2928 2169 2942 2212 z
2977 2160 3038 2213 et
3088 2153 3174 2214 ita
3215 2159 3310 2213 est
3354 2171 3523 2214 com-

2031 2267 2223 2308 mune
2271 2248 2431 2309 Patri
2492 2257 2553 2310 et
2604 2249 2761 2311 Filio
2817 2269 2889 2310 ac
2948 2250 3210 2331 Spiritui
3269 2251 3496 2312 Sancto

2029 2345 2178 2426 quia
2220 2347 2435 2408 omnia
2473 2347 2636 2408 dona
2670 2356 2817 2408 sunt
2846 2347 2927 2408 ab
2962 2348 3071 2409 eiS.
3108 2349 3417 2421 SecundO,
3452 2356 3522 2409 ut

2030 2445 2197 2505 dicat
2238 2446 2670 2506 causalitatem
2710 2453 2773 2506 et
2815 2445 3375 2506 subauctoritatem
3412 2463 3424 2508 :
3459 2453 3520 2507 et

2031 2543 2094 2603 in
2127 2543 2248 2603 hoc
2280 2543 2499 2604 differt.
2536 2562 2573 2604 a
2612 2544 2809 2614 Patre,
2844 2561 2971 2604 non
3013 2563 3049 2604 a
3088 2543 3266 2615 Fili0‚
3300 2544 3522 2624 quoni—

2029 2661 2130 2702 am
2162 2640 2342 2702 Pater
2370 2643 2475 2702 dat
2514 2661 2627 2722 per
2659 2641 2890 2702 Filium
2920 2659 2993 2702 ac
3033 2641 3341 2722 Spiritum
3374 2643 3522 2704 San-

2029 2747 2224 2800 ctum.
2262 2740 2491 2812 Tertio,
2527 2747 2594 2800 ut
2633 2740 2801 2801 dicat
2840 2740 3277 2801 auctoritatem
3319 2748 3382 2801 et
3419 2759 3523 2802 ex-

2027 2837 2494 2919 emplaritatem
2560 2855 2572 2898 :
2634 2838 2851 2919 sicque
2913 2837 3165 2919 proprie
3225 2838 3521 2899 convenit

2029 2936 2293 3018 Spiritui
2338 2937 2581 2998 Sancto.
2618 2937 2757 3016 Ipse
2802 2937 3042 3018 quippe
3082 2937 3366 3018 procedit
3409 2956 3522 3016 per

423 3057 602 3100 mum
631 3045 727 3098 est
757 3053 896 3097 esse
938 3035 1051 3106 rei,
1087 3052 1214 3096 non
1245 3035 1482 3096 donum
1513 3033 1673 3114 ejus,
1711 3033 1915 3106 Quum
1955 3041 1998 3102 C
2031 3037 2291 3098 modum
2333 3035 2524 3116 primi
2566 3034 2736 3107 doni,
2774 3035 2859 3096 ita
2889 3035 3059 3116 quod
3098 3035 3305 3098 omnis
3334 3036 3523 3098 dona-

420 3154 569 3218 ergo
616 3154 732 3217 per
775 3133 1361 3216 appropriationem
1411 3133 1626 3195 omnia
1673 3133 1800 3194 sint
1849 3134 1916 3195 in

421 3236 602 3307 Filio,
636 3233 804 3296 sicut
837 3232 903 3294 in
934 3232 1281 3312 exemplari
1313 3239 1375 3292 et
1415 3232 1650 3293 causali
1683 3232 1917 3313 princi-

421 3335 550 3417 pio,
583 3341 775 3413 atque
810 3332 874 3391 in
917 3328 1156 3411 Spiritu
1201 3330 1428 3391 Sancto
1466 3329 1694 3391 dentur
1725 3330 1914 3391 rebus

420 3433 824 3502 charismata,
875 3428 1148 3509 Spiritus
1207 3428 1472 3489 Sanctus
1532 3428 1766 3489 dicitur
1813 3429 1917 3490 do—

422 3550 600 3603 num,
651 3547 782 3591 non
835 3527 1050 3589 Filius.
1085 3525 1507 3607 —AmpliuS‚
1561 3528 1798 3589 donum
1850 3527 1915 3587 in

424 3637 737 3711 quantum
777 3628 1041 3698 donum,
1075 3633 1171 3687 est
1208 3624 1675 3701 voluntarium3
1709 3626 1918 3705 cogni—

424 3728 516 3791 tio
552 3734 768 3790 autem
811 3726 874 3785 in
919 3731 1227 3805 quantum
1270 3723 1566 3803 cognitio,
1601 3741 1727 3785 non
1766 3723 1918 3783 dici-

423 3836 528 3889 tur
573 3824 954 3887 voluntaria.
1007 3822 1153 3884 ideo
1200 3822 1461 3903 Spiritui
1508 3822 1754 3893 Sancto,
1807 3822 1915 3903 qui

419 3932 516 3987 est
563 3940 764 3994 amor,
801 3922 1098 3983 convenit
1147 3920 1306 3980 ratio
1356 3919 1526 3992 doni,
1560 3937 1686 3981 nou
1737 3920 1914 3993 Fili0‚

419 4024 532 4107 qui
581 4031 680 4084 est
728 4020 1059 4101 sapientia.
1093 4054 1174 4063 —
1208 4018 1530 4089 Praeterea,
1576 4037 1766 4080 omne
1815 4020 1920 4080 do-

421 4142 575 4184 num
623 4121 689 4182 in
733 4125 1047 4201 quantum
1091 4119 1353 4190 donum,
1396 4124 1492 4177 est
1527 4118 1744 4197 gratia.
1787 4118 1922 4199 Spi-

2028 3136 2118 3197 tio
2164 3141 2338 3196 recta
2393 3142 2583 3215 atque
2640 3134 2913 3214 gratuita
2968 3134 3049 3195 ab
3108 3133 3246 3216 ipso
3298 3143 3361 3196 et
3410 3154 3522 3216 per

2030 3236 2241 3317 ipsum
2292 3240 2409 3306 est,
2442 3240 2504 3293 et
2550 3232 2631 3293 ab
2674 3251 2749 3294 eo
2791 3232 3024 3314 accipit
3068 3233 3374 3295 rationem
3417 3232 3523 3295 do-

2028 3331 2323 3395 nationis.
2372 3330 2514 3391 Haec
2556 3330 3013 3391 Bonaventura.

2109 3428 2395 3509 Denique
2447 3426 2715 3489 Thomas
2768 3427 2937 3489 circa
2986 3427 3120 3490 haec
3157 3444 3169 3488 :
3203 3428 3382 3501 Dare,
3432 3428 3523 3489 in-

2029 3528 2191 3610 quit,
2226 3526 2669 3607 multipliciter
2703 3526 2953 3587 dicitur.
2989 3526 3217 3599 Primo,
3254 3525 3523 3607 largissi-

2031 3645 2132 3687 me
2175 3632 2237 3686 et
2286 3644 2361 3685 ex
2406 3624 2791 3705 proprietate
2843 3632 3103 3695 naturae,
3143 3624 3308 3684 sicut
3356 3624 3521 3704 ignis

2031 3724 2263 3786 dicitur
2312 3723 2460 3783 dare
2505 3721 2800 3794 calorem,
2836 3722 2928 3783 sol
2972 3721 3376 3801 splendorem
3412 3740 3425 3784 :
3458 3730 3522 3784 et

2030 3822 2223 3903 hujus
2273 3820 2629 3883 donationis
2675 3819 3063 3900 principium
3107 3837 3235 3881 non
3278 3828 3373 3881 cst
3414 3838 3521 3883 vo-

2034 3922 2260 3981 luntaS.
2298 3919 2607 3989 Secundo,
2646 3936 2721 3978 ex
2766 3917 3086 3979 voluntate
3130 3926 3200 3978 ut.
3244 3918 3524 3981 donatio-

2032 4019 2132 4081 nis
2184 4017 2520 4099 principio.
2576 4016 2749 4089 Quod
2801 4016 3110 4096 contingit
3158 4018 3518 4098 dupliciter.

2032 4116 2419 4197 Quandoque
2459 4114 2631 4176 enim
2673 4133 2785 4195 per
2817 4113 3136 4176 dationem
3177 4116 3528 4178 intenditur

421 4222 582 4283 ritus
633 4220 902 4281 Sanctus
951 4233 1102 4277 vero
1145 4222 1240 4277 est
1285 4216 1487 4295 gratia
1537 4234 1663 4277 non
1713 4216 1919 4279 solum
1956 4222 2001 4282 D
2031 4217 2246 4298 aliqua
2287 4214 2526 4275 utilitas
2568 4212 2796 4287 dantiS,
2831 4213 2930 4275 vel
2974 4221 3283 4293 quantum
3324 4215 3400 4276 ad
3438 4235 3530 4277 re-

419 4318 746 4389 effective,
793 4316 922 4377 imo
963 4322 1024 4375 et
1068 4313 1440 4387 formaliter,
1483 4314 1648 4375 sicut
1691 4322 1786 4376 est
1827 4334 1924 4375 ca-

421 4418 576 4479 ritas
603 4433 618 4477 :
644 4422 742 4477 est
770 4412 1009 4475 etenim
1039 4412 1242 4492 gratia
1274 4412 1568 4474 increata.
1590 4413 1922 4494 Quumque

425 4516 624 4578 Filius
667 4530 794 4576 non
836 4512 920 4574 sit
961 4510 1183 4591 gratia,
1218 4511 1328 4572 sed
1373 4529 1632 4591 germen
1679 4520 1925 4573 natura-

427 4616 509 4688 le,
556 4612 719 4674 ratio
769 4610 921 4672 doni
972 4627 1099 4671 non
1149 4609 1448 4671 convenit
1497 4609 1657 4671 Filio
1706 4629 1927 4670 secun-

428 4714 586 4775 dum
629 4729 717 4771 se.
763 4742 842 4753 --
883 4707 1026 4769 Haec
1069 4707 1440 4769 Alexander.

515 4810 833 4873 Consonat
873 4808 1334 4881 Bonaventura,
1368 4807 1636 4869 dicendo
1675 4824 1688 4867 :
1723 4808 1926 4879 Quum

431 4908 675 4972 dicitur
717 4906 887 4987 quod
933 4905 1207 4987 Spiritus
1252 4906 1515 4967 Sanctus
1554 4912 1650 4966 est
1692 4904 1928 4966 donum

433 5009 502 5069 in
553 5023 682 5087 quo
739 5004 958 5067 omnia
1010 5004 1174 5066 dona
1231 5004 1565 5076 donantur,
1618 5003 1930 5064 ablativus

433 5108 579 5179 iste,
613 5124 764 5183 quo,
797 5109 1004 5184 potest
1042 5102 1384 5184 dupliciter
1413 5102 1613 5182 accipi
1652 5119 1666 5162 ε
1703 5101 1930 5182 pri1n0,

433 5213 510 5267 ut
552 5204 726 5265 dicat
769 5200 1362 5279 concomitantiam3
1396 5200 1694 5273 secundo,
1740 5207 1808 5261 ut
1847 5200 1938 5261 di-

435 5310 542 5368 cat
573 5302 1030 5367 causalitatem.
1065 5300 1130 5363 Si
1160 5300 1328 5361 dicat
1359 5298 1934 5371 concomitantiam,

2035 4316 2381 4377 motionem
2424 4312 2595 4385 mali,
2631 4320 2699 4372 ut
2740 4312 2893 4372 dum
2938 4310 3180 4392 aliquid
3224 4313 3409 4374 datur
3452 4332 3529 4375 ex

2033 4415 2284 4486 timore,
2338 4411 2607 4491 talisque
2656 4410 2825 4471 datio
2882 4409 3239 4490 appellatur
3292 4412 3532 4473 redem-

2035 4514 2206 4595 ptio;
2241 4510 2343 4572 vel
2375 4516 2685 4592 quantum
2716 4509 2792 4569 ad
2834 4508 3320 4588 acquisitionem
3353 4509 3525 4583 boni,

2037 4630 2177 4692 quae
2236 4609 2406 4670 datio
2468 4606 2723 4687 proprie
2782 4605 3017 4666 dicitur
3079 4614 3359 4687 quaestus
3418 4626 3531 4669 seu

2039 4709 2326 4790 quaedam
2371 4705 2671 4767 venditio.
2707 4704 3030 4765 Interdum
3078 4722 3227 4766 vero
3271 4723 3395 4767 non
3442 4706 3532 4767 in-

2039 4806 2322 4868 tenditur
2370 4804 2499 4865 ulla
2552 4802 2760 4863 dantis
2814 4802 3052 4863 utilitas
3108 4820 3121 4863 :
3176 4803 3341 4863 unde
3398 4802 3532 4865 haec

2040 4904 2210 4966 datio
2260 4902 2513 4983 proprie
2564 4900 2799 4961 dicitur
2842 4899 3121 4961 liberalis
3168 4907 3355 4979 atque
3398 4919 3534 4980 gra-

2044 5003 2221 5070 tuita,
2268 5007 2329 5060 et
2379 5007 2641 5061 vocatur
2690 4998 2961 5059 donatio.
3011 4997 3197 5059 Porro
3247 4997 3417 5059 datio
3467 4998 3529 5058 in

2043 5120 2169 5181 qua
2229 5096 2581 5159 intenditur
2631 5096 2869 5156 utilitas
2922 5094 3150 5164 dantiS,
3203 5115 3530 5176 nunquam

2045 5197 2342 5261 convenit
2405 5196 2553 5267 Deo,
2614 5194 2724 5275 qui
2793 5193 3101 5254 bonorum
3172 5200 3533 5255 nostrorum
3580 5212 3804 5263 Pmm.

2047 5313 2176 5359 non
2226 5295 2485 5375 indiget.
2531 5293 2674 5355 Ideo
2723 5292 2887 5352 Deus
2936 5289 3340 5371 singulariter
3386 5292 3538 5355 dici-
