4359 6250
747 493 969 549 QUAEST.
1019 494 1062 538 11
1104 492 1118 537 2
1163 493 1308 549 QUID
1350 486 1448 537 sn·
1483 491 1780 547 PnnsoNA,
1823 490 1898 536 ΕΤ
1937 492 2071 545 QUAE
2111 492 2295 537 RATIO
2338 492 2476 538 mus
2519 493 2583 539 IN
2624 493 2873 549 D1v1NIS‚
2916 493 3043 540 mc.

3327 474 3443 538 157

373 681 522 737 vero,
551 664 904 725 secundum
937 660 1148 741 ipsum
1180 659 1248 721 in
1280 658 1442 721 libro
1473 660 1550 721 de
1581 657 1838 721 Duabus
1867 656 1918 719 Α
1949 646 2118 731 sunt,
2171 666 2237 721 et
2296 678 2461 721 unus
2519 661 2633 735 sic,
2696 661 2856 722 alter
2912 661 3005 723 sic
3062 662 3323 743 exponit
3378 669 3443 724 et

373 761 588 823 naturis
637 759 892 828 Christi,
944 758 1098 820 dicit
1147 776 1282 820 rem
1337 757 1722 839 singularem
1773 755 1836 816 in

370 877 573 939 genere
624 857 947 921 rationalis
995 855 1368 919 substantia}
1417 864 1680 917 tantum.
1735 854 1837 917 Sic

369 976 498 1037 ergo
541 958 666 1019 duo
714 958 920 1039 prima
978 956 1238 1018 nomina
1285 955 1580 1017 videntur
1640 952 1838 1013 nomi-

369 1075 499 1117 nare
528 1056 836 1118 secundas
875 1053 1262 1117 substantias
1293 1052 1703 1125 universaleS,
1727 1051 1836 1112 sed

369 1154 510 1215 οὐσία
553 1153 978 1215 universalem
1039 1169 1166 1214 non
1217 1157 1603 1213 contractam
1653 1147 1836 1211 diffe-

368 1252 546 1314 rentia
599 1252 834 1333 aliqua,
893 1251 1148 1319 οὐσίωσις
1206 1268 1357 1312 vero
1417 1249 1835 1311 substantiam

367 1350 766 1411 universalem
827 1356 1216 1413 contractam
1267 1348 1664 1426 differentia3
1714 1348 1838 1409 alia

365 1449 494 1519 duc,
541 1448 926 1511 substantias
986 1448 1246 1529 primaS,
1309 1447 1420 1509 sed
1480 1445 1835 1528 hypostasis

365 1545 706 1608 indistincte
755 1556 880 1608 tam
932 1546 1303 1608 rationalem
1352 1564 1544 1627 quam
1598 1544 1838 1607 irratio—

363 1645 570 1717 nalem,
621 1662 892 1726 persona
938 1652 1186 1707 tantum
1246 1644 1638 1706 rationalem.
1692 1643 1834 1706 Haec

363 1742 574 1803 PetruS.
608 1778 689 1787 —
717 1742 1070 1805 Concordat
1110 1742 1480 1805 RicharduS.

431 1840 604 1903 Porro
653 1840 1097 1922 Praepositivus
1153 1840 1432 1921 assignat
1479 1838 1830 1901 differenti-
1869 1841 1917 1904 B

359 1957 448 1999 am
477 1938 700 2001 horum
733 1947 922 2021 prout
953 1939 1361 2020 reperiuntur
1391 1939 1458 1999 in
1483 1938 1660 2000 omni
1692 1936 1834 1999 sub-

359 2038 584 2111 stantia,
619 2046 748 2100 tam
795 2038 1104 2100 materiali
1143 2056 1334 2119 quam
1375 2035 1778 2098 immateriali
1813 2054 1827 2098 :

359 2135 418 2196 ln
445 2138 927 2217 praedicamento
950 2137 1304 2219 (inquiens)
1334 2135 1706 2198 substantiae
1736 2143 1833 2197 est

357 2236 612 2315 reperire
656 2235 1078 2297 substantiam
1124 2235 1398 2315 subjecti
1439 2242 1502 2297 et
1545 2234 1832 2295 substan-

359 2332 492 2394 tiam
527 2333 902 2415 subjectam.
940 2333 1306 2395 Substantia
1343 2332 1616 2414 subjecti
1647 2350 1829 2395 voca-

357 2439 446 2492 tur
499 2433 634 2513 ipsa
691 2440 938 2506 natura,
987 2439 1052 2493 et
1109 2432 1244 2495 haec
1301 2439 1399 2493 est
1447 2432 1608 2493 οὐσία
1659 2430 1828 2513 apud

356 2528 602 2603 Graecos,
635 2531 912 2594 essentia
948 2531 1116 2613 apud
1155 2531 1430 2593 Latinos.
1466 2529 1830 2593 Substantia

355 2646 488 2690 vero
521 2630 831 2712 subjecta,
865 2638 962 2692 est
1001 2649 1099 2692 res
1140 2638 1380 2693 naturae
1415 2648 1428 2691 :
1465 2650 1604 2715 quae
1642 2634 1830 2710 prout

353 2728 526 2789 estin
565 2737 792 2792 natura
831 2730 1179 2803 communi,
1214 2728 1450 2790 dicitur
1485 2728 1829 2790 subsisten-

353 2824 468 2903 tia;
517 2828 624 2889 sed
686 2834 874 2909 prout
924 2827 1170 2889 substat
1220 2825 1680 2899 accidentibuS‚
1736 2825 1828 2886 di-

354 2924 503 2985 citur
548 2925 936 3005 substantia3
990 2934 1176 3007 prout
1225 2943 1376 2987 vero
1422 2923 1712 2986 subsistit
1761 2924 1826 2984 in

1947 756 2184 837 accipit
2212 776 2303 819 ea.
2339 793 2418 802 —
2448 759 2781 840 Quumque
2823 758 3172 821 difficultas
3216 760 3335 821 ista
3376 760 3439 821 in

1948 854 2102 935 quid
2153 856 2433 917 nominis
2482 857 2601 919 sita
2649 858 2753 931 sit,
2794 875 2921 918 non
2969 866 3065 919 est
3112 858 3173 920 ci
3222 859 3444 920 immo-

1949 953 2271 1015 derantius
2306 954 2987 1017 immorandum.l'nde
3017 964 3074 1016 et
3108 974 3440 1037 argumen-

1951 1058 2014 1112 ta
2070 1071 2213 1132 quae
2272 1051 2337 1113 in
2397 1053 2519 1121 hac
2574 1054 2922 1134 quaestione
2980 1053 3060 1115 ab
3116 1055 3440 1137 aliquibus

1949 1150 2341 1211 inducuntur
2398 1151 2549 1212 satis
2613 1152 2877 1233 prolixe,
2942 1171 3055 1233 per
3113 1160 3439 1234 praetactas

1947 1247 2389 1311 distinctiones
2425 1257 2615 1330 atque
2646 1250 2928 1312 diversas
2967 1252 3301 1313 nominum
3334 1252 3442 1314 ho-

1949 1366 2088 1409 rum
2138 1348 2540 1429 acceptiones
2589 1349 2923 1411 solvuntur
2972 1348 3243 1411 faciliter
3289 1367 3302 1412 :
3352 1351 3441 1412 id-

1947 1445 2117 1508 circo
2161 1464 2287 1509 non
2332 1447 2511 1527 tetigi
2554 1466 2646 1509 ea.

2383 1773 2857 1847 QUAESTIO
2926 1774 3003 1837 II

2065 2034 2326 2099 Ecundo
2374 2038 2697 2119 quaeritur,
2751 2040 2958 2117 Quid
3010 2040 3123 2106 sit
3174 2054 3436 2120 perso·

2089 2150 2215 2215 na,
2259 2136 2341 2201 et
2387 2152 2559 2217 quae
2610 2140 2818 2203 ratio
2866 2138 3042 2219 ejus
3094 2140 3179 2205 in
3226 2140 3437 2205 divi-

1940 2234 2088 2313 nis,
2121 2237 2205 2299 et
2242 2236 2588 2315 qualiter
2626 2237 2788 2303 Deo
2826 2239 3277 2320 conveniat,
3316 2239 3435 2302 hoc

1940 2339 2055 2401 est,
2097 2350 2177 2393 an
2227 2332 2393 2395 dicat
2442 2334 2594 2415 quid
2643 2334 3028 2410 absolutum,
3074 2338 3174 2398 vel
3224 2338 3435 2421 potius

1941 2429 2296 2492 relativum.
2842 2490 2851 2497 .

2019 2528 2311 2609 Magister
2349 2538 2562 2593 autem
2605 2532 2671 2593 in
2712 2532 2921 2595 littera
2961 2552 3039 2595 ex
3069 2534 3283 2597 verbis
3316 2536 3435 2596 Au-

1937 2627 2178 2706 gustini
2230 2635 2494 2690 testatur
2540 2630 2708 2711 quod
2759 2630 2927 2693 dicat
2973 2632 3128 2713 quid
3186 2632 3435 2694 absolu-

1941 2733 2095 2787 tum.
2129 2726 2287 2788 Nam
2319 2746 2355 2789 a
2386 2728 2711 2790 communi
2756 2729 2971 2809 regula
3009 2749 3133 2812 qua
3171 2731 3428 2805 dicitur,

1937 2824 2107 2905 quod
2147 2825 2211 2886 in
2243 2826 2478 2887 divinis
2516 2826 2803 2889 absoluta
2840 2827 3141 2889 dicuntur
3172 2829 3248 2891 de
3284 2849 3435 2892 una·

1938 2942 2191 3005 quaque
2232 2942 2499 3006 persona
2535 2932 2597 2986 et
2627 2926 2704 2986 de
2747 2926 3038 3007 pluribus
3069 2928 3228 3007 (imo
3260 2936 3323 2989 et
3354 2930 3432 2990 de

354 3029 558 3085 natura
594 3024 886 3086 rationali
925 3033 988 3086 et
1025 3024 1165 3105 ejus
1207 3022 1644 3085 accidentibus
1684 3022 1829 3084 sub-
1862 3022 1907 3088 C
1937 3022 2239 3083 omnibus
2292 3022 2514 3102 simul)
2562 3024 2987 3104 singulariter,
3042 3025 3209 3088 sicut
3255 3027 3433 3089 Pater

349 3127 478 3194 stat,
527 3131 936 3204 nuncupatur
992 3141 1278 3205 persona.
1331 3123 1475 3186 Haec
1533 3121 1828 3204 Praeposi-

352 3219 524 3282 tivuS.

416 3319 532 3380 Alii
570 3320 896 3400 assignant
925 3319 1356 3382 differentiam
1396 3320 1624 3382 horum
1657 3336 1826 3381 com-

349 3418 612 3492 munius,
657 3425 850 3500 prout
893 3427 991 3480 est
1031 3438 1106 3480 ea
1153 3419 1439 3480 invenire
1490 3418 1556 3479 in
1604 3425 1824 3479 natura

347 3514 584 3594 penitus
632 3517 934 3598 simplici.
989 3517 1096 3578 Est
1145 3516 1315 3578 enim
1379 3515 1666 3578 invenire
1713 3515 1824 3577 ali-

345 3613 484 3692 quid
514 3614 1075 3687 communicabile,
1109 3623 1171 3677 et
1200 3615 1444 3697 aliquid
1474 3615 1825 3677 incommu-

345 3710 622 3775 nicabile.
651 3712 1196 3776 communicabile
1225 3712 1464 3794 duplex
1500 3720 1619 3786 est,
1655 3712 1824 3774 scili-

347 3817 434 3870 cet
466 3827 480 3870 :
512 3831 638 3890 quo
681 3821 800 3882 est,
838 3820 902 3873 et
938 3811 1058 3874 hoc
1101 3819 1362 3874 vocatur
1408 3810 1720 3890 essentia3
1761 3818 1826 3872 et

346 3911 504 3984 quod
529 3920 648 3980 est,
679 3911 848 3991 quod
889 3910 1122 3972 dicitur
1165 3909 1576 3972 subsistentia
1611 3928 1624 3970 :
1659 3910 1825 3970 sicut

347 4024 406 4066 se
449 4007 683 4070 habent
731 4008 938 4070 Deitas
985 4014 1050 4069 et
1094 4008 1278 4069 DeuS.
1326 4007 1826 4069 lncommunica-

347 4101 460 4165 bile
505 4106 700 4168 etiam
761 4105 996 4188 duplex
1046 4112 1142 4168 est
1193 4123 1207 4166 ε
1261 4125 1461 4167 unum
1511 4106 1679 4187 quod
1729 4113 1824 4168 est

1938 3127 2034 3182 est
2081 3123 2378 3197 essentia,
2431 3123 2625 3185 Filius
2674 3132 2769 3186 est
2816 3125 3111 3200 essentia,
3160 3127 3433 3209 Spiritus

1937 3221 2205 3282 Sanctus
2246 3228 2343 3282 est
2384 3222 2677 3296 essentia,
2718 3223 2897 3286 Pater
2938 3241 3191 3307 quoque
3234 3233 3299 3287 et
3340 3226 3435 3287 Fi-

1939 3319 2060 3380 lius
2107 3327 2257 3380 sunt
2300 3322 2594 3393 essentia,
2632 3321 2761 3385 imo
2805 3330 2867 3384 et
2910 3342 3037 3384 una
3080 3324 3297 3387 divina
3339 3344 3432 3388 es-

1936 3416 2140 3478 sentia
2156 3433 2173 3494 ;
2217 3415 2511 3479 similiter
2556 3418 2755 3493 Pater,
2801 3419 2996 3482 Filius
3044 3428 3107 3482 et
3155 3422 3430 3503 Spiritus

1935 3515 2202 3577 Sanctus
2242 3523 2389 3577 sunt
2420 3534 2547 3576 una
2574 3515 2791 3578 divina
2819 3519 3093 3579 essentia
3127 3538 3139 3580 :
3175 3519 3254 3580 ab
3287 3520 3425 3595 hac,

1934 3612 2218 3694 inquam,
2268 3613 2483 3693 regula
2529 3614 2765 3696 excipit
2812 3615 2931 3678 hoc
2981 3633 3235 3691 nomen,
3288 3637 3428 3698 per-

1933 3729 2107 3785 sona,
2161 3712 2331 3793 quod
2381 3711 2457 3773 de
2506 3712 2681 3774 Patre
2740 3732 2813 3775 ac
2863 3713 3019 3776 Filio
3070 3723 3133 3776 et
3181 3716 3420 3796 Spiritu

1935 3810 2161 3873 Sancto
2206 3810 2537 3891 pluraliter
2580 3811 2981 3891 praedicatur.

2014 3909 2245 3970 Contra
2274 3909 2393 3972 hoc
2426 3909 2511 3970 ita
2539 3909 2825 3989 arguitur
2851 3927 2864 3971 ε
2894 3911 2981 3972 De
3012 3911 3254 3973 ratione
3287 3931 3425 3995 per-

1935 4023 2102 4068 sonae
2135 4007 2198 4066 in
2232 4005 2468 4067 divinis
2499 4014 2595 4068 est
2626 4005 2887 4068 relativa
2919 4008 3293 4090 proprietaS,
3314 4011 3429 4072 sic-

1935 4111 2004 4166 ut
2047 4106 2124 4167 de
2169 4105 2411 4167 ratione
2458 4105 2675 4178 PatriS,
2711 4107 3057 4187 paternitas
3090 4127 3103 4170 :
3138 4126 3288 4189 ergo
3329 4118 3426 4172 est

345 4201 770 4286 distinguibile
841 4204 1237 4286 quibuslibet
1302 4203 1817 4286 proprietatibus,
1852 4210 1902 4273 D
1935 4203 2289 4264 relativum.
2354 4239 2431 4250 —
2491 4203 2802 4278 Secundo,
2865 4205 3017 4286 quia
3074 4207 3423 4288 proprietas

345 4301 498 4380 quod
537 4311 800 4366 vocatur
840 4302 1228 4382 substantia3
1269 4303 1442 4364 aliud
1488 4302 1821 4384 distingui-

347 4396 460 4460 bile
499 4401 994 4483 proprietatibus
1033 4401 1381 4482 dignitatis,
1416 4409 1485 4462 ut
1528 4418 1814 4482 persona.

343 4495 472 4560 Haec
513 4499 628 4562 illi.

411 4595 690 4678 Denique
719 4599 798 4662 de
829 4598 946 4660 hac
979 4597 1240 4660 materia
1271 4597 1567 4659 Albertus
1598 4597 1821 4659 scribit

343 4694 596 4776 diffuse3
631 4696 958 4760 Udalricus
989 4714 1242 4778 quoque
1274 4704 1694 4759 consonanter
1721 4696 1822 4758 Al-

345 4789 526 4867 berto,
563 4795 628 4856 in
661 4796 924 4857 Summa
953 4813 1085 4865 sua,
1112 4795 1300 4857 tertio
1332 4794 1515 4856 libro.
1541 4795 1818 4868 Quorum

343 4893 642 4955 sententia
685 4893 748 4954 in
793 4892 1106 4973 positione
1145 4893 1203 4955 S.
1241 4893 1519 4965 Thomae,
1554 4893 1716 4954 Petri
1758 4900 1821 4954 et

342 4987 594 5052 aliorum
637 4991 770 5073 jam
815 4991 1243 5063 inductorum,
1281 4991 1636 5053 virtualiter
1674 5009 1820 5052 con-

341 5086 582 5150 tinetur.
618 5091 822 5170 Atque
862 5095 932 5149 ut
960 5088 1135 5150 addit
1163 5088 1482 5162 Albertus,
1517 5089 1727 5151 Sancti
1759 5097 1821 5150 et

345 5191 692 5250 tractatores
725 5187 1016 5251 catholici
1050 5195 1239 5269 atque
1270 5187 1633 5269 philosophi
1665 5205 1820 5267 prae-

341 5281 474 5346 fatis
515 5292 786 5366 quatuor
835 5283 1204 5348 nominibus
1255 5284 1678 5347 diversimode
1723 5285 1819 5346 usi

1934 4301 2283 4382 personalis
2314 4308 2411 4362 est
2440 4301 2850 4364 constitutiva
2887 4322 3194 4384 personae,
3230 4313 3301 4368 ut
3332 4307 3422 4368 di-

1932 4407 2105 4460 ctum
2147 4407 2243 4460 est
2287 4417 2451 4480 saepe
2497 4416 2510 4460 ε
2553 4417 2702 4481 ergo
2745 4408 2841 4462 est
2876 4402 2953 4463 de
2993 4403 3235 4466 ratione
3284 4423 3423 4486 per-

1930 4515 2116 4560 sonae.
2136 4497 2465 4572 —Tertio,
2484 4497 2635 4578 quia
2665 4505 2734 4559 ut
2764 4501 3191 4564 communiter
3220 4501 3423 4565 fertur

1929 4604 2118 4677 atque
2159 4595 2581 4677 praehabitum
2612 4603 2728 4671 est,
2763 4599 3052 4678 quaedam
3094 4599 3160 4661 in
3188 4601 3421 4662 divinis

1931 4694 2231 4755 dicuntur
2276 4694 2718 4766 essentialiter,
2772 4702 2843 4756 ut
2891 4694 3200 4770 absoluta,
3252 4718 3421 4780 quae-

1929 4793 2074 4854 dam
2121 4792 2557 4873 personaliter,
2603 4799 2671 4853 ut
2714 4793 2973 4855 relativa
3011 4813 3206 4877 :ergo
3250 4796 3417 4857 idem

1930 4898 2026 4953 est
2056 4890 2385 4972 praedicari
2428 4891 2844 4971 personaliter
2872 4899 2934 4953 et
2965 4893 3260 4973 relative3
3302 4913 3419 4956 nec

1929 4989 2185 5069 aliquod
2226 5006 2457 5051 nomen
2491 4989 2740 5051 videtur
2770 4997 2895 5051 tam
2927 4989 3253 5053 evidenter
3283 5011 3421 5073 per-

1931 5087 2231 5149 sonaliter
2262 5088 2611 5168 praedicari‚
2636 5088 2797 5149 sicut
2829 5106 3113 5169 persona.
3134 5091 3421 5164 —Quar-

1934 5195 2016 5260 to,
2077 5186 2257 5248 Pater
2314 5195 2377 5248 et
2440 5187 2636 5248 Filius
2696 5193 2757 5247 et
2819 5187 3090 5267 Spiritus
3154 5189 3418 5252 Sanctus

1932 5301 2058 5347 non
2109 5284 2588 5366 distinguuntur
2635 5284 2715 5346 ab
2766 5284 3043 5348 invicem
3093 5286 3158 5348 in
3204 5288 3419 5372 aliquo
