4359 6250
846 487 926 552 26

1496 509 1560 554 IN
1603 509 1823 554 LIBRUM
1867 511 1886 554 1
1929 509 2413 554 SENTENTIARUM.
2458 525 2539 536 —·
2580 509 2733 554 ms'r.
2780 508 2949 570 xvn;
2992 509 3214 564 QUAEST.
3256 509 3297 552 V

846 677 1196 739 secundum
1245 678 1693 759 Augustinum,
1747 677 1974 738 caritas
2021 685 2116 738 est
2165 694 2344 738 amor
2374 676 2425 738 A
2456 684 2594 738 ctus
2624 676 3029 739 immediatus
3058 685 3124 738 et
3162 677 3491 759 proximus
3520 696 3594 739 ac
3622 678 3943 760 proprius,

847 794 974 858 quo
1012 777 1175 838 Deus
1216 777 1503 857 diligitur
1534 784 1792 858 propter
1823 795 1889 837 se
1919 783 1981 836 et
2013 775 2341 857 proximus

847 883 1105 956 propter
1135 876 1354 936 Deum.
1391 875 1510 937 Sed
1543 875 1651 956 qui
1683 875 1899 937 omnia
1938 893 2051 936 sua
2083 881 2343 955 propter

845 973 1045 1034 Deum
1110 973 1506 1054 reliquerunt
1562 991 1634 1035 ac
1701 971 2090 1054 pauperibus
2150 972 2340 1032 dede-

845 1078 1012 1144 runt,
1047 1071 1259 1132 sciunt
1296 1090 1362 1132 se
1403 1072 1602 1132 Deum
1643 1089 1835 1152 super
1865 1071 2078 1132 omnia
2121 1069 2341 1150 dilige-

845 1188 933 1241 re,
976 1178 1037 1230 et
1078 1169 1398 1250 proximos
1443 1170 1607 1231 sicut
1649 1188 1716 1230 se
1759 1170 1927 1250 ipsos
1971 1187 1985 1230 :
2029 1169 2122 1230 sic
2165 1186 2340 1228 nam-

844 1285 968 1348 que
1019 1267 1262 1347 agendo
1312 1284 1437 1328 non
1499 1275 1912 1347 respexerunt
1961 1267 2039 1328 ad
2089 1265 2341 1327 lucrum

845 1383 957 1426 seu
1009 1366 1415 1427 commodum
1469 1365 1833 1446 temporale.
1867 1401 1948 1409 —
1989 1363 2343 1446 Responde-

847 1483 1011 1537 mus,
1045 1463 1211 1544 quod
1251 1463 1314 1524 in
1346 1463 1558 1525 verbis
1593 1464 1692 1524 his
1723 1462 2080 1543 Augustini,
2116 1463 2179 1544 ly
2210 1479 2345 1542 pro-

847 1568 986 1642 pter
1019 1562 1274 1623 denotat
1311 1562 1632 1642 duplicem
1678 1562 2133 1633 causalitatem,
2167 1559 2341 1621 vide-

848 1659 994 1720 licet
1035 1678 1239 1722 causae
1277 1659 1490 1721 finalis
1533 1667 1596 1722 et
1637 1658 2002 1732 efficientis,
2038 1659 2341 1740 quoniam

845 1759 1009 1819 Deus
1055 1757 1261 1820 efficit
1309 1759 1632 1820 caritatem
1685 1759 1748 1818 in
1801 1757 2002 1820 nobis.
2058 1757 2341 1819 Gratuita

2452 784 2637 856 aptus
2708 784 2891 837 natus
2958 775 3042 837 sit
3108 775 3315 838 facere
3382 777 3945 838 demonstrativam

2452 874 2783 935 scientiam
2834 874 2911 935 de
2960 892 3075 935 sua
3126 893 3335 947 causa,
3368 883 3431 936 et
3479 874 3705 936 caritas
3756 874 3948 936 habet

2452 971 2758 1033 effectum
2812 971 3251 1033 immediatum
3300 980 3363 1034 et
3413 973 3798 1054 proximum,
3832 973 3941 1053 qui

2452 1079 2549 1132 est
2596 1071 2945 1152 spiritualis
2994 1071 3284 1144 dulcedo,
3319 1090 3429 1133 seu
3480 1073 3681 1134 Deum
3730 1091 3947 1154 super-

2454 1170 2825 1231 naturaliter
2855 1170 3117 1250 diligere
3150 1179 3410 1251 propter
3438 1189 3528 1243 se,
3560 1177 3624 1230 et
3652 1189 3799 1231 eum
3832 1172 3945 1252 qui

2452 1268 2660 1348 diligit
2686 1267 2895 1328 facere
2926 1269 3052 1330 Deo
3092 1277 3461 1348 acceptum3
3495 1268 3746 1330 videtur
3774 1269 3943 1350 quod

2452 1386 2567 1448 per
2606 1366 2747 1428 illos
2785 1365 3057 1428 effectus
3090 1365 3293 1428 valeat
3331 1367 3521 1429 homo
3559 1366 3946 1429 demonstra-

2452 1467 2579 1527 tive
2623 1474 2686 1526 et
2729 1465 3255 1526 certitudinaliter
3298 1465 3460 1526 scire
3502 1483 3569 1526 se
3617 1465 3943 1527 caritatem

2454 1564 2705 1627 habere.
2740 1600 2820 1609 —
2849 1565 3027 1633 Item,
3061 1581 3238 1625 amor
3268 1563 3571 1625 naturalis
3600 1573 3665 1625 et
3695 1564 3944 1626 infusus

2453 1679 2565 1721 seu
2597 1661 2846 1729 caritas,
2881 1660 3189 1723 differunt
3222 1661 3523 1742 specifice
3550 1678 3737 1742 :ergo
3766 1670 3946 1725 actus

2454 1776 2672 1820 eorum
2733 1767 2881 1821 sunt
2932 1760 3326 1821 diversarum
3386 1760 3703 1822 rationum
3756 1767 3945 1841 atque

844 1875 1120 1938 namque
1158 1855 1347 1918 debet
1374 1875 1512 1918 esse
1554 1857 1781 1918 caritas
1810 1875 1887 1918 ex
1921 1863 2095 1937 parte
2135 1874 2340 1918 causae·
2378 1856 2424 1919 B
2455 1857 2757 1938 specifice
2816 1856 3205 1919 differentes
3261 1858 3431 1919 Unus
3484 1875 3634 1938 ergo
3684 1866 3941 1920 actuum

844 1954 1210 2027 efficientiS,
1252 1962 1316 2015 et
1353 1954 1543 2015 etiam
1584 1972 1660 2014 ex
1711 1962 1888 2036 parte
1933 1969 2138 2015 causae
2183 1952 2339 2014 fina-

847 2054 943 2115 lis.
977 2053 1171 2114 Amor
1199 2061 1412 2114 autem
1453 2052 1756 2113 naturalis
1790 2060 1997 2133 potest
2035 2071 2172 2113 csse
2202 2071 2339 2132 gra-

845 2153 1043 2214 tuitus
1081 2171 1158 2212 ex
1203 2159 1378 2232 parte
1424 2169 1627 2212 causae
1670 2150 1906 2224 finalis,
1940 2150 2047 2210 sed
2093 2167 2219 2211 non
2264 2169 2339 2210 ex

846 2259 1022 2332 parte
1065 2269 1268 2312 causae
1307 2250 1674 2323 efficientiS,
1709 2257 1777 2310 ut
1821 2256 1991 2331 patet
2023 2249 2087 2310 in
2121 2266 2199 2310 eo
2230 2248 2339 2330 qui

845 2351 1053 2430 diligit
1111 2350 1484 2430 magistrum
1541 2357 1798 2430 propter
1855 2348 2064 2410 filium
2125 2367 2333 2409 suum.

846 2449 1062 2529 Diligit
1102 2448 1272 2510 enim
1327 2448 1698 2528 magistrum
1747 2447 1940 2527 gratis
1979 2455 2042 2508 et
2082 2454 2341 2527 propter

844 2567 933 2620 se,
985 2555 1294 2629 quantum
1354 2546 1432 2607 ad
1493 2564 1747 2607 causam
1807 2545 2068 2607 finalem
2123 2563 2136 2604 ε
2190 2544 2341 2625 quia

843 2646 980 2708 vult
1012 2646 1106 2707 illi
1147 2645 1348 2706 multa
1380 2645 1564 2718 bona,
1599 2644 1891 2725 quamvis
1923 2643 2046 2704 sibi
2088 2642 2338 2703 nullum

844 2742 1084 2805 bonum
1118 2743 1263 2804 inde
1293 2743 1626 2804 accideret.
1665 2741 1784 2804 Sed
1814 2760 1893 2803 ex
1925 2749 2101 2822 parte
2133 2759 2339 2802 causae

843 2841 1188 2904 efficientis
1250 2860 1376 2904 non
1438 2848 1534 2902 cst
1592 2857 1771 2901 amor
1830 2839 1936 2900 ille
1998 2839 2335 2919 gratuituS,

845 2940 1144 3023 quoniam
1214 2940 1396 3001 illum
1465 2956 1746 3002 amorem
1820 2937 1983 3019 parit
2045 2936 2167 2998 filii
2239 2937 2338 2998 sui

2454 1955 2677 2016 talium
2722 1955 2997 2016 discerni
3045 1963 3251 2037 potest
3290 1955 3372 2017 ab
3414 1956 3557 2018 alio.

2532 2054 2765 2115 Verum
2796 2054 2871 2115 ad
2907 2054 3025 2116 hoc
3070 2053 3455 2136 respondent
3489 2053 3669 2133 juxta
3708 2054 3946 2136 praeha-

2452 2150 2605 2226 bita,
2653 2152 2823 2233 quod
2873 2153 3127 2214 habitus
3178 2153 3271 2214 illi
3320 2171 3609 2215 amorum
3656 2160 3719 2214 et
3766 2161 3945 2214 actus

2450 2268 2672 2311 eorum
2720 2259 2905 2313 tantae
2950 2260 3097 2312 sunt
3137 2251 3579 2313 similitudinis
3618 2259 3682 2312 et
3722 2267 3947 2313 conve-

2450 2349 2727 2422 nientiae,
2780 2351 2950 2431 quod
3002 2349 3082 2412 ab
3140 2350 3415 2411 invicem
3474 2369 3590 2432 per
3636 2350 3943 2411 rationem

2449 2447 2725 2509 discerni
2773 2465 2901 2509 non
2952 2456 3212 2529 queunt.
3251 2448 3444 2510 Actus
3486 2465 3741 2530 quoque
3792 2448 3947 2509 cari-

2450 2546 2618 2615 tatis,
2648 2546 2759 2626 qui
2789 2554 2885 2607 est
2915 2546 3275 2626 subjectum
3308 2565 3495 2608 suum
3529 2546 3788 2607 reddere
3819 2546 3946 2608 Deo

2448 2652 2807 2724 acceptum,
2869 2644 3102 2706 divinae
3161 2644 3507 2706 voluntatis
3574 2644 3948 2726 acceptatio-

2451 2761 2597 2804 nem
2640 2751 2704 2804 et
2746 2742 3270 2824 approbationem
3321 2743 3613 2815 includit,
3648 2761 3789 2823 quae
3832 2760 3947 2805 nos

2450 2841 2619 2903 latet.
2663 2842 2796 2902 lmo
2848 2848 2915 2901 ut
2964 2841 3273 2902 Henricus
3317 2842 3393 2902 de
3443 2841 3663 2902 Hassia
3713 2841 3779 2902 in
3828 2849 3949 2903 tra-

2450 2947 2619 3002 ctatu
2652 2957 2767 3001 suo
2797 2939 2874 3000 de
2908 2939 3298 3001 Discretione
3330 2939 3675 3021 spirituum
3706 2939 3945 3012 scribit,

843 3056 1040 3110 amor,
1076 3038 1186 3120 qui
1218 3045 1313 3099 est
1343 3037 1666 3099 naturalis
1702 3038 1917 3118 ltaque
1948 3035 2339 3115 distinguen-
2377 3038 2420 3100 C
2450 3057 2648 3120 quum
2682 3038 2997 3099 maximus
3032 3038 3310 3100 caritatis
3345 3037 3637 3111 effectuS,
3672 3039 3753 3100 sit
3786 3039 3946 3102 mori

845 3139 924 3199 da
951 3146 1047 3199 est
1078 3139 1233 3210 hae-c,
1268 3138 1388 3198 Iste
1421 3136 1539 3197 scit
1571 3155 1636 3197 se
1668 3136 1932 3216 diligere
1964 3136 2162 3197 Deum
2198 3152 2339 3215 pro-

848 3245 988 3319 pter
1034 3255 1100 3297 se
1147 3252 1160 3297 :
1214 3236 1514 3316 quoniam
1565 3235 1618 3296 si
1674 3234 1734 3316 ly
1782 3240 2042 3315 propter
2085 3233 2340 3294 denotet

848 3344 1180 3415 utramque
1239 3334 1696 3400 causalitatem,
1759 3331 1916 3393 falsa
1973 3339 2068 3392 est.
2121 3348 2134 3391 :
2190 3332 2341 3412 quia

846 3450 972 3495 non
1011 3433 1134 3493 scit
1171 3451 1252 3494 an
1294 3432 1458 3493 Deus
1502 3430 1654 3492 lecit.
1697 3430 1878 3492 illum
1920 3448 2225 3501 amorem,
2260 3449 2338 3489 an

846 3539 1087 3594 natura.
1125 3531 1186 3593 Si
1228 3547 1379 3593 vero
1418 3530 1672 3592 denotet
1717 3529 2150 3591 causalitatem
2197 3547 2341 3590 cau-

845 3650 930 3692 sae
975 3628 1210 3703 finalis,
1253 3637 1349 3690 est
1393 3646 1577 3707 vera;
1620 3628 1728 3690 sed
1775 3626 1884 3689 illa
1927 3644 2051 3688 non
2097 3625 2342 3687 sufficit

845 3729 924 3791 ad
973 3728 1281 3790 rationem
1331 3726 1630 3789 caritatis,
1676 3762 1757 3771 —
1799 3726 1940 3789 Haec
1989 3724 2345 3787 Antisiodo-

846 3827 1067 3888 rensiS.

926 3925 1165 3999 Quibus
1197 3925 1348 3987 satis
1389 3924 1728 3986 concordat
1760 3921 2112 3983 Alexander
2149 3940 2343 4002 supcr

847 4023 1128 4097 tertium,
1164 4029 1432 4084 tractatu
1463 4022 1539 4082 de
1572 4021 1862 4088 Caritate,
1890 4020 1999 4081 ubi
2031 4027 2093 4080 et
2123 4019 2338 4080 addit:

846 4122 1002 4194 Quia
1033 4122 1086 4183 si
1116 4121 1426 4182 sciremus
1457 4119 1987 4181 certitudinaliter
2015 4118 2340 4179 caritatem

2452 3154 2565 3218 pro
2615 3137 2743 3199 Deo
2793 3143 2855 3198 et
2899 3138 3335 3217 proximorum
3379 3137 3581 3199 salute
3623 3138 3817 3217 (sicut
3858 3140 3945 3199 ait

2452 3235 2735 3297 Salvator
2770 3252 2783 3296 :
2819 3235 3117 3315 Majorem
3150 3235 3476 3297 caritatem
3510 3253 3701 3297 nemo
3732 3234 3942 3309 habet,

2454 3343 2521 3394 ut
2570 3334 2849 3395 animam
2900 3352 3081 3395 suam
3134 3342 3323 3415 ponat
3372 3334 3517 3415 quis
3558 3352 3675 3415 pro
3722 3335 3946 3397 amicis

2452 3431 2635 3511 suis),
2669 3450 2785 3493 nec
2818 3432 2923 3493 ille
2955 3440 3167 3493 tantus
3200 3432 3479 3494 caritatis
3516 3432 3788 3495 effectus
3818 3452 3947 3495 cer-

2454 3529 2874 3592 titudinaliter
2928 3530 3137 3610 arguit
3197 3530 3524 3592 caritatem
3588 3530 3797 3593 inesse
3856 3532 3947 3593 sic

2452 3628 2748 3690 morienti
2786 3644 2799 3689 :
2836 3629 3138 3710 quoniam
3178 3647 3255 3689 ex
3298 3629 3569 3690 naturali
3612 3647 3827 3691 amore
3858 3630 3947 3691 rei

2452 3726 2727 3809 publicae
2768 3734 2833 3787 et
2872 3726 3201 3807 acquisitis
3240 3727 3609 3799 virtutibuS,
3642 3727 3840 3809 aliqui
3882 3747 3949 3789 se

2451 3831 2883 3904 exposuerunt
2913 3833 3137 3905 sponte
3172 3825 3357 3886 morti
3390 3825 3952 3900 durissimae,sicut

2453 3924 2517 3984 in
2561 3921 2723 3984 libro
2763 3922 2839 3983 de
2882 3922 3146 3985 Civitate
3194 3923 3304 3984 Dei
3347 3923 3570 3985 recitat
3611 3924 3689 3986 de
3726 3924 3951 4006 aliqui-

2452 4020 2595 4093 bnS‚
2631 4020 2983 4101 praesertim
3014 4020 3091 4081 de
3122 4020 3327 4082 Marco
3366 4020 3626 4100 Regulo,
3660 4022 3950 4102 Augusti-

2454 4138 2592 4179 nuS.
2628 4119 2845 4198 ltaque
2886 4117 3421 4199 respondendum,
3455 4120 3627 4200 quod
3656 4120 3949 4201 quamvis

845 4238 984 4281 esse
1027 4220 1090 4281 in
1131 4218 1336 4290 nobiS,
1372 4237 1572 4299 quum
1614 4218 1734 4280 hoc
1779 4218 1992 4298 ipsum
2039 4217 2120 4277 sit
2159 4216 2336 4288 fidei,
2374 4218 2423 4279 D
2454 4216 2693 4277 habens
2737 4215 3065 4277 caritatem
3109 4223 3320 4296 gustet
3368 4216 3766 4297 spiritualem
3814 4216 3951 4279 dul-

846 4319 1014 4400 quod
1048 4317 1373 4380 caritatem
1407 4316 1683 4378 infusam
1716 4314 1950 4377 habent
1981 4314 2229 4387 fideles,
2254 4334 2345 4375 se-

846 4424 1148 4497 queretur
1195 4415 1364 4496 quod
1413 4432 1486 4475 ea
1533 4432 1675 4495 quae
1725 4412 1878 4474 fidei
1936 4420 2105 4486 sunt,
2159 4411 2343 4473 certi-

846 4514 1214 4576 tudinaliter
1255 4522 1320 4575 et
1357 4512 1850 4574 demonstrative
1893 4511 2228 4573 scirentur.
2262 4546 2343 4554 —

845 4614 1137 4676 Attamen
1179 4613 1255 4674 de
1288 4612 1408 4674 hoc
1445 4618 1820 4692 argumento
1861 4610 2044 4691 plura
2086 4617 2344 4690 possent

848 4711 1085 4784 induci,
1130 4710 1208 4773 de
1251 4710 1485 4792 quibus
1529 4708 1911 4790 supersedeo
1957 4707 2162 4768 modo.

927 4810 1045 4873 Sed
1103 4828 1320 4870 rursus
1372 4809 1658 4869 doctores
1720 4807 1826 4867 isti
1884 4804 2193 4886 praecipui
2250 4823 2343 4865 ar-

844 4917 1049 4991 guunt
1093 4908 1178 4969 ita
1221 4924 1234 4967 t
1280 4906 1524 4987 Duplex
1567 4914 1662 4966 est
1705 4904 2184 4975 demonstratio,
2228 4903 2345 4963 sci-

847 5010 993 5071 licet
1028 5025 1042 5068 ε
1076 5005 1530 5067 demonstratio
1557 5013 1827 5079 propter
1858 5004 2044 5081 quid,
2077 5020 2219 5083 quae
2248 5011 2345 5063 est

849 5104 1137 5185 probatio
1178 5102 1448 5165 effectus
1494 5121 1608 5183 per
1652 5118 1945 5172 causam;
1978 5108 2040 5161 et
2088 5100 2345 5161 demon-

849 5204 1068 5264 stratio
1104 5204 1288 5282 quia,
1320 5221 1461 5282 qnae
1504 5209 1599 5262 est
1645 5198 1932 5281 probatio
1974 5217 2086 5280 per
2127 5199 2346 5259 imme-

853 5300 1096 5363 diatum
1125 5298 1451 5362 effectum.
1487 5299 1694 5372 Quum
1735 5297 1928 5378 igitur
1956 5296 2164 5358 omnis
2194 5296 2347 5357 effe-

2455 4315 2766 4385 cedinem,
2812 4333 2954 4395 quae
3006 4313 3277 4375 effectus
3328 4323 3424 4377 est
3472 4315 3773 4389 caritatiS,
3819 4334 3949 4378 non

2454 4422 2665 4475 tamen
2709 4412 2829 4473 scit
2869 4412 3039 4493 quod
3082 4412 3189 4474 illa
3229 4413 3312 4474 sit
3351 4414 3620 4477 dulcedo
3659 4432 3823 4477 verae
3853 4433 3953 4477 ca-

2454 4512 2656 4572 ritatis
2686 4518 2749 4571 et
2779 4527 2905 4571 non
2937 4509 3241 4573 naturalis
3281 4512 3535 4573 amoris,
3571 4513 3705 4575 Imo
3734 4520 3829 4575 est
3859 4513 3951 4575 ibi

2456 4609 2706 4671 fallacia
2733 4608 3081 4669 accidentis
3116 4626 3129 4669 :
3164 4609 3314 4689 quia
3344 4610 3421 4671 ad
3453 4610 3574 4672 hoc
3606 4612 3775 4692 quod
3806 4629 3953 4674 con-

2455 4708 2658 4769 clusio
2712 4715 2879 4768 esset
2936 4725 3106 4780 vera,
3158 4715 3478 4789 oporteret
3532 4710 3704 4791 quod
3760 4710 3953 4772 sciret

2455 4804 2858 4866 dulcedinem
2912 4804 3086 4865 illam
3136 4823 3274 4867 esse
3321 4824 3359 4867 a
3406 4806 3665 4869 caritate
3717 4807 3945 4870 infusa.

2456 4904 2629 4966 Unde
2660 4920 2787 4965 non
2828 4903 3117 4984 sequitur
3150 4923 3164 4967 :
3202 4904 3332 4965 Scit
3360 4912 3425 4966 et
3461 4906 3788 4987 experitur
3817 4906 3955 4968 dul-

2457 5002 2747 5064 cedinem
2800 5001 2973 5062 illam
3025 5001 3089 5062 in
3140 5020 3229 5075 se,
3272 5010 3335 5063 et
3382 5002 3652 5065 dulcedo
3700 5004 3810 5066 illa
3854 5012 3953 5065 est

2456 5100 2735 5161 caritatis
2771 5116 2784 5159 :
2819 5117 2968 5179 ergo
3018 5100 3136 5160 scit
3183 5100 3357 5161 illam
3400 5120 3539 5163 esse
3586 5120 3623 5163 a
3666 5102 3945 5163 caritate.

2537 5197 2715 5259 Circa
2745 5198 2881 5259 haec
2923 5197 3148 5260 scribit
3177 5198 3473 5261 Albertus
3508 5215 3521 5259 :
3558 5198 3783 5261 Nullus
3812 5200 3951 5261 sine

2458 5295 2843 5359 revelatione
2874 5296 2951 5358 ad
2986 5314 3051 5358 se
3082 5296 3252 5359 facta
3292 5304 3499 5378 potest
3529 5298 3692 5361 scire
3718 5318 3784 5361 se
3814 5317 3955 5361 esse

3978 3249 4191 3355 1ιζόιυυι.
4214 3269 4295 3304 xv.
