4359 6250
626 1097 699 1154 Cs.
730 1097 831 1140 dist.

584 1175 698 1204 xxm.

584 1223 851 1279 Anguem-

584 1287 733 1334 nitate,
774 1285 849 1328 lib.

583 1361 655 1398 vn,
678 1361 723 1390 ιι.
746 1351 811 1390 ¹1.

586 2367 689 2412 lbid.
702 2382 746 2411 ιι.
760 2369 850 2418 7,8.

602 2947 707 2992 ibid.
728 2961 772 2991 ιι.
789 2953 828 2991 Β.

600 3825 709 3871 lbid.
726 3837 770 3867 ιι.
787 3826 827 3868 9.

599 5280 705 5325 ibid.
722 5294 767 5325 ιι.
784 5280 825 5324 8.

878 444 996 508 190
1806 462 1981 508 mnan
2022 462 2041 506 1
2086 460 2567 506 sunrnmunun.
2614 479 2695 490 -
2735 463 2888 508 msr.
2933 463 3058 508 xxv

876 671 953 734 B.
1011 675 1209 740 Quod
1258 673 1551 735 videtur
1596 676 1995 735 secundum
2049 672 2452 736 essentiam
2505 675 2676 746 dici,
2727 674 2898 735 Alia
2955 675 3065 736 est
3111 688 3437 747 persona
3493 674 3774 747 Patr-is,
3827 676 3990 736 alia

1012 791 1213 863 Filii,
1267 792 1445 863 sive,
1507 789 1662 851 tres
1706 803 2073 863 personae,
2124 789 2208 850 ut
2262 803 2484 864 quum
2541 790 2841 864 dieitur,
2894 791 3124 853 Pater
3177 791 3286 852 est
3345 804 3700 864 persona,
3757 792 3998 852 Filius

1013 907 1122 969 est
1159 919 1513 979 persona.

1011 1082 1301 1146 Persona
1351 1081 1552 1161 enim,
1600 1082 1674 1143 ut
1722 1096 1921 1161 supra
1966 1079 2059 1142 ait
2099 1078 2536 1160 Augustinu5‚
2586 1078 2669 1142 ad
2717 1097 2786 1144 se
2843 1079 3104 1160 dicitur,
3158 1082 3224 1144 et
3278 1080 3454 1144 idem
3506 1083 3606 1144 est
3651 1081 3792 1145 Deo
3849 1100 3998 1148 esse

878 1214 1228 1280 personam
1266 1197 1444 1278 quod
1476 1215 1643 1276 esse,
1688 1197 1861 1260 sieut
1899 1196 2077 1260 idem
2117 1197 2217 1259 est
2254 1196 2315 1259 ei
2353 1212 2496 1259 esse
2527 1196 2706 1276 quod
2743 1197 2959 1260 Deum
2999 1214 3164 1261 esse.
3200 1196 3390 1260 Unde
3419 1197 3766 1261 manifeste
3805 1199 3997 1262 eolli-

879 1314 1078 1394 gitur,
1118 1313 1297 1394 quod
1342 1311 1693 1376 essentiam
1731 1311 2025 1374 divinam
2061 1311 2522 1393 praedieamUS,
2555 1311 2846 1375 dicentes
2880 1333 2894 1373 ε
2928 1312 3125 1375 Pater
3161 1314 3262 1376 est
3298 1330 3600 1394 persona,
3641 1313 3854 1377 Filius
3891 1319 3998 1378 est

878 1446 1180 1510 persona,
1230 1429 1515 1510 Spiritus
1552 1427 1831 1492 Sanetus
1881 1429 1982 1490 est
2024 1444 2327 1508 persona,
2362 1427 2429 1489 id
2481 1429 2580 1490 est
2621 1428 2906 1491 essentia
2941 1427 3187 1491 divina.
3229 1429 3315 1491 Et
3355 1430 3626 1493 omnino
3677 1447 3884 1494 unum
3927 1433 3996 1494 et

878 1544 1055 1607 idem
1105 1544 1511 1625 significatur
1555 1543 1824 1606 nornine
1870 1559 2191 1623 personae,
2241 1543 2309 1606 id
2353 1544 2453 1606 est
2501 1544 2787 1607 essentia
2822 1543 3069 1624 divina,
3104 1561 3310 1625 quum
3355 1544 3618 1624 dicitur,
3659 1545 3854 1608 Pater
3889 1547 3998 1608 est

876 1678 1178 1742 persona,
1220 1661 1307 1740 et,
1340 1660 1551 1724 Filius
1593 1662 1690 1723 est
1734 1677 2035 1741 persona,
2079 1660 2259 1741 quod
2309 1661 2716 1742 significatur
2751 1661 3019 1724 nomine
3067 1661 3214 1740 Dei,
3254 1677 3462 1742 quum
3499 1661 3762 1740 dieitur,
3794 1661 3999 1724 Pater

878 1776 978 1837 est
1014 1775 1217 1854 Deus,
1258 1775 1469 1837 Filius
1498 1775 1597 1838 est
1634 1774 1836 1837 Deus.
1872 1774 1972 1836 Ita
2008 1774 2208 1836 etiam
2242 1773 2417 1836 idem
2447 1773 2874 1854 significatur,
2902 1791 3109 1855 quum
3141 1775 3403 1854 dieitur,
3444 1776 3625 1839 Deus
3654 1777 3754 1839 est
3781 1776 3994 1854 DeuS,

877 1891 964 1969 et,
998 1890 1178 1954 Deus
1216 1891 1315 1953 est
1350 1906 1650 1970 persona.
1688 1890 1978 1969 Utroque
2018 1889 2194 1952 enim
2232 1889 2500 1952 nomine
2530 1890 2813 1952 essentia
2847 1889 3074 1952 divina
3100 1888 3511 1971 intelligitur,
3545 1891 3702 1972 quia
3737 1893 4002 1954 utrum-

878 2023 1007 2086 que
1048 2006 1412 2069 seoundum
1453 2005 1890 2068 substantiam
1928 2005 2192 2068 dicitur.
2225 2004 2448 2078 Quum
2494 2022 2652 2068 vero
2701 2005 2966 2084 dicitur,
3006 2005 3202 2069 Pater
3238 2007 3303 2068 et
3347 2007 3558 2070 Filius
3606 2008 3670 2070 et
3707 2007 4002 2087 Spiritus

879 2121 1157 2186 Sanetus
1186 2121 1343 2184 sunt
1378 2121 1511 2184 tres
1539 2136 1835 2200 personae
1874 2139 1889 2181 :
1924 2119 2085 2201 quid
2112 2121 2382 2184 nomine
2420 2136 2716 2201 personae
2754 2120 3204 2202 significamus
3223 2120 3254 2182 ‘2
3286 2121 3390 2184 An
3420 2121 3818 2186 essentiam?
3847 2122 4004 2184 Hoc

881 2237 1058 2300 enim
1114 2237 1398 2316 videtur,
1438 2236 1496 2299 si
1550 2254 1751 2317 supra
1804 2236 2022 2317 posita
2074 2236 2275 2299 verba
2318 2235 2674 2318 Augustini
2722 2234 3070 2316 diligenter
3120 2239 3508 2300 scrutemur.
3543 2238 3756 2320 Supra
3811 2240 4000 2302 enim

879 2353 1070 2434 dixit,
1118 2352 1296 2434 quod
1345 2352 1492 2416 ideo
1546 2353 1677 2416 tres
1725 2368 2039 2433 personas
2090 2351 2399 2430 dicimuS,
2442 2352 2597 2433 quia
2644 2351 2712 2414 id
2760 2351 2938 2432 quod
2984 2369 3266 2432 persona
3319 2355 3440 2433 est,
3482 2371 3835 2419 commune
3893 2357 4003 2419 est

879 2467 1110 2532 tribus.
1150 2469 1237 2531 Et
1284 2467 1468 2548 item,
1515 2467 1671 2548 quia
1708 2467 1904 2531 Pater
1939 2467 2040 2531 est
2075 2483 2379 2548 persona,
2420 2467 2485 2530 et
2521 2467 2732 2530 Filius
2781 2467 2881 2530 est
2923 2484 3227 2547 persona,
3272 2470 3338 2531 et
3387 2469 3672 2550 Spiritus
3710 2470 3998 2534 Sanctus

878 2585 976 2648 est
1013 2600 1314 2666 persona,
1357 2583 1504 2648 ideo
1556 2584 1688 2647 tres
1723 2599 2019 2663 personae
2071 2582 2401 2646 dicuntur.
2445 2581 2723 2646 Videtur
2759 2598 2912 2662 ergo
2949 2582 3248 2647 eamdem
3296 2585 3515 2649 tenere
3558 2585 3996 2666 significatio—

875 2717 1029 2764 nem
1076 2699 1203 2762 hoo
1250 2716 1515 2778 nomen,
1558 2715 1859 2779 persona,
1911 2715 2118 2778 quum
2156 2697 2420 2777 dieitur,
2462 2699 2595 2762 tres
2630 2714 2951 2779 personae,
2997 2716 3197 2779 quam
3243 2699 3440 2763 habet
3475 2717 3682 2781 quum
3719 2700 3993 2780 dieitur,

876 2816 1072 2880 Pater
1101 2816 1201 2879 est
1236 2831 1537 2896 persona,
1568 2812 1780 2876 Filius
1818 2815 1918 2876 est
1944 2830 2246 2894 persona,
2280 2813 2566 2894 Spiritus
2601 2814 2880 2878 Sanetus
2917 2815 3017 2879 est
3052 2832 3350 2897 persona.
3385 2815 3556 2890 Quia
3591 2818 3666 2879 ut
3703 2819 3998 2881 ostendit

878 2930 1313 3012 Augustinus,
1353 2930 1479 2993 hoc
1514 2928 1779 3008 dieitur,
1822 2929 1888 2991 id
1931 2930 2053 3008 est,
2094 2931 2226 2992 tres
2262 2946 2582 3010 personae,
2617 2931 2884 3011 propter
2919 2928 3084 2993 illud
3127 2949 3141 2990 :
3183 2931 3341 3011 quia
3381 2930 3449 2993 id
3487 2931 3664 3012 quod
3709 2949 3998 3012 persona

878 3050 998 3129 est,
1022 3064 1373 3110 commune
1405 3048 1504 3110 est
1532 3046 1650 3110 eis.
1686 3044 1761 3108 Id
1800 3062 1951 3127 ergo
1984 3044 2161 3128 quod
2192 3062 2542 3109 commune
2580 3047 2680 3110 est
2716 3047 2834 3127 eie,
2869 3047 2939 3108 id
2976 3049 3073 3110 est
3103 3047 3283 3110 Patri
3322 3047 3388 3111 et
3414 3045 3585 3110 Filio
3615 3049 3682 3111 et
3709 3049 3994 3131 Spiritui

877 3164 1139 3244 Sancto,
1182 3163 1441 3227 videtur
1485 3163 1839 3243 significari
1885 3163 2152 3226 nomine
2199 3180 2520 3244 personae,
2562 3179 2772 3244 quum
2819 3162 3084 3243 dieitur,
3123 3166 3258 3228 tres
3303 3180 3622 3246 personae.

878 3387 949 3451 C.
999 3390 1239 3451 Aliter
1288 3389 1520 3452 etiam
1564 3388 1855 3451 videtur·
1893 3402 2109 3461 posse
2156 3389 2462 3462 ostendi,
2517 3392 2707 3464 quod
2758 3392 3158 3452 secundum
3211 3391 3610 3453 essentiam
3655 3392 3985 3468 dicatur,

1726 3506 1957 3567 etiam
2002 3519 2227 3581 quum
2264 3505 2677 3579 pluraliter
2716 3505 3128 3578 profertur.

1013 3692 1222 3758 Aliter
1250 3694 1450 3757 etiam
1479 3692 1739 3756 videtur
1764 3708 1957 3773 posse
1988 3692 2269 3771 ostendi,
2293 3690 2591 3772 quodibi
2619 3691 2888 3755 nomine
2915 3708 3214 3772 personae
3243 3692 3647 3774 significetur
3675 3696 3988 3775 essentia,

878 3827 1087 3891 quum
1121 3808 1385 3889 dicitur,
1418 3810 1549 3872 tres
1586 3824 1910 3890 personae.
1947 3808 2034 3869 Ut
2067 3808 2244 3871 enim
2283 3825 2482 3888 supra
2511 3806 2682 3870 dixit
2710 3808 3146 3889 AugustinuS,
3175 3825 3252 3872 ea
3277 3810 3662 3874 necessitate
3690 3810 3994 3875 diximus

875 3927 1007 3989 tres
1044 3943 1379 4007 personaS,
1420 3927 1495 3988 ut
1543 3923 2088 4004 responderemus
2132 3922 2580 4004 quaerentibus
2626 3923 2788 4004 quid
2838 3924 2992 4002 treS‚
3031 3923 3135 3987 vel
3171 3925 3334 4004 quid
3374 3925 3521 3988 tria.
3569 3926 3792 4001 Quum
3833 3944 3992 4009 ergo

873 4042 1191 4122 quaeritur
1240 4040 1401 4122 quid
1454 4040 1609 4119 treS‚
1670 4039 1775 4102 vel
1821 4038 1983 4120 quid
2040 4038 2188 4118 tria,
2240 4038 2699 4102 convenienter
2754 4038 3185 4118 respondetur
3239 4057 3447 4120 quum
3503 4040 3768 4122 dicitur,
3827 4043 3998 4106 Tres

871 4173 1191 4237 personae.
1240 4156 1329 4219 At
1380 4172 1589 4236 quum
1640 4154 1956 4235 quaeritur
2011 4154 2172 4235 quid
2225 4155 2380 4233 treS‚
2423 4154 2529 4217 vel
2577 4154 2738 4234 quid
2779 4154 2927 4234 tria,
2967 4171 3085 4234 per
3129 4158 3304 4232 quid
3339 4155 3420 4219 de
3471 4159 3757 4221 essentia
3808 4177 3998 4239 quae-

870 4271 1057 4334 ritur.
1100 4273 1251 4337 Non
1299 4272 1477 4335 enim
1514 4270 1846 4333 invenitur
1882 4270 2043 4351 quid
2088 4269 2185 4332 illi
2230 4271 2362 4332 tres
2399 4270 2555 4345 sint,
2597 4269 2725 4331 nisi
2770 4270 3073 4332 essentia.
3117 4270 3187 4334 Si
3227 4288 3380 4352 ergo
3422 4274 3774 4354 quaestioni
3813 4277 3996 4339 reete

870 4389 1367 4469 respondemuS,
1402 4385 1659 4468 oportet
1704 4385 1779 4448 ut
1828 4385 2282 4466 respondendo
2337 4386 2689 4448 essentiam
2741 4385 3188 4466 significemus
3232 4407 3246 4448 :
3289 4386 3537 4468 alioqui
3587 4405 3720 4452 non
3765 4391 3996 4454 osten-

870 4504 1094 4567 dimus
1121 4502 1282 4585 quid
1310 4504 1443 4566 tres
1479 4502 1634 4565 sint.
1668 4500 1738 4564 Si
1767 4517 1922 4564 vero
1958 4500 2448 4581 respondentes,
2481 4502 2835 4564 essentiam
2872 4501 3343 4583 significamus,
3377 4502 3590 4584 ipsam
3629 4506 3992 4569 essentiam

868 4636 1165 4703 personae
1211 4618 1482 4682 nomine
1532 4616 1987 4697 intelligimuS‚
2030 4632 2239 4696 quum
2283 4614 2549 4696 dieitur,
2598 4618 2759 4681 Tres
2804 4634 3126 4698 personae.

868 4834 951 4899 D.
1008 4836 1260 4910 Opinio
1309 4836 1805 4911 quorumdam
1852 4834 1980 4908 qui
2026 4832 2298 4905 putant
2350 4833 2750 4895 essentiam
2805 4836 3218 4909 siqnificari
3259 4840 3559 4899 nomine
3605 4851 3991 4915 personae,

1820 4963 2045 5025 quum
2090 4950 2404 5011 dicimus
2448 4949 2604 5011 tres
2641 4963 3026 5023 personas,

1000 5138 1407 5215 Quibusdam
1458 5137 1738 5216 videtur,
1780 5135 1959 5217 quod
2008 5134 2277 5198 nomine
2323 5151 2620 5215 personae
2671 5136 3074 5218 significetur
3109 5139 3415 5218 essentia,
3461 5157 3668 5221 quum
3710 5141 3992 5224 dieitur,

872 5260 1005 5321 tres
1041 5274 1362 5339 personae,
1383 5256 1728 5336 propterea
1755 5254 1912 5335 quia
1938 5251 2353 5331 Augustinus
2380 5250 2562 5330 dicit,
2587 5251 2733 5315 ideo
2763 5252 2892 5315 dici
2923 5255 3054 5317 tres
3081 5270 3416 5335 personas,
3440 5256 3595 5337 quia
3623 5273 3994 5324 commune
