4359 6250
531 3948 797 4001 Romam&

831 485 952 552 524

1505 509 1569 557 IN
1610 511 1832 558 mentm
1873 511 1894 556 1
1937 511 2419 559 SENTENTIARUM.
2464 531 2544 543 ··-
2584 514 2738 561 DlST.
2784 514 2902 578 XL3
2947 514 3169 571 QUAEST.
3214 516 3281 562 111

833 675 896 740 lo
928 677 1162 759 poenali
1204 680 1372 761 quod
1411 680 1619 743 solum
1661 689 1757 743 est
1788 700 1996 764 poena,
2030 699 2158 745 non
2197 682 2329 744 cul-
2360 681 2412 744 A
2442 683 2649 764 quoad
2690 684 3066 759 secundum,
3099 701 3227 748 non
3266 685 3441 748 addit
3478 685 3789 749 effectum
3829 686 3945 749 ali-

831 794 932 858 pa.
965 812 1046 821 —
1084 777 1227 840 Haec
1270 778 1540 841 Thomas
1584 779 1650 841 in
1695 779 1962 862 Scripto.

911 873 1260 938 Concordat
1305 878 1546 952 Petrus,
1593 878 1863 941 dicendo
1917 897 1931 940 :
1985 879 2331 942 Obduratio

830 972 894 1035 in
937 973 1268 1056 spiritibus
1307 975 1544 1038 dicitur
1581 976 1948 1040 translative
1987 979 2064 1040 ad
2107 978 2331 1040 simili-

825 1071 1119 1135 tudinem
1176 1073 1614 1138 obdurationis
1673 1075 1741 1139 in
1799 1076 2197 1159 corporibus,
2261 1077 2328 1140 in

828 1171 1063 1252 quibus
1124 1173 1329 1254 ipsam
1387 1173 1688 1236 duritiam
1747 1177 2038 1258 sequitur
2094 1176 2327 1258 triplex

827 1271 1202 1353 proprietas,
1235 1272 1554 1346 videlicet,
1599 1273 1964 1337 inhabilitas
2008 1275 2086 1336 ad
2126 1275 2327 1336 susci-

829 1369 1137 1451 piendum
1170 1370 1680 1453 impressionem,
1714 1372 2027 1436 stabilitas
2067 1373 2144 1435 ad
2186 1392 2325 1455 per-

828 1469 1217 1531 manendum
1251 1469 1316 1531 in
1345 1489 1435 1544 se,
1469 1479 1532 1532 et
1569 1470 1877 1534 fortitudo
1916 1472 1994 1534 ad
2033 1472 2327 1534 resisten-

826 1567 1000 1628 dum.
1051 1568 1237 1630 Juxta
1297 1568 1468 1631 hunc
1525 1568 1846 1651 triplicem
1905 1571 2168 1633 modum
2216 1589 2326 1633 cor

825 1664 1061 1727 dicitur
1108 1665 1410 1729 obdurari
1467 1667 1808 1750 tripliciter
1858 1686 1871 1730 :
1925 1667 2156 1751 primo,
2210 1687 2326 1751 per

825 1762 1292 1828 inhabilitatem
1324 1766 1400 1827 ad
1431 1767 1648 1846 gratiae
1679 1767 2151 1849 susceptionem
2178 1785 2195 1847 3
2228 1786 2323 1830 se-

2440 800 2633 863 quem
2685 782 3056 864 positivum,
3099 785 3209 846 sed
3257 784 3689 866 privativum;
3733 787 3949 867 quoad

2440 880 2722 955 tertium,
2748 881 3096 964 positivum
3126 883 3296 945 addit
3334 883 3662 958 effectum,
3688 885 3801 946 sed
3834 884 3951 947 ali-

2440 986 2535 1040 ter
2565 999 2757 1061 quam
2790 981 3263 1062 praedestinatio
3297 999 3311 1043 :
3345 981 3499 1063 quia
3537 982 3950 1064 praedestina-

2438 1076 2528 1139 tio
2571 1086 2883 1160 praeparat
2924 1079 3189 1160 gloriam
3236 1081 3591 1142 secundum
3640 1080 3947 1163 benepla-

2438 1175 2637 1238 citum
2689 1177 2821 1250 Dei,
2869 1177 3230 1260 reprobatio
3278 1197 3533 1261 poenam
3582 1180 3945 1242 secundum

2437 1274 2819 1356 exigentiam
2853 1275 3247 1339 meritorum.
3278 1277 3581 1340 Praeterea
3608 1277 3948 1340 adverten-

2436 1373 2612 1446 dum,
2645 1373 2815 1454 quod
2858 1373 3194 1438 obduratio
3236 1375 3591 1437 secundum
3628 1376 3801 1458 quod
3844 1383 3947 1438 est

2437 1489 2646 1553 poena,
2680 1471 2837 1533 dicit
2885 1472 3228 1553 quamdam
3274 1473 3652 1556 privativam
3701 1474 3945 1556 passio-

2396 1627 2405 1638 ,
2436 1587 2607 1644 nem,
2644 1569 2706 1631 id
2736 1577 2833 1632 est
2865 1569 3329 1634 inhabilitatem
3360 1572 3438 1633 ad
3469 1572 3759 1653 gratiam,
3794 1593 3941 1654 quae

2436 1667 2729 1750 provenit
2778 1687 2856 1730 ex
2905 1677 3186 1751 peccato,
3237 1670 3414 1751 justo
3459 1671 3570 1733 Dei
3617 1670 3865 1752 judicio
3921 1689 3937 1733 :

2436 1766 2627 1829 habet
2656 1786 2805 1849 ergo
2835 1786 3091 1830 causam
3132 1766 3564 1844 deficientem,
3598 1777 3753 1852 puta
3782 1769 3941 1832 libe—

827 1863 1058 1936 cundo‚
1111 1882 1224 1944 per
1272 1863 1530 1926 firmam
1588 1865 2011 1928 adhaesionem
2064 1867 2141 1928 ad
2191 1866 2323 1928 cul·
2360 1867 2406 1929 B
2437 1884 2579 1927 rum
2610 1864 2985 1946 arbitrium3
3019 1885 3275 1930 causam
3316 1876 3811 1950 promerentem,
3844 1869 3940 1930 vi-

827 1977 1016 2043 pam3
1049 1961 1256 2035 tertio,
1292 1981 1406 2044 per
1444 1962 1882 2038 rebellionem,
1919 1972 1981 2028 et
2019 1965 2322 2046 abjectio-

826 2078 974 2122 nem
1024 2059 1384 2123 divinarum
1435 2061 1923 2145 inspirationum
1973 2083 2045 2125 ac
2091 2063 2323 2145 jussio-

825 2178 1002 2221 num.
1045 2158 1257 2222 Primo
1304 2160 1492 2222 modo
1532 2168 1627 2222 est
1667 2161 1877 2243 passio
1926 2179 2323 2244 consequens

825 2256 1081 2339 culpam
1126 2276 1140 2320 :
1183 2265 1246 2319 et
1290 2258 1377 2320 ita
1418 2267 1516 2320 est
1559 2278 1763 2340 poena.
1800 2260 2092 2323 Secundo
2135 2260 2323 2324 modo

824 2362 922 2416 est
968 2355 1303 2437 dispositio
1360 2357 1707 2437 cujuslibet
1756 2357 1896 2419 vitii
1954 2357 2319 2440 pertinacis.

826 2454 1036 2516 Tertio
1087 2455 1274 2517 modo
1331 2462 1427 2516 est
1480 2455 1754 2538 speciale
1803 2474 2004 2537 genus
2053 2458 2318 2538 peccati.

826 2553 1078 2634 Triplex
1138 2571 1392 2636 quoque
1449 2561 1546 2617 est
1601 2573 1806 2636 poena.
1858 2554 1992 2617 Una
2050 2555 2318 2630 inflicta,

825 2671 968 2734 quae
997 2659 1243 2714 tantum
1285 2659 1380 2714 est
1419 2671 1607 2733 poena
1645 2660 1708 2715 et
1743 2653 1961 2735 gratiae
2000 2671 2126 2716 non
2167 2654 2321 2716 resi-

825 2747 935 2810 stit
968 2766 982 2810 :
1018 2756 1089 2810 ut
1116 2748 1318 2811 fames
1357 2757 1421 2811 et
1458 2749 1618 2812 sitis.
1654 2750 1945 2812 Secunda
1977 2758 2337 2824 contracta,-

827 2867 968 2929 quae
1015 2854 1112 2910 est
1170 2866 1358 2930 poena
1415 2855 1479 2910 et
1525 2848 1735 2930 culpa,
1789 2856 1852 2911 et
1898 2868 1976 2912 ex
2028 2849 2321 2930 originali

826 2953 1084 3026 peccato
1125 2954 1221 3008 est
1249 2953 1590 3009 consecuta
1625 2963 1639 3008 ε
1673 2954 1744 3008 ut
1779 2947 2320 3030 concupiscentia,

2435 1963 2668 2026 delicet
2716 1965 3009 2046 culpam3
3060 1984 3317 2027 causam
3366 1965 3790 2040 ordinantem,
3842 1973 3942 2029 ut-

2436 2070 2583 2145 pote
2626 2063 2846 2125 Deum.
2894 2064 3037 2126 Haec
3080 2065 3317 2126 PetruS.

2514 2161 2675 2223 Hinc
2724 2161 2985 2224 demum
3036 2162 3101 2224 in
3152 2162 3359 2244 prima
3402 2170 3579 2245 parte
3630 2163 3934 2238 Summa»,

2435 2260 2784 2342 quaestione
2826 2260 3133 2324 vicesima
3169 2260 3375 2336 tertia,
3410 2269 3665 2324 sanctus
3708 2261 3941 2324 asserit

2435 2359 2705 2421 Thomas
2738 2376 2753 2420 ε
2786 2359 3257 2421 Praedestiuatio
3287 2368 3384 2422 est
3421 2379 3567 2441 pars
3598 2359 3941 2441 providen-

2438 2455 2557 2518 tiae.
2612 2456 2704 2517 Ad
2756 2457 3219 2538 providentiam
3269 2475 3422 2519 vero
3470 2457 3747 2539 pertinet
3798 2477 3944 2540 per-

2438 2555 2688 2616 mittere
2719 2554 2998 2636 aliquem
3032 2554 3351 2618 derectum
3382 2555 3448 2617 in
3479 2556 3672 2619 rebus
3702 2557 3948 2620 contin-

2436 2651 2733 2734 gentibus
2764 2672 2906 2736 quae
2938 2653 3352 2735 providentia}
3376 2653 3761 2728 subduntur,
3797 2674 3945 2736 quae

2437 2769 2566 2814 suae
2599 2749 2873 2813 libertati
2915 2759 2978 2813 et
3011 2750 3423 2814 variabilitati
3461 2753 3943 2835 relinquuntur,

2436 2867 2554 2911 nec
2594 2856 2909 2930 coguntur
2946 2850 3024 2912 ad
3065 2869 3285 2912 unum.
3320 2851 3657 2932 Quumque
3697 2870 3813 2933 per
3846 2851 3947 2914 di-

2436 2947 2652 3010 vinam
2700 2946 3167 3029 providentiam
3218 2948 3509 3011 homines
3560 2949 3949 3012 ordinentur

828 3064 969 3127 quae
1037 3053 1348 3128 repugnat
1413 3045 1651 3126 gratiae,
1714 3047 1864 3128 quia
1924 3046 2190 3110 inclinat
2246 3048 2323 3110 ad
2363 3051 2407 3114 G
2440 3045 2504 3107 in
2536 3045 2732 3107 vitam
2773 3053 3096 3120 aeternarn,
3130 3047 3407 3129 pertinet
3446 3047 3639 3110 etiam
3670 3048 3750 3110 ad
3784 3048 3948 3110 divi-

827 3144 1068 3205 malum
1128 3143 1394 3205 actuale.
1448 3144 1658 3207 Tertia
1703 3152 1860 3220 acta,
1915 3166 2055 3228 quae
2101 3154 2199 3209 est
2246 3147 2325 3209 ab

825 3242 1057 3305 actuali
1101 3250 1380 3325 peccam,
1415 3251 1486 3304 ut
1521 3242 1737 3325 gratiae
1779 3244 2091 3326 expulsio,
2134 3265 2329 3309 excae-

827 3340 1013 3413 cati0,
1047 3340 1382 3403 obduratio
1414 3358 1431 3420 3
1471 3350 1534 3403 et
1572 3341 1706 3404 haec
1746 3350 2058 3425 repugnat
2086 3344 2325 3425 gratim,

827 3439 1129 3522 quoniam
1161 3447 1257 3502 est
1285 3438 1556 3503 eftectus
1587 3440 1969 3521 conjunctus
2001 3444 2223 3524 culpae.
2248 3478 2329 3489 —-

827 3538 989 3600 Hinc
1019 3538 1359 3600 innotescit
1398 3538 1674 3620 qualiter
1713 3540 2151 3603 obdurationis
2184 3560 2330 3603 cau-

826 3656 896 3699 sa
946 3637 1029 3699 sit
1078 3637 1266 3710 DeuS,
1317 3644 1381 3699 et
1431 3638 1600 3719 quod
1650 3638 1817 3700 sicut
1873 3640 2212 3703 excaecatio
2261 3658 2329 3701 se

824 3734 1018 3798 habet
1075 3735 1152 3797 ad
1214 3735 1632 3811 intellectum,
1694 3736 1787 3797 sic
1853 3736 2190 3801 obduratio
2249 3738 2327 3799 ad

825 3832 1132 3898 affectum
1164 3853 1276 3896 seu
1305 3834 1718 3898 voluntatem.
1753 3835 1912 3898 Hinc
1946 3856 2139 3919 super
2169 3838 2328 3899 illud

827 3934 906 3995 ad
975 3934 1310 4006 RomanoS,
1374 3933 1571 4015 Cujus
1636 3933 1773 3997 vult
1844 3935 2205 4008 miseretur,
2266 3943 2330 3998 et

829 4051 1022 4115 quem
1067 4032 1204 4093 vult
1255 4031 1548 4112 indurat3
1591 4033 1874 4115 loquitur
1913 4033 2134 4097 Glossa
2178 4052 2193 4096 :
2236 4036 2331 4097 In-

829 4131 1080 4203 durare,
1122 4138 1220 4192 est
1259 4131 1428 4194 nolle
1469 4132 1799 4210 misereri3
1842 4140 1903 4194 et
1942 4133 2119 4195 addit
2163 4150 2176 4194 :
2220 4133 2329 4195 Mi-

2438 3164 2585 3206 nam
2635 3144 3098 3227 provident-iam
3145 3153 3215 3208 ut
3257 3146 3563 3227 quosdam
3614 3148 3949 3228 permittat

2437 3243 2637 3305 asine
2680 3242 2800 3305 isto
2839 3229 3117 3307 deficere
3153 3262 3167 3306 ε
3200 3253 3261 3307 et
3300 3244 3415 3307 hos
3456 3245 3695 3307 dicitur
3725 3264 3945 3327 repro-

2440 3340 2607 3403 bare.
2664 3342 2823 3403 Hinc
2882 3341 3051 3404 sicut
3107 3342 3579 3424 praedestinatio
3637 3352 3735 3407 est
3794 3363 3946 3427 pars

2439 3440 2855 3521 providentiae
2898 3447 3191 3522 respectu
3241 3439 3498 3503 illorum
3545 3442 3657 3523 qui
3705 3442 3944 3505 divini-

2439 3545 2540 3599 tus
2589 3538 2862 3600 ordinati
2913 3546 3064 3605 sunt
3109 3540 3186 3601 ad
3236 3540 3431 3601 vitam
3482 3548 3809 3613 aeternam,
3846 3540 3945 3603 sic

2438 3637 2798 3718 reprobatio
2846 3645 2941 3700 est
2984 3656 3129 3718 pars
3178 3638 3593 3720 providentiae
3640 3648 3943 3721 respectu

2438 3754 2657 3798 eorum
2710 3736 2821 3818 qui
2878 3735 2960 3797 ab
3010 3736 3130 3799 hoc
3178 3736 3483 3799 excidunt
3534 3744 3725 3819 atque
3783 3736 3949 3800 defi-

2440 3833 2617 3895 ciunt
2667 3833 2817 3896 fine.
2853 3835 3030 3897 Unde
3076 3834 3438 3917 reprobatio
3480 3853 3607 3898 non
3651 3835 3947 3899 nominat

2439 3931 2905 4013 praescientiam
2944 3938 3216 4006 tantum,
3249 3932 3415 3995 sicut
3451 3952 3569 3995 nec
3601 3934 3944 4015 providen-

2439 4030 2543 4091 tia.
2568 4030 3110 4103 Quemadmodum
3144 4031 3316 4093 enim
3348 4031 3822 4113 praedestinatio
3852 4033 3949 4096 in-

2439 4127 2640 4190 cludit
2684 4128 3077 4191 voluntatem
3130 4128 3499 4192 conserendi
3554 4130 3825 4211 gratiam
3874 4141 3945 4194 et

829 4236 1076 4291 seretur
1118 4229 1286 4291 Deus
1325 4249 1440 4312 per
1479 4230 1768 4309 gratiam,
1811 4250 1954 4312 quae
1995 4232 2189 4312 gratis
2224 4232 2329 4293 da-
2360 4235 2408 4297 D
2437 4226 2719 4308 gloriam,
2733 4228 2826 4289 sic
2858 4227 3216 4309 reprobatio
3247 4227 3520 4289 includit
3549 4227 3945 4292 voluntatem

829 4336 974 4405 tur;
1021 4327 1275 4389 indurat
1324 4348 1438 4409 per
1477 4328 1816 4408 judicium,
1861 4331 2032 4411 quod
2081 4330 2327 4392 meritis

828 4426 1132 4488 redditur.
1180 4427 1323 4489 Haec
1366 4427 1603 4489 Petrus.

910 4523 1195 4605 Denique
1225 4524 1302 4605 ad
1344 4525 1759 4606 quaestionem
1799 4526 1984 4599 hanc,
2017 4545 2097 4589 an
2127 4526 2329 4589 obdu-

826 4622 989 4685 ratio
1037 4621 1280 4705 aliquid
1327 4622 1697 4704 superaddit
1746 4624 2180 4706 praescientiae,
2224 4626 2329 4687 Pe-

826 4730 964 4784 trus
996 4721 1336 4803 respondet
1371 4738 1385 4783 :
1420 4722 1489 4783 In
1520 4722 1965 4803 reprobatione
1995 4731 2142 4785 sunt
2175 4724 2323 4787 tria:

827 4840 1028 4882 unum
1069 4827 1166 4882 est
1205 4819 1500 4902 praevisio
1541 4820 1894 4902 iniquitatis
1933 4820 2014 4881 ab
2049 4828 2324 4903 aetern03

824 4919 1094 4981 alterum
1126 4918 1480 4994 obduratio,
1515 4919 1577 4981 id
1609 4926 1706 4981 est
1735 4918 2083 4982 subtractio
2111 4921 2328 5001 gratiae

825 5018 893 5080 in
925 5018 1260 5099 praesenti3
1290 5017 1546 5080 tertium
1579 5024 1678 5080 est
1717 5017 2092 5100 praeparatio
2124 5036 2329 5099 poenae

825 5124 1076 5180 aeternae
1108 5116 1173 5179 in
1204 5115 1421 5179 futuro
1456 5134 1469 5177 ε
1503 5116 1670 5178 sicut
1707 5123 1966 5178 econtra
1997 5114 2062 5178 in
2095 5117 2329 5198 praede-

826 5214 1168 5277 stinatione
1226 5223 1375 5276 sunt
1424 5213 1564 5275 tria.
1618 5213 1831 5287 Quoad
1879 5213 2185 5295 primum,
2238 5232 2330 5277 re-

827 5311 1120 5395 probatio
1161 5310 1324 5373 nihil
1371 5311 1546 5374 addit
1585 5331 1778 5395 supra
1818 5311 2325 5393 praescientiam3

2434 4326 2604 4407 juste
2648 4324 3057 4407 permittendi
3100 4325 3380 4408 aliquem
3420 4327 3644 4389 cadere
3686 4326 3750 4389 in
3796 4347 3948 4410 pec-

2438 4431 2672 4497 catum,
2705 4442 2779 4485 ac
2829 4421 3145 4486 inferendi
3198 4424 3623 4487 damnationis
3669 4431 3947 4489 tormen-

2437 4529 2574 4584 tum
2621 4540 2736 4605 pro
2780 4522 2985 4604 culpa.
3035 4522 3179 4585 Haec
3222 4522 3493 4585 Thomas
3537 4522 3603 4583 in
3650 4523 3937 4588 Summa.

2519 4622 2697 4685 Circa
2728 4622 2864 4685 haec
2896 4629 3102 4684 movet
3134 4622 3485 4685 Richardus
3524 4630 3654 4685 tres
3685 4624 3945 4705 quaesti·

2438 4740 2609 4785 oneS.
2645 4721 2853 4784 Prima
2892 4729 3009 4795 est,
3041 4740 3121 4782 an
3161 4720 3523 4802 reprobatio
3561 4722 3645 4784 sit
3680 4721 3942 4804 penitus

2438 4822 2607 4883 idem
2656 4820 2825 4902 quod
2877 4819 3323 4902 praescientia3
3373 4820 3675 4895 secunda,
3725 4840 3806 4883 an
3854 4822 3945 4884 sit

2438 4939 2628 5001 poena
2654 4917 2753 4981 vel
2797 4917 3022 4999 culpa3
3054 4916 3261 4991 tertia,
3293 4937 3373 4979 an
3414 4918 3492 4981 sit
3535 4910 3572 4980 a
3611 4920 3740 4982 Deo
3768 4920 3943 4983 sicut

2437 5037 2474 5079 a
2521 5036 2712 5079 causa
2766 5016 3109 5079 efficiente.
3165 5017 3233 5077 In
3292 5036 3562 5098 quarum
3621 5016 3945 5081 solutione

2438 5114 2701 5177 omnino
2743 5115 3084 5178 concordat
3131 5114 3319 5177 dictis
3359 5115 3615 5179 Thomae
3660 5124 3727 5178 et
3772 5117 3945 5182 Petri

2436 5214 2569 5295 jam
2602 5213 2997 5276 introductis
3023 5250 3103 5258 —
3131 5213 3370 5276 Verum
3408 5212 3574 5276 inter
3604 5223 3817 5277 cetera
3845 5235 3947 5278 ar-

2439 5310 2577 5393 guit
2606 5311 2699 5374 sic
2726 5330 2739 5373 :
2774 5312 2975 5375 Homo
3005 5329 3131 5374 non
3164 5319 3373 5394 potest
3402 5310 3593 5393 digne
3623 5314 3945 5395 poenitere

4032 2281 4131 2319 art..
4166 2276 4213 2316 3.
