4359 6250
869 440 990 508 482

1461 461 1523 511 m
1565 460 1786 509 Limum
1829 463 1848 508 ¹
1892 455 2374 508 SENTENTIARUM.
2420 477 2502 489 -·-
2541 455 2693 507 ms'r.
2742 455 3019 524 xxxvm3
3061 453 3285 518 QUAEST.
3333 455 3379 509 11

867 640 1048 695 actus
1076 633 1335 715 quidam
1367 632 1768 714 significatur
1797 639 1866 692 ut
1896 631 2369 714 praeteritus.—
2394 630 2446 694 A
2476 631 2693 712 ligitur
2748 632 3168 714 compositi03
3218 640 3353 694 tum
3414 632 3607 694 etiam
3666 629 3971 715 quoniam

869 730 1028 792 Hinc
1067 731 1198 804 alii,
1232 731 1398 794 sicut
1427 731 1680 793 videtur
1716 730 2008 811 Magister
2049 729 2114 791 in
2156 729 2365 791 littera

865 829 1099 902 dicere,
1147 830 1368 891 dicunt
1416 830 1587 913 quod
1638 830 1757 892 hoc
1804 829 2186 891 antecedens
2236 846 2362 891 non

860 935 958 992 est
988 930 1441 1004 necessarium,
1479 929 1628 1012 quia
1657 929 2045 1011 praescitum,
2069 928 2363 1010 quamvis

863 1029 1213 1090 secundum
1289 1047 1512 1091 vocem
1587 1027 2031 1108 consignificet
2106 1034 2361 1108 tempus

861 1125 1278 1206 praeteritum,
1323 1134 1534 1189 tamen
1581 1125 1906 1207 significat
1948 1132 2161 1188 actum
2204 1125 2363 1187 divi-

860 1242 1038 1298 num,
1087 1225 1189 1286 cui
1251 1243 1376 1287 non
1435 1225 1681 1286 accedit
1729 1223 2072 1306 praeteritio
2125 1241 2138 1284 ε
2194 1223 2356 1297 11160,

860 1323 1026 1384 sicut
1065 1324 1229 1386 Deus
1270 1330 1478 1406 potest
1517 1341 1645 1386 non
1685 1323 2001 1405 pra-scire,
2037 1323 2122 1384 ita
2153 1328 2360 1404 potest

859 1421 1053 1483 etiam
1101 1440 1229 1484 non
1289 1422 1637 1504 praescisse.
1693 1421 1814 1483 Sed
1874 1421 2043 1483 istud
2103 1439 2357 1503 quoque

861 1536 988 1582 non
1020 1520 1224 1594 solvit,
1239 1521 1540 1603 quoniam
1567 1519 1860 1602 quamvis
1891 1527 2068 1581 actus
2100 1519 2359 1581 divinus

860 1636 988 1680 non
1028 1619 1256 1680 habeat
1288 1619 1732 1681 necessitatem
1765 1618 2131 1690 coactionis,
2165 1617 2359 1679 habet

860 1723 1072 1780 tamen
1105 1717 1546 1779 necessitatem
1580 1716 2066 1790 immobilitatiS,
2097 1715 2357 1797 loquen—

2474 729 2715 791 dictum
2766 729 2886 792 hoc
2937 730 3124 792 modo
3171 731 3475 812 positum,
3517 747 3643 792 non
3693 730 3976 792 sumitur

2475 836 2544 888 ut
2582 846 2806 889 verum
2854 835 2963 890 aut
3002 826 3256 902 falsum,
3289 828 3389 891 vel
3432 837 3495 890 ut
3539 828 3973 892 necessarium

2472 935 2582 988 aut
2629 926 3027 1007 contingens,
3078 926 3188 988 sed
3239 935 3309 989 ut
3354 927 3599 989 dictum
3649 927 3973 1009 quoddam

2472 1032 2739 1087 tantum.
2776 1025 2951 1087 Unde
2982 1025 3243 1106 aequalis
3274 1025 3705 1106 contingentia
3734 1025 3836 1088 vel
3868 1044 3976 1087 ne-

2472 1123 2731 1185 cessitas
2760 1130 2857 1185 est
2886 1123 3111 1185 harum
3145 1124 3653 1206 proposit-ionum
3678 1124 3972 1198 duarum,

2471 1221 2623 1284 Dico
2680 1222 3003 1283 Socratem
3062 1241 3368 1302 currere3
3420 1231 3503 1296 et,
3557 1223 3711 1286 Dico
3768 1222 3973 1286 solem

2471 1319 2713 1381 moveri
2768 1338 2782 1382 :
2834 1319 3028 1380 etiam
3079 1320 3223 1382 dato
3276 1320 3445 1401 quod
3498 1321 3709 1402 ipsum
3759 1320 3974 1382 dicere

2470 1416 2552 1478 sit
2581 1418 3033 1480 necessarium.
3072 1418 3301 1500 Sicque
3336 1419 3526 1481 etiam
3562 1419 3767 1500 posito
3799 1418 3973 1500 quod

2469 1516 2623 1577 ordo
2652 1515 2730 1576 ad
2763 1515 3052 1578 fut-urum
3086 1516 3464 1598 importatus
3485 1509 3582 1579 ’sit
3613 1516 3970 1590 mutabiliS‚

2470 1612 2633 1674 nihil
2674 1615 2943 1695 impedit
2980 1615 3057 1676 de
3099 1615 3472 1677 necessitate
3511 1615 3968 1677 antecedentis.

2468 1747 2549 1756 --
2586 1711 2745 1774 Hinc
2788 1711 2897 1773 alii
2946 1712 3190 1788 dicunt,
3238 1713 3359 1774 1106
3403 1713 3785 1775 antecedens
3828 1731 3974 1776 esse

859 1814 942 1877 do
991 1815 1070 1877 de
1119 1814 1368 1877 actibus
1419 1814 1804 1888 intrinseciS,
1857 1822 1927 1876 ut
1976 1813 2353 1895 intelligere,
2394 1811 2441 1873 B
2471 1809 2925 1884 necessarium,
2974 1829 3093 1871 1166
3152 1819 3364 1872 tamen
3414 1829 3810 1893 consequens
3862 1830 3973 1873 ne-

857 1913 1023 1975 velle
1057 1932 1072 1976 z
1108 1913 1251 1976 ideo
1286 1932 1415 1975 non
1457 1920 1552 1975 est
1596 1913 1970 1993 contingens
2019 1931 2144 1975 non
2192 1931 2353 1986 esse,

859 2011 910 2072 si
961 2018 1236 2093 ponatur
1282 2031 1438 2074 esse.
1489 2012 1564 2073 Et
1608 2011 1908 2093 quoniam
1959 2029 2356 2092 consequens

857 2126 985 2171 non
1025 2117 1233 2191 potest
1273 2109 1422 2192 poni
1464 2127 1591 2173 non
1631 2129 1790 2184 esse,
1835 2109 1958 2171 nisi
2001 2118 2065 2172 et
2107 2117 2355 2171 antece-

857 2207 1013 2269 dens
1054 2214 1325 2289 ponatur
1367 2226 1493 2271 non
1533 2227 1691 2282 esse,
1727 2226 2122 2289 consequens
2161 2208 2354 2270 etiam

858 2323 983 2368 non
1032 2307 1264 2387 poterit
1314 2306 1466 2387 poni
1518 2324 1644 2368 non
1693 2325 1850 2370 esse.
1897 2305 2018 2368 Sed
2067 2306 2187 2367 hoc
2228 2325 2357 2367 cer-

857 2410 995 2465 tum
1027 2411 1144 2476 est,
1167 2405 1333 2486 quod
1364 2405 1744 2467 antecedens
1773 2413 1981 2487 potest
2009 2405 2160 2487 poni
2194 2423 2350 2466 6556.

856 2502 1091 2564 Verum
1155 2510 1251 2564 est
1313 2521 1611 2584 namque,
1673 2503 2090 2566 determinate
2153 2505 2355 2566 Deum

855 2601 1100 2683 aliquid
1150 2600 1510 2663 futurorum
1562 2619 1734 2664 nunc
1773 2601 1936 2664 scire
1981 2621 1994 2665 ε
2038 2610 2101 2664 et
2139 2603 2227 2664 ita
2264 2621 2359 2664 56-

857 2699 1097 2780 quitur,
1140 2700 1310 2782 quod
1351 2717 1746 2781 consequens
1787 2718 1912 2762 non
1953 2708 2160 2781 potest
2205 2700 2355 2782 poni

857 2815 986 2859 non
1043 2815 1204 2870 esse,
1265 2797 1458 2859 etiam
1525 2797 1812 2860 absolute
1880 2807 2233 2881 sumptum,
2294 2807 2357 2861 et

861 2895 1062 2957 multo
1105 2895 1318 2956 minus
1367 2895 1534 2976 quod
1576 2895 1776 2977 possit
1820 2897 2187 2976 contingere
2228 2914 2355 2958 non

2470 1909 2816 1970 cessarium
2860 1917 2953 1970 est
2990 1928 3004 1972 :
3050 1910 3349 1991 quoniam
3397 1909 3795 1992 praeallegata
3839 1928 3971 1972 ma-

2471 2007 2643 2069 xima
2672 2007 2781 2069 illa
2810 2007 3188 2088 intelligitur
3218 2015 3461 2070 tantum
3490 2008 3568 2070 de
3600 2008 3727 2070 illis
3758 2008 3973 2071 condi-

2471 2106 2818 2168 tionalibus
2858 2107 2924 2168 in
2963 2106 3198 2187 quibus
3236 2108 3617 2169 antecedens
3652 2115 3749 2168 est
3779 2126 3971 2170 causa

2472 2204 2759 2284 proxima
2818 2204 3285 2285 consequentis
3336 2205 3571 2266 Verum
3631 2206 3751 2267 hoc
3811 2224 3970 2287 quo-

2468 2319 2593 2381 que
2636 2320 2764 2365 non
2813 2302 3004 2364 solvit
3047 2301 3351 2384 plenarie,
3397 2303 3701 2384 quoniam
3748 2304 3970 2384 regula

2468 2420 2542 2462 ca
2583 2418 2711 2463 non
2758 2400 3065 2482 probatur
3106 2420 3142 2461 a
3181 2401 3564 2483 Philosopho
3602 2419 3679 2464 ex
3722 2404 3969 2465 ratione

2470 2499 2879 2574 causalitati8‚
2930 2500 3041 2561 sed
3092 2501 3563 2583 consequentiae
3610 2502 3968 2564 secundum

2468 2617 2660 2680 quam
2691 2617 2768 2660 ex
2801 2598 3157 2661 necessario
3188 2598 3479 2680 sequitur
3508 2601 3965 2675 necessarium,

2466 2697 2601 2758 sive
2646 2697 2729 2758 sit
2771 2715 2981 2770 causa,
3030 2696 3164 2758 sive
3205 2695 3497 2760 effectus.

2546 2795 2693 2857 Ideo
2732 2795 2917 2857 aliter
2957 2803 3055 2857 est
3096 2795 3462 2870 dicendum,
3506 2796 3675 2877 quod
3712 2805 3967 2859 antece-

2465 2892 2620 2955 dens
2666 2893 2825 2954 illud
2867 2901 2964 2955 est
3002 2893 3430 2956 necessarium
3470 2895 3779 2969 absolute,
3823 2903 3967 2958 tum

857 3011 1016 3054 esse.
1049 3028 1130 3038 —
1158 2992 1317 3054 Hinc
1348 2993 1456 3054 alii
1501 2992 1743 3066 dicunt,
1779 2994 1948 3074 quod
1983 2993 2149 3055 istud
2181 3001 2354 3056 ante·
2390 2993 2435 3058 C
2464 3010 2541 3054 ex
2588 2990 3035 3054 immobilitate
3076 2998 3276 3066 actus,
3320 3000 3457 3054 tum
3502 3011 3579 3055 ex
3621 2993 3843 3056 ordine
3883 2994 3964 3057 ad

857 3088 1088 3151 cedens
1123 3097 1218 3152 est
1248 3090 1643 3172 contingenS,
1678 3091 1980 3173 quoniam
2021 3091 2355 3173 designan-

857 3193 962 3247 tur
1003 3186 1095 3249 ibi
1142 3188 1290 3261 duo,
1333 3188 1652 3263 videlicet,
1695 3197 1873 3251 actus
1918 3174 2195 3265 divinuS‚
2243 3191 2354 3272 qui

855 3290 954 3345 est
994 3283 1438 3359 immutabiliS,
1473 3292 1536 3345 et
1572 3286 1728 3348 ordo
1767 3285 1845 3347 ad
1889 3285 2202 3361 futurum,
2241 3287 2353 3368 qui

855 3388 952 3443 est
983 3381 1308 3444 mutabilis
1340 3382 1765 3445 mutabilitate
1798 3384 1886 3445 rei
1923 3400 1938 3445 ε
1974 3383 2116 3446 11160
2149 3392 2351 3447 totum

851 3480 1272 3561 judicandum
1321 3488 1416 3543 est
1466 3482 1838 3563 contingens
1896 3490 2158 3564 propter
2206 3483 2356 3545 alte-

854 3598 996 3640 rum
1049 3586 1314 3641 tantum.
1369 3580 1564 3643 Istum
1615 3580 1788 3641 enim
1837 3600 1976 3643 esse
2025 3580 2351 3644 hominem

852 3676 1094 3752 album,
1129 3677 1501 3758 contingens
1541 3685 1658 3750 est,
1691 3680 1985 3761 quamvis
2025 3698 2172 3741 eum
2213 3699 2351 3742 esse

853 3776 1203 3849 hominem,
1238 3777 1666 3839 necessarium
1709 3777 1809 3839 sit.
1853 3777 1974 3839 Sed
2019 3796 2136 3839 1166
2179 3778 2351 3840 istud

855 3874 1107 3935 videtur
1135 3874 1379 3937 solvere
1420 3874 1904 3937 dubitationem.
1938 3875 2144 3948 Quum
2175 3876 2349 3938 enim

853 3972 1088 4034 dicitur
1128 3972 1294 4034 Deus
1334 3971 1576 4055 aliquid
1622 3974 2039 4054 praescivisse,
2080 3975 2234 4037 ordo
2270 3974 2349 4035 ad

853 4069 1142 4131 futurum
1173 4071 1540 4151 designatur
1570 4070 1658 4132 ibi
1693 4079 1991 4153 tanquam
2023 4072 2347 4154 objectum

2466 3090 2699 3152 scitum
2736 3109 2749 3154 ε
2784 3089 2936 3171 quia
2974 3108 3074 3153 res
3115 3090 3234 3153 ista
3274 3107 3400 3153 non
3446 3091 3708 3174 ponitur
3747 3091 3967 3173 subja·

2466 3208 2608 3251 cere
2639 3190 2871 3252 divinae
2900 3190 3183 3253 scientiae
3214 3190 3337 3251 nisi
3369 3190 3523 3252 dum
3554 3198 3651 3253 est
3684 3191 3751 3252 in
3788 3197 3961 3265 actu,

2463 3289 2817 3350 secundum
2861 3289 3033 3370 quod
3076 3288 3669 3351 determinationem
3719 3298 3783 3351 et
3832 3308 3967 3352 cer-

2464 3388 2803 3449 titudinem
2844 3386 3052 3448 habet.
3095 3387 3311 3469 Ipsum
3350 3387 3523 3449 enim
3566 3406 3825 3450 necesse
3862 3396 3963 3451 est

2462 3504 2601 3548 esse
2631 3486 2783 3547 dum
2816 3493 2929 3547 est.
2956 3485 3198 3547 Idcirco
3225 3493 3321 3547 est
3350 3485 3583 3547 similis
3613 3486 3963 3549 necessitas

2464 3585 2799 3646 inserenda
2836 3584 2899 3645 in
2941 3592 3391 3667 consequente,
3427 3592 3497 3645 ut
3526 3583 3769 3646 scilicet
3797 3586 3964 3647 acci-

2463 3683 2676 3765 piatur
2716 3682 2926 3764 ipsum
2966 3683 3135 3763 quod
3176 3690 3271 3745 est
3311 3684 3631 3745 Socratem
3675 3702 3957 3757 currere,

2461 3782 2813 3843 secundum
2847 3782 3017 3864 quod
3047 3788 3143 3845 est
3174 3781 3239 3842 in
3270 3790 3416 3843 actu
3453 3799 3468 3843 t
3502 3782 3722 3863 sicque
3752 3782 3960 3845 deter-

2462 3879 2877 3941 minationem
2926 3887 2990 3940 et
3036 3878 3485 3941 certitudinem
3529 3879 3737 3941 habet.
3780 3880 3959 3943 Unde

2460 3984 2633 4059 patet
2681 3978 2849 4058 quod
2897 3977 2949 4038 si
3001 3984 3288 4038 sumatur
3331 3977 3651 4040 Socratem
3700 3996 3960 4040 currere

2460 4082 2650 4156 prout
2690 4094 2769 4136 ex
2810 4075 3221 4136 antecedente
3266 4076 3576 4157 sequitur,
3623 4076 3962 4139 necessita·

853 4186 1046 4249 super
1092 4169 1263 4251 quod
1311 4168 1535 4230 transit
1583 4177 1781 4232 actuS.
1831 4170 1937 4231 Est
1986 4170 2157 4232 enim
2208 4189 2347 4233 sen·
2380 4180 2429 4241 D
2459 4181 2587 4234 tem
2618 4172 2893 4235 sortitur.
2917 4171 3051 4234 Non
3084 4171 3257 4233 enim
3286 4172 3577 4253 sequitur
3604 4191 3683 4233 ex
3710 4180 3961 4235 antece*

853 4284 960 4326 sus
995 4283 1009 4328 ε
1043 4266 1208 4327 1)6115
1241 4266 1559 4347 praescivit
1589 4267 1730 4340 hoc,
1766 4268 1828 4329 id
1860 4276 1976 4341 est,
2010 4268 2199 4330 scivit
2229 4270 2348 4331 hoc

851 4381 992 4425 esse
1039 4362 1350 4425 futurum.
1404 4364 1611 4437 Quum
1667 4373 1881 4426 autem
1939 4366 2196 4447 aliquod
2255 4368 2347 4429 di-

853 4469 1026 4523 ctum
1061 4462 1320 4543 ponitur
1359 4470 1428 4523 ut
1469 4462 1730 4524 materia
1765 4470 1966 4536 661115,
1999 4472 2246 4545 oportet
2279 4473 2349 4526 ut

850 4557 1094 4621 dictum
1142 4560 1323 4642 quasi
1376 4560 1786 4623 materialiter
1834 4562 2241 4644 suscipiatur,
2284 4572 2349 4625 et

850 4674 978 4719 non
1031 4659 1385 4722 secundum
1444 4661 1614 4741 quod
1671 4661 1750 4722 ad
1809 4660 2345 4741 significationem

850 4757 940 4819 rei
991 4756 1265 4820 refertur
1311 4775 1324 4819 τ
1381 4767 1449 4820 ut
1496 4778 1695 4840 quum
1746 4760 1910 4834 dico,
1958 4759 2100 4821 Scio
2148 4761 2345 4823 istum

849 4874 1123 4918 currere.
1160 4858 1348 4920 Porro
1387 4876 1530 4939 quae
1570 4858 1663 4921 sic
1703 4866 2065 4932 sumuntur,
2101 4859 2345 4921 nullam

846 4952 1280 5017 differentiam
1323 4956 1772 5037 contingentiae
1811 4963 1919 5018 aut
1949 4957 2345 5019 necessitatis

846 5051 912 5113 in
974 5053 1405 5135 propositione
1462 5054 1707 5116 faciunt
1769 5071 1782 5115 :
1845 5061 1982 5115 tum
2043 5053 2345 5135 quoniam

845 5151 1079 5213 veritas
1127 5160 1319 5234 atque
1370 5152 1714 5215 necessitas
1767 5151 2219 5235 propositionis
2267 5172 2345 5214 ex

845 5249 1187 5333 principali
1237 5252 1434 5315 verbo
1487 5252 1821 5334 dependet,
1876 5252 1939 5313 in
1990 5268 2118 5334 quo
2166 5249 2347 5312 intel-

2458 4272 2645 4333 dente
2676 4270 2798 4331 nisi
2840 4270 3191 4332 secundum
3232 4270 3400 4351 quod
3440 4269 3687 4332 substat
3722 4271 3958 4336 divinae

2458 4369 2761 4443 scientim,
2816 4368 2919 4429 6111
2974 4367 3316 4447 subjicitur
3372 4368 3725 4431 secundum
3782 4370 3959 4451 quod

2457 4467 2894 4530 consideratur
2932 4473 3001 4528 ut
3040 4466 3523 4548 praesentialiter
3561 4467 3627 4529 in
3665 4485 3783 4529 suo
3814 4487 3959 4531 6556

2455 4565 2686 4628 actuali
2732 4584 2746 4628 ε
2790 4564 2933 4626 11160
2980 4564 3073 4627 516
3120 4582 3376 4647 quoque
3424 4565 3807 4628 sumendum
3856 4574 3959 4629 est

2456 4681 2873 4745 consequens,
2936 4663 3071 4736 Quo
3136 4663 3359 4745 utique
3427 4663 3615 4725 modo
3680 4672 3951 4737 constat,

2458 4762 2626 4843 quod
2666 4769 2729 4823 et
2770 4778 3167 4843 consequens
3210 4760 3641 4823 necessarium
3681 4761 3763 4823 sit
3798 4780 3813 4826 ε
3847 4781 3959 4824 ne-

2456 4860 2803 4923 cessarium
2835 4860 3005 4921 enim
3037 4867 3132 4921 est
3163 4860 3482 4922 Socratem
3516 4878 3771 4921 currere
3797 4860 3955 4922 dum

2455 4958 2673 5021 currit.

2536 5057 2656 5119 Sed
2688 5076 2907 5119 rursus
2948 5056 3039 5118 sic
3081 5056 3277 5136 objici
3311 5064 3517 5138 potest
3550 5073 3565 5117 :
3598 5054 3801 5119 Omne
3830 5058 3958 5119 sci·

2457 5163 2595 5217 tum
2632 5174 2669 5217 a
2706 5156 2855 5229 Deo,
2899 5173 3158 5217 necesse
3206 5163 3303 5216 est
3349 5173 3573 5217 verum
3616 5171 3801 5233 esse3
3840 5156 3957 5217 sed

2456 5272 2646 5317 omne
2698 5252 3070 5334 contingens
3118 5260 3214 5315 est
3262 5253 3495 5316 scitum
3542 5271 3580 5314 a
3628 5253 3781 5328 De0,
3824 5261 3954 5317 etc.
