4359 6250
838 465 918 531 40
1477 486 1540 532 m
1583 486 1804 532 mannii
1846 488 1867 531 1
1909 486 2393 533 salvi-Burmann.
2430 503 2510 514 —
2551 487 2704 532 msr.
2750 484 2921 548 xv11;
2964 485 3189 540 Quffisr.
3232 485 3295 530 v1

840 674 982 717 rum
1023 657 1278 738 proprie
1307 665 1404 718 est
1433 657 1743 720 definitio.
1779 656 2082 718 Definitio
2119 665 2334 718 autem
2363 656 2415 718 A
2444 657 2536 718 sic
2580 655 2987 718 divisibilitas
3034 656 3256 719 formae
3302 655 3655 718 secundum
3702 657 3935 737 gradus

837 772 1105 816 numero
1153 764 1574 837 comparatur,
1618 756 1918 837 quoniam
1970 755 2333 817 definitioni

835 851 927 914 nil
971 853 1115 914 addi
1156 861 1363 934 potest
1403 861 1513 915 aut
1561 854 1764 916 minui
1806 855 1944 916 sine
1985 854 2332 916 variatione

837 949 903 1010 in
944 951 1175 1032 specie.
1220 952 1429 1014 Tertio
1471 960 1678 1032 potest
1718 952 1867 1026 dici,
1901 951 2072 1034 quod
2111 969 2333 1014 omnes

837 1047 1057 1110 formae
1097 1057 1226 1111 tam
1267 1050 1714 1112 substantiales
1751 1070 1942 1132 quam
1981 1051 2335 1112 accidenta-

839 1148 929 1209 les
969 1167 1036 1209 se
1067 1148 1303 1209 habent
1342 1156 1408 1209 ut
1441 1149 1713 1222 numeri,
1746 1157 2055 1229 quantum
2095 1150 2172 1210 ad
2213 1148 2335 1211 hoc

838 1247 1007 1327 quod
1049 1255 1198 1309 sunt
1248 1247 1671 1310 indivisibiles
1710 1257 1772 1310 et
1811 1248 1947 1310 sine
1999 1247 2333 1310 latitudine

837 1346 1150 1426 graduum
1180 1354 1491 1427 quantum
1521 1347 1598 1408 ad
1630 1346 1860 1427 gradus
1891 1345 2190 1409 formales
2221 1347 2333 1428 qui

841 1444 1235 1506 constituunt
1275 1445 1577 1526 speciem,
1613 1463 1740 1508 non
1778 1453 1990 1506 autem
2023 1453 2333 1526 quantum

839 1541 916 1602 ad
965 1542 1195 1622 gradus
1245 1543 1580 1624 possibiles
1629 1544 1900 1605 inveniri
1953 1544 2017 1605 in
2065 1543 2335 1606 diversis

840 1640 1130 1721 ejusdem
1179 1641 1414 1722 speciei
1473 1643 1840 1724 suppositis,
1892 1679 1972 1686 —
2019 1643 2113 1704 Ad
2161 1642 2335 1703 aliud

840 1739 1204 1812 dicendum,
1224 1741 1393 1821 quod
1425 1758 1551 1803 non
1583 1759 1836 1823 semper
1863 1740 2172 1802 differunt
2204 1759 2338 1822 spe-

2444 773 2633 816 causa
2660 763 2757 816 est
2785 755 3175 837 suscipiendi
3208 754 3407 835 magis
3438 773 3510 816 ac
3542 754 3773 816 minus.
3799 755 3941 815 Ter-

2444 853 2554 927 tio,
2588 853 2889 934 quoniam
2930 872 3080 914 vera
3118 853 3405 915 alteratio
3444 853 3820 915 terminatur
3854 853 3934 914 ad

2444 952 2715 1015 formam
2747 971 2888 1034 quae
2917 959 3015 1013 est
3046 952 3109 1013 in
3140 970 3371 1032 genere
3401 951 3748 1033 qualitatiS,
3782 971 3937 1032 prae-

2444 1051 2664 1113 sertim
2709 1051 2776 1112 in
2822 1049 3007 1112 tertia
3054 1050 3287 1132 specie,
3330 1057 3403 1111 ut
3446 1057 3617 1130 patet
3664 1049 3938 1131 septimo

2443 1149 2872 1230 Physicorum.
2928 1149 3047 1210 Sed
3097 1166 3247 1211 vera
3292 1148 3582 1210 alteratio
3628 1157 3723 1210 est
3771 1148 3939 1209 inter

2446 1247 2645 1327 magis
2687 1255 2751 1308 et
2792 1246 3024 1307 minus.
3070 1247 3232 1326 Ergo
3278 1245 3655 1308 terminatur
3700 1245 3776 1308 ad
3820 1245 3937 1307 hu-

2441 1345 2721 1427 jusmodi
2771 1343 3039 1407 formam
3088 1365 3102 1409 :
3148 1345 3318 1426 quod
3364 1363 3502 1406 esse
3550 1362 3675 1407 non
3726 1353 3941 1425 posset

2446 1445 2571 1507 nisi
2618 1445 2851 1525 gradus
2900 1444 3276 1506 intensionis
3316 1452 3379 1506 et
3418 1443 3811 1507 remissionis
3851 1452 3939 1505 at-

2446 1543 2857 1605 tenderentur
2915 1542 3266 1604 secundum
3332 1543 3535 1623 ipsam
3596 1541 3937 1604 essentiam

2447 1642 2667 1704 formae
2705 1649 2815 1702 aut
2856 1640 3198 1722 qualitatis,
3232 1676 3313 1685 —
3340 1641 3645 1703 Praeterea
3690 1639 3755 1700 hi
3804 1657 3941 1719 gra·

2447 1739 2566 1801 dus
2617 1739 3007 1802 conveniunt
3055 1739 3207 1801 solis
3264 1737 3765 1800 accidentalibus
3819 1737 3941 1801 lor-

843 1838 939 1899 cie
980 1837 1090 1900 illa
1128 1856 1398 1918 quorum
1451 1858 1652 1900 unum
1701 1839 1970 1901 includit
2007 1840 2180 1901 aliud
2226 1858 2333 1922 po·
2374 1839 2419 1900 B
2451 1837 2594 1911 miS,
2643 1856 2769 1900 non
2816 1837 3138 1911 omnibuS,
3190 1837 3299 1898 sed
3348 1835 3832 1918 separabilihuS,
3876 1845 3941 1897 et

843 1938 1153 2012 testative,
1187 1956 1302 2000 nec
1333 1956 1587 2020 semper
1614 1939 1737 2000 sibi
1771 1939 2042 2002 invicem
2077 1940 2333 2013 cedunt,

843 2035 1146 2116 quoniam
1179 2036 1244 2097 in
1275 2037 1496 2098 eadem
1536 2037 1750 2118 specie
1782 2035 2107 2099 invenitur
2136 2038 2336 2118 magis

842 2141 908 2195 et
948 2133 1181 2195 minus,

923 2232 1064 2294 Alia
1112 2233 1330 2314 opinio
1377 2241 1494 2308 est,
1546 2235 1714 2315 quod
1769 2235 1945 2297 nulla
1993 2235 2199 2297 forma
2246 2253 2337 2296 se-

845 2331 1128 2393 cundum
1168 2351 1235 2394 se
1271 2333 1371 2393 vel
1411 2335 1764 2395 secundum
1805 2353 1993 2395 suum
2022 2352 2162 2396 esse
2202 2353 2340 2415 spe-

847 2429 1106 2491 cisicum
1153 2431 1422 2512 suscipit
1467 2432 1666 2512 magis
1709 2440 1772 2493 et
1817 2432 2052 2506 minus,
2085 2432 2196 2493 sed
2242 2450 2337 2494 so-

847 2529 981 2590 lum
1025 2529 1376 2590 secundum
1422 2530 1589 2611 quod
1631 2530 2138 2592 contrahitur.ad
2180 2530 2339 2591 indi—

846 2627 1112 2689 viduum
1148 2645 1162 2688 ε
1201 2628 1294 2692 sic
1333 2628 1504 2688 enim
1549 2636 1612 2689 et
1648 2647 1776 2691 non
1819 2629 2003 2691 aliter
2039 2629 2339 2690 convenit

845 2726 905 2788 ei
937 2744 1074 2787 esse
1112 2725 1435 2787 mutabile.
1471 2726 1616 2788 Haec
1654 2736 1868 2788 autem
1908 2727 2139 2808 positio
2169 2727 2340 2789 vide-

847 2833 952 2885 tur
992 2823 1262 2886 obscura
1301 2832 1365 2886 et
1407 2824 1602 2885 dubia
1635 2841 1648 2885 :
1683 2825 1833 2905 quia
1875 2825 1932 2886 si
1979 2825 2072 2886 sic
2112 2825 2341 2887 intelli-

843 2929 1016 3003 gant,
1068 2922 1239 3002 quod
1296 2921 1502 2984 forma
1557 2923 1911 2984 se'cundum
1965 2942 2152 2984 suum
2202 2939 2341 2986 esse

2448 1937 2547 1998 his
2596 1956 2738 2018 quae
2786 1935 3179 1999 diversarum
3240 1936 3597 2018 specierum
3653 1934 3942 2016 subjecta

2448 2042 2859 2097 concernunt.
2894 2035 3079 2097 Nulla
3108 2035 3346 2096 etenim
3378 2032 3582 2097 forma
3616 2041 3824 2116 potest
3852 2033 3942 2095 di·

2448 2152 2663 2196 versos
2711 2134 2943 2214 gradus
3002 2132 3257 2207 habere,
3309 2132 3433 2196 nisi
3491 2151 3683 2214 agens
3736 2133 3940 2214 ipsam

2448 2232 2805 2314 producens
2864 2238 2929 2292 et
2982 2231 3346 2311 subJ'ectum
3404 2247 3543 2292 eam
3602 2229 3939 2310 recipiens,

2447 2331 2701 2393 valeant
2729 2328 3155 2392 diversimode
3196 2348 3263 2390 se
3305 2328 3556 2391 habere.
3594 2329 3671 2389 Et
3707 2328 3826 2390 ista
3859 2328 3943 2389 ad

2451 2428 2846 2510 propositum
2896 2428 3297 2510 applicando,
3338 2428 3481 2490 dico
3525 2427 3694 2508 quod
3742 2445 3941 2508 quum

2452 2528 2677 2590 caritas
2721 2527 2803 2588 sit
2841 2526 3095 2589 habitus
3136 2535 3385 2588 creatus
3422 2527 3501 2588 ad
3542 2545 3733 2608 quem
3776 2526 3943 2587 Deus

2452 2645 2592 2688 eam
2638 2626 3004 2695 infundens,
3038 2634 3101 2687 et
3146 2644 3324 2687 mens
3367 2642 3508 2686 eam
3552 2623 3941 2705 recipiendo,

2452 2724 2875 2786 diversimode
2920 2743 2987 2786 se
3030 2732 3298 2805 possunt
3338 2723 3571 2785 habere
3600 2723 3817 2803 (DeuS,
3851 2722 3945 2783 in·

2451 2842 2666 2904 quam,
2702 2840 2827 2885 non
2863 2841 2977 2905 per
3006 2841 3185 2884 suam
3218 2822 3657 2893 mutationem,
3690 2822 3800 2884 sed
3832 2839 3948 2902 per

2452 2921 2719 2984 liberam
2750 2921 3179 3000 voluntatem3
3222 2939 3401 2984 mens
3432 2938 3582 2983 vero
3614 2939 3728 3002 per
3756 2940 3943 2982 suum

844 3020 1234 3082 abstractum
1283 3029 1346 3081 et
1396 3020 1774 3094 universale,
1827 3039 1938 3082 seu
1988 3022 2341 3084 secundum
2378 3029 2421 3090 C
2453 3021 2780 3100 conatum)
2824 3039 2837 3081 :
2882 3021 3031 3082 hinc
3074 3020 3301 3082 caritas
3345 3020 3464 3083 hoc
3511 3020 3698 3082 modo
3740 3027 3949 3101 potest

846 3138 1027 3181 suam
1076 3117 1431 3181 absolutam
1483 3119 1814 3193 rationem,
1858 3139 1986 3184 non
2024 3121 2106 3183 sit
2145 3121 2343 3184 varia-

845 3219 1018 3293 bilis,
1052 3238 1275 3280 verum
1306 3226 1432 3297 est3
1466 3219 1575 3280 sed
1607 3219 1698 3280 sic
1730 3236 1855 3281 non
1885 3221 2085 3282 estad
2121 3238 2341 3303 propo·

847 3319 1063 3380 situm.
1099 3318 1162 3379 Si
1203 3335 1354 3379 vero
1391 3318 1484 3379 sic
1525 3318 1902 3399 intelligant,
1935 3320 2103 3401 quod
2145 3321 2339 3383 etiam

850 3418 916 3479 in
956 3416 1303 3478 individuis
1344 3434 1472 3479 non
1511 3417 1848 3479 conveniat
1886 3417 2106 3481 sormae
2148 3418 2342 3481 alicui

850 3516 1132 3597 recipere
1187 3515 1383 3595 magis
1423 3522 1488 3576 et
1537 3516 1748 3578 minus
1791 3536 1868 3577 ex
1913 3525 2090 3598 parte
2139 3518 2342 3599 ipsius

847 3613 1091 3688 fot-mse,
1133 3614 1243 3676 sed
1287 3613 1496 3675 sotum
1535 3632 1611 3675 ex
1650 3622 1827 3695 parte
1873 3615 2189 3678 individui
2231 3636 2342 3678 seu

848 3710 1158 3792 subjecti3
1205 3719 1368 3774 stare
1419 3730 1545 3775 non
1593 3722 1828 3793 posset,
1873 3734 2072 3795 quum
2123 3714 2345 3778 formae

849 3810 1004 3872 tales
1053 3829 1194 3892 quae
1243 3810 1480 3872 habent
1528 3811 1768 3874 directe
1818 3813 2231 3884 contrarium,
2282 3822 2345 3876 et

849 3910 1201 3971 secundum
1240 3908 1646 3972 Aristotelem
1696 3911 1760 3971 in
1809 3910 2342 3985 PraedicamentiS,

851 4006 1171 4087 recipiunt
1210 4008 1410 4088 magis
1444 4015 1509 4068 et
1539 4008 1773 4083 minuS,
1807 4017 1870 4070 et
1899 4028 1976 4071 ex
2015 4029 2130 4072 sua
2169 4018 2349 4073 natu-

851 4125 920 4167 ra
962 4112 1228 4186 possunt
1270 4105 1515 4167 intendi
1556 4115 1620 4168 et
1663 4108 1920 4169 remitti.

2451 3121 2691 3202 augeri,
2730 3119 3131 3183 latitudinem
3176 3120 3415 3183 habens
3460 3119 3813 3181 secundum
3855 3119 3948 3181 di-

2455 3238 2669 3283 versos
2732 3222 2963 3301 gradus
3027 3220 3455 3301 perfectionis,
3517 3220 3943 3301 Augmentum

2455 3338 2709 3402 quoque
2754 3319 3033 3381 caritatis
3076 3326 3140 3380 et
3179 3318 3642 3400 cujuscumque
3685 3318 3950 3399 qualita-

2454 3420 2558 3493 tis,
2594 3418 2794 3499 magis
2836 3417 3091 3499 proprie
3120 3423 3216 3479 est
3243 3417 3531 3480 alteratio
3569 3435 3762 3499 quam
3802 3436 3950 3497 aug-

2456 3524 2743 3580 mentum
2799 3534 2812 3577 :
2874 3516 3027 3598 quia
3080 3524 3491 3596 augmentum
3552 3515 3807 3597 proprie
3861 3523 3951 3577 at-

2452 3616 2734 3679 tenditur
2764 3614 3116 3677 secundum
3151 3614 3524 3696 qualitatem
3564 3614 3773 3687 moliS,
3806 3633 3949 3695 quae

2454 3733 2581 3777 non
2612 3721 2709 3777 est
2738 3714 2805 3775 in
2837 3713 3117 3785 caritate,
3154 3713 3285 3775 imo
3313 3730 3431 3775 nec
3462 3713 3528 3773 in
3557 3712 3771 3793 aliqua
3801 3731 3951 3794 qua-

2456 3814 2651 3887 litate,
2704 3812 2829 3874 nisi
2878 3831 2990 3893 per
3040 3811 3357 3873 accidenS.
3399 3846 3481 3857 --
3517 3809 3661 3873 Haec
3709 3812 3947 3873 Duran-

2455 3913 2593 3973 dus,
2630 3910 2826 3991 Cujus
2858 3909 3053 3972 verba
3092 3926 3207 3991 pro
3248 3917 3425 3991 parte
3466 3909 3793 3971 recitative
3824 3928 3951 3973 ma-

2454 4010 2551 4091 gis
2596 4029 2787 4091 quam
2831 4009 3135 4071 assertive
3179 4008 3430 4070 induce.
3470 4008 3616 4081 Quae
3656 4008 3951 4089 quamvis

2456 4126 2572 4189 pro
2604 4106 2830 4188 majori
2870 4114 3048 4187 parte
3082 4106 3211 4169 sint
3242 4113 3461 4169 contra
3490 4106 3831 4186 AEgidium,
3864 4113 3953 4168 ta-

933 4204 1282 4266 Dicendum
1318 4214 1414 4267 est
1452 4223 1604 4286 ergo
1643 4206 1812 4287 quod
1854 4206 2128 4269 intensio
2159 4215 2223 4269 et
2252 4226 2346 4270 re·
2376 4210 2427 4271 D
2458 4226 2605 4269 men
2646 4207 2711 4268 in
2752 4206 2871 4268 hoc
2912 4206 3081 4287 quod
3120 4204 3210 4267 ait
3246 4224 3385 4267 esse
3423 4204 3503 4267 ab
3543 4204 3820 4267 essentia
3859 4224 3953 4267 re-

853 4304 1072 4365 missio
1112 4303 1330 4366 l'ormae
1368 4305 1781 4366 attenduntur
1821 4306 2174 4368 secundum
2214 4327 2349 4388 gra-

849 4404 968 4465 dus
999 4402 1307 4465 essentiae.
1333 4403 1507 4476 Quod
1541 4402 1748 4485 primo
1780 4404 2101 4485 probatur.
2128 4406 2349 4478 Quem·

849 4501 1194 4563 admodum
1233 4500 1404 4562 enim
1449 4518 1516 4561 se
1556 4499 1746 4562 habet
1794 4502 1992 4581 magis
2031 4512 2094 4564 et
2133 4504 2347 4567 minus

851 4599 1177 4661 extensive
1237 4599 1315 4661 ad
1378 4599 1819 4680 quantitatem,
1883 4600 1970 4661 ita
2033 4620 2099 4662 se
2159 4601 2349 4665 habet

854 4696 1168 4759 intensive
1201 4697 1279 4759 ad
1318 4696 1708 4778 qualitatem.
1747 4698 1868 4760 Sed
1908 4699 2106 4779 magis
2137 4708 2202 4761 et
2232 4701 2349 4762 mi-

850 4815 972 4858 nus
1022 4795 1346 4857 extensive
1396 4796 1811 4858 attenduntur
1857 4796 1937 4858 ad
1978 4797 2349 4878 quantitatis

849 4894 1212 4957 essentiam.
1268 4892 1430 4974 Ergo
1479 4894 1794 4957 intensive
1853 4904 2204 4976 pensantur
2260 4916 2351 4958 se-

851 4992 1132 5054 cundum
1183 4992 1525 5055 essentiam
1573 4992 1918 5074 qualitatiS,
1962 5011 2104 5074 quae
2142 4995 2350 5075 quoad

852 5091 971 5154 hoc
1001 5090 1194 5153 habet
1224 5091 1626 5154 latitudinem
1666 5093 1998 5173 graduum.
2035 5093 2346 5167 Secundo,

851 5188 1018 5251 sicut
1067 5188 1542 5253 indivisibilitas
1587 5190 1651 5251 in
1689 5190 2074 5272 quibusdam
2125 5190 2349 5253 formis

852 5296 948 5349 est
977 5288 1137 5349 ratio
1175 5305 1302 5350 non
1343 5288 1730 5371 suscipiendi
1775 5289 1972 5370 magis
2011 5296 2074 5349 et.
2111 5289 2345 5363 minus,

2455 4306 2639 4368 aliter
2669 4322 2795 4366 non
2826 4303 3109 4394 differre,
3134 4304 3325 4365 etiam
3357 4323 3394 4365 a
3422 4304 3660 4366 Thoma
3688 4303 3946 4366 recedit.

2539 4404 3012 4484 Consequenter
3068 4403 3146 4464 de
3206 4402 3348 4473 hoc,
3409 4422 3489 4463 an
3548 4403 3775 4464 caritas
3837 4422 3953 4483 per

2456 4502 2843 4565 additionem
2887 4508 3210 4581 augeatur,
3244 4499 3468 4563 scribit
3510 4500 3675 4563 sicut
3710 4501 3951 4582 praeha-
3998 4490 4301 4577 wasnau.

2457 4600 2663 4663 bitum
2694 4607 2810 4673 est,
2830 4600 3366 4681 quemadmodum
3400 4600 3478 4661 de
3508 4599 3629 4661 hoc
3656 4606 3785 4661 tres
3815 4599 3952 4680 opi·

2458 4699 2681 4762 niones
2730 4698 3095 4761 consistant.
3140 4697 3348 4760 Prima
3387 4698 3739 4760 dicentium
3781 4699 3953 4779 quod

2459 4798 2687 4861 caritas
2720 4816 2834 4878 per
2864 4796 3145 4859 caritatis
3176 4804 3482 4877 augeatur
3509 4795 3897 4858 additionem
3936 4814 3951 4857 ε

2459 4915 2648 4977 quam
2694 4894 2991 4977 reprobat
3034 4893 3201 4956 sicut
3239 4892 3574 4976 reprobata
3606 4902 3702 4955 est
3737 4912 3951 4975 supra.

2460 4994 2768 5067 Secunda,
2812 4993 2980 5075 quod
3024 4993 3251 5055 caritas
3294 5000 3360 5053 et
3398 4991 3619 5055 formae
3662 4993 3960 5055 consimi-

2459 5093 2550 5155 les
2608 5100 2959 5173 augeantur
3015 5109 3129 5173 per
3185 5091 3305 5154 hoc
3363 5092 3532 5172 quod
3591 5091 3961 5173 praecedens

2460 5190 2662 5254 forma
2720 5189 3153 5271 corrumpitur
3202 5196 3393 5271 atque
3456 5188 3798 5271 perfectior
3854 5188 3959 5250 in-

2458 5288 2811 5351 troducitur
2845 5305 2858 5349 :
2893 5306 3087 5369 quam
3126 5286 3321 5368 (sicut
3359 5286 3784 5369 praehahitum
3828 5289 3961 5368 est)
