<?xml version="1.0" encoding="UTF-8"?>
<!DOCTYPE html PUBLIC "-//W3C//DTD XHTML 1.0 Transitional//EN"
    "http://www.w3.org/TR/xhtml1/DTD/xhtml1-transitional.dtd">
<html xmlns="http://www.w3.org/1999/xhtml" xml:lang="en" lang="en">
 <head>
  <title>
</title>
<meta http-equiv="Content-Type" content="text/html;charset=utf-8" />
  <meta name='ocr-system' content='tesseract 3.04.00' />
  <meta name='ocr-capabilities' content='ocr_page ocr_carea ocr_par ocr_line ocrx_word'/>
</head>
<body>
  <div class='ocr_page' id='page_1' title='image "./doctorisecstati11unkngoog_0673.png"; bbox 0 0 4359 6250; ppageno 0'>
   <div class='ocr_carea' id='block_1_1' title="bbox 162 1696 389 1804">
    <p class='ocr_par' dir='ltr' id='par_1_1' title="bbox 162 1696 389 1804">
     <span class='ocr_line' id='line_1_1' title="bbox 194 1696 389 1741; baseline 0 -2"><span class='ocrx_word' id='word_1_1' title='bbox 194 1696 243 1739; x_wconf 80' lang='lat' dir='ltr'><strong>De</strong></span> <span class='ocrx_word' id='word_1_2' title='bbox 258 1696 389 1741; x_wconf 73' lang='lat' dir='ltr'><strong>Divin.</strong></span> 
     </span>
     <span class='ocr_line' id='line_1_2' title="bbox 162 1772 369 1804; baseline 0.014 -4"><span class='ocrx_word' id='word_1_3' title='bbox 162 1772 253 1801; x_wconf 66' lang='lat' dir='ltr'><strong>noun.</strong></span> <span class='ocrx_word' id='word_1_4' title='bbox 266 1772 299 1801; x_wconf 86' lang='lat' dir='ltr'><strong>e.</strong></span> <span class='ocrx_word' id='word_1_5' title='bbox 316 1773 369 1804; x_wconf 75' lang='lat' dir='ltr'><strong>ix.</strong></span> 
     </span>
    </p>
   </div>
   <div class='ocr_carea' id='block_1_2' title="bbox 615 513 3500 592">
    <p class='ocr_par' dir='ltr' id='par_1_2' title="bbox 615 513 3500 592">
     <span class='ocr_line' id='line_1_3' title="bbox 615 513 3500 592; baseline 0 -15"><span class='ocrx_word' id='word_1_6' title='bbox 615 532 838 589; x_wconf 59' lang='lat' dir='ltr'><strong>Qumsr.</strong></span> <span class='ocrx_word' id='word_1_7' title='bbox 882 534 926 579; x_wconf 84' lang='lat'><strong>11</strong></span> <span class='ocrx_word' id='word_1_8' title='bbox 970 532 985 577; x_wconf 71' lang='grc' dir='ltr'>ε</span> <span class='ocrx_word' id='word_1_9' title='bbox 1031 534 1117 580; x_wconf 79' lang='lat' dir='ltr'><strong>AN</strong></span> <span class='ocrx_word' id='word_1_10' title='bbox 1158 534 1211 579; x_wconf 77' lang='lat' dir='ltr'><strong>a.</strong></span> <span class='ocrx_word' id='word_1_11' title='bbox 1258 534 1316 579; x_wconf 87' lang='lat' dir='ltr'><strong>v.</strong></span> <span class='ocrx_word' id='word_1_12' title='bbox 1363 533 1491 581; x_wconf 69' lang='lat' dir='ltr'><strong>arc.</strong></span> <span class='ocrx_word' id='word_1_13' title='bbox 1539 536 1675 580; x_wconf 76' lang='lat' dir='ltr'><strong>run·</strong></span> <span class='ocrx_word' id='word_1_14' title='bbox 1714 534 2087 581; x_wconf 64' lang='lat' dir='ltr'><strong>mennonium</strong></span> <span class='ocrx_word' id='word_1_15' title='bbox 2128 536 2288 592; x_wconf 84' lang='lat' dir='ltr'><strong>Quon</strong></span> <span class='ocrx_word' id='word_1_16' title='bbox 2329 536 2563 583; x_wconf 72' lang='lat' dir='ltr'><strong>camsi-1</strong></span> <span class='ocrx_word' id='word_1_17' title='bbox 2603 534 2942 583; x_wconf 60' lang='lat' dir='ltr'><strong>rassmm</strong></span> <span class='ocrx_word' id='word_1_18' title='bbox 2980 534 3299 583; x_wconf 67' lang='lat' dir='ltr'><strong>nomam</strong></span> <span class='ocrx_word' id='word_1_19' title='bbox 3385 513 3500 579; x_wconf 77' lang='lat'><strong>661</strong></span> 
     </span>
    </p>
   </div>
   <div class='ocr_carea' id='block_1_3' title="bbox 418 702 3511 787">
    <p class='ocr_par' dir='ltr' id='par_1_3' title="bbox 418 702 3511 787">
     <span class='ocr_line' id='line_1_4' title="bbox 418 702 3511 787; baseline -0 -23"><span class='ocrx_word' id='word_1_20' title='bbox 418 702 611 764; x_wconf 89' lang='lat' dir='ltr'><strong>modo</strong></span> <span class='ocrx_word' id='word_1_21' title='bbox 638 721 827 766; x_wconf 89' lang='lat' dir='ltr'><strong>omne</strong></span> <span class='ocrx_word' id='word_1_22' title='bbox 858 704 1443 786; x_wconf 56' lang='lat' dir='ltr'><strong>repraesentativum</strong></span> <span class='ocrx_word' id='word_1_23' title='bbox 1476 704 1911 767; x_wconf 85' lang='lat' dir='ltr'><strong>conformatur</strong></span> <span class='ocrx_word' id='word_1_24' title='bbox 1939 702 1990 765; x_wconf 99' lang='lat' dir='ltr'><strong>A</strong></span> <span class='ocrx_word' id='word_1_25' title='bbox 2020 705 2168 779; x_wconf 89' lang='lat' dir='ltr'><strong>Deo,</strong></span> <span class='ocrx_word' id='word_1_26' title='bbox 2203 721 2330 767; x_wconf 91' lang='lat' dir='ltr'><strong>non</strong></span> <span class='ocrx_word' id='word_1_27' title='bbox 2371 704 2845 768; x_wconf 79' lang='lat' dir='ltr'><strong>conformamur</strong></span> <span class='ocrx_word' id='word_1_28' title='bbox 2886 724 3001 787; x_wconf 90' lang='lat' dir='ltr'><strong>per</strong></span> <span class='ocrx_word' id='word_1_29' title='bbox 3040 703 3252 786; x_wconf 88' lang='lat' dir='ltr'><strong>ipsum</strong></span> <span class='ocrx_word' id='word_1_30' title='bbox 3291 702 3511 766; x_wconf 84' lang='lat' dir='ltr'><strong>volun-</strong></span> 
     </span>
    </p>
   </div>
   <div class='ocr_carea' id='block_1_4' title="bbox 416 792 1915 1865">
    <p class='ocr_par' dir='ltr' id='par_1_4' title="bbox 416 792 1915 1865">
     <span class='ocr_line' id='line_1_5' title="bbox 416 792 1910 885; baseline 0.003 -23"><span class='ocrx_word' id='word_1_31' title='bbox 416 802 474 862; x_wconf 90' lang='lat' dir='ltr'><strong>ei</strong></span> <span class='ocrx_word' id='word_1_32' title='bbox 515 802 687 883; x_wconf 92' lang='lat' dir='ltr'><strong>quod</strong></span> <span class='ocrx_word' id='word_1_33' title='bbox 730 810 1157 884; x_wconf 79' lang='lat' dir='ltr'><strong>repraesentat,</strong></span> <span class='ocrx_word' id='word_1_34' title='bbox 1204 803 1521 885; x_wconf 89' lang='lat' dir='ltr'><strong>loquendo</strong></span> <span class='ocrx_word' id='word_1_35' title='bbox 1564 804 1641 865; x_wconf 91' lang='lat' dir='ltr'><strong>de</strong></span> <span class='ocrx_word' id='word_1_36' title='bbox 1687 792 1910 885; x_wconf 75' lang='lat' dir='ltr'><strong>reprae-</strong></span> 
     </span>
     <span class='ocr_line' id='line_1_6' title="bbox 416 886 1911 983; baseline 0.002 -24"><span class='ocrx_word' id='word_1_37' title='bbox 416 899 729 962; x_wconf 88' lang='lat' dir='ltr'><strong>sentativo</strong></span> <span class='ocrx_word' id='word_1_38' title='bbox 768 920 845 963; x_wconf 84' lang='lat' dir='ltr'><strong>ex</strong></span> <span class='ocrx_word' id='word_1_39' title='bbox 887 901 1143 983; x_wconf 89' lang='lat' dir='ltr'><strong>propria</strong></span> <span class='ocrx_word' id='word_1_40' title='bbox 1176 908 1419 975; x_wconf 90' lang='lat' dir='ltr'><strong>natura,</strong></span> <span class='ocrx_word' id='word_1_41' title='bbox 1454 920 1580 964; x_wconf 92' lang='lat' dir='ltr'><strong>non</strong></span> <span class='ocrx_word' id='word_1_42' title='bbox 1624 922 1701 963; x_wconf 87' lang='lat' dir='ltr'><strong>ex</strong></span> <span class='ocrx_word' id='word_1_43' title='bbox 1736 886 1911 963; x_wconf 80' lang='lat' dir='ltr'><strong>mera</strong></span> 
     </span>
     <span class='ocr_line' id='line_1_7' title="bbox 418 997 1914 1062; baseline 0.001 -3"><span class='ocrx_word' id='word_1_44' title='bbox 418 997 834 1060; x_wconf 87' lang='lat' dir='ltr'><strong>institutione.</strong></span> <span class='ocrx_word' id='word_1_45' title='bbox 857 1000 1031 1061; x_wconf 82' lang='lat' dir='ltr'><strong>Unde</strong></span> <span class='ocrx_word' id='word_1_46' title='bbox 1061 1000 1325 1061; x_wconf 89' lang='lat' dir='ltr'><strong>effectus</strong></span> <span class='ocrx_word' id='word_1_47' title='bbox 1360 999 1591 1062; x_wconf 88' lang='lat' dir='ltr'><strong>dicitur</strong></span> <span class='ocrx_word' id='word_1_48' title='bbox 1621 1020 1749 1062; x_wconf 82' lang='lat' dir='ltr'><strong>suae</strong></span> <span class='ocrx_word' id='word_1_49' title='bbox 1782 1018 1914 1061; x_wconf 89' lang='lat' dir='ltr'><strong>cau-</strong></span> 
     </span>
     <span class='ocr_line' id='line_1_8' title="bbox 418 1096 1914 1177; baseline 0 -20"><span class='ocrx_word' id='word_1_50' title='bbox 418 1115 501 1158; x_wconf 80' lang='lat' dir='ltr'><strong>sae</strong></span> <span class='ocrx_word' id='word_1_51' title='bbox 530 1096 760 1177; x_wconf 85' lang='lat' dir='ltr'><strong>imago.</strong></span> <span class='ocrx_word' id='word_1_52' title='bbox 796 1097 1007 1160; x_wconf 90' lang='lat' dir='ltr'><strong>Tertio</strong></span> <span class='ocrx_word' id='word_1_53' title='bbox 1047 1099 1234 1161; x_wconf 90' lang='lat' dir='ltr'><strong>modo</strong></span> <span class='ocrx_word' id='word_1_54' title='bbox 1268 1099 1393 1160; x_wconf 92' lang='lat' dir='ltr'><strong>duo</strong></span> <span class='ocrx_word' id='word_1_55' title='bbox 1427 1098 1572 1160; x_wconf 91' lang='lat' dir='ltr'><strong>alba</strong></span> <span class='ocrx_word' id='word_1_56' title='bbox 1612 1098 1914 1160; x_wconf 87' lang='lat' dir='ltr'><strong>dicuntur</strong></span> 
     </span>
     <span class='ocr_line' id='line_1_9' title="bbox 416 1193 1911 1276; baseline 0.001 -22"><span class='ocrx_word' id='word_1_57' title='bbox 416 1193 675 1267; x_wconf 86' lang='lat' dir='ltr'><strong>similia,</strong></span> <span class='ocrx_word' id='word_1_58' title='bbox 719 1194 871 1276; x_wconf 89' lang='lat' dir='ltr'><strong>quia</strong></span> <span class='ocrx_word' id='word_1_59' title='bbox 911 1196 987 1257; x_wconf 92' lang='lat' dir='ltr'><strong>ad</strong></span> <span class='ocrx_word' id='word_1_60' title='bbox 1035 1215 1226 1259; x_wconf 90' lang='lat' dir='ltr'><strong>unam</strong></span> <span class='ocrx_word' id='word_1_61' title='bbox 1278 1197 1547 1260; x_wconf 89' lang='lat' dir='ltr'><strong>formam</strong></span> <span class='ocrx_word' id='word_1_62' title='bbox 1598 1195 1911 1257; x_wconf 83' lang='lat' dir='ltr'><strong>albedinis</strong></span> 
     </span>
     <span class='ocr_line' id='line_1_10' title="bbox 416 1292 1913 1375; baseline -0.001 -21"><span class='ocrx_word' id='word_1_63' title='bbox 416 1292 793 1355; x_wconf 83' lang='lat' dir='ltr'><strong>ordinantur</strong></span> <span class='ocrx_word' id='word_1_64' title='bbox 839 1312 852 1354; x_wconf 89' lang='lat'><strong>:</strong></span> <span class='ocrx_word' id='word_1_65' title='bbox 900 1301 958 1356; x_wconf 90' lang='lat' dir='ltr'><strong>et</strong></span> <span class='ocrx_word' id='word_1_66' title='bbox 1012 1295 1151 1356; x_wconf 88' lang='lat' dir='ltr'><strong>talis</strong></span> <span class='ocrx_word' id='word_1_67' title='bbox 1202 1295 1613 1357; x_wconf 85' lang='lat' dir='ltr'><strong>conformitas</strong></span> <span class='ocrx_word' id='word_1_68' title='bbox 1660 1312 1913 1375; x_wconf 85' lang='lat' dir='ltr'><strong>semper</strong></span> 
     </span>
     <span class='ocr_line' id='line_1_11' title="bbox 418 1391 1911 1474; baseline 0.001 -23"><span class='ocrx_word' id='word_1_69' title='bbox 418 1398 514 1452; x_wconf 88' lang='lat' dir='ltr'><strong>est</strong></span> <span class='ocrx_word' id='word_1_70' title='bbox 544 1392 940 1463; x_wconf 84' lang='lat' dir='ltr'><strong>conversiva,</strong></span> <span class='ocrx_word' id='word_1_71' title='bbox 972 1393 1122 1473; x_wconf 90' lang='lat' dir='ltr'><strong>quia</strong></span> <span class='ocrx_word' id='word_1_72' title='bbox 1150 1393 1226 1454; x_wconf 89' lang='lat' dir='ltr'><strong>ad</strong></span> <span class='ocrx_word' id='word_1_73' title='bbox 1257 1393 1514 1474; x_wconf 84' lang='lat' dir='ltr'><strong>aliquod</strong></span> <span class='ocrx_word' id='word_1_74' title='bbox 1548 1392 1715 1453; x_wconf 89' lang='lat' dir='ltr'><strong>idem</strong></span> <span class='ocrx_word' id='word_1_75' title='bbox 1750 1391 1911 1472; x_wconf 89' lang='lat' dir='ltr'><strong>pari-</strong></span> 
     </span>
     <span class='ocr_line' id='line_1_12' title="bbox 420 1487 1909 1571; baseline 0 -22"><span class='ocrx_word' id='word_1_76' title='bbox 420 1487 709 1550; x_wconf 88' lang='lat' dir='ltr'><strong>formiter</strong></span> <span class='ocrx_word' id='word_1_77' title='bbox 748 1489 1133 1564; x_wconf 84' lang='lat' dir='ltr'><strong>referuntur,</strong></span> <span class='ocrx_word' id='word_1_78' title='bbox 1168 1490 1253 1553; x_wconf 87' lang='lat' dir='ltr'><strong>ita</strong></span> <span class='ocrx_word' id='word_1_79' title='bbox 1293 1491 1462 1571; x_wconf 90' lang='lat' dir='ltr'><strong>quod</strong></span> <span class='ocrx_word' id='word_1_80' title='bbox 1505 1491 1671 1552; x_wconf 89' lang='lat' dir='ltr'><strong>sicut</strong></span> <span class='ocrx_word' id='word_1_81' title='bbox 1712 1508 1909 1551; x_wconf 89' lang='lat' dir='ltr'><strong>unum</strong></span> 
     </span>
     <span class='ocr_line' id='line_1_13' title="bbox 419 1586 1915 1669; baseline -0.001 -20"><span class='ocrx_word' id='word_1_82' title='bbox 419 1595 512 1649; x_wconf 87' lang='lat' dir='ltr'><strong>est</strong></span> <span class='ocrx_word' id='word_1_83' title='bbox 562 1586 777 1649; x_wconf 86' lang='lat' dir='ltr'><strong>simile</strong></span> <span class='ocrx_word' id='word_1_84' title='bbox 834 1588 1037 1661; x_wconf 88' lang='lat' dir='ltr'><strong>alteri,</strong></span> <span class='ocrx_word' id='word_1_85' title='bbox 1092 1589 1183 1650; x_wconf 89' lang='lat' dir='ltr'><strong>sic</strong></span> <span class='ocrx_word' id='word_1_86' title='bbox 1241 1602 1603 1651; x_wconf 84' lang='lat' dir='ltr'><strong>econverso.</strong></span> <span class='ocrx_word' id='word_1_87' title='bbox 1656 1589 1915 1669; x_wconf 79' lang='lat' dir='ltr'><strong>Propter</strong></span> 
     </span>
     <span class='ocr_line' id='line_1_14' title="bbox 419 1685 1913 1768; baseline 0.001 -22"><span class='ocrx_word' id='word_1_88' title='bbox 419 1685 587 1766; x_wconf 90' lang='lat' dir='ltr'><strong>quod</strong></span> <span class='ocrx_word' id='word_1_89' title='bbox 620 1686 681 1747; x_wconf 90' lang='lat' dir='ltr'><strong>S.</strong></span> <span class='ocrx_word' id='word_1_90' title='bbox 714 1685 1049 1768; x_wconf 78' lang='lat' dir='ltr'><strong>Dionysius</strong></span> <span class='ocrx_word' id='word_1_91' title='bbox 1081 1694 1483 1768; x_wconf 79' lang='lat' dir='ltr'><strong>protestatur,</strong></span> <span class='ocrx_word' id='word_1_92' title='bbox 1516 1686 1684 1768; x_wconf 89' lang='lat' dir='ltr'><strong>quod</strong></span> <span class='ocrx_word' id='word_1_93' title='bbox 1718 1686 1781 1748; x_wconf 91' lang='lat' dir='ltr'><strong>in</strong></span> <span class='ocrx_word' id='word_1_94' title='bbox 1815 1685 1913 1747; x_wconf 88' lang='lat' dir='ltr'><strong>his</strong></span> 
     </span>
     <span class='ocr_line' id='line_1_15' title="bbox 419 1783 1911 1865; baseline 0 -21"><span class='ocrx_word' id='word_1_95' title='bbox 419 1802 560 1865; x_wconf 83' lang='lat' dir='ltr'><strong>quae</strong></span> <span class='ocrx_word' id='word_1_96' title='bbox 591 1783 881 1863; x_wconf 85' lang='lat' dir='ltr'><strong>ejusdem</strong></span> <span class='ocrx_word' id='word_1_97' title='bbox 924 1792 1071 1845; x_wconf 90' lang='lat' dir='ltr'><strong>sunt</strong></span> <span class='ocrx_word' id='word_1_98' title='bbox 1108 1785 1358 1864; x_wconf 87' lang='lat' dir='ltr'><strong>generis</strong></span> <span class='ocrx_word' id='word_1_99' title='bbox 1396 1792 1505 1846; x_wconf 87' lang='lat' dir='ltr'><strong>aut</strong></span> <span class='ocrx_word' id='word_1_100' title='bbox 1535 1784 1797 1857; x_wconf 80' lang='lat' dir='ltr'><strong>ordiniS,</strong></span> <span class='ocrx_word' id='word_1_101' title='bbox 1831 1783 1911 1845; x_wconf 91' lang='lat' dir='ltr'><strong>si-</strong></span> 
     </span>
    </p>
   </div>
   <div class='ocr_carea' id='block_1_5' title="bbox 2019 801 3518 1865">
    <p class='ocr_par' dir='ltr' id='par_1_5' title="bbox 2019 801 3518 1865">
     <span class='ocr_line' id='line_1_16' title="bbox 2020 801 3513 867; baseline 0 -4"><span class='ocrx_word' id='word_1_102' title='bbox 2020 803 2127 864; x_wconf 87' lang='lat' dir='ltr'><strong>tati</strong></span> <span class='ocrx_word' id='word_1_103' title='bbox 2160 804 2412 867; x_wconf 83' lang='lat' dir='ltr'><strong>divinae.</strong></span> <span class='ocrx_word' id='word_1_104' title='bbox 2449 804 2658 865; x_wconf 88' lang='lat' dir='ltr'><strong>Tertio</strong></span> <span class='ocrx_word' id='word_1_105' title='bbox 2687 804 2964 866; x_wconf 88' lang='lat' dir='ltr'><strong>dicimur</strong></span> <span class='ocrx_word' id='word_1_106' title='bbox 2993 805 3121 866; x_wconf 90' lang='lat' dir='ltr'><strong>Deo</strong></span> <span class='ocrx_word' id='word_1_107' title='bbox 3161 801 3513 865; x_wconf 87' lang='lat' dir='ltr'><strong>conforma-</strong></span> 
     </span>
     <span class='ocr_line' id='line_1_17' title="bbox 2019 902 3512 984; baseline 0.001 -23"><span class='ocrx_word' id='word_1_108' title='bbox 2019 902 2073 962; x_wconf 92' lang='lat' dir='ltr'><strong>ri</strong></span> <span class='ocrx_word' id='word_1_109' title='bbox 2122 909 2431 983; x_wconf 87' lang='lat' dir='ltr'><strong>quantum</strong></span> <span class='ocrx_word' id='word_1_110' title='bbox 2480 902 2557 963; x_wconf 94' lang='lat' dir='ltr'><strong>ad</strong></span> <span class='ocrx_word' id='word_1_111' title='bbox 2604 910 2782 964; x_wconf 88' lang='lat' dir='ltr'><strong>aetus</strong></span> <span class='ocrx_word' id='word_1_112' title='bbox 2841 902 3320 984; x_wconf 77' lang='lat' dir='ltr'><strong>perfectionem,</strong></span> <span class='ocrx_word' id='word_1_113' title='bbox 3371 920 3512 983; x_wconf 83' lang='lat' dir='ltr'><strong>quae</strong></span> 
     </span>
     <span class='ocr_line' id='line_1_18' title="bbox 2020 999 3512 1082; baseline 0.001 -23"><span class='ocrx_word' id='word_1_114' title='bbox 2020 1000 2523 1081; x_wconf 83' lang='lat' dir='ltr'><strong>quadrupliciter</strong></span> <span class='ocrx_word' id='word_1_115' title='bbox 2578 1000 2784 1081; x_wconf 89' lang='lat' dir='ltr'><strong>accipi</strong></span> <span class='ocrx_word' id='word_1_116' title='bbox 2846 1008 3050 1081; x_wconf 88' lang='lat' dir='ltr'><strong>potest</strong></span> <span class='ocrx_word' id='word_1_117' title='bbox 3102 1018 3116 1062; x_wconf 77' lang='grc' dir='ltr'><em>τ</em></span> <span class='ocrx_word' id='word_1_118' title='bbox 3169 999 3378 1082; x_wconf 90' lang='lat' dir='ltr'><strong>primo</strong></span> <span class='ocrx_word' id='word_1_119' title='bbox 3433 1017 3512 1061; x_wconf 88' lang='lat' dir='ltr'><strong>ex</strong></span> 
     </span>
     <span class='ocr_line' id='line_1_19' title="bbox 2020 1096 3512 1177; baseline -0.001 -18"><span class='ocrx_word' id='word_1_120' title='bbox 2020 1096 2293 1177; x_wconf 89' lang='lat' dir='ltr'><strong>objecto,</strong></span> <span class='ocrx_word' id='word_1_121' title='bbox 2348 1099 2629 1160; x_wconf 88' lang='lat' dir='ltr'><strong>seeundo</strong></span> <span class='ocrx_word' id='word_1_122' title='bbox 2685 1118 2762 1161; x_wconf 84' lang='lat' dir='ltr'><strong>ex</strong></span> <span class='ocrx_word' id='word_1_123' title='bbox 2825 1098 2976 1173; x_wconf 83' lang='lat' dir='ltr'><strong>fine,</strong></span> <span class='ocrx_word' id='word_1_124' title='bbox 3029 1098 3214 1160; x_wconf 90' lang='lat' dir='ltr'><strong>tertio</strong></span> <span class='ocrx_word' id='word_1_125' title='bbox 3269 1116 3347 1159; x_wconf 88' lang='lat' dir='ltr'><strong>ex</strong></span> <span class='ocrx_word' id='word_1_126' title='bbox 3405 1097 3512 1158; x_wconf 89' lang='lat' dir='ltr'><strong>ha-</strong></span> 
     </span>
     <span class='ocr_line' id='line_1_20' title="bbox 2022 1194 3511 1277; baseline 0.001 -21"><span class='ocrx_word' id='word_1_127' title='bbox 2022 1194 2184 1268; x_wconf 90' lang='lat' dir='ltr'><strong>bitu,</strong></span> <span class='ocrx_word' id='word_1_128' title='bbox 2229 1206 2453 1277; x_wconf 90' lang='lat' dir='ltr'><strong>quarto</strong></span> <span class='ocrx_word' id='word_1_129' title='bbox 2491 1216 2568 1258; x_wconf 85' lang='lat' dir='ltr'><strong>ex</strong></span> <span class='ocrx_word' id='word_1_130' title='bbox 2608 1196 2952 1259; x_wconf 77' lang='lat' dir='ltr'><strong>efficiente.</strong></span> <span class='ocrx_word' id='word_1_131' title='bbox 2999 1197 3088 1259; x_wconf 88' lang='lat' dir='ltr'><strong>Ex</strong></span> <span class='ocrx_word' id='word_1_132' title='bbox 3128 1196 3402 1277; x_wconf 75' lang='lat' dir='ltr'><strong>obJectO,</strong></span> <span class='ocrx_word' id='word_1_133' title='bbox 3446 1195 3511 1257; x_wconf 89' lang='lat' dir='ltr'><strong>in</strong></span> 
     </span>
     <span class='ocr_line' id='line_1_21' title="bbox 2022 1294 3508 1373; baseline 0.001 -19"><span class='ocrx_word' id='word_1_134' title='bbox 2022 1302 2334 1373; x_wconf 88' lang='lat' dir='ltr'><strong>quantum</strong></span> <span class='ocrx_word' id='word_1_135' title='bbox 2376 1295 2544 1356; x_wconf 89' lang='lat' dir='ltr'><strong>circa</strong></span> <span class='ocrx_word' id='word_1_136' title='bbox 2587 1295 2826 1357; x_wconf 92' lang='lat' dir='ltr'><strong>bonum</strong></span> <span class='ocrx_word' id='word_1_137' title='bbox 2869 1304 3192 1373; x_wconf 79' lang='lat' dir='ltr'><strong>versat-ur3</strong></span> <span class='ocrx_word' id='word_1_138' title='bbox 3235 1313 3312 1367; x_wconf 61' lang='lat' dir='ltr'><strong>ex</strong></span> <span class='ocrx_word' id='word_1_139' title='bbox 3355 1294 3508 1367; x_wconf 89' lang='lat' dir='ltr'><strong>fine,</strong></span> 
     </span>
     <span class='ocr_line' id='line_1_22' title="bbox 2022 1392 3512 1457; baseline 0.001 -5"><span class='ocrx_word' id='word_1_140' title='bbox 2022 1392 2175 1452; x_wconf 90' lang='lat' dir='ltr'><strong>dum</strong></span> <span class='ocrx_word' id='word_1_141' title='bbox 2219 1398 2388 1453; x_wconf 86' lang='lat' dir='ltr'><strong>recta</strong></span> <span class='ocrx_word' id='word_1_142' title='bbox 2427 1392 2778 1457; x_wconf 87' lang='lat' dir='ltr'><strong>intentione</strong></span> <span class='ocrx_word' id='word_1_143' title='bbox 2817 1393 3021 1455; x_wconf 87' lang='lat' dir='ltr'><strong>fertur</strong></span> <span class='ocrx_word' id='word_1_144' title='bbox 3053 1394 3118 1455; x_wconf 91' lang='lat' dir='ltr'><strong>in</strong></span> <span class='ocrx_word' id='word_1_145' title='bbox 3156 1393 3396 1455; x_wconf 88' lang='lat' dir='ltr'><strong>bonum</strong></span> <span class='ocrx_word' id='word_1_146' title='bbox 3436 1392 3512 1453; x_wconf 91' lang='lat' dir='ltr'><strong>fi-</strong></span> 
     </span>
     <span class='ocr_line' id='line_1_23' title="bbox 2024 1490 3512 1572; baseline 0.002 -23"><span class='ocrx_word' id='word_1_147' title='bbox 2024 1506 2208 1565; x_wconf 90' lang='lat' dir='ltr'><strong>nem;</strong></span> <span class='ocrx_word' id='word_1_148' title='bbox 2249 1508 2326 1550; x_wconf 87' lang='lat' dir='ltr'><strong>ex</strong></span> <span class='ocrx_word' id='word_1_149' title='bbox 2371 1490 2614 1565; x_wconf 89' lang='lat' dir='ltr'><strong>habitu,</strong></span> <span class='ocrx_word' id='word_1_150' title='bbox 2651 1499 2720 1552; x_wconf 89' lang='lat' dir='ltr'><strong>ut</strong></span> <span class='ocrx_word' id='word_1_151' title='bbox 2763 1510 2963 1572; x_wconf 89' lang='lat' dir='ltr'><strong>quum</strong></span> <span class='ocrx_word' id='word_1_152' title='bbox 3009 1510 3086 1553; x_wconf 91' lang='lat' dir='ltr'><strong>ex</strong></span> <span class='ocrx_word' id='word_1_153' title='bbox 3130 1490 3364 1552; x_wconf 88' lang='lat' dir='ltr'><strong>virtute</strong></span> <span class='ocrx_word' id='word_1_154' title='bbox 3408 1491 3512 1552; x_wconf 90' lang='lat' dir='ltr'><strong>de-</strong></span> 
     </span>
     <span class='ocr_line' id='line_1_24' title="bbox 2027 1585 3518 1669; baseline 0.001 -22"><span class='ocrx_word' id='word_1_155' title='bbox 2027 1585 2404 1649; x_wconf 89' lang='lat' dir='ltr'><strong>lectabiliter</strong></span> <span class='ocrx_word' id='word_1_156' title='bbox 2433 1597 2745 1669; x_wconf 77' lang='lat' dir='ltr'><strong>operatur,</strong></span> <span class='ocrx_word' id='word_1_157' title='bbox 2778 1588 3079 1669; x_wconf 88' lang='lat' dir='ltr'><strong>quoniam</strong></span> <span class='ocrx_word' id='word_1_158' title='bbox 3113 1588 3366 1669; x_wconf 87' lang='lat' dir='ltr'><strong>signum</strong></span> <span class='ocrx_word' id='word_1_159' title='bbox 3397 1587 3518 1651; x_wconf 86' lang='lat' dir='ltr'><strong>vir-</strong></span> 
     </span>
     <span class='ocr_line' id='line_1_25' title="bbox 2026 1684 3513 1767; baseline 0.003 -23"><span class='ocrx_word' id='word_1_160' title='bbox 2026 1684 2179 1745; x_wconf 88' lang='lat' dir='ltr'><strong>tutis</strong></span> <span class='ocrx_word' id='word_1_161' title='bbox 2237 1692 2332 1745; x_wconf 91' lang='lat' dir='ltr'><strong>est</strong></span> <span class='ocrx_word' id='word_1_162' title='bbox 2389 1685 2722 1748; x_wconf 84' lang='lat' dir='ltr'><strong>delectatio</strong></span> <span class='ocrx_word' id='word_1_163' title='bbox 2784 1685 2948 1748; x_wconf 88' lang='lat' dir='ltr'><strong>fiens</strong></span> <span class='ocrx_word' id='word_1_164' title='bbox 3010 1686 3078 1747; x_wconf 92' lang='lat' dir='ltr'><strong>in</strong></span> <span class='ocrx_word' id='word_1_165' title='bbox 3135 1704 3377 1767; x_wconf 89' lang='lat' dir='ltr'><strong>opere;</strong></span> <span class='ocrx_word' id='word_1_166' title='bbox 3437 1705 3513 1748; x_wconf 86' lang='lat' dir='ltr'><strong>ex</strong></span> 
     </span>
     <span class='ocr_line' id='line_1_26' title="bbox 2024 1783 3515 1865; baseline 0.002 -22"><span class='ocrx_word' id='word_1_167' title='bbox 2024 1790 2272 1861; x_wconf 85' lang='lat' dir='ltr'><strong>agente,</strong></span> <span class='ocrx_word' id='word_1_168' title='bbox 2314 1783 2416 1844; x_wconf 90' lang='lat' dir='ltr'><strong>cui</strong></span> <span class='ocrx_word' id='word_1_169' title='bbox 2462 1784 2747 1845; x_wconf 89' lang='lat' dir='ltr'><strong>naturale</strong></span> <span class='ocrx_word' id='word_1_170' title='bbox 2795 1793 2890 1846; x_wconf 86' lang='lat' dir='ltr'><strong>est</strong></span> <span class='ocrx_word' id='word_1_171' title='bbox 2931 1803 3116 1865; x_wconf 87' lang='lat' dir='ltr'><strong>agere</strong></span> <span class='ocrx_word' id='word_1_172' title='bbox 3160 1784 3340 1847; x_wconf 88' lang='lat' dir='ltr'><strong>bene.</strong></span> <span class='ocrx_word' id='word_1_173' title='bbox 3385 1785 3515 1847; x_wconf 89' lang='lat' dir='ltr'><strong>Sic-</strong></span> 
     </span>
    </p>
   </div>
   <div class='ocr_carea' id='block_1_6' title="bbox 420 1881 3514 1963">
    <p class='ocr_par' dir='ltr' id='par_1_6' title="bbox 420 1881 3514 1963">
     <span class='ocr_line' id='line_1_27' title="bbox 420 1881 3514 1963; baseline 0.001 -20"><span class='ocrx_word' id='word_1_174' title='bbox 420 1881 717 1943; x_wconf 67' lang='lat' dir='ltr'><strong>militud‘o</strong></span> <span class='ocrx_word' id='word_1_175' title='bbox 774 1882 1183 1945; x_wconf 87' lang='lat' dir='ltr'><strong>convertitur.</strong></span> <span class='ocrx_word' id='word_1_176' title='bbox 1238 1882 1571 1963; x_wconf 83' lang='lat' dir='ltr'><strong>Quumque</strong></span> <span class='ocrx_word' id='word_1_177' title='bbox 1618 1883 1911 1945; x_wconf 88' lang='lat' dir='ltr'><strong>voluntas</strong></span> <span class='ocrx_word' id='word_1_178' title='bbox 1948 1884 1996 1947; x_wconf 90' lang='lat' dir='ltr'>B</span> <span class='ocrx_word' id='word_1_179' title='bbox 2026 1900 2149 1962; x_wconf 90' lang='lat' dir='ltr'><strong>que</strong></span> <span class='ocrx_word' id='word_1_180' title='bbox 2190 1881 2480 1943; x_wconf 84' lang='lat' dir='ltr'><strong>voluntas</strong></span> <span class='ocrx_word' id='word_1_181' title='bbox 2526 1888 2742 1944; x_wconf 90' lang='lat' dir='ltr'><strong>nostra</strong></span> <span class='ocrx_word' id='word_1_182' title='bbox 2789 1884 3220 1945; x_wconf 89' lang='lat' dir='ltr'><strong>conformatur</strong></span> <span class='ocrx_word' id='word_1_183' title='bbox 3259 1882 3514 1957; x_wconf 79' lang='lat' dir='ltr'><strong>divinae,</strong></span> 
     </span>
    </p>
   </div>
   <div class='ocr_carea' id='block_1_7' title="bbox 415 1980 1915 3045">
    <p class='ocr_par' dir='ltr' id='par_1_7' title="bbox 416 1980 1913 2435">
     <span class='ocr_line' id='line_1_28' title="bbox 418 1980 1911 2062; baseline 0 -20"><span class='ocrx_word' id='word_1_184' title='bbox 418 1980 698 2042; x_wconf 89' lang='lat' dir='ltr'><strong>humana</strong></span> <span class='ocrx_word' id='word_1_185' title='bbox 738 1988 1140 2062; x_wconf 84' lang='lat' dir='ltr'><strong>comparetur</strong></span> <span class='ocrx_word' id='word_1_186' title='bbox 1177 1981 1252 2042; x_wconf 92' lang='lat' dir='ltr'><strong>ad</strong></span> <span class='ocrx_word' id='word_1_187' title='bbox 1295 1981 1576 2042; x_wconf 86' lang='lat' dir='ltr'><strong>divinam</strong></span> <span class='ocrx_word' id='word_1_188' title='bbox 1618 1982 1782 2042; x_wconf 88' lang='lat' dir='ltr'><strong>sicut</strong></span> <span class='ocrx_word' id='word_1_189' title='bbox 1822 1980 1911 2042; x_wconf 82' lang='lat' dir='ltr'><strong>ef-</strong></span> 
     </span>
     <span class='ocr_line' id='line_1_29' title="bbox 420 2077 1909 2161; baseline -0.001 -21"><span class='ocrx_word' id='word_1_190' title='bbox 420 2077 624 2141; x_wconf 89' lang='lat' dir='ltr'><strong>fectus</strong></span> <span class='ocrx_word' id='word_1_191' title='bbox 664 2078 741 2140; x_wconf 89' lang='lat' dir='ltr'><strong>ad</strong></span> <span class='ocrx_word' id='word_1_192' title='bbox 785 2080 1107 2161; x_wconf 85' lang='lat' dir='ltr'><strong>propriam</strong></span> <span class='ocrx_word' id='word_1_193' title='bbox 1147 2098 1425 2151; x_wconf 91' lang='lat' dir='ltr'><strong>causam,</strong></span> <span class='ocrx_word' id='word_1_194' title='bbox 1460 2086 1704 2142; x_wconf 89' lang='lat' dir='ltr'><strong>constat</strong></span> <span class='ocrx_word' id='word_1_195' title='bbox 1743 2079 1909 2160; x_wconf 90' lang='lat' dir='ltr'><strong>quod</strong></span> 
     </span>
     <span class='ocr_line' id='line_1_30' title="bbox 419 2176 1909 2259; baseline 0 -22"><span class='ocrx_word' id='word_1_196' title='bbox 419 2176 733 2239; x_wconf 82' lang='lat' dir='ltr'><strong>imitativa</strong></span> <span class='ocrx_word' id='word_1_197' title='bbox 778 2186 841 2239; x_wconf 89' lang='lat' dir='ltr'><strong>et</strong></span> <span class='ocrx_word' id='word_1_198' title='bbox 890 2176 1265 2259; x_wconf 87' lang='lat' dir='ltr'><strong>participata</strong></span> <span class='ocrx_word' id='word_1_199' title='bbox 1311 2176 1769 2239; x_wconf 89' lang='lat' dir='ltr'><strong>assimilatione</strong></span> <span class='ocrx_word' id='word_1_200' title='bbox 1818 2176 1909 2237; x_wconf 90' lang='lat' dir='ltr'><strong>illi</strong></span> 
     </span>
     <span class='ocr_line' id='line_1_31' title="bbox 416 2275 1913 2357; baseline -0.001 -20"><span class='ocrx_word' id='word_1_201' title='bbox 416 2275 826 2349; x_wconf 85' lang='lat' dir='ltr'><strong>assimiletur,</strong></span> <span class='ocrx_word' id='word_1_202' title='bbox 860 2276 1081 2357; x_wconf 90' lang='lat' dir='ltr'><strong>sicque</strong></span> <span class='ocrx_word' id='word_1_203' title='bbox 1126 2275 1335 2337; x_wconf 88' lang='lat' dir='ltr'><strong>eidem</strong></span> <span class='ocrx_word' id='word_1_204' title='bbox 1385 2275 1449 2336; x_wconf 90' lang='lat' dir='ltr'><strong>in</strong></span> <span class='ocrx_word' id='word_1_205' title='bbox 1494 2275 1765 2338; x_wconf 89' lang='lat' dir='ltr'><strong>volendo</strong></span> <span class='ocrx_word' id='word_1_206' title='bbox 1809 2294 1913 2335; x_wconf 90' lang='lat' dir='ltr'><strong>va-</strong></span> 
     </span>
     <span class='ocr_line' id='line_1_32' title="bbox 419 2373 993 2435; baseline 0 0"><span class='ocrx_word' id='word_1_207' title='bbox 419 2374 541 2435; x_wconf 89' lang='lat' dir='ltr'><strong>leat</strong></span> <span class='ocrx_word' id='word_1_208' title='bbox 586 2373 993 2435; x_wconf 89' lang='lat' dir='ltr'><strong>conformari.</strong></span> 
     </span>
    </p>

    <p class='ocr_par' dir='ltr' id='par_1_8' title="bbox 415 2472 1915 3045">
     <span class='ocr_line' id='line_1_33' title="bbox 495 2472 1913 2555; baseline 0.001 -21"><span class='ocrx_word' id='word_1_209' title='bbox 495 2472 782 2554; x_wconf 90' lang='lat' dir='ltr'><strong>Denique</strong></span> <span class='ocrx_word' id='word_1_210' title='bbox 825 2473 902 2534; x_wconf 87' lang='lat' dir='ltr'><strong>ad</strong></span> <span class='ocrx_word' id='word_1_211' title='bbox 946 2472 1276 2534; x_wconf 90' lang='lat' dir='ltr'><strong>sciendum</strong></span> <span class='ocrx_word' id='word_1_212' title='bbox 1324 2472 1389 2534; x_wconf 91' lang='lat' dir='ltr'><strong>in</strong></span> <span class='ocrx_word' id='word_1_213' title='bbox 1434 2492 1559 2555; x_wconf 89' lang='lat' dir='ltr'><strong>quo</strong></span> <span class='ocrx_word' id='word_1_214' title='bbox 1604 2473 1723 2535; x_wconf 91' lang='lat' dir='ltr'><strong>ista</strong></span> <span class='ocrx_word' id='word_1_215' title='bbox 1766 2491 1913 2536; x_wconf 90' lang='lat' dir='ltr'><strong>con-</strong></span> 
     </span>
     <span class='ocr_line' id='line_1_34' title="bbox 416 2572 1911 2654; baseline -0.001 -20"><span class='ocrx_word' id='word_1_216' title='bbox 416 2572 597 2635; x_wconf 87' lang='lat' dir='ltr'><strong>sistat</strong></span> <span class='ocrx_word' id='word_1_217' title='bbox 626 2572 1058 2645; x_wconf 79' lang='lat' dir='ltr'><strong>conformitaS,</strong></span> <span class='ocrx_word' id='word_1_218' title='bbox 1092 2580 1340 2654; x_wconf 87' lang='lat' dir='ltr'><strong>oportet</strong></span> <span class='ocrx_word' id='word_1_219' title='bbox 1378 2572 1703 2635; x_wconf 88' lang='lat' dir='ltr'><strong>advertere</strong></span> <span class='ocrx_word' id='word_1_220' title='bbox 1745 2573 1911 2653; x_wconf 90' lang='lat' dir='ltr'><strong>quod</strong></span> 
     </span>
     <span class='ocr_line' id='line_1_35' title="bbox 415 2670 1915 2752; baseline -0.001 -19"><span class='ocrx_word' id='word_1_221' title='bbox 415 2670 687 2733; x_wconf 88' lang='lat' dir='ltr'><strong>effectus</strong></span> <span class='ocrx_word' id='word_1_222' title='bbox 732 2679 1134 2752; x_wconf 88' lang='lat' dir='ltr'><strong>comparatur</strong></span> <span class='ocrx_word' id='word_1_223' title='bbox 1171 2671 1249 2732; x_wconf 92' lang='lat' dir='ltr'><strong>ad</strong></span> <span class='ocrx_word' id='word_1_224' title='bbox 1293 2690 1473 2732; x_wconf 87' lang='lat' dir='ltr'><strong>suam</strong></span> <span class='ocrx_word' id='word_1_225' title='bbox 1514 2690 1768 2732; x_wconf 88' lang='lat' dir='ltr'><strong>causam</strong></span> <span class='ocrx_word' id='word_1_226' title='bbox 1808 2670 1915 2732; x_wconf 81' lang='lat' dir='ltr'><strong>t-ri-</strong></span> 
     </span>
     <span class='ocr_line' id='line_1_36' title="bbox 416 2768 1915 2851; baseline 0.001 -22"><span class='ocrx_word' id='word_1_227' title='bbox 416 2769 691 2851; x_wconf 89' lang='lat' dir='ltr'><strong>pliciter,</strong></span> <span class='ocrx_word' id='word_1_228' title='bbox 727 2777 915 2850; x_wconf 88' lang='lat' dir='ltr'><strong>prout</strong></span> <span class='ocrx_word' id='word_1_229' title='bbox 960 2769 1023 2829; x_wconf 90' lang='lat' dir='ltr'><strong>in</strong></span> <span class='ocrx_word' id='word_1_230' title='bbox 1073 2768 1571 2830; x_wconf 85' lang='lat' dir='ltr'><strong>Elementatione</strong></span> <span class='ocrx_word' id='word_1_231' title='bbox 1618 2788 1731 2830; x_wconf 88' lang='lat' dir='ltr'><strong>sua</strong></span> <span class='ocrx_word' id='word_1_232' title='bbox 1774 2768 1915 2831; x_wconf 86' lang='lat' dir='ltr'><strong>Pro-</strong></span> 
     </span>
     <span class='ocr_line' id='line_1_37' title="bbox 418 2866 1913 2939; baseline -0.001 -11"><span class='ocrx_word' id='word_1_233' title='bbox 418 2867 554 2928; x_wconf 87' lang='lat' dir='ltr'><strong>clus</strong></span> <span class='ocrx_word' id='word_1_234' title='bbox 614 2866 914 2939; x_wconf 87' lang='lat' dir='ltr'><strong>insinuat,</strong></span> <span class='ocrx_word' id='word_1_235' title='bbox 976 2866 1193 2927; x_wconf 89' lang='lat' dir='ltr'><strong>dicens</strong></span> <span class='ocrx_word' id='word_1_236' title='bbox 1250 2884 1265 2927; x_wconf 89' lang='lat'>:</span> <span class='ocrx_word' id='word_1_237' title='bbox 1330 2866 1527 2928; x_wconf 87' lang='lat' dir='ltr'><strong>Omne</strong></span> <span class='ocrx_word' id='word_1_238' title='bbox 1586 2874 1913 2928; x_wconf 88' lang='lat' dir='ltr'><strong>causatum</strong></span> 
     </span>
     <span class='ocr_line' id='line_1_38' title="bbox 419 2963 1915 3045; baseline 0 -20"><span class='ocrx_word' id='word_1_239' title='bbox 419 2972 635 3027; x_wconf 88' lang='lat' dir='ltr'><strong>manet</strong></span> <span class='ocrx_word' id='word_1_240' title='bbox 674 2964 739 3026; x_wconf 90' lang='lat' dir='ltr'><strong>in</strong></span> <span class='ocrx_word' id='word_1_241' title='bbox 781 2983 895 3027; x_wconf 89' lang='lat' dir='ltr'><strong>sua</strong></span> <span class='ocrx_word' id='word_1_242' title='bbox 934 2982 1143 3035; x_wconf 88' lang='lat' dir='ltr'><strong>causa,</strong></span> <span class='ocrx_word' id='word_1_243' title='bbox 1181 2972 1244 3025; x_wconf 89' lang='lat' dir='ltr'><strong>et</strong></span> <span class='ocrx_word' id='word_1_244' title='bbox 1284 2963 1568 3045; x_wconf 87' lang='lat' dir='ltr'><strong>procedit</strong></span> <span class='ocrx_word' id='word_1_245' title='bbox 1608 2963 1687 3024; x_wconf 94' lang='lat' dir='ltr'><strong>ab</strong></span> <span class='ocrx_word' id='word_1_246' title='bbox 1726 2983 1820 3035; x_wconf 92' lang='lat' dir='ltr'><strong>ea,</strong></span> <span class='ocrx_word' id='word_1_247' title='bbox 1852 2971 1915 3025; x_wconf 88' lang='lat' dir='ltr'><strong>et</strong></span> 
     </span>
    </p>
   </div>
   <div class='ocr_carea' id='block_1_8' title="bbox 2024 1980 3520 2651">
    <p class='ocr_par' dir='ltr' id='par_1_9' title="bbox 2024 1980 3520 2651">
     <span class='ocr_line' id='line_1_39' title="bbox 2025 1980 3517 2061; baseline 0.002 -22"><span class='ocrx_word' id='word_1_248' title='bbox 2025 1998 2225 2060; x_wconf 90' lang='lat' dir='ltr'><strong>quum</strong></span> <span class='ocrx_word' id='word_1_249' title='bbox 2258 1980 2552 2041; x_wconf 87' lang='lat' dir='ltr'><strong>volumus</strong></span> <span class='ocrx_word' id='word_1_250' title='bbox 2591 1999 2665 2043; x_wconf 90' lang='lat' dir='ltr'><strong>ea</strong></span> <span class='ocrx_word' id='word_1_251' title='bbox 2701 2001 2842 2061; x_wconf 79' lang='lat' dir='ltr'><strong>quae</strong></span> <span class='ocrx_word' id='word_1_252' title='bbox 2882 1981 3046 2043; x_wconf 90' lang='lat' dir='ltr'><strong>Deus</strong></span> <span class='ocrx_word' id='word_1_253' title='bbox 3076 1981 3212 2043; x_wconf 84' lang='lat' dir='ltr'><strong>vult</strong></span> <span class='ocrx_word' id='word_1_254' title='bbox 3243 1999 3359 2043; x_wconf 92' lang='lat' dir='ltr'><strong>nos</strong></span> <span class='ocrx_word' id='word_1_255' title='bbox 3388 1981 3517 2044; x_wconf 85' lang='lat' dir='ltr'><strong>vel-</strong></span> 
     </span>
     <span class='ocr_line' id='line_1_40' title="bbox 2025 2076 3518 2161; baseline 0.003 -24"><span class='ocrx_word' id='word_1_256' title='bbox 2025 2076 2101 2138; x_wconf 94' lang='lat' dir='ltr'><strong>le.</strong></span> <span class='ocrx_word' id='word_1_257' title='bbox 2128 2078 2343 2159; x_wconf 89' lang='lat' dir='ltr'><strong>Itaque</strong></span> <span class='ocrx_word' id='word_1_258' title='bbox 2375 2079 2727 2141; x_wconf 89' lang='lat' dir='ltr'><strong>secundum</strong></span> <span class='ocrx_word' id='word_1_259' title='bbox 2759 2078 2880 2140; x_wconf 84' lang='lat' dir='ltr'><strong>hoc</strong></span> <span class='ocrx_word' id='word_1_260' title='bbox 2910 2080 3258 2141; x_wconf 89' lang='lat' dir='ltr'><strong>attenditur</strong></span> <span class='ocrx_word' id='word_1_261' title='bbox 3288 2078 3518 2161; x_wconf 90' lang='lat' dir='ltr'><strong>prinei-</strong></span> 
     </span>
     <span class='ocr_line' id='line_1_41' title="bbox 2024 2174 3518 2259; baseline 0.002 -24"><span class='ocrx_word' id='word_1_262' title='bbox 2024 2174 2253 2256; x_wconf 87' lang='lat' dir='ltr'><strong>paliter</strong></span> <span class='ocrx_word' id='word_1_263' title='bbox 2294 2175 2704 2238; x_wconf 85' lang='lat' dir='ltr'><strong>conformitas</strong></span> <span class='ocrx_word' id='word_1_264' title='bbox 2749 2177 2888 2251; x_wconf 89' lang='lat' dir='ltr'><strong>ista,</strong></span> <span class='ocrx_word' id='word_1_265' title='bbox 2924 2178 2987 2239; x_wconf 91' lang='lat' dir='ltr'><strong>in</strong></span> <span class='ocrx_word' id='word_1_266' title='bbox 3027 2195 3154 2258; x_wconf 91' lang='lat' dir='ltr'><strong>quo</strong></span> <span class='ocrx_word' id='word_1_267' title='bbox 3197 2177 3518 2259; x_wconf 81' lang='lat' dir='ltr'><strong>praecipue</strong></span> 
     </span>
     <span class='ocr_line' id='line_1_42' title="bbox 2024 2272 3515 2353; baseline 0.003 -20"><span class='ocrx_word' id='word_1_268' title='bbox 2024 2272 2314 2335; x_wconf 84' lang='lat' dir='ltr'><strong>consistit</strong></span> <span class='ocrx_word' id='word_1_269' title='bbox 2361 2274 2519 2336; x_wconf 87' lang='lat' dir='ltr'><strong>ratio</strong></span> <span class='ocrx_word' id='word_1_270' title='bbox 2577 2274 2915 2353; x_wconf 82' lang='lat' dir='ltr'><strong>bonitatis3</strong></span> <span class='ocrx_word' id='word_1_271' title='bbox 2966 2284 3028 2337; x_wconf 89' lang='lat' dir='ltr'><strong>et</strong></span> <span class='ocrx_word' id='word_1_272' title='bbox 3075 2276 3196 2338; x_wconf 89' lang='lat' dir='ltr'><strong>hoc</strong></span> <span class='ocrx_word' id='word_1_273' title='bbox 3244 2283 3340 2338; x_wconf 91' lang='lat' dir='ltr'><strong>est</strong></span> <span class='ocrx_word' id='word_1_274' title='bbox 3388 2293 3515 2337; x_wconf 90' lang='lat' dir='ltr'><strong>non</strong></span> 
     </span>
     <span class='ocr_line' id='line_1_43' title="bbox 2024 2370 3516 2455; baseline 0.001 -24"><span class='ocrx_word' id='word_1_275' title='bbox 2024 2370 2232 2433; x_wconf 90' lang='lat' dir='ltr'><strong>solum</strong></span> <span class='ocrx_word' id='word_1_276' title='bbox 2283 2371 2494 2453; x_wconf 91' lang='lat' dir='ltr'><strong>ipsum</strong></span> <span class='ocrx_word' id='word_1_277' title='bbox 2537 2371 2701 2434; x_wconf 90' lang='lat' dir='ltr'><strong>velle</strong></span> <span class='ocrx_word' id='word_1_278' title='bbox 2753 2380 2822 2434; x_wconf 90' lang='lat' dir='ltr'><strong>ut</strong></span> <span class='ocrx_word' id='word_1_279' title='bbox 2869 2380 2966 2434; x_wconf 89' lang='lat' dir='ltr'><strong>est</strong></span> <span class='ocrx_word' id='word_1_280' title='bbox 3005 2372 3248 2454; x_wconf 89' lang='lat' dir='ltr'><strong>aliquid</strong></span> <span class='ocrx_word' id='word_1_281' title='bbox 3298 2372 3516 2455; x_wconf 90' lang='lat' dir='ltr'><strong>positi-</strong></span> 
     </span>
     <span class='ocr_line' id='line_1_44' title="bbox 2024 2470 3516 2551; baseline 0.001 -20"><span class='ocrx_word' id='word_1_282' title='bbox 2024 2488 2200 2542; x_wconf 90' lang='lat' dir='ltr'><strong>vum,</strong></span> <span class='ocrx_word' id='word_1_283' title='bbox 2254 2470 2363 2531; x_wconf 94' lang='lat' dir='ltr'><strong>sed</strong></span> <span class='ocrx_word' id='word_1_284' title='bbox 2423 2478 2493 2531; x_wconf 89' lang='lat' dir='ltr'><strong>ut</strong></span> <span class='ocrx_word' id='word_1_285' title='bbox 2549 2477 2646 2531; x_wconf 84' lang='lat' dir='ltr'><strong>est.</strong></span> <span class='ocrx_word' id='word_1_286' title='bbox 2702 2470 2914 2533; x_wconf 87' lang='lat' dir='ltr'><strong>debite</strong></span> <span class='ocrx_word' id='word_1_287' title='bbox 2973 2470 3350 2551; x_wconf 86' lang='lat' dir='ltr'><strong>regulatum,</strong></span> <span class='ocrx_word' id='word_1_288' title='bbox 3403 2489 3516 2532; x_wconf 91' lang='lat' dir='ltr'><strong>seu</strong></span> 
     </span>
     <span class='ocr_line' id='line_1_45' title="bbox 2026 2567 3520 2651; baseline 0.001 -22"><span class='ocrx_word' id='word_1_289' title='bbox 2026 2586 2204 2629; x_wconf 85' lang='lat' dir='ltr'><strong>suam</strong></span> <span class='ocrx_word' id='word_1_290' title='bbox 2238 2567 2694 2649; x_wconf 83' lang='lat' dir='ltr'><strong>perfectionem</strong></span> <span class='ocrx_word' id='word_1_291' title='bbox 2725 2569 3038 2631; x_wconf 80' lang='lat' dir='ltr'><strong>sort-itum.</strong></span> <span class='ocrx_word' id='word_1_292' title='bbox 3064 2569 3398 2651; x_wconf 87' lang='lat' dir='ltr'><strong>Quumque</strong></span> <span class='ocrx_word' id='word_1_293' title='bbox 3429 2588 3520 2631; x_wconf 89' lang='lat' dir='ltr'><strong>se·</strong></span> 
     </span>
    </p>
   </div>
   <div class='ocr_carea' id='block_1_9' title="bbox 2026 2666 3807 2789">
    <p class='ocr_par' dir='ltr' id='par_1_10' title="bbox 2026 2666 3807 2789">
     <span class='ocr_line' id='line_1_46' title="bbox 2026 2666 3807 2789; baseline 0 -64"><span class='ocrx_word' id='word_1_294' title='bbox 2026 2666 2306 2727; x_wconf 89' lang='lat' dir='ltr'><strong>cundum</strong></span> <span class='ocrx_word' id='word_1_295' title='bbox 2339 2666 2732 2747; x_wconf 86' lang='lat' dir='ltr'><strong>Apostolum,</strong></span> <span class='ocrx_word' id='word_1_296' title='bbox 2765 2667 2930 2730; x_wconf 91' lang='lat' dir='ltr'><strong>Deus</strong></span> <span class='ocrx_word' id='word_1_297' title='bbox 2969 2676 3266 2749; x_wconf 89' lang='lat' dir='ltr'><strong>operetur</strong></span> <span class='ocrx_word' id='word_1_298' title='bbox 3305 2667 3368 2729; x_wconf 92' lang='lat' dir='ltr'><strong>in</strong></span> <span class='ocrx_word' id='word_1_299' title='bbox 3410 2686 3517 2730; x_wconf 93' lang='lat' dir='ltr'><strong>no-</strong></span> <span class='ocrx_word' id='word_1_300' title='bbox 3545 2682 3807 2789; x_wconf 40' lang='lat' dir='ltr'><strong>saffira-¹¹·</strong></span> 
     </span>
    </p>
   </div>
   <div class='ocr_carea' id='block_1_10' title="bbox 2026 2762 3520 3043">
    <p class='ocr_par' dir='ltr' id='par_1_11' title="bbox 2026 2762 3520 3043">
     <span class='ocr_line' id='line_1_47' title="bbox 2026 2762 3513 2847; baseline 0.003 -24"><span class='ocrx_word' id='word_1_301' title='bbox 2026 2762 2125 2824; x_wconf 88' lang='lat' dir='ltr'><strong>bis</strong></span> <span class='ocrx_word' id='word_1_302' title='bbox 2166 2780 2293 2824; x_wconf 91' lang='lat' dir='ltr'><strong>non</strong></span> <span class='ocrx_word' id='word_1_303' title='bbox 2333 2762 2538 2826; x_wconf 91' lang='lat' dir='ltr'><strong>solum</strong></span> <span class='ocrx_word' id='word_1_304' title='bbox 2579 2765 2764 2839; x_wconf 84' lang='lat' dir='ltr'><strong>velle,</strong></span> <span class='ocrx_word' id='word_1_305' title='bbox 2799 2766 2909 2827; x_wconf 90' lang='lat' dir='ltr'><strong>sed</strong></span> <span class='ocrx_word' id='word_1_306' title='bbox 2945 2766 3138 2828; x_wconf 89' lang='lat' dir='ltr'><strong>etiam</strong></span> <span class='ocrx_word' id='word_1_307' title='bbox 3179 2765 3513 2847; x_wconf 88' lang='lat' dir='ltr'><strong>perficere,</strong></span> 
     </span>
     <span class='ocr_line' id='line_1_48' title="bbox 2028 2860 3516 2943; baseline 0.003 -22"><span class='ocrx_word' id='word_1_308' title='bbox 2028 2861 2091 2922; x_wconf 90' lang='lat' dir='ltr'><strong>in</strong></span> <span class='ocrx_word' id='word_1_309' title='bbox 2144 2860 2264 2922; x_wconf 90' lang='lat' dir='ltr'><strong>ista</strong></span> <span class='ocrx_word' id='word_1_310' title='bbox 2322 2862 2713 2943; x_wconf 86' lang='lat' dir='ltr'><strong>perfectione</strong></span> <span class='ocrx_word' id='word_1_311' title='bbox 2771 2864 3061 2926; x_wconf 90' lang='lat' dir='ltr'><strong>consistit</strong></span> <span class='ocrx_word' id='word_1_312' title='bbox 3107 2863 3516 2927; x_wconf 85' lang='lat' dir='ltr'><strong>conformitas</strong></span> 
     </span>
     <span class='ocr_line' id='line_1_49' title="bbox 2027 2960 3520 3043; baseline 0.002 -22"><span class='ocrx_word' id='word_1_313' title='bbox 2027 2960 2180 3022; x_wconf 79' lang='lat' dir='ltr'><strong>haec.</strong></span> <span class='ocrx_word' id='word_1_314' title='bbox 2225 2960 2532 3023; x_wconf 89' lang='lat' dir='ltr'><strong>Perfectio</strong></span> <span class='ocrx_word' id='word_1_315' title='bbox 2571 2968 2784 3023; x_wconf 91' lang='lat' dir='ltr'><strong>autem</strong></span> <span class='ocrx_word' id='word_1_316' title='bbox 2837 2962 3204 3043; x_wconf 89' lang='lat' dir='ltr'><strong>hujusmodi</strong></span> <span class='ocrx_word' id='word_1_317' title='bbox 3252 2980 3380 3025; x_wconf 91' lang='lat' dir='ltr'><strong>non</strong></span> <span class='ocrx_word' id='word_1_318' title='bbox 3422 2970 3520 3024; x_wconf 87' lang='lat' dir='ltr'><strong>est</strong></span> 
     </span>
    </p>
   </div>
   <div class='ocr_carea' id='block_1_11' title="bbox 421 3060 3519 3143">
    <p class='ocr_par' dir='ltr' id='par_1_12' title="bbox 421 3060 3519 3143">
     <span class='ocr_line' id='line_1_50' title="bbox 421 3060 3519 3143; baseline -0 -18"><span class='ocrx_word' id='word_1_319' title='bbox 421 3062 813 3125; x_wconf 83' lang='lat' dir='ltr'><strong>convertit-ur</strong></span> <span class='ocrx_word' id='word_1_320' title='bbox 866 3062 945 3124; x_wconf 89' lang='lat' dir='ltr'><strong>ad</strong></span> <span class='ocrx_word' id='word_1_321' title='bbox 1005 3060 1229 3143; x_wconf 88' lang='lat' dir='ltr'><strong>ipsam.</strong></span> <span class='ocrx_word' id='word_1_322' title='bbox 1283 3061 1416 3124; x_wconf 91' lang='lat' dir='ltr'><strong>Nisi</strong></span> <span class='ocrx_word' id='word_1_323' title='bbox 1477 3062 1649 3124; x_wconf 90' lang='lat' dir='ltr'><strong>enim</strong></span> <span class='ocrx_word' id='word_1_324' title='bbox 1700 3061 1915 3143; x_wconf 86' lang='lat' dir='ltr'><strong>aliquo</strong></span> <span class='ocrx_word' id='word_1_325' title='bbox 1952 3060 1995 3123; x_wconf 91' lang='lat' dir='ltr'>C</span> <span class='ocrx_word' id='word_1_326' title='bbox 2026 3078 2103 3120; x_wconf 86' lang='lat' dir='ltr'><strong>ex</strong></span> <span class='ocrx_word' id='word_1_327' title='bbox 2143 3060 2278 3121; x_wconf 90' lang='lat' dir='ltr'><strong>solo</strong></span> <span class='ocrx_word' id='word_1_328' title='bbox 2317 3060 2589 3141; x_wconf 88' lang='lat' dir='ltr'><strong>objecto,</strong></span> <span class='ocrx_word' id='word_1_329' title='bbox 2623 3061 2734 3123; x_wconf 89' lang='lat' dir='ltr'><strong>sed</strong></span> <span class='ocrx_word' id='word_1_330' title='bbox 2775 3061 2975 3142; x_wconf 88' lang='lat' dir='ltr'><strong>magis</strong></span> <span class='ocrx_word' id='word_1_331' title='bbox 3013 3080 3090 3124; x_wconf 90' lang='lat' dir='ltr'><strong>ex</strong></span> <span class='ocrx_word' id='word_1_332' title='bbox 3130 3061 3263 3125; x_wconf 89' lang='lat' dir='ltr'><strong>fine</strong></span> <span class='ocrx_word' id='word_1_333' title='bbox 3301 3070 3364 3124; x_wconf 92' lang='lat' dir='ltr'><strong>et</strong></span> <span class='ocrx_word' id='word_1_334' title='bbox 3395 3061 3519 3125; x_wconf 91' lang='lat' dir='ltr'><strong>for-</strong></span> 
     </span>
    </p>
   </div>
   <div class='ocr_carea' id='block_1_12' title="bbox 421 3160 1918 4226">
    <p class='ocr_par' dir='ltr' id='par_1_13' title="bbox 421 3160 1918 4226">
     <span class='ocr_line' id='line_1_51' title="bbox 424 3160 1917 3242; baseline -0.001 -18"><span class='ocrx_word' id='word_1_335' title='bbox 424 3161 610 3224; x_wconf 89' lang='lat' dir='ltr'><strong>modo</strong></span> <span class='ocrx_word' id='word_1_336' title='bbox 649 3169 816 3222; x_wconf 89' lang='lat' dir='ltr'><strong>esset</strong></span> <span class='ocrx_word' id='word_1_337' title='bbox 846 3160 913 3222; x_wconf 90' lang='lat' dir='ltr'><strong>in</strong></span> <span class='ocrx_word' id='word_1_338' title='bbox 942 3179 1131 3222; x_wconf 91' lang='lat' dir='ltr'><strong>causa</strong></span> <span class='ocrx_word' id='word_1_339' title='bbox 1164 3160 1575 3241; x_wconf 87' lang='lat' dir='ltr'><strong>producente,</strong></span> <span class='ocrx_word' id='word_1_340' title='bbox 1611 3177 1736 3222; x_wconf 92' lang='lat' dir='ltr'><strong>non</strong></span> <span class='ocrx_word' id='word_1_341' title='bbox 1778 3178 1917 3242; x_wconf 88' lang='lat' dir='ltr'><strong>pos-</strong></span> 
     </span>
     <span class='ocr_line' id='line_1_52' title="bbox 423 3258 1918 3332; baseline -0.002 -10"><span class='ocrx_word' id='word_1_342' title='bbox 423 3267 517 3322; x_wconf 88' lang='lat' dir='ltr'><strong>set</strong></span> <span class='ocrx_word' id='word_1_343' title='bbox 574 3260 748 3322; x_wconf 87' lang='lat' dir='ltr'><strong>exire</strong></span> <span class='ocrx_word' id='word_1_344' title='bbox 804 3259 884 3320; x_wconf 91' lang='lat' dir='ltr'><strong>ab</strong></span> <span class='ocrx_word' id='word_1_345' title='bbox 944 3258 1073 3332; x_wconf 90' lang='lat' dir='ltr'><strong>illa,</strong></span> <span class='ocrx_word' id='word_1_346' title='bbox 1127 3259 1291 3319; x_wconf 87' lang='lat' dir='ltr'><strong>sieut</strong></span> <span class='ocrx_word' id='word_1_347' title='bbox 1341 3277 1458 3320; x_wconf 91' lang='lat' dir='ltr'><strong>nec</strong></span> <span class='ocrx_word' id='word_1_348' title='bbox 1518 3277 1595 3319; x_wconf 87' lang='lat' dir='ltr'><strong>ex</strong></span> <span class='ocrx_word' id='word_1_349' title='bbox 1657 3258 1918 3320; x_wconf 89' lang='lat' dir='ltr'><strong>materia</strong></span> 
     </span>
     <span class='ocr_line' id='line_1_53' title="bbox 423 3355 1917 3441; baseline -0.002 -21"><span class='ocrx_word' id='word_1_350' title='bbox 423 3365 630 3441; x_wconf 88' lang='lat' dir='ltr'><strong>potest</strong></span> <span class='ocrx_word' id='word_1_351' title='bbox 670 3357 855 3419; x_wconf 89' lang='lat' dir='ltr'><strong>educi</strong></span> <span class='ocrx_word' id='word_1_352' title='bbox 900 3364 1010 3419; x_wconf 91' lang='lat' dir='ltr'><strong>aut</strong></span> <span class='ocrx_word' id='word_1_353' title='bbox 1050 3356 1291 3419; x_wconf 87' lang='lat' dir='ltr'><strong>extrahi</strong></span> <span class='ocrx_word' id='word_1_354' title='bbox 1344 3356 1467 3418; x_wconf 90' lang='lat' dir='ltr'><strong>nisi</strong></span> <span class='ocrx_word' id='word_1_355' title='bbox 1515 3357 1685 3437; x_wconf 88' lang='lat' dir='ltr'><strong>quod</strong></span> <span class='ocrx_word' id='word_1_356' title='bbox 1736 3355 1799 3417; x_wconf 92' lang='lat' dir='ltr'><strong>in</strong></span> <span class='ocrx_word' id='word_1_357' title='bbox 1844 3375 1917 3417; x_wconf 88' lang='lat' dir='ltr'><strong>ea</strong></span> 
     </span>
     <span class='ocr_line' id='line_1_54' title="bbox 423 3454 1917 3537; baseline -0.003 -19"><span class='ocrx_word' id='word_1_358' title='bbox 423 3455 782 3537; x_wconf 87' lang='lat' dir='ltr'><strong>aliqualiter</strong></span> <span class='ocrx_word' id='word_1_359' title='bbox 812 3455 1209 3533; x_wconf 81' lang='lat' dir='ltr'><strong>continetur3</strong></span> <span class='ocrx_word' id='word_1_360' title='bbox 1251 3454 1361 3516; x_wconf 89' lang='lat' dir='ltr'><strong>sed</strong></span> <span class='ocrx_word' id='word_1_361' title='bbox 1394 3461 1463 3515; x_wconf 90' lang='lat' dir='ltr'><strong>ut</strong></span> <span class='ocrx_word' id='word_1_362' title='bbox 1493 3454 1917 3534; x_wconf 84' lang='lat' dir='ltr'><strong>distinguatur</strong></span> 
     </span>
     <span class='ocr_line' id='line_1_55' title="bbox 422 3551 1917 3634; baseline -0.002 -19"><span class='ocrx_word' id='word_1_363' title='bbox 422 3573 457 3615; x_wconf 98' lang='lat' dir='ltr'><strong>a</strong></span> <span class='ocrx_word' id='word_1_364' title='bbox 483 3573 694 3626; x_wconf 89' lang='lat' dir='ltr'><strong>causa,</strong></span> <span class='ocrx_word' id='word_1_365' title='bbox 728 3559 976 3634; x_wconf 88' lang='lat' dir='ltr'><strong>oportet</strong></span> <span class='ocrx_word' id='word_1_366' title='bbox 1014 3553 1183 3634; x_wconf 89' lang='lat' dir='ltr'><strong>quod</strong></span> <span class='ocrx_word' id='word_1_367' title='bbox 1226 3559 1479 3613; x_wconf 89' lang='lat' dir='ltr'><strong>emanet</strong></span> <span class='ocrx_word' id='word_1_368' title='bbox 1516 3552 1595 3613; x_wconf 93' lang='lat' dir='ltr'><strong>ab</strong></span> <span class='ocrx_word' id='word_1_369' title='bbox 1638 3570 1731 3624; x_wconf 90' lang='lat' dir='ltr'><strong>ea,</strong></span> <span class='ocrx_word' id='word_1_370' title='bbox 1767 3551 1917 3632; x_wconf 90' lang='lat' dir='ltr'><strong>quia</strong></span> 
     </span>
     <span class='ocr_line' id='line_1_56' title="bbox 424 3651 1913 3729; baseline -0.001 -14"><span class='ocrx_word' id='word_1_371' title='bbox 424 3653 487 3715; x_wconf 90' lang='lat' dir='ltr'><strong>in</strong></span> <span class='ocrx_word' id='word_1_372' title='bbox 537 3671 729 3715; x_wconf 89' lang='lat' dir='ltr'><strong>causa</strong></span> <span class='ocrx_word' id='word_1_373' title='bbox 784 3659 881 3714; x_wconf 88' lang='lat' dir='ltr'><strong>est</strong></span> <span class='ocrx_word' id='word_1_374' title='bbox 936 3651 1289 3713; x_wconf 90' lang='lat' dir='ltr'><strong>secundum</strong></span> <span class='ocrx_word' id='word_1_375' title='bbox 1351 3651 1611 3712; x_wconf 89' lang='lat' dir='ltr'><strong>modum</strong></span> <span class='ocrx_word' id='word_1_376' title='bbox 1669 3667 1913 3729; x_wconf 83' lang='lat' dir='ltr'><strong>causae3</strong></span> 
     </span>
     <span class='ocr_line' id='line_1_57' title="bbox 424 3750 1916 3832; baseline -0.003 -17"><span class='ocrx_word' id='word_1_377' title='bbox 424 3751 813 3815; x_wconf 89' lang='lat' dir='ltr'><strong>convertitur</strong></span> <span class='ocrx_word' id='word_1_378' title='bbox 850 3768 1103 3832; x_wconf 91' lang='lat' dir='ltr'><strong>quoque</strong></span> <span class='ocrx_word' id='word_1_379' title='bbox 1142 3750 1220 3812; x_wconf 88' lang='lat' dir='ltr'><strong>ad</strong></span> <span class='ocrx_word' id='word_1_380' title='bbox 1261 3768 1516 3812; x_wconf 89' lang='lat' dir='ltr'><strong>causam</strong></span> <span class='ocrx_word' id='word_1_381' title='bbox 1560 3757 1629 3811; x_wconf 91' lang='lat' dir='ltr'><strong>ut</strong></span> <span class='ocrx_word' id='word_1_382' title='bbox 1669 3768 1916 3812; x_wconf 91' lang='lat' dir='ltr'><strong>conser-</strong></span> 
     </span>
     <span class='ocr_line' id='line_1_58' title="bbox 422 3848 1913 3914; baseline -0.001 -2"><span class='ocrx_word' id='word_1_383' title='bbox 422 3859 607 3913; x_wconf 90' lang='lat' dir='ltr'><strong>vetur</strong></span> <span class='ocrx_word' id='word_1_384' title='bbox 649 3870 662 3914; x_wconf 73' lang='grc' dir='ltr'>ε</span> <span class='ocrx_word' id='word_1_385' title='bbox 706 3859 770 3912; x_wconf 89' lang='lat' dir='ltr'><strong>et</strong></span> <span class='ocrx_word' id='word_1_386' title='bbox 815 3851 880 3911; x_wconf 92' lang='lat' dir='ltr'><strong>in</strong></span> <span class='ocrx_word' id='word_1_387' title='bbox 926 3849 1337 3912; x_wconf 87' lang='lat' dir='ltr'><strong>conversione</strong></span> <span class='ocrx_word' id='word_1_388' title='bbox 1388 3848 1497 3909; x_wconf 88' lang='lat' dir='ltr'><strong>illa</strong></span> <span class='ocrx_word' id='word_1_389' title='bbox 1542 3848 1913 3911; x_wconf 90' lang='lat' dir='ltr'><strong>assimilatio</strong></span> 
     </span>
     <span class='ocr_line' id='line_1_59' title="bbox 424 3947 1915 4028; baseline -0.002 -16"><span class='ocrx_word' id='word_1_390' title='bbox 424 3958 518 4012; x_wconf 86' lang='lat' dir='ltr'><strong>est</strong></span> <span class='ocrx_word' id='word_1_391' title='bbox 550 3948 925 4021; x_wconf 80' lang='lat' dir='ltr'><strong>consistenS,</strong></span> <span class='ocrx_word' id='word_1_392' title='bbox 958 3955 1022 4010; x_wconf 91' lang='lat' dir='ltr'><strong>et</strong></span> <span class='ocrx_word' id='word_1_393' title='bbox 1053 3948 1205 4010; x_wconf 91' lang='lat' dir='ltr'><strong>item</strong></span> <span class='ocrx_word' id='word_1_394' title='bbox 1241 3947 1309 4008; x_wconf 91' lang='lat' dir='ltr'><strong>in</strong></span> <span class='ocrx_word' id='word_1_395' title='bbox 1342 3947 1461 4010; x_wconf 89' lang='lat' dir='ltr'><strong>hoc</strong></span> <span class='ocrx_word' id='word_1_396' title='bbox 1493 3947 1658 4028; x_wconf 92' lang='lat' dir='ltr'><strong>quod</strong></span> <span class='ocrx_word' id='word_1_397' title='bbox 1702 3955 1915 4009; x_wconf 88' lang='lat' dir='ltr'><strong>manet</strong></span> 
     </span>
     <span class='ocr_line' id='line_1_60' title="bbox 424 4045 1912 4129; baseline -0.002 -18"><span class='ocrx_word' id='word_1_398' title='bbox 424 4049 489 4111; x_wconf 90' lang='lat' dir='ltr'><strong>in</strong></span> <span class='ocrx_word' id='word_1_399' title='bbox 531 4066 739 4110; x_wconf 87' lang='lat' dir='ltr'><strong>causa.</strong></span> <span class='ocrx_word' id='word_1_400' title='bbox 772 4081 854 4092; x_wconf 92' lang='lat'><strong>—</strong></span> <span class='ocrx_word' id='word_1_401' title='bbox 881 4047 1217 4129; x_wconf 88' lang='lat' dir='ltr'><strong>Quumque</strong></span> <span class='ocrx_word' id='word_1_402' title='bbox 1250 4045 1661 4108; x_wconf 88' lang='lat' dir='ltr'><strong>conformitas</strong></span> <span class='ocrx_word' id='word_1_403' title='bbox 1690 4047 1912 4108; x_wconf 88' lang='lat' dir='ltr'><strong>volun-</strong></span> 
     </span>
     <span class='ocr_line' id='line_1_61' title="bbox 421 4144 1915 4226; baseline -0.001 -18"><span class='ocrx_word' id='word_1_404' title='bbox 421 4147 569 4208; x_wconf 89' lang='lat' dir='ltr'><strong>tatis</strong></span> <span class='ocrx_word' id='word_1_405' title='bbox 618 4154 847 4208; x_wconf 82' lang='lat' dir='ltr'><strong>nostrae</strong></span> <span class='ocrx_word' id='word_1_406' title='bbox 888 4145 966 4207; x_wconf 91' lang='lat' dir='ltr'><strong>ad</strong></span> <span class='ocrx_word' id='word_1_407' title='bbox 1008 4144 1292 4206; x_wconf 90' lang='lat' dir='ltr'><strong>divinam</strong></span> <span class='ocrx_word' id='word_1_408' title='bbox 1343 4145 1408 4206; x_wconf 92' lang='lat' dir='ltr'><strong>in</strong></span> <span class='ocrx_word' id='word_1_409' title='bbox 1454 4144 1727 4226; x_wconf 91' lang='lat' dir='ltr'><strong>quadam</strong></span> <span class='ocrx_word' id='word_1_410' title='bbox 1775 4145 1915 4206; x_wconf 92' lang='lat' dir='ltr'><strong>imi-</strong></span> 
     </span>
    </p>
   </div>
   <div class='ocr_carea' id='block_1_13' title="bbox 423 4243 1997 4318">
    <p class='ocr_par' dir='ltr' id='par_1_14' title="bbox 423 4243 1997 4318">
     <span class='ocr_line' id='line_1_62' title="bbox 423 4243 1997 4318; baseline -0.002 -11"><span class='ocrx_word' id='word_1_411' title='bbox 423 4244 659 4307; x_wconf 88' lang='lat' dir='ltr'><strong>tatione</strong></span> <span class='ocrx_word' id='word_1_412' title='bbox 689 4244 964 4318; x_wconf 84' lang='lat' dir='ltr'><strong>exsistat,</strong></span> <span class='ocrx_word' id='word_1_413' title='bbox 982 4243 1123 4306; x_wconf 90' lang='lat' dir='ltr'><strong>ideo</strong></span> <span class='ocrx_word' id='word_1_414' title='bbox 1153 4244 1505 4305; x_wconf 90' lang='lat' dir='ltr'><strong>secundum</strong></span> <span class='ocrx_word' id='word_1_415' title='bbox 1539 4261 1724 4305; x_wconf 90' lang='lat' dir='ltr'><strong>omne</strong></span> <span class='ocrx_word' id='word_1_416' title='bbox 1758 4243 1915 4304; x_wconf 90' lang='lat' dir='ltr'><strong>illud</strong></span> <span class='ocrx_word' id='word_1_417' title='bbox 1947 4243 1997 4304; x_wconf 91' lang='lat' dir='ltr'>D</span> 
     </span>
    </p>
   </div>
   <div class='ocr_carea' id='block_1_14' title="bbox 425 4341 1923 5408">
    <p class='ocr_par' dir='ltr' id='par_1_15' title="bbox 425 4341 1923 5408">
     <span class='ocr_line' id='line_1_63' title="bbox 425 4341 1914 4424; baseline -0.001 -20"><span class='ocrx_word' id='word_1_418' title='bbox 425 4343 595 4424; x_wconf 91' lang='lat' dir='ltr'><strong>quod</strong></span> <span class='ocrx_word' id='word_1_419' title='bbox 644 4342 809 4407; x_wconf 87' lang='lat' dir='ltr'><strong>Deus</strong></span> <span class='ocrx_word' id='word_1_420' title='bbox 851 4349 1151 4423; x_wconf 89' lang='lat' dir='ltr'><strong>operatur</strong></span> <span class='ocrx_word' id='word_1_421' title='bbox 1197 4341 1263 4402; x_wconf 90' lang='lat' dir='ltr'><strong>in</strong></span> <span class='ocrx_word' id='word_1_422' title='bbox 1313 4341 1519 4414; x_wconf 81' lang='lat' dir='ltr'><strong>nobiS,</strong></span> <span class='ocrx_word' id='word_1_423' title='bbox 1562 4341 1914 4402; x_wconf 90' lang='lat' dir='ltr'><strong>secundum</strong></span> 
     </span>
     <span class='ocr_line' id='line_1_64' title="bbox 427 4438 1915 4520; baseline -0.001 -19"><span class='ocrx_word' id='word_1_424' title='bbox 427 4441 490 4502; x_wconf 90' lang='lat' dir='ltr'><strong>id</strong></span> <span class='ocrx_word' id='word_1_425' title='bbox 536 4441 665 4503; x_wconf 88' lang='lat' dir='ltr'><strong>Deo</strong></span> <span class='ocrx_word' id='word_1_426' title='bbox 706 4440 1157 4512; x_wconf 88' lang='lat' dir='ltr'><strong>assimilamur,</strong></span> <span class='ocrx_word' id='word_1_427' title='bbox 1189 4447 1253 4500; x_wconf 91' lang='lat' dir='ltr'><strong>et</strong></span> <span class='ocrx_word' id='word_1_428' title='bbox 1299 4458 1413 4520; x_wconf 91' lang='lat' dir='ltr'><strong>per</strong></span> <span class='ocrx_word' id='word_1_429' title='bbox 1462 4438 1525 4500; x_wconf 93' lang='lat' dir='ltr'><strong>id</strong></span> <span class='ocrx_word' id='word_1_430' title='bbox 1573 4439 1779 4500; x_wconf 91' lang='lat' dir='ltr'><strong>solum</strong></span> <span class='ocrx_word' id='word_1_431' title='bbox 1825 4439 1915 4500; x_wconf 89' lang='lat' dir='ltr'><strong>ef-</strong></span> 
     </span>
     <span class='ocr_line' id='line_1_65' title="bbox 425 4537 1915 4618; baseline -0.001 -18"><span class='ocrx_word' id='word_1_432' title='bbox 425 4538 687 4600; x_wconf 86' lang='lat' dir='ltr'><strong>ficimur</strong></span> <span class='ocrx_word' id='word_1_433' title='bbox 728 4537 790 4600; x_wconf 87' lang='lat' dir='ltr'><strong>ei</strong></span> <span class='ocrx_word' id='word_1_434' title='bbox 834 4537 1210 4600; x_wconf 88' lang='lat' dir='ltr'><strong>conformes.</strong></span> <span class='ocrx_word' id='word_1_435' title='bbox 1247 4537 1389 4598; x_wconf 88' lang='lat' dir='ltr'><strong>Tria</strong></span> <span class='ocrx_word' id='word_1_436' title='bbox 1427 4555 1578 4599; x_wconf 90' lang='lat' dir='ltr'><strong>vero</strong></span> <span class='ocrx_word' id='word_1_437' title='bbox 1620 4556 1695 4599; x_wconf 88' lang='lat' dir='ltr'><strong>ex</strong></span> <span class='ocrx_word' id='word_1_438' title='bbox 1740 4544 1915 4618; x_wconf 85' lang='lat' dir='ltr'><strong>parte</strong></span> 
     </span>
     <span class='ocr_line' id='line_1_66' title="bbox 426 4635 1918 4718; baseline -0.002 -20"><span class='ocrx_word' id='word_1_439' title='bbox 426 4637 770 4700; x_wconf 85' lang='lat' dir='ltr'><strong>voluntatis</strong></span> <span class='ocrx_word' id='word_1_440' title='bbox 809 4643 1109 4718; x_wconf 88' lang='lat' dir='ltr'><strong>operatur</strong></span> <span class='ocrx_word' id='word_1_441' title='bbox 1146 4636 1312 4698; x_wconf 91' lang='lat' dir='ltr'><strong>Deus</strong></span> <span class='ocrx_word' id='word_1_442' title='bbox 1352 4635 1417 4696; x_wconf 89' lang='lat' dir='ltr'><strong>in</strong></span> <span class='ocrx_word' id='word_1_443' title='bbox 1459 4635 1665 4710; x_wconf 87' lang='lat' dir='ltr'><strong>nobis,</strong></span> <span class='ocrx_word' id='word_1_444' title='bbox 1700 4635 1918 4697; x_wconf 90' lang='lat' dir='ltr'><strong>videli-</strong></span> 
     </span>
     <span class='ocr_line' id='line_1_67' title="bbox 427 4733 1919 4817; baseline -0.003 -18"><span class='ocrx_word' id='word_1_445' title='bbox 427 4742 547 4810; x_wconf 88' lang='lat' dir='ltr'><strong>cet,</strong></span> <span class='ocrx_word' id='word_1_446' title='bbox 582 4736 787 4817; x_wconf 89' lang='lat' dir='ltr'><strong>ipsam</strong></span> <span class='ocrx_word' id='word_1_447' title='bbox 816 4735 1231 4808; x_wconf 88' lang='lat' dir='ltr'><strong>voluntatem,</strong></span> <span class='ocrx_word' id='word_1_448' title='bbox 1256 4741 1470 4796; x_wconf 87' lang='lat' dir='ltr'><strong>actum</strong></span> <span class='ocrx_word' id='word_1_449' title='bbox 1503 4733 1664 4814; x_wconf 86' lang='lat' dir='ltr'><strong>ejus,</strong></span> <span class='ocrx_word' id='word_1_450' title='bbox 1689 4742 1750 4796; x_wconf 90' lang='lat' dir='ltr'><strong>et</strong></span> <span class='ocrx_word' id='word_1_451' title='bbox 1781 4753 1919 4815; x_wconf 91' lang='lat' dir='ltr'><strong>per-</strong></span> 
     </span>
     <span class='ocr_line' id='line_1_68' title="bbox 427 4832 1915 4914; baseline -0.001 -19"><span class='ocrx_word' id='word_1_452' title='bbox 427 4834 766 4897; x_wconf 85' lang='lat' dir='ltr'><strong>fectionem</strong></span> <span class='ocrx_word' id='word_1_453' title='bbox 824 4833 1045 4914; x_wconf 91' lang='lat' dir='ltr'><strong>ipsius.</strong></span> <span class='ocrx_word' id='word_1_454' title='bbox 1102 4832 1417 4905; x_wconf 88' lang='lat' dir='ltr'><strong>Quantum</strong></span> <span class='ocrx_word' id='word_1_455' title='bbox 1474 4832 1551 4894; x_wconf 90' lang='lat' dir='ltr'><strong>ad</strong></span> <span class='ocrx_word' id='word_1_456' title='bbox 1611 4832 1915 4914; x_wconf 84' lang='lat' dir='ltr'><strong>primum,</strong></span> 
     </span>
     <span class='ocr_line' id='line_1_69' title="bbox 426 4930 1915 5012; baseline -0.003 -17"><span class='ocrx_word' id='word_1_457' title='bbox 426 4931 635 4995; x_wconf 88' lang='lat' dir='ltr'><strong>omnis</strong></span> <span class='ocrx_word' id='word_1_458' title='bbox 678 4931 867 4994; x_wconf 91' lang='lat' dir='ltr'><strong>homo</strong></span> <span class='ocrx_word' id='word_1_459' title='bbox 912 4938 1009 4992; x_wconf 90' lang='lat' dir='ltr'><strong>est</strong></span> <span class='ocrx_word' id='word_1_460' title='bbox 1050 4930 1179 4993; x_wconf 89' lang='lat' dir='ltr'><strong>Deo</strong></span> <span class='ocrx_word' id='word_1_461' title='bbox 1224 4950 1479 5012; x_wconf 90' lang='lat' dir='ltr'><strong>semper</strong></span> <span class='ocrx_word' id='word_1_462' title='bbox 1520 4930 1866 4992; x_wconf 91' lang='lat' dir='ltr'><strong>conformis</strong></span> <span class='ocrx_word' id='word_1_463' title='bbox 1901 4947 1915 4991; x_wconf 73' lang='grc' dir='ltr'>ε</span> 
     </span>
     <span class='ocr_line' id='line_1_70' title="bbox 427 5029 1918 5111; baseline -0.001 -20"><span class='ocrx_word' id='word_1_464' title='bbox 427 5029 725 5091; x_wconf 89' lang='lat' dir='ltr'><strong>similiter</strong></span> <span class='ocrx_word' id='word_1_465' title='bbox 773 5036 1081 5111; x_wconf 89' lang='lat' dir='ltr'><strong>quantum</strong></span> <span class='ocrx_word' id='word_1_466' title='bbox 1142 5030 1221 5090; x_wconf 88' lang='lat' dir='ltr'><strong>ad</strong></span> <span class='ocrx_word' id='word_1_467' title='bbox 1279 5036 1515 5100; x_wconf 87' lang='lat' dir='ltr'><strong>aetum,</strong></span> <span class='ocrx_word' id='word_1_468' title='bbox 1568 5029 1918 5091; x_wconf 89' lang='lat' dir='ltr'><strong>secundum</strong></span> 
     </span>
     <span class='ocr_line' id='line_1_71' title="bbox 427 5127 1923 5210; baseline -0.001 -20"><span class='ocrx_word' id='word_1_469' title='bbox 427 5128 598 5210; x_wconf 89' lang='lat' dir='ltr'><strong>quod</strong></span> <span class='ocrx_word' id='word_1_470' title='bbox 644 5135 822 5189; x_wconf 89' lang='lat' dir='ltr'><strong>actus</strong></span> <span class='ocrx_word' id='word_1_471' title='bbox 871 5135 942 5189; x_wconf 92' lang='lat' dir='ltr'><strong>ut</strong></span> <span class='ocrx_word' id='word_1_472' title='bbox 990 5127 1174 5200; x_wconf 89' lang='lat' dir='ltr'><strong>velle,</strong></span> <span class='ocrx_word' id='word_1_473' title='bbox 1202 5132 1313 5188; x_wconf 82' lang='lat' dir='ltr'><strong>-est</strong></span> <span class='ocrx_word' id='word_1_474' title='bbox 1360 5127 1649 5207; x_wconf 81' lang='lat' dir='ltr'><strong>quaedam</strong></span> <span class='ocrx_word' id='word_1_475' title='bbox 1700 5133 1923 5189; x_wconf 85' lang='lat' dir='ltr'><strong>natura</strong></span> 
     </span>
     <span class='ocr_line' id='line_1_72' title="bbox 427 5225 1921 5307; baseline -0.001 -19"><span class='ocrx_word' id='word_1_476' title='bbox 427 5226 822 5307; x_wconf 83' lang='lat' dir='ltr'><strong>exemplata3</strong></span> <span class='ocrx_word' id='word_1_477' title='bbox 864 5233 1075 5288; x_wconf 88' lang='lat' dir='ltr'><strong>tamen</strong></span> <span class='ocrx_word' id='word_1_478' title='bbox 1125 5225 1190 5288; x_wconf 92' lang='lat' dir='ltr'><strong>in</strong></span> <span class='ocrx_word' id='word_1_479' title='bbox 1234 5232 1545 5307; x_wconf 89' lang='lat' dir='ltr'><strong>quantum</strong></span> <span class='ocrx_word' id='word_1_480' title='bbox 1594 5226 1763 5287; x_wconf 91' lang='lat' dir='ltr'><strong>actui</strong></span> <span class='ocrx_word' id='word_1_481' title='bbox 1814 5226 1921 5287; x_wconf 88' lang='lat' dir='ltr'><strong>tali</strong></span> 
     </span>
     <span class='ocr_line' id='line_1_73' title="bbox 428 5323 1923 5408; baseline -0.001 -22"><span class='ocrx_word' id='word_1_482' title='bbox 428 5325 817 5408; x_wconf 84' lang='lat' dir='ltr'><strong>admiscetur</strong></span> <span class='ocrx_word' id='word_1_483' title='bbox 863 5323 1103 5405; x_wconf 90' lang='lat' dir='ltr'><strong>aliquid</strong></span> <span class='ocrx_word' id='word_1_484' title='bbox 1159 5323 1308 5386; x_wconf 88' lang='lat' dir='ltr'><strong>mali</strong></span> <span class='ocrx_word' id='word_1_485' title='bbox 1357 5343 1473 5406; x_wconf 88' lang='lat' dir='ltr'><strong>per</strong></span> <span class='ocrx_word' id='word_1_486' title='bbox 1521 5342 1837 5386; x_wconf 90' lang='lat' dir='ltr'><strong>recessum</strong></span> <span class='ocrx_word' id='word_1_487' title='bbox 1886 5343 1923 5385; x_wconf 98' lang='lat' dir='ltr'><strong>a</strong></span> 
     </span>
    </p>
   </div>
   <div class='ocr_carea' id='block_1_15' title="bbox 2024 3159 3520 3928">
    <p class='ocr_par' dir='ltr' id='par_1_16' title="bbox 2024 3159 3520 3928">
     <span class='ocr_line' id='line_1_74' title="bbox 2028 3159 3520 3234; baseline 0.001 -14"><span class='ocrx_word' id='word_1_488' title='bbox 2028 3178 2131 3220; x_wconf 91' lang='lat' dir='ltr'><strong>ma</strong></span> <span class='ocrx_word' id='word_1_489' title='bbox 2176 3167 2238 3221; x_wconf 89' lang='lat' dir='ltr'><strong>et</strong></span> <span class='ocrx_word' id='word_1_490' title='bbox 2283 3159 2362 3220; x_wconf 91' lang='lat' dir='ltr'><strong>ab</strong></span> <span class='ocrx_word' id='word_1_491' title='bbox 2402 3159 2750 3234; x_wconf 88' lang='lat' dir='ltr'><strong>efficiente,</strong></span> <span class='ocrx_word' id='word_1_492' title='bbox 2784 3161 2904 3223; x_wconf 88' lang='lat' dir='ltr'><strong>hoc</strong></span> <span class='ocrx_word' id='word_1_493' title='bbox 2947 3169 3045 3223; x_wconf 89' lang='lat' dir='ltr'><strong>est</strong></span> <span class='ocrx_word' id='word_1_494' title='bbox 3089 3179 3166 3222; x_wconf 90' lang='lat' dir='ltr'><strong>ex</strong></span> <span class='ocrx_word' id='word_1_495' title='bbox 3209 3168 3380 3223; x_wconf 86' lang='lat' dir='ltr'><strong>recta</strong></span> <span class='ocrx_word' id='word_1_496' title='bbox 3428 3161 3520 3222; x_wconf 87' lang='lat' dir='ltr'><strong>in·</strong></span> 
     </span>
     <span class='ocr_line' id='line_1_75' title="bbox 2027 3258 3518 3341; baseline 0.002 -23"><span class='ocrx_word' id='word_1_497' title='bbox 2027 3258 2310 3320; x_wconf 84' lang='lat' dir='ltr'><strong>tentione</strong></span> <span class='ocrx_word' id='word_1_498' title='bbox 2369 3267 2433 3320; x_wconf 89' lang='lat' dir='ltr'><strong>et</strong></span> <span class='ocrx_word' id='word_1_499' title='bbox 2485 3259 2707 3320; x_wconf 90' lang='lat' dir='ltr'><strong>habitu</strong></span> <span class='ocrx_word' id='word_1_500' title='bbox 2753 3259 3059 3334; x_wconf 81' lang='lat' dir='ltr'><strong>virtuose,</strong></span> <span class='ocrx_word' id='word_1_501' title='bbox 3105 3266 3170 3321; x_wconf 88' lang='lat' dir='ltr'><strong>et</strong></span> <span class='ocrx_word' id='word_1_502' title='bbox 3215 3258 3518 3341; x_wconf 88' lang='lat' dir='ltr'><strong>quoniam</strong></span> 
     </span>
     <span class='ocr_line' id='line_1_76' title="bbox 2026 3355 3518 3439; baseline 0.002 -24"><span class='ocrx_word' id='word_1_503' title='bbox 2026 3373 2220 3435; x_wconf 88' lang='lat' dir='ltr'><strong>agens</strong></span> <span class='ocrx_word' id='word_1_504' title='bbox 2260 3355 2388 3436; x_wconf 89' lang='lat' dir='ltr'><strong>agit</strong></span> <span class='ocrx_word' id='word_1_505' title='bbox 2417 3356 2586 3437; x_wconf 91' lang='lat' dir='ltr'><strong>quod</strong></span> <span class='ocrx_word' id='word_1_506' title='bbox 2627 3356 2916 3437; x_wconf 86' lang='lat' dir='ltr'><strong>congruit</strong></span> <span class='ocrx_word' id='word_1_507' title='bbox 2947 3357 3005 3418; x_wconf 90' lang='lat' dir='ltr'><strong>ei</strong></span> <span class='ocrx_word' id='word_1_508' title='bbox 3038 3364 3097 3418; x_wconf 90' lang='lat' dir='ltr'><strong>et</strong></span> <span class='ocrx_word' id='word_1_509' title='bbox 3128 3376 3164 3418; x_wconf 92' lang='lat' dir='ltr'><strong>a</strong></span> <span class='ocrx_word' id='word_1_510' title='bbox 3193 3357 3518 3439; x_wconf 90' lang='lat' dir='ltr'><strong>superiore</strong></span> 
     </span>
     <span class='ocr_line' id='line_1_77' title="bbox 2027 3453 3514 3536; baseline 0.003 -22"><span class='ocrx_word' id='word_1_511' title='bbox 2027 3453 2382 3535; x_wconf 85' lang='lat' dir='ltr'><strong>praefigitur</strong></span> <span class='ocrx_word' id='word_1_512' title='bbox 2413 3454 2556 3516; x_wconf 89' lang='lat' dir='ltr'><strong>sibi.</strong></span> <span class='ocrx_word' id='word_1_513' title='bbox 2579 3454 2968 3535; x_wconf 87' lang='lat' dir='ltr'><strong>Simpliciter</strong></span> <span class='ocrx_word' id='word_1_514' title='bbox 2997 3473 3147 3535; x_wconf 90' lang='lat' dir='ltr'><strong>ergo</strong></span> <span class='ocrx_word' id='word_1_515' title='bbox 3180 3455 3514 3536; x_wconf 84' lang='lat' dir='ltr'><strong>loquendO,</strong></span> 
     </span>
     <span class='ocr_line' id='line_1_78' title="bbox 2028 3550 3516 3634; baseline 0.002 -22"><span class='ocrx_word' id='word_1_516' title='bbox 2028 3550 2503 3614; x_wconf 87' lang='lat' dir='ltr'><strong>conformamur</strong></span> <span class='ocrx_word' id='word_1_517' title='bbox 2551 3552 2860 3614; x_wconf 88' lang='lat' dir='ltr'><strong>voluntati</strong></span> <span class='ocrx_word' id='word_1_518' title='bbox 2910 3552 3163 3626; x_wconf 65' lang='lat' dir='ltr'><strong>divinae,</strong></span> <span class='ocrx_word' id='word_1_519' title='bbox 3215 3553 3516 3634; x_wconf 87' lang='lat' dir='ltr'><strong>quoniam</strong></span> 
     </span>
     <span class='ocr_line' id='line_1_79' title="bbox 2027 3649 3516 3714; baseline 0.003 -4"><span class='ocrx_word' id='word_1_520' title='bbox 2027 3649 2324 3711; x_wconf 90' lang='lat' dir='ltr'><strong>volumus</strong></span> <span class='ocrx_word' id='word_1_521' title='bbox 2387 3650 2550 3711; x_wconf 88' lang='lat' dir='ltr'><strong>bona</strong></span> <span class='ocrx_word' id='word_1_522' title='bbox 2617 3650 2967 3712; x_wconf 82' lang='lat' dir='ltr'><strong>intentione</strong></span> <span class='ocrx_word' id='word_1_523' title='bbox 3033 3659 3096 3712; x_wconf 91' lang='lat' dir='ltr'><strong>et</strong></span> <span class='ocrx_word' id='word_1_524' title='bbox 3155 3670 3232 3712; x_wconf 85' lang='lat' dir='ltr'><strong>ex</strong></span> <span class='ocrx_word' id='word_1_525' title='bbox 3294 3652 3516 3714; x_wconf 86' lang='lat' dir='ltr'><strong>carita-</strong></span> 
     </span>
     <span class='ocr_line' id='line_1_80' title="bbox 2027 3748 3517 3829; baseline 0.003 -20"><span class='ocrx_word' id='word_1_526' title='bbox 2027 3756 2088 3809; x_wconf 91' lang='lat' dir='ltr'><strong>te</strong></span> <span class='ocrx_word' id='word_1_527' title='bbox 2140 3767 2214 3810; x_wconf 87' lang='lat' dir='ltr'><strong>ea</strong></span> <span class='ocrx_word' id='word_1_528' title='bbox 2259 3767 2400 3829; x_wconf 81' lang='lat' dir='ltr'><strong>quae</strong></span> <span class='ocrx_word' id='word_1_529' title='bbox 2449 3748 2613 3810; x_wconf 91' lang='lat' dir='ltr'><strong>Deus</strong></span> <span class='ocrx_word' id='word_1_530' title='bbox 2663 3749 2796 3811; x_wconf 90' lang='lat' dir='ltr'><strong>vult</strong></span> <span class='ocrx_word' id='word_1_531' title='bbox 2847 3766 2962 3811; x_wconf 90' lang='lat' dir='ltr'><strong>nos</strong></span> <span class='ocrx_word' id='word_1_532' title='bbox 3010 3749 3193 3812; x_wconf 88' lang='lat' dir='ltr'><strong>velle.</strong></span> <span class='ocrx_word' id='word_1_533' title='bbox 3246 3785 3328 3796; x_wconf 93' lang='lat'>—</span> <span class='ocrx_word' id='word_1_534' title='bbox 3373 3751 3517 3814; x_wconf 82' lang='lat' dir='ltr'><strong>Haec</strong></span> 
     </span>
     <span class='ocr_line' id='line_1_81' title="bbox 2024 3846 2326 3928; baseline -0.003 -19"><span class='ocrx_word' id='word_1_535' title='bbox 2024 3846 2326 3928; x_wconf 78' lang='lat' dir='ltr'><strong>AEgidius.</strong></span> 
     </span>
    </p>
   </div>
   <div class='ocr_carea' id='block_1_16' title="bbox 2465 4093 3080 4176">
    <p class='ocr_par' dir='ltr' id='par_1_17' title="bbox 2465 4093 3080 4176">
     <span class='ocr_line' id='line_1_82' title="bbox 2465 4093 3080 4176; baseline -0.015 -10"><span class='ocrx_word' id='word_1_536' title='bbox 2465 4093 2936 4176; x_wconf 76' lang='lat' dir='ltr'>QUAESTIO</span> <span class='ocrx_word' id='word_1_537' title='bbox 3004 4094 3080 4157; x_wconf 89' lang='lat'><strong>11</strong></span> 
     </span>
    </p>
   </div>
   <div class='ocr_carea' id='block_1_17' title="bbox 2027 4337 3578 4815">
    <p class='ocr_par' dir='ltr' id='par_1_18' title="bbox 2027 4337 3578 4815">
     <span class='ocr_line' id='line_1_83' title="bbox 2169 4337 3578 4420; baseline 0.004 -22"><span class='ocrx_word' id='word_1_538' title='bbox 2169 4337 2347 4398; x_wconf 86' lang='lat' dir='ltr'><strong>Dhuc</strong></span> <span class='ocrx_word' id='word_1_539' title='bbox 2396 4337 2565 4399; x_wconf 88' lang='lat' dir='ltr'><strong>eirca</strong></span> <span class='ocrx_word' id='word_1_540' title='bbox 2612 4337 3084 4401; x_wconf 90' lang='lat' dir='ltr'><strong>distinctionem</strong></span> <span class='ocrx_word' id='word_1_541' title='bbox 3133 4340 3297 4402; x_wconf 88' lang='lat' dir='ltr'><strong>hanc</strong></span> <span class='ocrx_word' id='word_1_542' title='bbox 3339 4340 3520 4403; x_wconf 85' lang='lat' dir='ltr'><strong>Alex-</strong></span> <span class='ocrx_word' id='word_1_543' title='bbox 3571 4413 3578 4420; x_wconf 89' lang='lat'><strong>.</strong></span> 
     </span>
     <span class='ocr_line' id='line_1_84' title="bbox 2199 4437 3520 4519; baseline 0.002 -22"><span class='ocrx_word' id='word_1_544' title='bbox 2199 4437 2396 4498; x_wconf 88' lang='lat' dir='ltr'><strong>ander</strong></span> <span class='ocrx_word' id='word_1_545' title='bbox 2443 4445 2654 4498; x_wconf 88' lang='lat' dir='ltr'><strong>movet</strong></span> <span class='ocrx_word' id='word_1_546' title='bbox 2696 4443 2822 4498; x_wconf 90' lang='lat' dir='ltr'><strong>tres</strong></span> <span class='ocrx_word' id='word_1_547' title='bbox 2865 4438 3264 4519; x_wconf 65' lang='lat' dir='ltr'><strong>quaestiones.</strong></span> <span class='ocrx_word' id='word_1_548' title='bbox 3312 4439 3520 4502; x_wconf 87' lang='lat' dir='ltr'><strong>Prima</strong></span> 
     </span>
     <span class='ocr_line' id='line_1_85' title="bbox 2028 4535 3518 4620; baseline 0.005 -23"><span class='ocrx_word' id='word_1_549' title='bbox 2028 4543 2145 4617; x_wconf 82' lang='lat' dir='ltr'><strong>est,</strong></span> <span class='ocrx_word' id='word_1_550' title='bbox 2198 4535 2328 4600; x_wconf 87' lang='lat' dir='ltr'><strong>An</strong></span> <span class='ocrx_word' id='word_1_551' title='bbox 2381 4535 2860 4603; x_wconf 82' lang='lat' dir='ltr'><strong>beatissimae</strong></span> <span class='ocrx_word' id='word_1_552' title='bbox 2907 4537 3227 4617; x_wconf 74' lang='lat' dir='ltr'><strong>Virgini</strong></span> <span class='ocrx_word' id='word_1_553' title='bbox 3283 4540 3518 4620; x_wconf 84' lang='lat' dir='ltr'><strong>atque</strong></span> 
     </span>
     <span class='ocr_line' id='line_1_86' title="bbox 2027 4634 3518 4716; baseline 0.002 -17"><span class='ocrx_word' id='word_1_554' title='bbox 2027 4634 2437 4716; x_wconf 88' lang='lat' dir='ltr'><strong>Apostolis</strong></span> <span class='ocrx_word' id='word_1_555' title='bbox 2479 4648 2572 4699; x_wconf 87' lang='lat' dir='ltr'><strong>ac</strong></span> <span class='ocrx_word' id='word_1_556' title='bbox 2613 4634 2902 4701; x_wconf 83' lang='lat' dir='ltr'><strong>ceteris</strong></span> <span class='ocrx_word' id='word_1_557' title='bbox 2940 4635 3242 4703; x_wconf 79' lang='lat' dir='ltr'><strong>Christi</strong></span> <span class='ocrx_word' id='word_1_558' title='bbox 3285 4637 3518 4704; x_wconf 85' lang='lat' dir='ltr'><strong>disci-</strong></span> 
     </span>
     <span class='ocr_line' id='line_1_87' title="bbox 2028 4730 3517 4815; baseline 0.003 -19"><span class='ocrx_word' id='word_1_559' title='bbox 2028 4732 2244 4814; x_wconf 80' lang='lat' dir='ltr'><strong>pulis</strong></span> <span class='ocrx_word' id='word_1_560' title='bbox 2285 4730 2443 4796; x_wconf 80' lang='lat' dir='ltr'><strong>i&#39;uit</strong></span> <span class='ocrx_word' id='word_1_561' title='bbox 2481 4733 3010 4814; x_wconf 81' lang='lat' dir='ltr'><strong>meritorium,</strong></span> <span class='ocrx_word' id='word_1_562' title='bbox 3047 4736 3253 4815; x_wconf 85' lang='lat' dir='ltr'><strong>quod</strong></span> <span class='ocrx_word' id='word_1_563' title='bbox 3295 4735 3517 4802; x_wconf 80' lang='lat' dir='ltr'><strong>Chri-</strong></span> 
     </span>
    </p>
   </div>
   <div class='ocr_carea' id='block_1_18' title="bbox 1970 4829 3520 4909">
    <p class='ocr_par' dir='ltr' id='par_1_19' title="bbox 1970 4829 3520 4909">
     <span class='ocr_line' id='line_1_88' title="bbox 1970 4829 3520 4909; baseline 0.003 -14"><span class='ocrx_word' id='word_1_564' title='bbox 1970 4854 1985 4866; x_wconf 95' lang='lat'><strong>·</strong></span> <span class='ocrx_word' id='word_1_565' title='bbox 2028 4831 2141 4896; x_wconf 88' lang='lat' dir='ltr'><strong>sti</strong></span> <span class='ocrx_word' id='word_1_566' title='bbox 2199 4830 2645 4909; x_wconf 79' lang='lat' dir='ltr'><strong>passionem</strong></span> <span class='ocrx_word' id='word_1_567' title='bbox 2703 4829 3084 4895; x_wconf 84' lang='lat' dir='ltr'><strong>nolebant</strong></span> <span class='ocrx_word' id='word_1_568' title='bbox 3136 4834 3219 4897; x_wconf 89' lang='lat' dir='ltr'><strong>et</strong></span> <span class='ocrx_word' id='word_1_569' title='bbox 3272 4833 3369 4898; x_wconf 86' lang='lat' dir='ltr'><strong>de</strong></span> <span class='ocrx_word' id='word_1_570' title='bbox 3427 4848 3520 4900; x_wconf 87' lang='lat' dir='ltr'><strong>ea</strong></span> 
     </span>
    </p>
   </div>
   <div class='ocr_carea' id='block_1_19' title="bbox 2028 4925 3523 5405">
    <p class='ocr_par' dir='ltr' id='par_1_20' title="bbox 2028 4925 3523 5405">
     <span class='ocr_line' id='line_1_89' title="bbox 2028 4925 3519 5003; baseline 0.001 -9"><span class='ocrx_word' id='word_1_571' title='bbox 2028 4927 2549 4995; x_wconf 86' lang='lat' dir='ltr'><strong>vehementer</strong></span> <span class='ocrx_word' id='word_1_572' title='bbox 2597 4925 2994 4993; x_wconf 84' lang='lat' dir='ltr'><strong>dolebant.</strong></span> <span class='ocrx_word' id='word_1_573' title='bbox 3041 4929 3348 5003; x_wconf 83' lang='lat' dir='ltr'><strong>Secunda,</strong></span> <span class='ocrx_word' id='word_1_574' title='bbox 3389 4931 3519 4997; x_wconf 87' lang='lat' dir='ltr'><strong>An</strong></span> 
     </span>
     <span class='ocr_line' id='line_1_90' title="bbox 2029 5026 3523 5108; baseline 0.002 -16"><span class='ocrx_word' id='word_1_575' title='bbox 2029 5026 2257 5094; x_wconf 90' lang='lat' dir='ltr'><strong>nobis</strong></span> <span class='ocrx_word' id='word_1_576' title='bbox 2304 5026 2812 5091; x_wconf 85' lang='lat' dir='ltr'><strong>meritorium</strong></span> <span class='ocrx_word' id='word_1_577' title='bbox 2860 5039 3032 5092; x_wconf 86' lang='lat' dir='ltr'><strong>esse</strong></span> <span class='ocrx_word' id='word_1_578' title='bbox 3080 5030 3317 5108; x_wconf 84' lang='lat' dir='ltr'><strong>queat</strong></span> <span class='ocrx_word' id='word_1_579' title='bbox 3355 5029 3523 5095; x_wconf 87' lang='lat' dir='ltr'><strong>vel-</strong></span> 
     </span>
     <span class='ocr_line' id='line_1_91' title="bbox 2030 5123 3522 5207; baseline 0.001 -15"><span class='ocrx_word' id='word_1_580' title='bbox 2030 5128 2108 5192; x_wconf 90' lang='lat' dir='ltr'><strong>le</strong></span> <span class='ocrx_word' id='word_1_581' title='bbox 2154 5123 2562 5207; x_wconf 78' lang='lat' dir='ltr'><strong>passiones</strong></span> <span class='ocrx_word' id='word_1_582' title='bbox 2605 5123 3099 5192; x_wconf 83' lang='lat' dir='ltr'><strong>Sanctorum.</strong></span> <span class='ocrx_word' id='word_1_583' title='bbox 3133 5125 3360 5198; x_wconf 79' lang='lat' dir='ltr'><strong>Tertia,</strong></span> <span class='ocrx_word' id='word_1_584' title='bbox 3393 5127 3522 5194; x_wconf 87' lang='lat' dir='ltr'><strong>An</strong></span> 
     </span>
     <span class='ocr_line' id='line_1_92' title="bbox 2032 5223 3520 5307; baseline 0.001 -16"><span class='ocrx_word' id='word_1_585' title='bbox 2032 5239 2450 5307; x_wconf 86' lang='lat' dir='ltr'><strong>possumus</strong></span> <span class='ocrx_word' id='word_1_586' title='bbox 2508 5223 2720 5290; x_wconf 86' lang='lat' dir='ltr'><strong>velle</strong></span> <span class='ocrx_word' id='word_1_587' title='bbox 2785 5224 3335 5293; x_wconf 87' lang='lat' dir='ltr'><strong>damnationes</strong></span> <span class='ocrx_word' id='word_1_588' title='bbox 3403 5241 3520 5293; x_wconf 84' lang='lat' dir='ltr'><strong>re-</strong></span> 
     </span>
     <span class='ocr_line' id='line_1_93' title="bbox 2034 5321 2485 5405; baseline 0 -17"><span class='ocrx_word' id='word_1_589' title='bbox 2034 5321 2485 5405; x_wconf 84' lang='lat' dir='ltr'><strong>proborum.</strong></span> 
     </span>
    </p>
   </div>
  </div>
 </body>
</html>
