4359 6250
611 515 766 561 msr.
804 515 1005 561 xxvm
1042 515 1283 576 sumum
1321 515 1545 570 ouaezsr.
1582 515 1601 558 1
1635 513 1648 556 :
1692 513 1892 558 imum
1934 513 2412 559 ιΝΝΑεθιΒιιιτΛε
2452 516 2543 560 sir
2582 515 2950 561 psoram-ras
2988 517 3221 572 ΡΑτιιιε,
3255 515 3381 561 arc.
3438 496 3558 560 263

1039 761 1394 826 SUMMA

504 935 1111 992 DISTINCTIONIS
1158 934 1563 990 VICESIMAE
1617 933 1924 989 OCTAVAE

616 1177 689 1240 lC
732 1175 1191 1238 determinatur
1228 1175 1307 1236 de
1346 1174 1711 1237 notionibus
1752 1192 1959 1256 perso-

637 1293 865 1337 narum
897 1293 1040 1356 quae
1070 1290 1197 1335 non
1228 1281 1377 1334 sunt
1409 1272 1792 1355 personaleS,
1811 1272 1961 1353 quia

458 1393 589 1438 non
624 1382 775 1436 sunt
806 1371 1233 1435 constitutivae
1270 1389 1705 1452 personarum,
1739 1389 1959 1452 quam-

458 1473 560 1534 vis
594 1489 881 1554 personae
912 1477 1375 1550 cognoscantur
1405 1489 1517 1551 per
1546 1487 1651 1530 eas
1682 1487 1695 1530 z
1729 1476 1792 1531 et
1824 1487 1960 1549 spe-

459 1571 711 1633 cialiter
759 1571 837 1632 de
890 1567 1405 1640 innascibilitate,
1452 1587 1593 1648 quae
1640 1575 1737 1628 est
1786 1567 1959 1629 notio

458 1671 696 1747 Patris3
729 1676 793 1730 et
833 1669 909 1730 de
950 1666 1275 1730 communi
1317 1666 1683 1747 spiratione,
1716 1666 1793 1726 de
1834 1685 1959 1746 qua

455 1768 669 1848 agitur
697 1767 989 1848 sequenti
1021 1764 1447 1827 distinctione.
1466 1764 1645 1827 Circa
1676 1763 1953 1844 primum

1989 682 2041 744 A
2071 682 2360 762 qiiaedam
2406 703 2546 764 quae
2591 685 2754 746 inest
2795 685 2958 746 Patri
3009 703 3084 746 eo
3128 685 3296 766 quod
3341 685 3476 766 ipse
3525 704 3562 746 a

2070 780 2249 843 nullo
2288 789 2404 855 est,
2439 790 2502 843 et
2539 782 2644 844 alii
2693 791 2838 845 sunt
2877 782 2956 844 ab
2997 801 3089 845 eo.
3126 783 3354 844 Contra
3392 784 3561 864 quod

2070 877 2396 958 objicitur,
2430 880 2579 960 quia
2619 882 2838 942 eadem
2881 880 3143 952 ratione,
3178 888 3248 941 ut
3276 889 3558 962 apparet,

2071 976 2237 1038 inest
2269 979 2618 1058 proprietas
2659 978 2870 1060 aliqua
2899 978 3164 1060 Spiritui
3207 979 3454 1052 Sanct0‚
3488 996 3564 1040 eo

2070 1077 2240 1155 quod
2287 1077 2461 1138 nulla
2507 1094 2774 1156 persona
2812 1085 2908 1138 est
2945 1076 3024 1138 ab
3063 1094 3158 1148 e0,
3192 1083 3256 1138 et
3293 1076 3428 1158 ipse
3467 1084 3565 1138 est

2068 1173 2148 1234 ab
2198 1174 2362 1244 aliis,
2409 1182 2561 1256 puta
2607 1194 2644 1236 a
2691 1176 2866 1237 Patre
2914 1183 2978 1237 et
3021 1175 3222 1254 Fili03
3268 1174 3564 1236 similiter

2070 1272 2228 1333 Filio
2287 1273 2452 1334 inest
2502 1274 2855 1354 proprietas
2904 1275 3216 1354 quaedam,
3268 1291 3344 1335 eo
3391 1275 3560 1354 quod

2070 1369 2206 1451 ipse
2247 1379 2342 1431 est
2381 1370 2460 1432 ab
2500 1370 2646 1445 alio,
2680 1378 2743 1432 et
2771 1372 2932 1433 alius
2972 1379 3066 1434 est
3106 1371 3185 1433 ab
3225 1371 3362 1452 ipso
3397 1389 3410 1434 ε
3447 1372 3564 1433 sic-

2069 1487 2193 1549 que
2225 1477 2436 1530 essent
2477 1470 2690 1550 plures
2733 1470 3149 1551 proprietates
3181 1477 3242 1530 et
3273 1471 3562 1532 notiones

2069 1585 2262 1646 quam
2311 1586 2504 1648 supra
2552 1586 2923 1648 expressum
2971 1575 3085 1630 est..
3134 1603 3214 1612 —
3259 1569 3404 1630 Ideo
3454 1568 3560 1631 alii

2070 1667 2159 1728 sic
2193 1673 2519 1747 exponunt
2554 1683 2567 1727 ε
2601 1667 2779 1728 Pater
2807 1673 2904 1727 est
2944 1666 3340 1728 innascibilis
3379 1675 3443 1728 et
3473 1665 3565 1728 in-

2070 1762 2462 1826 nascibilitas
2513 1765 2807 1826 convenit
2863 1764 2944 1838 ei,
2996 1783 3072 1826 eo
3120 1766 3288 1846 quod
3340 1765 3476 1846 ipse
3526 1785 3562 1826 a

458 1875 697 1939 movet,
730 1864 1005 1946 qualiter
1035 1863 1356 1944 ingenitus
1395 1862 1655 1924 relative
1686 1862 1951 1934 dicatur,
1992 1860 2041 1922 B
2070 1862 2248 1924 nullo
2287 1862 2390 1934 sit,
2423 1870 2486 1923 et
2526 1862 2661 1942 ipse
2701 1869 2796 1924 est
2836 1862 3224 1944 principium
3265 1863 3556 1925 aliorum.

454 1973 519 2026 et
548 1984 633 2026 an
668 1964 838 2024 idem
870 1963 951 2024 sit
982 1963 1151 2043 quod
1183 1960 1579 2023 innascibilis
1605 1979 1621 2039 ;
1654 1981 1733 2022 an
1762 1960 1955 2022 etiam

456 2063 635 2126 solus
679 2062 860 2123 Pater
897 2060 1205 2122 dicendus
1244 2059 1329 2121 sit
1372 2078 1497 2122 non
1538 2059 1811 2138 genitus,
1844 2059 1960 2119 sic-

458 2169 529 2222 ut
580 2161 821 2222 dicitur
872 2159 1211 2240 ingenitus.
1268 2159 1531 2239 lnsuper
1582 2165 1803 2218 tractat
1853 2156 1956 2218 hic

457 2261 539 2322 de
588 2259 977 2342 quibusdam
1032 2257 1401 2320 nominibus
1451 2257 1609 2319 Filio
1658 2257 1953 2338 propriiS,

458 2358 613 2441 quia
662 2366 927 2419 vocatur
974 2356 1297 2437 Sapientia
1354 2355 1563 2436 genita
1615 2363 1677 2416 et
1727 2354 1953 2434 imago.

456 2456 769 2531 Quocirca
819 2455 885 2516 in
946 2454 1079 2516 fine
1130 2454 1556 2516 distinctionis
1610 2453 1803 2532 hujus
1854 2453 1958 2514 de-

458 2557 680 2628 clarat,
714 2555 886 2636 quod
938 2554 1146 2634 imago
1198 2552 1518 2614 interdum
1567 2551 1853 2614 absolute
1898 2559 1961 2612 et

456 2653 885 2715 essentialiter
943 2651 1177 2714 dicitur
1230 2652 1295 2713 in
1356 2650 1612 2723 diviniS,
1666 2649 1959 2730 quamvis

460 2751 834 2832 improprie.

775 3056 1248 3132 QUAESTIO
1319 3055 1645 3118 PRIMA

614 3335 675 3394 lc
708 3331 1018 3413 quaeritur
1050 3329 1277 3411 prime,
1296 3328 1589 3394 ‘Utrum
1618 3329 1955 3395 innasci-

638 3430 929 3497 bilitas
969 3429 1079 3495 sit
1118 3428 1563 3508 proprietas
1607 3442 1959 3507 personae

456 3532 751 3609 Patria,
785 3530 869 3594 et
912 3542 1012 3595 an
1054 3528 1163 3592 sit
1205 3527 1655 3606 proprietas
1696 3540 1957 3606 perso-

456 3628 697 3695 ualle.

543 3728 611 3788 In
655 3745 783 3807 qua
827 3724 1175 3806 quaestione
1218 3722 1345 3784 duo
1385 3728 1747 3801 tanguntur.

543 3825 849 3905 Arguitur
880 3822 1087 3903 primo
1116 3820 1285 3902 quod
1326 3838 1452 3881 non
1486 3819 1565 3881 sit
1608 3819 1959 3901 proprietas

458 3942 581 3986 nec
613 3922 790 3984 notio
829 3919 1045 3981 Patris.
1082 3918 1312 3991 Prim0,
1346 3917 1646 3999 quoniam
1689 3935 1815 3979 non
1852 3936 1959 3979 no-

458 4021 669 4084 tificat
716 4019 874 4101 quid
926 4018 1009 4079 sit
1054 4017 1253 4086 Pater,
1306 4017 1413 4079 sed
1468 4016 1621 4097 quid
1672 4034 1799 4078 non
1853 4016 1956 4089 sit,

2070 1961 2188 2023 Sed
2221 1967 2441 2021 contra
2471 1961 2588 2022 hoc
2619 1979 2872 2041 quoque
2903 1960 3226 2040 objicitur,
3259 1961 3560 2042 quoniam

2068 2059 2248 2120 Pater
2277 2075 2402 2120 non
2433 2065 2530 2118 est
2572 2058 2962 2139 principium
3003 2058 3272 2120 aliorum
3304 2058 3430 2121 nisi
3459 2059 3564 2120 vel

2071 2176 2184 2238 per
2241 2157 2737 2237 generationem,
2789 2158 2889 2218 vel
2952 2176 3065 2238 per
3123 2157 3559 2238 spirationem,

2070 2254 2169 2314 vel
2231 2274 2346 2335 per
2395 2255 2778 2316 creationem
2835 2274 2848 2316 :
2902 2275 3051 2336 ergo
3102 2256 3562 2319 innascibilitas

2070 2371 2195 2413 non
2241 2359 2336 2412 est
2386 2351 2506 2413 alia
2551 2353 2724 2414 notio
2763 2373 2800 2414 a
2835 2354 3239 2433 generatione
3285 2362 3393 2416 aut
3437 2356 3563 2435 spi—

2070 2451 2330 2512 ratione.
2366 2486 2446 2495 —
2477 2451 2634 2512 Hinc
2667 2451 2773 2513 alii
2817 2453 3060 2525 dicunt,
3094 2453 3264 2533 quod
3296 2452 3565 2514 innasci—

2068 2548 2282 2610 bilitas
2313 2557 2410 2610 est
2451 2549 2826 2611 universalis
2865 2550 3203 2613 auctoritas
3243 2559 3352 2612 aut
3392 2551 3563 2633 prin-

2072 2647 2381 2728 cipalitaS,
2434 2666 2574 2728 quae
2626 2648 2690 2709 in
2742 2649 2876 2710 solo
2933 2656 3030 2710 est
3085 2649 3284 2711 Patre.
3337 2651 3564 2713 Divina

2068 2764 2221 2807 vero
2251 2746 2528 2808 essentia
2566 2763 2692 2807 non
2731 2746 2921 2808 habet
2958 2747 3398 2810 auctoritatem
3437 2749 3564 2811 nisi

2070 2851 2362 2924 respectu
2423 2851 2873 2906 creaturarum.
2929 2845 3048 2908 Sed
3107 2853 3326 2908 contra
3371 2845 3492 2908 hoc
3545 2865 3560 2909 :

2070 2943 2195 3003 Aut
2237 2941 2472 3003 dicitur
2510 2943 2887 3004 universalis
2934 2943 3369 3025 principalitas
3414 2945 3566 3026 quia

1997 3045 2039 3108 C
2070 3040 2250 3101 Pater
2305 3047 2402 3100 est
2453 3039 2844 3121 principium
2894 3041 3205 3115 omnium,
3255 3041 3358 3104 vel
3415 3043 3567 3125 quia

2071 3138 2384 3200 abstracte
2433 3146 2496 3199 et
2553 3140 2999 3202 universaliter
3048 3140 3444 3221 intelligitur.
3499 3141 3562 3203 Si

2072 3237 2281 3317 primo
2314 3237 2521 3310 modo,
2559 3255 2682 3299 non
2713 3238 2832 3299 erit
2865 3238 2987 3300 alia
3029 3239 3204 3300 notio
3239 3258 3430 3319 quam
3459 3258 3564 3319 ge-

2072 3335 2312 3397 neratio
2344 3354 2455 3396 seu
2487 3336 2750 3416 spiratio
2778 3337 2878 3397 vel
2911 3338 3164 3398 creatio.
3191 3338 3254 3399 Si
3286 3339 3566 3400 secundo

2072 3434 2281 3504 modo,
2315 3432 2521 3493 adhuc
2572 3433 2861 3514 sequitur
2912 3434 3078 3495 idem
3125 3452 3137 3495 :
3181 3435 3332 3515 quia
3383 3434 3445 3495 in
3498 3455 3566 3497 re

2072 3549 2196 3592 non
2247 3538 2344 3591 est
2396 3530 2750 3592 universale
2807 3539 3035 3611 praeter
3081 3534 3411 3613 supposita
3458 3540 3567 3595 aut

2070 3629 2401 3691 individua
2451 3635 2559 3689 aut
2608 3628 2969 3708 singularia.
3016 3664 3098 3673 —
3139 3629 3398 3711 Propter
3445 3630 3566 3692 hoc

2069 3728 2176 3790 alii
2227 3728 2471 3799 dicunt,
2507 3726 2674 3806 quod
2722 3726 3182 3788 innascibilitas
3224 3735 3319 3789 est
3365 3727 3566 3809 pleni—

2070 3827 2223 3888 tudo
2273 3823 2528 3887 fontalis
2579 3824 2888 3886 exsistens
2940 3825 3004 3885 in
3055 3826 3253 3899 Patre,
3284 3834 3347 3887 et
3396 3828 3566 3907 quod

2072 3942 2198 3986 non
2237 3932 2334 3985 est
2371 3924 2448 3984 ad
2489 3922 2754 4003 aliquid,
2788 3923 3080 4003 quamvis
3119 3923 3202 3985 sit
3239 3923 3511 4004 alicujus
3547 3942 3562 3986 :

2072 4023 2237 4084 sicut
2285 4022 2699 4103 grammatica
2756 4021 2903 4082 licet
2956 4022 3038 4083 sit
3089 4022 3384 4103 alicujuS‚
3437 4042 3564 4085 non

454 4138 665 4202 quum
694 4118 779 4179 sit
808 4116 963 4198 quid
994 4115 1796 4196 negativum.—-Secund0‚
1811 4115 1960 4196 quia
2074 4128 2282 4182 tamen
2315 4128 2410 4181 est
2439 4120 2516 4181 ad
2549 4120 2810 4201 aliquid.
2849 4119 3077 4182 Contra
3116 4121 3236 4183 hoc
3266 4130 3382 4195 est,
3415 4122 3568 4202 quia

456 4220 529 4280 in
560 4218 769 4279 littera
797 4215 1035 4278 dicitur
1064 4215 1231 4295 quod
1275 4214 1442 4275 idem
1482 4216 1565 4275 sit
1608 4214 1959 4294 ingenitum
1991 4222 2040 4282 D
2074 4228 2141 4280 ut
2170 4219 2394 4279 asserit
2425 4219 2838 4299 AugustinuS,
2873 4219 3182 4300 quidquid
3225 4220 3459 4281 dicitur
3489 4221 3566 4283 de

452 4324 523 4378 et
566 4314 967 4377 innascibile.
1002 4312 1362 4393 Ingenitum
1406 4320 1617 4374 autem
1662 4312 1829 4374 idem
1866 4320 1959 4374 est
2070 4320 2220 4391 De0,
2252 4326 2358 4379 aut
2400 4318 2634 4379 dicitur
2671 4318 3021 4379 secundum
3064 4319 3426 4393 essentiam,
3460 4328 3570 4381 aut

456 4415 633 4497 quod
684 4432 813 4476 non
863 4412 1150 4494 genitum
1196 4428 1209 4473 :
1254 4412 1423 4493 quod
1477 4411 1775 4473 convenit
1823 4411 1961 4492 Spi—
2072 4415 2425 4476 secundum
2457 4415 2848 4477 relationem.
2876 4415 2940 4477 Si
2971 4432 3119 4495 ergo
3151 4414 3405 4477 fontalis
3438 4416 3568 4497 ple—

460 4514 615 4576 ritui
658 4512 907 4575 Sancto.
944 4511 1106 4591 Ergo
1143 4518 1208 4572 et
1248 4509 1623 4572 innascibile
1664 4510 1963 4572 convenit
2073 4513 2296 4575 nitudo
2327 4530 2453 4574 non
2494 4513 2730 4574 dicitur
2759 4514 2836 4575 de
2874 4513 3050 4575 Patne
3092 4515 3444 4575 secundum
3473 4533 3569 4575 re-

458 4612 547 4685 ei,
590 4619 655 4674 et
697 4612 785 4674 ita
827 4628 955 4672 non
999 4616 1095 4671 θεῖ
1138 4608 1489 4691 proprietas
1533 4609 1749 4670 PatriS.

546 4711 615 4771 ln
656 4709 1025 4792 oppositum
1070 4715 1219 4769 sunt
1260 4726 1402 4789 quae
1448 4706 1852 4770 continentur
1898 4707 1961 4769 in

463 4809 695 4871 littera.

2074 4612 2395 4684 lationem,
2439 4610 2672 4673 dicitur
2715 4612 2792 4672 de
2837 4630 2911 4673 eo
2957 4612 3310 4673 secundum
3359 4631 3568 4673 essen-

2073 4710 2248 4771 tiam.
2285 4709 2447 4789 Ergo
2478 4709 2711 4770 dicitur
2741 4710 2818 4771 de
2850 4709 3067 4771 divina
3095 4710 3390 4781 essentia,
3420 4728 3568 4789 ergo

2075 4816 2139 4871 et
2180 4807 2638 4871 innascibilitas
2675 4826 2688 4868 ε
2723 4809 2889 4889 quod
2933 4816 3028 4869 est
3067 4807 3320 4869 falsum.
3357 4808 3568 4870 Fontis

2079 4926 2332 4989 quoque
2380 4907 2444 4967 in
2491 4914 2800 4987 quantum
2844 4915 2940 4968 est
2981 4907 3144 4979 ῐοῃε,
3177 4914 3272 4969 θεῖ
3315 4906 3516 4969 fluere
3551 4924 3565 4968 ε

2078 5024 2229 5086 ergo
2258 5006 2492 5067 dicitur
2520 5006 2596 5066 ad
2629 5004 2889 5085 aliquid.
2925 5040 3005 5049 —
3033 5004 3156 5066 Alii
3191 5006 3382 5085 igitur
3411 5006 3574 5087 (qui-

2080 5104 2199 5166 bus
2253 5103 2712 5183 consentimus)
2756 5102 3052 5174 fatentur,
3087 5104 3254 5184 quod
3301 5104 3571 5166 innasci—

555 5007 643 5069 Ad
688 5006 809 5068 hoc
849 5003 1385 5068 Antisiodorensis
1428 5005 1492 5067 in
1532 5006 1795 5067 Summa
1830 5025 1965 5079 sua,

472 5104 637 5167 libro
668 5105 899 5187 prime,
936 5104 1276 5184 respondet
1311 5120 1324 5164 :
1360 5104 1445 5164 De
1478 5102 1969 5165 innascibilitate

474 5212 623 5265 sunt
676 5204 893 5266 multae
942 5202 1297 5284 opiniones
1341 5201 1607 5273 Quidam
1658 5202 1830 5263 enim
1882 5203 1973 5264 di·
2082 5203 2294 5263 bilitas
2348 5209 2442 5262 est
2498 5201 2670 5262 notio
2723 5202 2918 5262 Patris
2970 5220 3081 5281 per
3137 5202 3392 5263 modum
3450 5202 3574 5283 pri—

480 5310 730 5377 xerunt,
765 5302 937 5385 quod
984 5300 1445 5363 innascibilitas
1485 5308 1578 5361 est
1624 5300 1974 5382 proprietas
2086 5300 2376 5362 vationiS.
2419 5298 2526 5359 Est
2573 5296 2744 5358 enim
2797 5297 3252 5362 innascibilitas
3303 5299 3575 5381 privatio
