4359 6250
1286 511 1461 557 me
1503 513 1524 557 1
1566 511 2047 558 suni-muncia.
2093 530 2173 540 —
2213 511 2365 558 msr.
2411 511 2560 557 xxm
3351 489 3464 553 281

371 685 610 748 dicitur
648 684 1049 767 principium
1092 685 1297 749 totius
1326 686 1609 767 deitatis,
1651 687 1830 767 quod
1865 685 1970 750 vel
2012 687 2117 750 sui
2153 685 2259 750 vel
2297 687 2538 750 divinae
2586 686 2885 749 essentiae
2923 684 3323 766 principium
3359 683 3468 762 sit,

370 801 484 864 sed
522 802 683 882 quia
727 802 1126 884 principium
1179 803 1279 866 est
1323 802 1478 865 Filii
1526 804 1591 866 et
1636 803 1921 884 Spiritus
1960 803 2206 883 Sancti,
2247 804 2314 866 in
2363 803 2604 884 quihus
2649 801 2930 882 singulis
2978 802 3115 863 tota
3161 799 3474 862 divinitas

370 921 487 983 est.
544 919 761 982 Filius
817 920 900 981 ad
958 919 1279 1000 Spiritum
1333 919 1647 984 Sanctum
1708 919 1947 982 dicitur
1990 920 2417 1000 principium.
2462 919 2746 1000 Spiritus
2787 934 2941 981 vero
2999 917 3276 981 Sanctus
3340 933 3471 979 non

370 1036 609 1098 dicitur
655 1035 1055 1116 principium
1106 1036 1235 1098 nisi
1289 1035 1371 1099 ad
1418 1039 1768 1116 creaturaS,
1809 1037 1893 1098 ad
1941 1035 2113 1117 quas
2152 1036 2348 1099 Pater
2397 1036 2595 1100 etiam
2647 1035 2888 1098 dicitur
2941 1034 3363 1114 principium,
3409 1033 3474 1095 et

368 1153 603 1232 Filius,
658 1154 723 1216 et
767 1153 1053 1215 Trinitas
1104 1152 1247 1234 ipsa
1293 1152 1517 1230 simul,
1568 1154 1633 1216 et
1688 1152 1947 1233 singula
2001 1169 2429 1233 personarum
2485 1151 2883 1232 principium
2940 1150 3180 1212 dicitur
3225 1150 3475 1213 creatu-

370 1287 613 1332 rarum.
657 1269 855 1333 Pater
898 1286 1050 1350 ergo
1100 1269 1503 1350 principium
1552 1271 1652 1332 est
1698 1270 1839 1332 sine
1885 1269 2233 1351 principie,
2275 1269 2486 1332 Filius
2528 1267 2926 1348 principium
2986 1267 3066 1330 de
3121 1266 3467 1348 principiO,
3528 1277 3590 1319 Au
3563 1290 3636 1332 us·
3657 1275 3748 1319 Con
3718 1290 3767 1318 u·

3500 1342 3568 1444 ui:
3561 1338 3690 1444 nMaxi
3694 1338 3767 1380 mi-

372 1386 659 1467 Spiritus
703 1386 982 1450 Sanctus
1026 1385 1426 1467 principium
1464 1385 1544 1450 de
1582 1388 1884 1467 utroque,
1936 1385 2005 1448 id
2050 1387 2151 1448 est
2196 1386 2277 1448 de
2322 1384 2515 1448 Patre
2563 1385 2626 1448 et
2680 1383 2874 1446 Filio.
3297 1413 3302 1418 -
3500 1415 3625 1516 2¹¹⁷
3561 1401 3765 1507 ¹¹¹’¹,³,¹³·4¹¹'

374 1617 447 1680 B.
505 1621 705 1686 Quod
752 1621 843 1683 ab
889 1621 1167 1683 oetemo
1216 1620 1449 1682 Pater
1494 1621 1602 1682 est
1640 1621 2125 1693 principium,
2180 1619 2252 1680 et
2298 1620 2534 1681 Filius
2550 1639 2579 1695 ,·
2630 1622 2757 1681 sed
2799 1618 3125 1690 Spiritus
3167 1617 3481 1680 Sanctus

1234 1751 1411 1812 non,
1463 1739 1613 1799 imo
1663 1737 1878 1810 coeptt
1931 1750 2086 1798 esse
2124 1738 2608 1808 principium.

500 1941 588 2003 Et
622 1941 823 2004 Pater
857 1940 941 2004 ab
971 1941 1214 2004 aeterno
1252 1940 1651 2022 principium
1703 1941 1803 2004 est
1849 1939 2027 2018 Filii,
2062 1939 2127 2002 et
2162 1939 2358 2002 Pater
2404 1940 2468 2002 et
2503 1939 2714 2002 Filius
2757 1938 3155 2020 principium
3195 1939 3480 2020 Spiritus

373 2058 591 2122 Sancti
636 2078 653 2118 ε
695 2057 853 2138 quia
880 2057 1093 2120 Filius
1121 2057 1222 2120 est
1256 2073 1295 2120 a
1330 2057 1547 2137 Patre,
1582 2058 1647 2119 et
1682 2056 1969 2138 Spiritus
2010 2056 2288 2119 Sanctus
2331 2054 2414 2118 ab
2450 2057 2752 2135 utroque.
2793 2054 3079 2135 Spiritus
3116 2071 3271 2118 vero
3309 2055 3478 2119 San-

374 2176 513 2237 ctus
558 2190 695 2236 non
743 2173 827 2236 ab
877 2174 1119 2238 aeterno
1164 2173 1563 2254 principium
1615 2174 1735 2250 est,
1776 2172 1893 2236 sed
1943 2190 2086 2235 esse
2124 2172 2322 2252 coepit
2361 2191 2376 2232 ε
2418 2171 2574 2251 quia
2618 2188 2753 2234 non
2797 2171 3038 2235 dicitur
3080 2171 3478 2252 principium

372 2290 497 2353 nisi
526 2290 613 2352 ad
642 2292 992 2353 creaturas.
1028 2288 1250 2362 Quum
1288 2307 1439 2370 ergo
1470 2291 1781 2353 creaturae
1822 2306 1963 2352 esse
2001 2290 2358 2369 coeperunt,
2384 2289 2448 2352 et
2484 2288 2769 2370 Spiritus
2791 2287 3076 2352 'Sanctus
3111 2305 3254 2352 esse
3283 2288 3482 2369 coepit

373 2407 775 2488 principium
814 2423 1065 2469 earum.
1108 2406 1209 2469 Ita
1246 2407 1443 2470 etiam
1494 2407 1689 2470 Pater
1735 2408 1799 2470 et
1836 2406 2047 2469 Filius
2085 2423 2228 2469 esse
2277 2405 2472 2486 coepit
2508 2422 2659 2468 cum
2699 2404 2948 2484 Spiritu
2994 2405 3231 2468 Sancto
3270 2422 3478 2468 unum

374 2523 773 2605 principium
824 2523 1292 2601 creaturarum,
1334 2523 1489 2604 quia
1536 2525 1847 2586 creaturae
1897 2539 2039 2585 esse
2091 2523 2427 2602 coeperunt
2463 2538 2502 2582 a
2548 2521 2741 2584 Patre
2789 2521 2854 2584 θῖ
2905 2520 3076 2582 Filio
3115 2520 3181 2582 et
3229 2521 3480 2601 Spiritu

375 2641 634 2703 Sancto.
677 2639 763 2701 Et
803 2638 1112 2700 dicuntur
1146 2637 1218 2700 hi
1255 2639 1409 2718 tres,
1452 2654 1583 2700 non
1621 2638 1768 2717 tria,
1814 2637 1931 2700 sed
1976 2654 2186 2699 unum
2223 2637 2621 2718 principium
2669 2636 2967 2699 omnium
3008 2637 3476 2715 creaturarum,

374 2756 527 2837 quia
560 2771 699 2818 uno
730 2753 1094 2835 eodemque
1123 2754 1321 2817 modo
1350 2754 1749 2835 principium
1788 2771 2009 2818 rerum
2038 2755 2214 2817 sunt.
2247 2755 2395 2817 Non
2425 2753 2602 2816 enim
2645 2753 2832 2816 aliter
2860 2753 3016 2815 sunt
3042 2769 3146 2816 res
3183 2769 3220 2814 a
3256 2752 3474 2832 Patre,

376 2874 439 2934 et
472 2871 667 2934 aliter
702 2887 742 2933 a
777 2870 973 2949 Filio,
1008 2870 1124 2934 sed
1166 2871 1429 2951 penitus
1466 2871 1699 2933 eodem
1738 2869 1959 2933 modo.
1994 2870 2148 2933 Ideo
2187 2869 2548 2950 Apostolus
2591 2869 2961 2950 intelligens
2997 2869 3164 2931 hanc
3191 2868 3478 2931 Trinita-
3827 2951 3844 2966 .

374 2991 505 3051 tem
545 3003 691 3051 esse
728 3004 937 3050 unum
976 2986 1373 3068 principium
1411 3003 1655 3066 rerum,
1698 2987 1845 3050 ait.
1887 2988 1989 3049 Ex
2028 2989 2198 3068 ipsc,
2232 3003 2349 3067 per
2377 2986 2622 3067 ipsum,
2656 2987 2720 3050 et
2755 2986 2824 3048 in
2861 2986 3007 3065 ipso
3037 2987 3192 3048 sunt
3229 2984 3472 3048 omnia.
3506 3003 3668 3046 Roma
3669 3005 3769 3052 ι,3(ι.

376 3103 595 3177 Quum
635 3119 794 3166 vero
832 3103 1138 3167 audimus
1177 3103 1401 3166 omnia
1438 3120 1580 3167 esse
1613 3121 1697 3167 ex
1732 3103 1899 3184 Dec,
1932 3105 2007 3167 ut
2048 3102 2141 3166 ait
2175 3101 2590 3183 Augustinus
2626 3102 2707 3165 de
2747 3102 2993 3165 Natura
3027 3100 3208 3182 boni,
3249 3117 3480 3165 omnes
3507 3120 3682 3177 Aug&
3627 3119 3682 3163 «1η
3694 3117 3775 3162 κη.

376 3222 631 3301 utique
654 3221 925 3283 naturas
972 3220 1336 3300 intelligere
1385 3219 1723 3299 debemus,
1774 3223 1839 3284 et
1888 3222 2110 3283 omnia
2157 3237 2303 3302 quae
2346 3214 2710 3283 naturalia*
2747 3219 2921 3282 sunt.
2971 3219 3122 3282 Non
3171 3219 3350 3283 enim
3397 3236 3530 3287 ex
3505 3186 3554 3225 ω
3525 3195 3635 3288 ⁰2⁸⁸.
3653 3182 3753 3225 Μ
3740 3196 3771 3233 '

376 3338 515 3418 ipso
554 3338 716 3400 sunt
750 3337 1038 3417 peccata,
1078 3353 1227 3416 quae
1264 3339 1567 3399 naturam
1594 3352 1728 3398 non
1758 3337 2041 3415 servant,
2082 3336 2194 3399 sed
2234 3335 2492 3415 vitiant,
2535 3352 2682 3415 quae
2722 3353 2804 3397 ex
2842 3335 3176 3398 voluntate
3206 3352 3480 3415 peccan-
3505 3371 3606 3414 rte:-

374 3454 539 3517 tium
596 3455 979 3516 nascuntur.
1021 3452 1341 3517 Omnium
1392 3469 1546 3534 ergo
1594 3470 1741 3534 quae
1792 3453 2175 3516 naturaliter
2223 3454 2401 3532 sunt,
2449 3469 2659 3515 unum
2705 3452 3101 3533 principium
3143 3452 3242 3515 est
3286 3452 3481 3514 Pater

376 3587 523 3632 cum
558 3568 735 3631 Filio
768 3568 835 3632 et
860 3568 1110 3649 Spiritu
1146 3568 1386 3632 Sancto
1428 3589 1443 3631 ε
1486 3572 1550 3632 et
1592 3570 1716 3633 1100
1754 3587 1897 3633 esse
1934 3569 2151 3650 coepit.
2196 3567 2299 3631 Ab
2335 3570 2577 3632 aeterno
2608 3570 2827 3631 autem
2857 3568 3052 3630 Pater
3080 3566 3478 3647 principium

378 3688 473 3749 est
515 3686 676 3748 Filii
726 3686 1166 3766 generatione,
1208 3686 1273 3749 θῖ
1318 3686 1514 3749 Pater
1560 3688 1627 3749 et
1670 3686 1881 3749 Filius
1925 3702 2135 3749 unum
2180 3685 2577 3766 principium
2627 3684 2910 3765 Spiritus
2951 3683 3198 3747 Sancti.

508 3801 701 3865 Unde
739 3801 1153 3882 Augustinus
1203 3802 1271 3864 in
1319 3802 1549 3883 quinto
1598 3802 1764 3865 libro
1811 3802 1892 3866 de
1932 3802 2250 3865 Trinitate
2305 3802 2398 3864 ita
2451 3802 2599 3864 ait:
2641 3801 2899 3865 Dicitur
2945 3798 3214 3864 relative
3259 3799 3476 3879 Pater,
3506 3816 3598 3921 „¹1d'
3613 3817 3666 3859 «1η
3685 3815 3776 3859 τῆ-

378 3919 685 4001 idemque
722 3918 991 3981 relative
1039 3916 1280 3981 dicitur
1317 3919 1738 4001 principium.
1782 3918 1910 3981 Sed
1944 3918 2140 3981 Pater
2176 3918 2260 3980 ad
2301 3918 2546 3980 Filium
2593 3918 2854 3997 dicitur,
2887 3916 3286 3998 principium
3323 3893 3534 3985 vero¹1¹
3645 3878 3772 3927 '¹¹¹³'

380 4036 459 4097 ad
508 4035 737 4099 omnia
772 4052 921 4115 quae
972 4033 1055 4097 ab
1104 4035 1250 4116 ipso
1302 4037 1477 4099 sunt.
1520 4036 1605 4097 Et
1652 4036 2049 4117 principium
2088 4034 2330 4098 dicitur
2379 4034 2611 4097 Filius.
2653 4033 2874 4107 Quum
2927 4034 3102 4097 enim
3158 4033 3482 4096 diceretur

382 4153 438 4215 ei
472 4173 487 4213 z
519 4152 623 4215 Tu
664 4151 815 4232 quis
864 4149 981 4215 es?
1016 4150 1355 4232 respondit
1388 4172 1401 4213 :
1433 4151 1869 4232 Principium,
1911 4150 2026 4231 qui
2077 4152 2143 4214 et
2191 4150 2429 4230 loquor
2468 4150 2678 4213 vohis.
2729 4150 2856 4213 Sed
2908 4149 3232 4230 numquid
3268 4149 3484 4213 Patris
3511 4165 3776 4273 2ᾔνιιηηηηηιι.

3603 3312 3774 3352 natura-

380 4268 777 4351 principium
818 4266 967 4331 est?
1006 4268 1149 4331 Imo
1189 4270 1543 4332 creatorem
1583 4286 1654 4331 se
1682 4267 1891 4331 voluit
1929 4268 2293 4347 ostendere,
2326 4284 2532 4348 quum
2562 4286 2632 4331 se
2670 4268 2838 4329 dixit
2875 4284 3017 4331 esse
3056 4268 3481 4348 principium,

382 4386 549 4449 sicut
585 4386 653 4448 et
680 4384 877 4447 Pater
905 4385 1301 4465 principium
1328 4386 1428 4449 est
1455 4386 1789 4465 creaturae,
1824 4385 1979 4465 quia
2008 4383 2091 4447 ab
2129 4385 2272 4464 ipso
2312 4386 2466 4446 sunt
2496 4384 2738 4447 omnia.
2764 4383 2984 4458 Quum
3014 4402 3169 4447 vero
3202 4383 3486 4448 dicimus

383 4502 443 4563 et
489 4502 759 4565 Patrem
796 4500 1221 4582 principium,
1264 4502 1329 4564 et
1364 4501 1613 4564 Filium
1655 4501 2077 4582 principium,
2117 4516 2252 4563 non
2289 4500 2419 4563 (1110
2468 4500 2790 4581 principia
2827 4503 3136 4565 creaturae
3175 4500 3482 4581 dicimUS,

384 4619 533 4698 quia
569 4618 768 4681 Pater
806 4617 872 4680 et
908 4616 1119 4681 Filius
1158 4618 1358 4680 simul
1397 4616 1478 4680 ad
1518 4618 1879 4681 creaturam
1918 4634 2124 4679 unum
2173 4616 2578 4698 principium
2625 4618 2745 4698 est,
2779 4618 2952 4681 sicut
2987 4635 3160 4681 unus
3211 4618 3480 4681 creator.

384 4734 449 4798 Si
486 4736 712 4798 autem
750 4734 1076 4815 quidquid
1113 4734 1181 4795 in
1225 4751 1295 4797 se
1333 4736 1575 4814 manet,
1609 4735 1675 4798 et
1710 4734 1922 4815 gignit
1956 4734 2060 4796 vel
2101 4735 2407 4815 operatur
2443 4734 2715 4816 aliquid,
2762 4735 3161 4816 principium
3202 4735 3301 4797 est
3341 4734 3485 4813 ejus

382 4852 471 4913 rei
520 4868 725 4933 quam
774 4850 987 4931 gignit
1032 4850 1136 4914 vel
1186 4850 1331 4931 eJus
1378 4868 1577 4932 quam
1630 4853 1971 4933 operatur;
2020 4868 2149 4914 non
2205 4868 2561 4933 possumus
2616 4869 2852 4932 negare
2907 4852 3106 4913 etiam
3163 4850 3481 4930 Spiritum

388 4968 697 5032 Sanctum
736 4968 911 5031 recte
947 4966 1079 5029 dici
1115 4968 1538 5048 principium,
1571 4968 1728 5049 quia
1762 4985 1895 5031 non
1934 4986 2084 5031 eum
2124 4986 2504 5050 separamus
2541 4968 2623 5030 ab
2651 4968 3086 5049 appellatione
3125 4966 3433 5029 creatoris
3465 4986 3480 5026 :

386 5086 535 5165 quia
581 5084 905 5166 scriptum
946 5085 1045 5147 est
1090 5084 1169 5147 de
1222 5084 1359 5163 1110,
1394 5085 1572 5165 quod
1625 5086 1948 5165 operetur.
1990 5086 2076 5148 Et
2123 5086 2351 5166 utique
2390 5085 2457 5147 in
2505 5104 2574 5147 se
2626 5100 2898 5147 manens
2951 5084 3257 5164 operatur
3298 5102 3311 5143 :
3354 5099 3488 5145 non
3542 5102 3777 5150 ncomu.

387 5202 559 5265 enim
608 5201 679 5263 in
726 5200 980 5283 aliquid
1018 5217 1246 5264 eorum
1291 5218 1439 5281 quae
1478 5202 1806 5282 operatur,
1848 5202 1989 5283 ipse
2027 5202 2320 5265 mutatur
2367 5203 2434 5264 et
2460 5200 2754 5263 vertitur.
2791 5199 3009 5269 Unum
3056 5216 3208 5279 ergo
3245 5198 3489 5279 princi·
3515 5170 3556 5211 θ’

395 5317 575 5396 pium
611 5316 695 5379 ad
732 5317 1097 5381 creaturam
1136 5332 1287 5379 cum
1324 5316 1518 5382 Patre
1558 5318 1621 5381 et
1656 5317 1827 5381 Filio
1867 5318 1967 5382 est
2012 5318 2296 5399 Spiritus
2323 5317 2623 5397 SanctuS,
2662 5332 2795 5378 non
2838 5316 2968 5379 duo
3005 5315 3112 5379 vel
3147 5315 3274 5379 tria
3309 5314 3490 5395 prin-
