4359 6250
889 483 1008 551 424

1508 501 1572 548 IN
1613 500 1834 546 Lunum
1877 499 1898 547 1
1940 498 2422 546 SENTENTIARUN.
2467 517 2548 528 -
2588 499 2741 546 msT.
2788 499 3016 562 xxxvl3
3060 499 3284 554 QUAEST.
3328 499 3369 544 V

889 672 1201 756 quidquid
1247 679 1540 735 causatur
1581 671 1662 734 ab
1701 670 1856 753 ipso.
1901 669 2043 733 Haec
2087 669 2377 732 ThomaS.
2412 667 2465 733 A
2492 687 2631 732 esse
2669 669 3078 744 accidentale,
3119 677 3183 732 et
3222 669 3309 732 ita
3350 669 3599 732 excedit
3640 669 3799 732 illud
3825 687 3843 748 ;
3874 670 3980 732 sed

887 809 969 819 —
995 771 1168 834 Idem
1197 771 1417 834 Petrus
1445 777 1509 833 et
1539 769 1907 832 Richardus.
1944 767 2289 832 Concordat
2322 775 2385 830 et

885 870 1254 935 Alexander.

966 970 1270 1033 Praeterea
1335 968 1387 1031 si
1457 975 1795 1050 quaeratur,
1866 986 1942 1029 an
2014 964 2389 1048 imperfecta

888 1068 1014 1132 sint
1067 1068 1132 1130 in
1175 1068 1324 1140 Deo,
1369 1074 1434 1129 et
1475 1085 1554 1129 an
1597 1065 1868 1128 habeant
1911 1066 2116 1128 ideam
2163 1065 2227 1126 in
2273 1081 2383 1144 eo;

890 1167 1228 1249 respondet
1275 1167 1736 1240 Bonaventura,
1788 1165 1958 1246 quod
2010 1164 2387 1247 imperfecta

887 1273 1196 1349 quantum
1237 1265 1314 1327 ad
1355 1265 1705 1338 entitatem,
1738 1262 2084 1326 bonitatem
2125 1271 2189 1325 et
2228 1263 2387 1324 veri-

889 1373 1083 1428 tatem
1126 1382 1319 1446 quam
1364 1362 1622 1436 habent,
1669 1369 1818 1424 sunt
1860 1361 1922 1422 in
1967 1362 2117 1434 De0‚
2162 1367 2225 1423 et
2278 1361 2384 1423 ha-

890 1462 1044 1526 bent
1075 1463 1281 1525 ideam
1318 1461 1382 1523 in
1423 1479 1519 1535 e0,
1555 1461 2016 1542 causaliterque
2055 1459 2386 1522 fluxerunt

889 1561 970 1623 ab
1013 1561 1154 1644 ipso
1200 1579 1214 1623 t
1260 1560 1352 1622 sic
1395 1560 1568 1622 enim
1613 1558 1886 1622 Creatori
1931 1558 2145 1640 aliquo
2196 1559 2384 1620 modo

888 1658 1340 1722 assimilantur.
1376 1659 1493 1721 Sed
1537 1658 1602 1720 in
1643 1665 1953 1739 quantum
1987 1657 2380 1739 imperfecta,

889 1765 1080 1841 prout
1129 1757 1528 1840 imperfectio
1577 1756 1994 1838 privationem
2041 1776 2152 1818 seu
2198 1749 2383 1838 nega-

2493 767 2822 830 exceditur
2850 769 3203 831 secundum
3233 768 3412 851 quid,
3446 769 3513 831 in
3542 777 3855 851 quantum
3886 787 3983 831 res

2493 866 2685 930 habet
2714 867 2779 929 in
2810 868 3025 930 anima
3054 868 3373 950 quoddam
3402 887 3543 930 esse
3572 867 3982 942 abstractum,

2497 957 2915 1029 immateriale
2957 975 3021 1029 et
3069 966 3423 1049 spirituale,
3468 966 3535 1028 in
3584 986 3652 1030 se
3700 968 3841 1050 ipsa
3886 987 3989 1030 au-

2496 1073 2623 1128 tem
2658 1064 2999 1128 materiale.
3032 1065 3176 1130 Haec
3207 1065 3495 1129 Thomas
3530 1066 3813 1128 —Idem
3844 1067 3991 1128 scri-

2496 1163 2592 1226 bit
2628 1164 2925 1227 Albertus
2964 1164 3300 1247 prolixius,
3332 1172 3397 1226 et
3436 1165 3773 1228 concordat
3814 1165 3990 1228 Udal-

2496 1263 2688 1326 ricus.

2576 1361 2751 1424 Unde
2818 1360 2992 1424 elicit
3048 1361 3321 1424 Thomas
3387 1369 3576 1444 atque
3642 1362 3988 1436 concludit,

2496 1460 2667 1542 quod
2706 1479 2806 1522 res
2846 1459 3187 1542 aliquando
3226 1460 3439 1522 verius
3478 1479 3617 1524 esse
3658 1460 3849 1524 habet
3880 1462 3987 1525 ubi

2495 1559 2685 1621 babet
2715 1577 2853 1622 esse
2886 1579 2999 1642 per
3030 1558 3517 1622 similitudinem
3558 1579 3764 1634 suam,
3796 1581 3988 1643 quam

2496 1657 2563 1720 in
2594 1658 2849 1740 propria
2888 1666 3130 1721 natura.
3166 1659 3343 1732 Quod
3373 1677 3595 1721 verum
3626 1659 3883 1722 videtur
3912 1661 3989 1722 de-

2495 1756 2918 1819 similitudine
2956 1756 3234 1820 increata
3263 1765 3321 1819 et
3358 1757 3541 1820 ideali
3576 1777 3765 1840 quam
3800 1758 3989 1820 habet

888 1857 1128 1920 tionem
1194 1855 1604 1939 perfectionis
1667 1855 1985 1936 importat,
2048 1873 2174 1918 non
2237 1862 2381 1917 sunt
2418 1855 2465 1916 B
2497 1854 2561 1916 in
2601 1855 2908 1918 Creatore.
2944 1855 3095 1917 Esse
3134 1863 3343 1918 autem
3389 1856 3587 1918 ideale
3616 1857 3707 1919 rei
3740 1856 3806 1919 in
3839 1857 3987 1928 De0‚

889 1957 954 2018 in
999 1957 1150 2030 De0‚
1195 1974 1313 2018 nec
1347 1953 1596 2016 ‘habent
1647 1955 1707 2016 in
1761 1972 1835 2017 eo
1886 1954 2088 2016 ideam
2139 1954 2381 2036 propri-

890 2075 1016 2128 am,
1043 2054 1208 2116 sicut
1238 2072 1356 2116 nec
1389 2053 1527 2135 ipsa
1567 2053 1854 2135 privatio.
1889 2053 2030 2115 Haec
2063 2053 2382 2115 Bonaven-

887 2162 1046 2216 tura.

970 2351 1090 2415 Sed
1132 2351 1329 2432 quaeri
1371 2357 1600 2433 potest,
1632 2350 1726 2412 An
1769 2358 2072 2416 creaturae
2113 2350 2384 2414 habeant

889 2450 1105 2512 verius
1135 2468 1274 2512 esse
1307 2450 1372 2512 in
1403 2450 1531 2512 Deo
1561 2468 1756 2532 quam
1789 2448 1854 2511 in
1886 2467 1953 2511 se
1985 2449 2160 2531 ipsiS.

968 2548 1060 2612 Ad
1093 2548 1262 2631 quod
1293 2547 1561 2610 Thomas
1601 2548 1940 2630 respondet
1975 2567 1988 2611 z
2025 2547 2175 2610 Esse
2216 2567 2385 2610 crea-

887 2657 1048 2711 turae
1107 2653 1312 2730 potest
1372 2646 1876 2729 quadrupliciter
1933 2647 2319 2710 considerari
2366 2666 2380 2710 ε

889 2746 1122 2828 primo,
1175 2752 1365 2827 prout
1413 2752 1507 2806 est
1559 2745 1624 2806 in
1673 2745 1932 2827 propria
1979 2753 2242 2825 natura3
2294 2765 2386 2809 se-

891 2844 1123 2918 cund0,
1176 2851 1365 2926 prout
1419 2844 1484 2905 in
1541 2843 1905 2925 cognitione
1959 2853 2213 2924 nostra3
2266 2852 2385 2907 ter-

889 2943 999 3014 tio,
1033 2950 1223 3025 prout
1277 2951 1372 3005 est
1427 2943 1493 3004 in
1543 2943 1711 3022 De03
1758 2950 2004 3024 quarto,
2047 2943 2382 3016 abstracte,

2495 1961 2559 2016 et
2599 1955 2930 2036 proprium
2971 1973 3109 2016 esse
3147 1953 3312 2034 ejus,
3346 1972 3473 2016 non
3512 1962 3661 2016 sunt
3694 1955 3863 2017 idem
3904 1974 3993 2017 es-

2496 2069 2563 2112 se
2614 2070 2731 2113 nec
2786 2070 3017 2133 genere
3074 2069 3192 2114 nec
3250 2052 3464 2134 specie
3522 2071 3639 2114 nec
3698 2071 3988 2126 numer0,

2498 2150 2609 2212 sed
2650 2149 2954 2232 analogia.

2576 2249 2765 2311 Porro
2796 2249 3238 2312 Bonaventura
3266 2250 3649 2332 respondens
3675 2267 3689 2311 ε
3715 2250 3991 2333 Triplex,

2496 2346 2607 2420 ait,
2658 2354 2755 2409 est
2802 2347 3171 2411 exsistentia
3219 2367 3431 2411 rerum
3478 2369 3491 2412 ε
3531 2347 3735 2431 prima
3784 2357 3877 2411 est
3930 2350 3993 2411 in

2497 2446 2845 2529 exemplari
2887 2454 3166 2526 aetern03
3207 2448 3507 2522 secunda,
3552 2449 3619 2509 in
3664 2448 3993 2510 intellectu

2498 2553 2748 2625 creato;
2798 2546 2999 2618 tertia,
3062 2546 3128 2608 in
3190 2547 3451 2609 mund0.
3512 2547 3581 2609 ln
3640 2547 3993 2630 exemplari

2495 2653 2731 2707 aeterno
2760 2645 2919 2707 etin
2953 2645 3279 2708 intellectu
3322 2653 3531 2708 creato
3570 2654 3718 2708 sunt
3760 2665 3861 2709 res
3902 2667 3995 2710 se-

2496 2744 2779 2806 cundum
2810 2743 3263 2807 similitudines
3293 2763 3483 2824 suas3
3516 2747 3582 2808 in
3612 2746 3853 2809 mundo
3884 2766 3993 2809 au·

2497 2851 2648 2918 tem,
2673 2844 3025 2906 secundum
3059 2845 3333 2927 propriae
3362 2853 3603 2908 naturae
3631 2846 3988 2909 veritatem.

2496 2942 2659 3004 Dum
2702 2942 2897 3024 igitur
2934 2942 3242 3024 qnaeritur
3278 2943 3390 3005 ubi
3432 2944 3562 3006 sint
3598 2944 3836 3018 verim,
3878 2947 3993 3008 du-

889 3041 1186 3105 videlicet
1226 3041 1290 3102 in
1333 3042 1681 3116 communi,
1725 3049 1914 3126 prout
1956 3042 2265 3105 abstrahit
2306 3043 2385 3106 ab
2420 3037 2464 3102 C
2498 3039 2755 3123 pliciter
2796 3046 3005 3123 potest
3050 3040 3339 3124 intelligi.
3387 3042 3619 3116 Primo,
3666 3044 3837 3127 quod
3882 3044 3995 3107 fiat

888 3132 1190 3205 omnibus
1233 3141 1390 3203 istis.
1439 3142 1646 3215 Quum
1690 3142 1903 3223 itaque
1946 3143 2180 3205 dicitur
2220 3162 2387 3207 crea-

887 3250 1032 3303 tura
1059 3240 1272 3303 verius
1316 3259 1455 3303 esse
1498 3240 1564 3302 in
1610 3241 1738 3303 Deo
1777 3260 1970 3323 quam
2010 3241 2075 3303 in
2115 3261 2185 3304 se
2224 3242 2381 3324 ipsa,

891 3345 1294 3421 comparatur
1324 3338 1604 3421 primum
1637 3345 1697 3400 et
1729 3339 1983 3401 tertium
2012 3359 2150 3402 esse
2183 3341 2384 3422 ipsius

891 3446 1192 3501 creaturae
1232 3445 1525 3520 respectu
1567 3438 1798 3519 quarti,
1831 3438 2133 3519 quoniam
2176 3440 2385 3502 omnis

891 3536 1279 3619 comparatio
1317 3544 1413 3597 est
1454 3544 1744 3619 respectu
1786 3536 2059 3619 alicujus
2099 3556 2383 3600 commu-

889 3637 989 3698 nis
1024 3643 1261 3717 :atque
1310 3652 1426 3716 pro
1477 3642 1649 3698 tanto
1697 3636 1955 3711 dicitur,
1994 3637 2164 3719 quod
2215 3656 2384 3700 crea-

886 3741 1030 3795 tura
1077 3732 1292 3796 verius
1339 3751 1478 3795 esse
1526 3732 1716 3795 habet
1767 3734 1831 3795 in
1881 3734 2028 3808 De0‚
2080 3735 2383 3817 qnoniam

889 3850 1079 3895 omne
1120 3831 1290 3914 quod
1330 3838 1426 3893 est
1457 3830 1522 3893 in
1561 3831 1707 3905 alio,
1742 3839 1834 3894 est
1869 3832 1934 3894 in
1966 3833 2077 3896 illo
2108 3853 2223 3914 per
2252 3852 2384 3897 mo-

889 3932 1044 3994 dum
1095 3930 1291 4004 illius,
1343 3947 1470 3992 non
1522 3949 1636 4011 per
1685 3930 2016 4013 proprium
2068 3932 2381 4011 modum;

889 4030 1109 4112 sicque
1151 4036 1438 4090 creatura
1474 4035 1570 4090 est
1601 4028 1666 4089 in
1697 4029 1825 4092 Deo
1865 4049 1980 4112 per
2019 4031 2280 4092 modum
2320 4040 2384 4093 et

889 4146 1029 4190 esse
1091 4127 1468 4200 increatum,
1520 4126 1815 4189 videlicet
1865 4147 1979 4210 per
2037 4148 2227 4191 suum
2286 4149 2384 4191 es-

2498 3141 2885 3223 comparatio
2927 3140 3217 3220 ejusdem
3262 3142 3351 3204 rei
3395 3142 3473 3204 ad
3523 3162 3590 3205 se
3640 3144 3993 3207 secundum

2499 3239 2823 3301 diversum
2876 3240 3136 3302 modum
3185 3240 3556 3315 exsistendi,
3610 3249 3677 3303 ut
3724 3242 3805 3305 sit
3857 3263 3995 3306 sen-

2498 3356 2605 3400 sus
2659 3356 2672 3400 :
2726 3337 2836 3399 ubi
2888 3357 2987 3400 res
3038 3346 3247 3401 creata
3294 3340 3509 3401 verius
3556 3339 3783 3403 habeat
3830 3360 3993 3414 esse,

2498 3436 2563 3498 in
2605 3437 2995 3519 producente
3037 3444 3143 3499 aut
3190 3446 3631 3518 cognoscente,
3672 3440 3770 3501 vel
3818 3440 3883 3502 in
3926 3460 3995 3503 se

2498 3534 2679 3617 ipsa?
2712 3536 2942 3617 Sicque
2974 3544 3261 3599 creatura
3291 3537 3507 3599 verius
3537 3556 3676 3600 esse
3704 3538 3895 3601 habet
3930 3541 3993 3602 in

2497 3634 2755 3717 proprio
2785 3653 3037 3715 genere,
3068 3654 3259 3717 quam
3289 3636 3351 3697 in
3381 3636 3511 3699 Deo
3538 3637 3636 3699 vel
3666 3636 3993 3700 intellectu

2496 3740 2705 3795 creato
2742 3751 2755 3795 :
2792 3733 3094 3815 quoniam
3128 3734 3191 3796 in
3223 3753 3291 3797 se
3324 3734 3463 3817 ipsa
3500 3743 3595 3797 est
3636 3737 3991 3800 secundum

2492 3832 2857 3895 essentialia
2895 3840 2956 3894 et
2995 3832 3340 3895 intrinseca
3377 3853 3491 3897 sua
3531 3834 3869 3917 principia,
3902 3844 3995 3897 at·

2495 3950 2619 4013 que
2650 3932 3003 3993 secundum
3032 3951 3171 3995 esse
3202 3951 3391 3994 suum
3424 3933 3731 4008 naturale,
3764 3953 3991 3996 verum

2494 4049 2566 4092 ac
2614 4030 2991 4112 proprium3
3039 4030 3105 4092 in
3154 4030 3297 4092 aliis
3348 4040 3583 4104 autem,
3634 4033 3993 4095 secundum

2494 4129 2981 4191 similitudinem
3035 4149 3236 4192 suam.
3286 4130 3351 4193 Si
3400 4139 3615 4193 autem
3662 4131 3774 4194 fiat
3820 4150 3995 4195 com-

891 4245 958 4287 se
999 4224 1200 4287 ideale
1239 4232 1299 4286 et
1339 4224 1722 4307 exemplare,
1767 4227 1937 4307 quod
1977 4234 2072 4288 est
2113 4227 2385 4309 ipsemet
2414 4229 2464 4290 D
2495 4228 2737 4308 paratio
2777 4228 2868 4289 rei
2910 4229 2985 4291 ad
3026 4227 3515 4291 similitudinem
3560 4249 3763 4303 suam,
3802 4239 3869 4293 ut
3910 4232 3993 4293 sit

891 4324 1076 4386 Deus.
1119 4323 1380 4405 Propter
1416 4324 1586 4406 quod
1627 4324 1780 4386 dicit
1811 4326 2170 4400 AnselmuS,
2214 4328 2383 4409 quod

890 4428 1176 4484 creatura
1224 4421 1290 4484 in
1337 4422 1466 4485 Deo
1514 4429 1609 4485 est
1658 4422 1928 4485 creatrix
1973 4423 2269 4498 essentia,
2320 4425 2383 4487 id

889 4527 987 4582 est
1023 4538 1163 4583 esse
1203 4526 1506 4584 creaturae
1544 4522 1894 4583 secundum
1940 4523 2107 4603 quod
2151 4522 2215 4584 in
2256 4523 2384 4586 Deo

889 4627 1027 4697 est3
1061 4619 1127 4680 in
1162 4637 1230 4681 se
1264 4636 1415 4681 vero
1455 4627 1550 4681 est
1591 4638 1704 4701 per
1740 4620 2001 4683 modum
2036 4640 2174 4683 esse
2215 4640 2384 4685 crea-

888 4718 960 4793 ti,
1007 4716 1073 4779 in
1118 4734 1245 4799 quo
1292 4716 1503 4780 minus
1551 4724 1647 4779 est
1695 4717 1772 4780 de
1822 4719 2085 4781 veritate
2131 4720 2384 4782 essendi

888 4836 1082 4900 quam
1121 4816 1188 4879 in
1228 4834 1367 4879 esse
1407 4816 1704 4879 increato.
1738 4817 1926 4881 Porro
1967 4817 2020 4879 si
2061 4836 2385 4900 compare-

887 4925 995 4978 tur
1040 4934 1180 4978 esse
1228 4914 1509 4998 primum
1557 4916 1636 4978 ad
1687 4916 2041 4978 secundum
2092 4925 2383 4999 respectu

887 5014 1119 5096 quarti,
1165 5012 1402 5076 habent
1443 5032 1510 5075 se
1554 5014 1721 5076 sicut
1763 5013 2134 5077 excedentia
2175 5022 2237 5076 et
2280 5034 2383 5077 ex-

889 5132 1082 5175 cessa.
1139 5112 1290 5174 Esse
1348 5112 1520 5175 enim
1577 5114 1642 5175 in
1698 5112 1956 5194 propria
2016 5119 2262 5186 natura,
2320 5114 2381 5175 in

889 5217 1198 5291 quantum
1242 5217 1339 5273 est
1380 5230 1518 5273 esse
1563 5211 1977 5275 substantiale
2019 5212 2131 5287 rei,
2171 5212 2384 5275 verius

890 5314 987 5370 est
1037 5327 1230 5390 quam
1281 5328 1418 5373 esse
1471 5310 1613 5392 ejus
1667 5311 1731 5372 in
1783 5310 2017 5385 anima,
2069 5311 2237 5393 quod
2290 5319 2383 5375 est

2496 4345 2719 4389 sensus
2754 4346 2769 4390 :
2805 4326 2960 4408 quid
2992 4326 3219 4389 habeat
3250 4328 3463 4390 verius
3502 4348 3662 4403 esse,
3698 4329 3839 4412 ipsa
3866 4350 3991 4401 res,

2494 4432 2605 4488 aut
2634 4425 2988 4488 similitudo
3030 4426 3279 4508 ipsius?
3320 4426 3407 4488 ita
3435 4427 3814 4509 simpliciter
3844 4447 3994 4491 con-

2496 4524 2874 4597 cedendum,
2918 4524 3088 4607 quod
3128 4524 3481 4588 similitudo
3521 4526 3613 4588 rei
3654 4526 3870 4589 verius
3906 4535 3998 4589 at-

2494 4640 2621 4705 que
2680 4622 2959 4685 nobilius
3017 4622 3243 4684 babeat
3292 4641 3430 4685 esse
3480 4622 3545 4684 in
3594 4624 3743 4697 Deo,
3796 4643 3994 4707 quam

2496 4722 2635 4803 ipsa
2673 4738 2773 4783 res
2815 4720 2881 4782 in
2925 4740 2990 4783 se
3038 4720 3176 4803 ipsa
3215 4721 3349 4784 sive
3390 4722 3455 4784 in
3498 4722 3739 4785 mundo
3782 4739 3798 4784 ε
3840 4724 3997 4805 quia

2497 4820 2562 4881 in
2603 4820 2732 4881 Deo
2770 4818 2958 4881 babet
2998 4837 3137 4881 esse
3178 4822 3539 4903 exemplare
3576 4829 3891 4883 aeternum
3930 4830 3999 4884 et

2496 4918 2871 4979 increatum.
2896 4915 3361 4980 Similitudines
3390 4936 3644 5001 quoque
3676 4940 3893 4982 rerum
3928 4920 3997 4982 in

2496 5024 2706 5079 mente
2752 5023 2961 5078 creata
3003 5016 3216 5078 verius
3258 5023 3320 5078 et
3372 5016 3649 5079 nobilius
3698 5037 3838 5081 esse
3890 5019 3999 5081 ha·

2494 5114 2667 5188 bent,
2702 5121 2769 5176 ut
2801 5114 2889 5176 ait
2918 5114 3311 5195 Augustinus
3343 5114 3507 5177 libro
3536 5114 3614 5177 de
3642 5114 3993 5181 Trinitate:

2494 5232 2622 5276 non
2654 5212 2895 5275 ratione
2924 5212 3065 5292 ejus
3096 5212 3265 5295 quod
3308 5220 3479 5287 sunt,
3511 5212 3663 5294 quia
3700 5214 3997 5278 acciden-

2496 5312 2584 5373 tia
2633 5316 2821 5390 sunt3
2863 5311 2973 5373 sed
3024 5310 3265 5373 ratione
3310 5309 3453 5389 ejus
3502 5309 3566 5371 in
3615 5327 3744 5392 quo
3785 5320 3989 5374 sunt:
