4359 6250
888 455 1009 518 240

1330 772 1801 847 QUAESTIO
1869 772 1947 836 II

1006 1041 1267 1102 Ecundo
1296 1039 1625 1122 quaeritur,
1657 1039 1786 1104 An
1815 1040 1903 1103 in
1930 1035 2236 1102 divinis
2266 1051 2382 1102 se-

1022 1140 1371 1206 cundum
1400 1139 1791 1204 rationem
1821 1135 2383 1212 1ntelligent1ae

883 1240 1395 1318 ordinemque
1426 1238 1729 1302 naturae
1760 1237 1989 1300 actus
2018 1246 2385 1314 persona-

884 1338 989 1403 11s
1034 1338 1146 1402 sit
1196 1336 1415 1415 prior
1460 1335 1806 1400 relativa
1864 1334 2383 1414 proprietate,

883 1437 1036 1502 hoc
1094 1437 1241 1516 est,
1294 1448 1395 1500 an
1444 1435 1679 1499 Pater
1737 1434 1846 1498 sit
1900 1433 2140 1498 Pater
2197 1434 2385 1512 quia

883 1536 1185 1615 genuit,
1216 1534 1351 1599 vel
1381 1534 1647 1613 potius
1677 1531 1855 1597 ideo
1882 1533 2167 1608 genu1t
2195 1533 2382 1612 quia

884 1635 1008 1699 est
1048 1634 1307 1699 Pater.

964 1731 1225 1793 Videtur
1255 1732 1423 1812 quod
1463 1739 1639 1792 actus
1680 1728 2031 1813 personalis
2070 1728 2152 1789 sit
2183 1728 2374 1809 prior.

1520 473 1583 518 IN
1625 472 1845 518 LIBRUM
1888 473 1909 518 1
1952 472 2434 518 SENTENTIARUM.
2483 491 2562 500 --
2603 474 2755 519 DIST.
2801 475 3011 536 xxvn3
3055 475 3279 530 QUAEST.
3329 477 3372 522 11

2413 641 2460 702 A
2493 641 2920 706 constitutivae
2962 642 3348 707 differentiae
3390 644 3688 708 similem.
3733 646 3881 709 Ideo
3930 647 3998 709 in

2491 739 2728 802 divinis
2768 741 3105 804 relationes
3137 749 3285 804 sunt
3313 750 3458 805 ante
3490 752 3668 806 actus
3709 745 4004 807 notiona-

2494 838 2585 900 les
2625 859 2735 901 seu
2772 842 3134 921 personales
3173 841 3528 904 secundum
3568 842 3998 906 intellectum.

2491 937 2826 1018 Propterea
2881 939 3223 1002 auctoritas
3271 941 3608 1022 Augustini
3664 941 3796 1023 jam
3845 943 4005 1005 alle-

2492 1043 2654 1116 gata,
2700 1036 3110 1118 intelligenda
3155 1045 3251 1100 est
3301 1040 3377 1101 de
3427 1038 3732 1103 relatione
3781 1049 3852 1103 ut
3897 1050 4004 1104 est

2495 1134 2716 1198 relatio
2764 1144 3010 1198 tantum
3063 1155 3077 1198 :
3130 1138 3432 1218 quoniam
3481 1141 3662 1202 Pater
3719 1158 3846 1203 non
3901 1160 4004 1203 re-

2493 1233 2696 1295 fertur
2740 1235 2819 1295 ad
2871 1235 3100 1297 Filium
3153 1237 3216 1298 in
3259 1246 3570 1318 quantum
3625 1239 3690 1300 in
3737 1259 3804 1300 se
3855 1239 4002 1320 ipso

2494 1332 2876 1394 constitutus
2925 1342 3020 1396 est
3069 1353 3359 1415 persona,
3411 1337 3518 1398 sed
3581 1338 3793 1418 potius
3843 1340 4004 1419 quia

2493 1431 2732 1512 genuit.

2575 1531 2638 1593 Si
2682 1539 2893 1594 autem
2935 1532 3297 1612 objiciatur,
3332 1534 3483 1615 quia
3523 1535 3702 1596 Pater
3743 1543 3854 1597 aut
3893 1555 4004 1617 ge-

2495 1637 2672 1692 nerat
2714 1630 2777 1692 in
2823 1639 3132 1712 quantum
3177 1633 3375 1705 Pater,
3417 1640 3526 1694 aut
3571 1633 3636 1695 in
3681 1642 4000 1715 quantum

2495 1729 2682 1801 Deus,
2742 1738 2852 1791 aut
2909 1729 2974 1792 in
3033 1739 3344 1812 quantum
3403 1732 3566 1793 Deus
3624 1733 3825 1806 Pater,
3885 1741 4002 1794 aut

884 1829 1113 1902 Primo,
1176 1830 1477 1911 quoniam
1542 1829 1884 1910 paternitas
1950 1826 2256 1888 fundatur
2315 1827 2380 1888 in
2418 1825 2466 1888 B
2495 1828 2798 1909 quoniam
2829 1829 3251 1905 innascibiliS,
3274 1838 3384 1892 aut
3413 1831 3564 1912 quia
3594 1832 4000 1914 principium

882 1928 1287 2009 generatione
1332 1928 1498 1989 sicut
1538 1927 1603 1989 in
1642 1926 2057 1988 fundamento
2100 1944 2113 1988 :
2156 1924 2382 1986 funda-

885 2035 1172 2091 mentum
1216 2035 1429 2090 autem
1476 2026 1651 2107 prius
1694 2033 1789 2087 est
1826 2043 1901 2088 eo
1945 2025 2113 2106 quod
2160 2023 2382 2086 funda-

885 2134 988 2188 tur
1038 2127 1103 2189 in
1155 2126 1311 2208 ipso.
1366 2161 1447 2172 —
1494 2125 1805 2198 Secundo,
1856 2123 2009 2205 quia
2058 2123 2123 2184 in
2173 2123 2383 2185 littera

886 2243 963 2286 ex
1006 2225 1217 2286 verbis
1260 2224 1595 2305 Augustini
1642 2223 1967 2295 asseritur,
2003 2221 2171 2303 quod
2217 2222 2382 2282 Deus

886 2323 1121 2385 dicitur
1162 2324 1361 2396 Pater,
1396 2322 1548 2404 quia
1584 2323 1821 2403 genuit.
1855 2357 1936 2365 —
1965 2319 2198 2392 Tertio,
2232 2320 2384 2401 quia

888 2421 953 2482 in
994 2420 1159 2484 libro
1189 2422 1265 2483 de
1296 2420 1697 2482 processione
1738 2419 2012 2500 Spiritus
2045 2417 2255 2479 Sancti
2296 2417 2385 2478 ait

885 2520 1245 2592 Anselmus,
1287 2519 1455 2601 quod
1503 2518 1679 2580 Pater
1725 2517 1943 2597 genuit
1992 2516 2143 2598 quia
2193 2517 2376 2577 Deus,

886 2620 1024 2682 Non
1068 2637 1218 2701 ergo
1261 2619 1480 2680 relatio
1526 2618 1643 2680 ista
1684 2617 2049 2699 paternitaS,
2084 2623 2181 2678 est
2224 2616 2385 2679 ratio

891 2718 1058 2799 quod
1102 2717 1339 2799 genuit.
1364 2752 1445 2762 —
1472 2718 1723 2789 QuartO,
1758 2715 1823 2777 in
1871 2715 2029 2777 Filio
2069 2715 2379 2796 generari,

888 2818 1238 2879 secundum
1276 2823 1655 2896 conceptum
1698 2815 2077 2888 intellectuS,
2112 2822 2382 2876 estante

811 2928 815 2935 '
886 2915 1285 2977 filiationem.
1338 2916 1472 2977 lmo
1519 2913 1572 2975 si
1633 2913 1697 2974 in
1748 2913 1904 2974 Filio
1951 2911 2180 2974 filiatio
2229 2927 2383 2994 prae-

2494 1927 2870 2008 spirativum
2907 1945 2920 1990 :
2955 1945 3082 1990 non
3112 1928 3286 1990 enim
3320 1928 3612 2010 pluribus
3643 1930 3854 1992 modis
3889 1949 4002 2013 po-

2495 2033 2616 2087 test
2663 2027 3067 2089 considerari.
3121 2027 3243 2090 Sed
3291 2046 3418 2090 non
3466 2037 3724 2109 generat
3769 2049 4003 2091 secun·—

2495 2124 2646 2185 dum
2689 2125 2858 2206 quod
2903 2125 3090 2196 Deus,
3122 2125 3426 2207 quoniam
3464 2133 3528 2187 et
3569 2126 3729 2188 Filio
3767 2145 4002 2189 conve-

2497 2222 2682 2296 niret,
2715 2242 2915 2304 quum
2945 2231 3008 2285 et
3049 2224 3185 2305 ipse
3226 2225 3308 2286 sit
3348 2225 3531 2288 Deus.
3567 2225 3692 2287 Nec
3731 2235 4000 2306 generat

2497 2321 2562 2381 in
2593 2329 2904 2402 quantum
2935 2323 3151 2384 Pater:
3178 2322 3330 2404 quia
3358 2323 3695 2385 Anselmus
3725 2325 3794 2385 in
3827 2323 4003 2386 libro

2496 2420 2573 2481 de
2621 2420 3024 2483 Processione
3084 2421 3357 2502 Spiritus
3417 2422 3628 2485 Sancti
3682 2421 3996 2496 affirmat,

2497 2519 2666 2600 quod
2713 2518 3056 2580 ridiculum
3097 2528 3301 2582 exstet
3341 2520 3460 2583 hoc
3500 2521 3748 2598 dicere3
3787 2529 3855 2582 et
3891 2522 4001 2583 ad-

2498 2617 2610 2691 dit,
2652 2618 2822 2698 quod
2869 2618 3074 2699 gignit
3116 2626 3183 2680 ut
3227 2619 3412 2681 Deus.
3454 2619 3582 2682 Nec
3627 2629 3890 2700 generat
3929 2627 4001 2682 ut

2497 2715 2662 2776 Deus
2705 2716 2904 2790 Pater,
2939 2736 3138 2798 quum
3183 2717 3385 2798 gratia
3431 2718 3720 2779 neutrius
3763 2736 3998 2780 conve-

2498 2813 2632 2875 niat
2659 2814 2717 2876 ei
2749 2833 3069 2895 generare.
3105 2815 3230 2877 Nec
3260 2825 3519 2897 generat
3549 2824 3620 2878 ut
3651 2816 4002 2878 innascibi-

2497 2911 2598 2985 lis,
2633 2914 2933 2994 quoniam
2979 2915 3070 2976 sic
3117 2932 3243 2976 non
3289 2922 3692 2997 comparatur
3727 2915 3807 2977 ad
3849 2915 4001 2977 Fili-

889 3014 1140 3075 cedcret
1167 3013 1639 3094 generationem
1682 3011 2021 3093 passivam,
2055 3011 2254 3072 Filius
2291 3030 2384 3072 es·
2422 3013 2465 3075 C
2500 3029 2639 3091 um3
2672 3019 2734 3073 et
2763 3001 2968 3074 a'dhuc
3001 3013 3212 3075 minus
3245 3021 3646 3094 comparatur
3674 3014 3752 3076 ad
3784 3014 4002 3096 ipsum

886 3120 982 3173 set
1013 3111 1207 3173 Filius
1236 3119 1576 3194 antequam
1604 3117 2029 3192 generaretur.
2065 3110 2184 3172 Sed
2217 3109 2384 3171 sicut

888 3228 955 3271 se
984 3210 1176 3271 habet
1202 3210 1394 3273 Filius
1426 3210 1502 3272 ad
1533 3209 2005 3291 generationem
2038 3210 2378 3290 passivam,

888 3310 981 3371 sic
1024 3308 1200 3371 Pater
1240 3310 1318 3371 ad
1365 3308 1835 3390 generationem
1882 3308 2174 3370 activam.
2221 3308 2383 3388 Ergo

887 3414 949 3470 et
982 3407 1049 3470 in
1079 3408 1255 3469 Patre
1293 3406 1613 3489 generatio
1652 3407 2027 3487 paternitate
2057 3414 2153 3468 est
2185 3407 2375 3487 prior.

968 3508 1036 3569 In
1067 3507 1431 3589 oppositum
1463 3514 1579 3579 est,
1612 3506 1761 3588 quia
1788 3505 1970 3585 juxta
2008 3504 2376 3586 praehabita,

886 3605 1232 3687 paternitas
1280 3613 1376 3667 est
1422 3604 1774 3687 proprietas
1826 3603 2107 3677 relativa,
2151 3602 2381 3665 consti-

886 3704 1090 3766 tutiva
1148 3704 1344 3765 Patris
1403 3702 1468 3764 in
1525 3721 1663 3765 esse
1722 3702 2060 3789 personali.
2114 3701 2177 3763 Si
2231 3718 2380 3781 ergo

886 3803 1192 3884 competit
1221 3802 1275 3864 ei
1308 3819 1607 3882 generare
1636 3811 1980 3883 antequam
2009 3802 2254 3863 Patrem
2287 3818 2381 3861 es-

885 3920 973 3975 se,
1016 3919 1168 3982 ergo
1215 3901 1479 3961 actualis
1527 3906 1589 3961 et
1632 3900 1818 3961 realis
1867 3899 2031 3961 actio
2081 3898 2380 3961 convenit

883 3999 941 4060 ei
1001 4006 1341 4080 antequam
1401 3997 1697 4059 convenit
1756 4016 1895 4059 esse
1959 4014 2297 4078 personam
2360 4016 2374 4060 :

884 4097 1054 4177 quod
1098 4096 1224 4157 dici
1268 4112 1395 4157 non
1440 4094 1626 4167 valet,
1660 4114 1861 4177 quum
1906 4113 2044 4157 esse
2088 4102 2152 4157 et
2194 4112 2378 4175 agere

2497 3110 2560 3172 in
2594 3117 2903 3193 quantum
2935 3111 3312 3193 spirativum
3349 3112 3760 3195 principium.
3785 3149 3868 3159 -—
3897 3113 3996 3175 Ad

2493 3208 2612 3271 hoc
2657 3209 2821 3283 dico,
2855 3210 3024 3292 quod
3063 3218 3322 3291 generat
3361 3210 3429 3272 in
3466 3219 3778 3293 quantum
3824 3212 3998 3275 Deus

2492 3309 2687 3370 Pater.
2733 3309 2974 3371 Idcirco
3015 3308 3352 3371 Anselmus
3402 3309 3622 3372 dicens
3671 3311 3842 3392 quod
3888 3330 4000 3390 ge-

2493 3414 2672 3467 nerat
2731 3407 2795 3469 in
2857 3415 3169 3489 quantum
3231 3407 3419 3480 DeuS,
3485 3425 3612 3470 non
3674 3410 3998 3490 expressit

2493 3512 2686 3567 totam
2747 3506 3054 3568 rationem
3113 3505 3437 3587 gignendi,
3501 3507 3611 3568 sed
3671 3516 3917 3588 partem
3977 3529 3992 3573 :

2491 3605 2794 3685 quoniam
2831 3605 3034 3666 virtus
3075 3605 3417 3685 generandi
3459 3605 3856 3687 originaliter
3893 3616 3999 3669 est

2489 3722 2525 3762 a
2575 3711 2818 3775 natura,
2864 3703 2972 3764 sed
3022 3711 3200 3765 actus
3247 3712 3438 3786 atque
3467 3706 3844 3788 proprietas
3893 3714 3998 3767 est

2491 3801 2693 3881 ipsius
2722 3802 2937 3864 Patris
2975 3802 3133 3863 Sunt
3163 3809 3375 3864 tamen
3415 3804 3526 3885 qui
3562 3804 3785 3865 dicunt
3815 3806 3994 3885 quod

2487 3906 2744 3979 generat
2794 3898 2944 3981 quia
2997 3898 3417 3973 innascibiliS,
3469 3901 3623 3982 quia
3673 3901 3766 3962 sic
3821 3920 3998 3982 quae-

2488 3996 2570 4057 rit
2610 4004 2967 4059 consortem
3007 3996 3112 4059 cui
3151 3998 3412 4060 delicias
3453 4006 3516 4061 et
3546 3999 3802 4061 divitias
3841 4019 3995 4062 suas

2489 4094 2936 4157 communicet.
2980 4096 3099 4158 Sed
3141 4095 3228 4171 hi,
3262 4096 3435 4159 salva
3466 4110 3633 4179 'pace
3674 4097 3992 4179 ipsorum,

884 4193 1011 4254 sint
1060 4193 1554 4274 suppositorum.
1598 4228 1678 4237 —
1718 4192 1977 4265 RursuS,
2031 4191 2377 4273 paternitas
2408 4198 2457 4259 D
2490 4211 2615 4256 non
2683 4193 3048 4275 intelligunt
3109 4194 3549 4276 quaestionem,
3617 4196 3770 4277 quia
3832 4197 3995 4259 dum

883 4300 979 4353 est
1022 4292 1200 4373 quasi
1255 4291 1551 4353 ultimum
1595 4310 1668 4353 ac
1711 4289 1975 4353 formale
2024 4291 2377 4352 constituti-

884 4408 1165 4472 vumque
1195 4389 1390 4452 Patris
1431 4390 1496 4451 in
1535 4408 1671 4452 esse
1711 4389 2012 4452 distincto
2047 4406 2060 4451 τ
2094 4408 2245 4470 ergo
2282 4398 2378 4452 est

884 4489 943 4551 ei
984 4489 1143 4551 ratio
1184 4489 1487 4570 operandi
1530 4507 1603 4551 ac
1645 4488 2010 4570 generandi.

964 4688 1058 4750 Ad
1103 4688 1222 4751 hoc
1265 4687 1604 4769 respondet
1645 4685 1941 4748 Albertus
1977 4706 1990 4749 :
2028 4686 2097 4747 In
2140 4686 2377 4748 divinis

880 4787 1067 4849 aliter
1112 4794 1210 4849 est
1258 4804 1449 4867 quam
1500 4786 1565 4847 in
1618 4784 2051 4856 inferioribuS,
2102 4784 2255 4865 quia
2313 4784 2378 4845 in

885 4886 1295 4950 inferioribus
1344 4886 1681 4949 relationes
1732 4892 1880 4947 sunt
1929 4893 2174 4946 tantum
2226 4885 2381 4945 rela-

881 4987 1109 5061 tioneS‚
1144 5005 1262 5049 nec
1293 4986 1688 5048 constituunt
1723 5003 2047 5066 personaS,
2081 4991 2271 5065 atque
2301 5004 2378 5045 ex

885 5085 1344 5148 mutationibus
1396 5083 1649 5166 praeviis
1698 5083 2136 5145 innascuntur.
2191 5083 2380 5144 Porro

884 5182 950 5246 in
981 5184 1215 5246 divinis
1248 5200 1375 5245 non
1410 5188 1559 5243 sunt
1588 5190 1835 5243 tantum
1873 5180 2235 5254 relationes,
2269 5179 2379 5241 sed

882 5281 1075 5345 etiam
1120 5280 1535 5364 proprietates
1568 5300 1583 5343 :
1618 5281 1837 5362 sicque
1882 5279 2117 5341 habent
2158 5286 2374 5341 actum

2487 4292 2813 4373 quaeritur,
2855 4311 2934 4354 an
2973 4291 3177 4374 gignit
3219 4294 3372 4375 quia
3410 4293 3609 4367 Pater,
3653 4293 3754 4355 vel
3805 4312 4000 4357 econ-

2490 4408 2691 4463 verso,
2734 4391 3040 4472 quaeritur
3086 4390 3164 4453 de
3213 4390 3454 4453 ratione
3501 4392 3870 4472 generantis
3919 4401 4000 4453 ut

2487 4496 2584 4549 cst
2611 4488 2898 4569 gignens,
2933 4498 2996 4551 et
3024 4509 3152 4553 non
3184 4508 3380 4571 quare
3419 4497 3697 4570 generet.
3732 4525 3816 4535 —
3843 4490 3996 4553 Haec

2487 4586 2803 4649 Albertus,

2567 4685 2710 4747 Haec
2743 4685 3068 4748 Udalricus
3102 4686 3166 4748 in
3199 4687 3462 4749 Summa
3491 4706 3628 4758 sua,
3665 4687 3832 4750 libro
3863 4696 3995 4749 ter-

2490 4783 2597 4857 tio,
2633 4784 2936 4847 diffusius
2981 4803 3371 4867 prosequens
3409 4803 3424 4847 2
3467 4786 3992 4861 Distinction'em‚

2489 4882 2719 4966 inquit,
2753 4892 3000 4966 oportet
3039 4904 3176 4947 esse
3220 4904 3335 4966 per
3372 4885 3811 4967 proprietates,
3846 4887 3996 4949 lstae

2487 4990 2699 5044 autem
2741 4982 3156 5063 proprietates
3197 4983 3262 5045 in
3303 4991 3614 5065 quantum
3657 4992 3806 5045 sunt
3846 4986 3998 5066 pro—

2488 5081 2810 5162 prietateS,
2855 5099 2981 5144 non
3025 5082 3427 5162 distinguunt
3468 5081 3592 5143 nisi
3631 5082 4001 5145 accidenta-

2491 5178 2635 5241 liter
2669 5198 2682 5242 :
2717 5179 3019 5261 quoniam
3052 5180 3208 5241 dicit
3237 5179 3492 5241 Boetius
3523 5180 3590 5241 in
3621 5190 3998 5245 commento

2488 5297 2603 5342 suo
2660 5297 2854 5360 super
2909 5277 3350 5361 Porphyrium,
3408 5279 3577 5361 quod
3634 5277 3784 5341 licet
3845 5298 3998 5363 pro-
