4359 6250
817 467 940 531 594

1474 485 1539 530 IN
1579 485 1801 530 LIBRUM
1842 484 1863 528 1
1907 481 2389 530 SENTENTIARUM.
2434 499 2515 508 —
2556 477 2709 526 msT.
2754 475 2935 543 xL1v3
2977 477 3201 536 QUAEs'r.
3246 481 3269 525 1

822 653 1200 717 ordinatum.
1237 655 1412 729 Quod
1453 655 1567 728 sic,
1601 656 1752 736 quia
1789 655 1908 717 hoc
1948 672 2074 716 non
2120 653 2320 715 inclu-
2348 651 2395 714 Α
2429 652 2597 733 quod
2647 651 2856 714 omnis
2916 651 3196 715 finaliter
3254 657 3549 732 peccator
3596 646 3937 710 damnabi-

823 753 918 814 dit
959 753 1544 816 contradictionem.
1582 753 1755 826 Quod
1795 771 1944 826 non,
1978 752 2128 834 quia
2166 759 2319 812 tunc
2428 756 2551 823 tur,
2594 750 2705 812 sed
2753 750 2963 812 solum
3007 769 3084 812 ex
3128 749 3453 812 voluntate
3496 748 3715 810 divina
3754 764 3941 808 acce-

824 850 1060 913 faceret
1102 871 1207 914 665
1252 852 1625 914 inordinate.

905 950 1281 1024 Dicendum,
1333 952 1502 1032 quod
1564 951 1627 1012 in
1687 949 1863 1012 omni
1922 956 2146 1030 agente
2210 967 2323 1030 per

826 1048 1222 1110 intellectum
1255 1056 1318 1110 et
1349 1049 1740 1111 voluntatem
1785 1055 2038 1129 potente
2073 1045 2321 1109 confor-

767 1220 770 1223 ,
827 1147 1016 1209 miter
1061 1166 1246 1228 agere
1297 1147 1417 1228 legi
1468 1154 1676 1221 rectae,
1718 1154 1781 1209 et
1822 1146 2013 1208 etiam
2065 1152 2321 1226 potente

827 1264 955 1308 non
995 1246 1352 1308 necessario
1391 1245 1804 1307 conformiter
1841 1263 2024 1325 agere
2067 1243 2189 1324 legi
2232 1262 2325 1304 re·

828 1350 965 1418 ctae,
998 1352 1094 1406 est
1136 1344 1526 1425 distinguere
1570 1342 1917 1425 potentiam
1965 1342 2318 1405 ordinatam

825 1461 862 1503 a
911 1443 1194 1524 potentia
1238 1442 1526 1505 absoluta
1566 1461 1580 1505 :
1624 1442 1773 1522 quia
1821 1448 2028 1522 potest
2076 1439 2323 1502 confor-

829 1541 1017 1603 miter
1062 1560 1245 1622 agere
1289 1541 1411 1622 legi.
1456 1548 1661 1613 rectae,
1705 1547 1768 1601 et
1806 1540 1926 1602 hoc
1969 1540 2323 1601 secundum

829 1639 1177 1722 potentiam
1226 1640 1598 1702 ordinatam.
1645 1639 1942 1700 Ordinata
1983 1637 2156 1700 enim
2202 1645 2320 1710 est,

828 1737 894 1799 in
953 1745 1263 1820 quantum
1323 1744 1418 1799 est
1476 1737 1868 1818 principium
1932 1735 2321 1817 exsequendi

2429 855 2666 929 ptante,
2731 868 2874 931 quae
2932 856 3232 930 operatur
3288 847 3643 910 secundum
3703 844 3941 925 hujus-

2432 946 2602 1008 modi
2652 947 2819 1028 leges
2868 967 3025 1028 quas
3074 946 3313 1009 statuit.
3366 945 3507 1026 (Vel
3554 943 3803 1006 sufficit
3850 943 3941 1005 ad

2430 1045 2828 1126 propositum
2888 1045 3121 1119 dicere,
3176 1046 3345 1126 quod
3396 1043 3697 1106 statuitur
3750 1042 3847 1104 sic
3902 1062 3946 1103 6

2430 1143 2742 1224 sapientia
2785 1143 2943 1223 Dei).
2979 1143 3100 1205 Sed
3144 1143 3398 1225 quando
3437 1141 3798 1203 intellectus
3836 1139 3944 1202 of-

2433 1241 2553 1302 fert
2610 1242 2920 1304 voluntati
2980 1242 3213 1305 divinae
3269 1241 3640 1322 hujusmodi
3700 1240 3941 1320 legem,

2433 1348 2585 1421 puta
2633 1341 2802 1421 quod
2850 1340 3061 1402 omnis
3108 1338 3565 1420 glorificandus
3612 1339 3791 1420 prius
3832 1345 3945 1399 est

2432 1438 2910 1519 gratificandus,
2954 1439 3007 1500 si
3058 1439 3263 1521 placet
3310 1438 3619 1500 voluntati
3672 1437 3939 1510 divinae,

2434 1556 2574 1618 quae
2606 1536 2806 1598 libera
2834 1544 2949 1609 est,
2976 1544 3149 1599 recta
3176 1545 3273 1599 est
3306 1537 3437 1615 lex3
3470 1545 3531 1598 et
3562 1536 3649 1598 ita
3678 1536 3757 1597 (16
3783 1534 3941 1596 aliis

2436 1634 2701 1716 legibus.
2727 1637 2893 1698 Deus
2922 1653 3074 1716 ergo
3102 1654 3287 1716 agere
3319 1643 3543 1716 potens
3574 1635 3940 1696 secundum

2433 1734 2546 1795 has
2598 1734 2766 1814 leges
2815 1741 3016 1796 rectas
3066 1741 3137 1795 ut
3186 1733 3466 1815 praefixae
3515 1740 3666 1795 sunt
3704 1730 3784 1794 ab
3824 1749 3938 1805 60,

829 1835 1242 1898 conformiter
1273 1835 1395 1916 legi
1427 1843 1613 1898 rectae
1645 1835 1996 1897 secundum
2030 1835 2319 1896 ordinem
2359 1834 2407 1896 Β
2436 1831 2670 1893 dicitur
2698 1851 2882 1914 agere
2913 1833 3264 1895 secundum
3304 1832 3651 1914 potentiam
3684 1829 3945 1894 ordina-

827 1934 908 1996 ab
940 1934 1048 1997 illa
1086 1934 1222 2014 lege
1255 1933 1614 2016 praefixum.
1649 1933 1857 1995 Potest
1889 1951 2141 2015 quoque
2180 1951 2322 2013 age·

828 2051 896 2094 rc
946 2040 1174 2114 praeter
1222 2039 1284 2094 et
1326 2040 1544 2094 contra
1595 2032 1792 2104 illam,
1830 2040 1893 2093 et
1943 2031 2010 2093 in
2059 2031 2178 2092 hoc
2228 2038 2322 2092 est

830 2130 1113 2213 potentia
1146 2129 1458 2204 absoluta,
1492 2129 1800 2191 excedens
1839 2129 2190 2210 potentiam
2225 2146 2322 2190 or-

829 2229 1132 2290 dinatam.
1167 2227 1408 2291 Idcirco
1449 2247 1578 2290 non
1621 2235 1867 2289 tantum
1915 2227 1982 2288 in
2027 2228 2177 2300 Deo,
2212 2227 2321 2288 sed

829 2335 892 2388 et
932 2326 998 2388 in
1037 2325 1212 2388 omni
1251 2333 1474 2406 agente
1520 2325 1738 2399 libere,
1775 2326 1942 2407 quod
1985 2344 2169 2405 agere
2214 2342 2321 2406 po-

828 2430 951 2486 test
984 2425 1337 2487 secundum
1377 2431 1562 2487 rectae
1601 2424 1863 2486 rationis
1902 2423 2237 2495 dictamen,
2262 2430 2325 2484 et

830 2530 1058 2604 praeter
1087 2541 1199 2584 seu
1231 2530 1449 2584 contra
1479 2522 1655 2595 illud,
1674 2530 1768 2584 est
1798 2521 2191 2602 distinguere
2219 2521 2325 2582 ab·

829 2619 1102 2682 solutam
1137 2627 1200 2682 et
1230 2620 1581 2682 ordinatam
1628 2619 1996 2702 potentiam.
2032 2620 2193 2682 Hinc
2231 2619 2323 2680 di-

827 2725 982 2780 cunt
1001 2718 1442 2801 juristae‚quod
1471 2719 1703 2801 aliquis
1734 2725 1940 2800 potest
1965 2717 2086 2780 hoc
2116 2717 2323 2779 facere

829 2816 908 2878 (16
950 2816 1138 2890 fact0,
1183 2817 1245 2878 id
1288 2825 1384 2878 est
1426 2818 1503 2879 (16
1547 2816 1836 2879 absoluta
1883 2816 2189 2898 potentia,
2224 2815 2323 2877 vel

829 2915 906 2976 (16
933 2915 1092 2995 jure,
1109 2915 1228 2977 hoc
1253 2922 1349 2976 est
1372 2915 1450 2976 (16
1481 2915 1762 2997 potentia
1788 2915 2079 2977 ordinata
2106 2934 2327 2977 secun-

2435 1938 2603 2010 tam3
2644 1938 2834 2013 atquc
2880 1932 2945 1994 in
2991 1939 3298 2014 quantum
3351 1931 3551 1993 multa
3597 1948 3780 2011 agere
3822 1947 3945 2012 po-

2434 2037 2557 2092 test
2607 2038 2833 2112 praeter
2890 2032 3003 2093 has
3065 2030 3255 2111 leges,
3307 2029 3541 2091 dicitur
3586 2047 3779 2110 agens
3834 2047 3946 2090 se-

2435 2129 2717 2190 cundum
2750 2129 3098 2210 potentiam
3128 2129 3503 2191 absolutam.
3521 2128 3728 2200 Quum
3758 2127 3944 2189 enim

2439 2226 2639 2288 multa
2685 2227 2809 2289 alia
2859 2244 3044 2309 posse
3087 2227 3231 2289 fieri
3276 2226 3467 2288 etiam
3509 2226 3817 2299 ordinate,
3850 2225 3945 2287 ab

2438 2325 2565 2387 illis
2606 2345 2748 2407 quae
2789 2325 2954 2387 fiunt
3000 2325 3351 2387 secundum
3400 2324 3568 2406 leges
3611 2322 3939 2405 praefixas,

2438 2441 2563 2486 non
2598 2423 2879 2486 includat
2910 2422 3499 2496 contradictionem,
3524 2421 3674 2483 talia
3702 2430 3935 2504 potest.

2438 2523 2593 2584 Nam
2626 2521 2940 2583 rectitudo
2972 2521 3128 2602 legis
3162 2521 3515 2583 secundum
3547 2539 3740 2602 quam
3776 2520 3941 2600 agit,

2438 2627 2534 2682 cst
2594 2620 2658 2682 in
2718 2627 3027 2701 potestate
3088 2619 3291 2700 ipsius
3344 2636 3357 2680 :
3414 2617 3544 2680 imo
3594 2618 3773 2680 nulla
3830 2618 3945 2682 lex

2440 2726 2610 2780 recta
2648 2728 2765 2792 est,
2799 2719 2922 2781 nisi
2966 2718 3031 2780 in
3069 2724 3378 2800 quantum
3415 2737 3452 2779 a
3480 2717 3805 2780 voluntate
3844 2718 3949 2780 di-

2439 2817 2590 2879 vina
2625 2824 2994 2898 acceptante
3026 2823 3257 2878 statuta
3290 2823 3405 2878 est.
3433 2815 3507 2877 Et
3540 2823 3691 2878 tunc
3722 2823 3950 2897 poten-

2439 2917 2527 2978 tia
2570 2916 2681 2978 Dei
2730 2915 3020 2978 absoluta
3066 2933 3193 2977 non
3237 2914 3518 2976 extendit
3566 2933 3633 2977 se
3683 2915 3805 2977 nisi
3858 2915 3947 2977 ad

829 3013 984 3074 dum
1023 3013 1186 3093 jura.
1212 3049 1291 3058 —
1321 3014 1581 3087 Quando
1609 3022 1822 3075 autem
1867 3013 1977 3075 illa
2017 3014 2114 3075 lex
2156 3021 2327 3075 recta
2365 3011 2408 3074 C
2441 3015 2502 3076 id
2543 3014 2711 3095 quod
2756 3013 3043 3076 ordinate
3084 3011 3289 3086 fieret,
3324 3013 3378 3073 si
3421 3012 3609 3075 fieret
3648 3013 3789 3094 ipso
3829 3031 3949 3076 vo-

829 3111 1183 3174 secundum
1241 3130 1434 3193 quam
1495 3112 1778 3174 ordinate
1831 3112 2144 3193 agendum
2206 3119 2323 3186 est,

831 3228 957 3271 non
991 3218 1085 3272 est
1116 3210 1182 3271 in
1214 3217 1520 3292 potestate
1550 3211 1817 3291 agentiS‚
1853 3220 2004 3272 tunc
2045 3212 2329 3293 potentia

829 3307 972 3388 ejus
1015 3307 1302 3371 absoluta
1343 3327 1470 3371 non
1515 3317 1722 3390 potest
1761 3311 2064 3371 excedere
2109 3317 2327 3391 poten-

829 3405 985 3467 tiam
1023 3406 1164 3486 ejus
1204 3396 1555 3468 ordinatam
1599 3406 1766 3468 circa
1801 3406 2050 3487 objecta
2088 3408 2323 3489 aliqua,

831 3503 957 3565 nisi
1006 3510 1148 3583 agat
1189 3503 1359 3565 circa
1400 3521 1472 3565 66
1513 3503 1889 3575 inordinate,
1931 3523 2131 3585 quum
2183 3504 2329 3566 sub-

826 3601 1069 3682 jectum
1103 3601 1185 3663 sit
1216 3600 1338 3682 legi
1370 3600 1483 3662 illi.
1519 3601 1639 3663 Sed
1673 3602 1926 3683 quando
1957 3602 2022 3663 in
2057 3609 2327 3683 potesta-

832 3706 893 3761 te
931 3699 1174 3780 agentis
1217 3706 1310 3760 est
1352 3698 1461 3760 illa
1504 3697 1602 3761 lex
1641 3706 1704 3761 et
1743 3699 2056 3761 rectitudo
2100 3699 2324 3780 ipsius,

833 3796 920 3859 ita
967 3796 1138 3879 quod
1187 3813 1314 3858 non
1363 3803 1459 3858 cst
1507 3804 1677 3858 recta
1725 3796 1848 3857 nisi
1899 3798 2050 3878 quia
2097 3805 2331 3859 statuta

831 3894 912 3957 ab
945 3894 1120 3975 ipso;
1153 3901 1307 3955 tunc
1337 3901 1544 3975 potest
1572 3912 1648 3955 ex
1681 3913 1796 3956 sua
1825 3894 2114 3956 libertate
2145 3895 2331 3957 aliter

831 4009 1014 4072 agere
1055 3992 1248 4053 etiam
1285 3993 1593 4064 ordinate,
1630 3992 1779 4073 quia
1816 3998 2024 4073 potest
2053 4000 2329 4054 statuere

833 4090 1021 4152 aliam
1074 4089 1276 4169 legem
1329 4090 1680 4151 secundum
1731 4109 1922 4172 quam
1975 4097 2114 4171 agat
2163 4090 2329 4152 ordi-

2440 3114 2625 3176 lente.
2676 3149 2759 3159 -
2806 3113 3071 3194 Insuper
3128 3111 3370 3194 aliquid
3423 3118 3519 3174 est
3568 3112 3945 3175 ordinatum

2438 3211 2783 3293 dupliciter
2817 3230 2830 3274 :
2866 3211 3097 3290 prim0,
3130 3210 3485 3273 secundum
3527 3210 3729 3291 legem
3763 3228 3947 3272 com-

2441 3328 2697 3371 munem
2760 3329 2871 3371 scu
2921 3308 3143 3370 ordine
3200 3308 3501 3389 generali,
3556 3317 3626 3369 ut
3674 3327 3945 3371 omnem

2438 3408 2718 3470 finaliter
2750 3416 3148 3489 peccatorem
3178 3425 3316 3468 csse
3345 3407 3809 3485 damnandum3
3844 3426 3949 3470 se·

2440 3505 2899 3580 cund0‚ordine
2931 3504 3410 3587 particulari.Et
3440 3512 3668 3587 praeter
3697 3513 3949 3568 utrum-

2439 3622 2563 3686 que
2611 3604 2901 3666 ordinem
2952 3604 3117 3665 Deus
3164 3621 3348 3683 agere
3394 3610 3601 3685 potest
3650 3604 3946 3684 potentia

2437 3702 2746 3777 absoluta,
2780 3702 2971 3763 etiam
3005 3701 3310 3763 ordinate.
3344 3701 3625 3764 Potentia
3655 3720 3805 3764 vcro
3832 3720 3942 3764 or-

2438 3801 2651 3862 dinata
2680 3819 2807 3863 non
2839 3800 3074 3862 dicitur
3104 3800 3225 3862 nisi
3259 3800 3612 3862 secundum
3642 3800 3939 3862 ordinem

2440 3898 2595 3979 legis
2656 3898 3058 3971 universaliS,
3120 3916 3249 3960 non
3306 3905 3521 3959 autem
3579 3898 3941 3961 secundum

2438 3996 2727 4059 ordinem
2769 3996 2925 4077 legis
2962 4004 3149 4058 rectae
3178 3996 3257 4057 de
3287 3994 3504 4076 aliquo
3542 3996 3937 4077 particulari.

2439 4094 2614 4167 Quod
2665 4100 2927 4175 apparet
2975 4112 3054 4155 ex
3101 4093 3244 4165 hoc,
3288 4093 3439 4173 quia
3486 4092 3789 4175 possibile
3838 4103 3945 4156 est

835 4196 997 4249 nate.
1035 4187 1161 4249 Nec
1192 4194 1345 4250 tunc
1386 4188 1668 4270 potentia
1703 4207 1818 4250 sua
1855 4188 2144 4251 absoluta
2183 4189 2331 4250 sim·
2358 4194 2407 4258 D
2441 4192 2641 4253 Deum
2684 4190 2927 4252 salvare
2972 4208 3163 4272 quem
3211 4207 3336 4251 non
3380 4190 3614 4269 salvat3
3655 4208 3782 4253 non
3828 4210 3947 4254 au-

832 4285 1089 4367 pliciter
1134 4286 1382 4347 excedit
1428 4287 1777 4367 potentiam
1839 4306 2016 4349 suam
2078 4287 2329 4349 ordina-

830 4383 1298 4463 tam‚quoniam
1329 4384 1616 4447 ordinata
1644 4393 1739 4446 est
1764 4385 2115 4447 secundum
2151 4385 2326 4447 illam

831 4478 1022 4541 aliam
1068 4480 1309 4561 legem3
1351 4481 1459 4543 sed
1491 4481 1738 4544 excedit
1768 4502 1908 4544 66111
1942 4482 2207 4564 praecise
2238 4502 2331 4545 se-

833 4579 1117 4641 cundum
1150 4580 1428 4661 priorem
1456 4579 1684 4661 legem,
1704 4588 1923 4643 contra
1954 4601 2066 4643 5611
2099 4590 2329 4663 praeter

831 4697 1024 4759 quam
1068 4696 1253 4758 agere
1298 4686 1522 4759 potest.

909 4776 1054 4838 Haec
1114 4775 1192 4837 ad
1257 4776 1653 4857 propositum
1719 4776 2122 4859 applicandO,
2183 4777 2329 4840 dico

832 4875 1001 4954 quod
1060 4873 1290 4955 aliquae
1349 4882 1499 4935 sunt
1547 4874 1714 4955 leges
1773 4876 2098 4955 generales
2157 4883 2327 4937 recte

830 4972 1161 5047 dictantes,
1204 4973 1484 5053 praefixae
1526 4993 1564 5034 a
1610 4973 1933 5035 voluntate
1983 4974 2224 5049 divina,
2266 4982 2329 5036 et

830 5088 956 5131 non
996 5069 1076 5132 ab
1116 5070 1442 5133 intellectu
1487 5071 1706 5134 divino
1745 5080 1931 5153 prout
1971 5078 2185 5133 actum
2226 5090 2331 5134 vo-

832 5168 1091 5230 luntatis
1142 5170 1442 5251 praecedit
1477 5188 1490 5233 ε
1526 5171 1678 5251 quia
1715 5190 1840 5233 non
1894 5170 2220 5232 invenitur
2264 5169 2328 5233 in

832 5266 1078 5348 legibus
1141 5267 1266 5328 illis
1331 5268 1674 5329 necessitas
1739 5288 1815 5330 ex
1878 5270 2195 5345 terminiS,
2259 5277 2329 5330 ut

2441 4298 2567 4351 tem
2609 4289 2979 4351 conceditur
3019 4305 3204 4370 posse
3253 4288 3496 4352 salvare
3532 4290 3756 4351 Judam
3796 4290 3941 4369 jam

2440 4388 2933 4449 condemnatum
2969 4404 2982 4448 :
3019 4406 3135 4449 nec
3168 4394 3381 4449 tamen
3421 4388 3541 4449 hoc
3571 4395 3666 4449 est
3697 4388 3943 4469 impos-

2440 4485 2627 4548 sibile
2670 4486 2747 4547 de
2789 4486 3072 4566 potentia
3112 4485 3421 4560 absoluta,
3454 4486 3606 4567 quia
3644 4505 3773 4549 non
3816 4486 3945 4549 im-

2440 4584 2652 4664 plicat.
2686 4619 2767 4629 —
2795 4584 2938 4647 Haec
2983 4584 3203 4646 Scotus
3239 4602 3253 4646 :
3288 4584 3475 4663 cujus
3518 4584 3685 4646 dicta
3728 4585 3794 4647 in
3832 4584 3943 4648 his

2440 4682 2821 4745 concordant
2864 4682 3051 4744 dictis
3093 4680 3367 4743 Henrici.

2509 4875 2949 4957 ObJectionum
2983 4876 3215 4938 solutio
3244 4884 3415 4957 patet
3445 4894 3523 4937 ex
3553 4876 3761 4938 dictis,
3776 4874 3941 4938 Nam

2441 4975 2612 5057 quod
2637 4975 2923 5056 quaedam
2946 4974 3089 5036 fieri
3118 4984 3443 5056 nequeunt
3468 4975 3728 5037 meliora
3750 4994 3947 5057 quan-

2440 5082 2578 5135 tum
2620 5072 2697 5133 ad
2739 5072 3142 5134 essentialem
3187 5072 3561 5146 bonitatem,
3604 5080 3701 5135 est
3742 5091 3817 5134 ex
3870 5073 3945 5134 li-

2440 5171 2767 5233 mitatione
2816 5177 2880 5231 et
2928 5171 3344 5253 incapacitate
3392 5190 3637 5247 earum,
3680 5189 3809 5233 non
3858 5189 3941 5233 ex

2443 5269 2822 5351 impotentia
2850 5269 2980 5330 Dei.
3010 5304 3091 5315 -·
3120 5268 3356 5332 Tamen
3388 5270 3468 5332 ad
3497 5278 3797 5352 quartum
3828 5286 3945 5333 no-
