4359 6250
913 462 1029 526 114
1851 480 2022 525 mnan
2066 480 2083 523 1
2129 478 2610 523 semema-mum.
2658 496 2737 504 —
2778 478 2929 523 nisr.
2978 479 3059 522 xx

906 649 1142 712 divinis
1191 650 1320 711 sint
1361 648 1894 711 communicabile
1937 656 2000 710 et
2044 648 2399 710 incommu-
2426 644 2477 705 A
2508 646 3053 719 turiS,secundum
3087 647 3256 729 quod
3288 645 3715 709 communiter
3743 645 4002 717 dicitur,

905 748 1199 810 nicabile.
1234 748 1326 810 Ad
1370 748 1538 829 quod
1580 766 1656 809 ex
1701 747 1888 809 dictis
1931 754 2101 828 patet
2143 763 2399 826 respon·
2506 745 2676 825 quod
2720 763 2907 807 omne
2957 746 3198 807 bonum
3246 753 3344 807 est
3382 746 3480 807 sui
3522 745 4007 807 communicati-

903 846 1020 921 sio,
1053 847 1222 928 quod
1263 846 1392 926 sic3
1423 847 1608 907 aliter
1639 853 1848 908 tamen
1882 864 2074 927 quam
2107 844 2173 905 in
2207 844 2395 905 rebus
2510 863 2661 906 vum
2701 852 2764 905 et
2804 843 3207 906 diffusivum.

903 946 1131 1007 cre-atis
1186 964 1199 1007 ε
1252 945 1404 1027 quia
1453 946 1669 1007 divina
1717 945 1993 1007 essentia
2042 943 2395 1006 communi·
2589 943 2861 1005 Docetur
2891 961 3145 1025 quoque
3188 943 3254 1004 in
3298 943 3526 1015 littera,
3562 962 3676 1004 cur
3707 943 3871 1004 Deus
3908 942 4004 1004 di-
4042 964 4255 1007 namur

905 1042 1128 1105 cabilis
1171 1051 1268 1104 est
1309 1051 1373 1104 et
1414 1043 1883 1106 communicata
1931 1042 2134 1103 tribus
2179 1060 2398 1123 super·
2512 1048 2689 1103 catur
2712 1042 3083 1115 trinus,non
3110 1042 3357 1123 triplex.
3374 1041 3614 1123 Nempe
3638 1041 4002 1104 utThomas
4297 1044 4298 1047 ’

905 1139 1259 1202 benedictis
1311 1142 1598 1221 personis
1645 1141 1886 1222 absque
1931 1159 2044 1202 sua
2085 1139 2397 1202 divisione
2510 1140 2765 1213 fatetur,
2814 1140 3148 1221 triplicitas
3198 1150 3294 1202 est
3337 1140 3666 1221 proportio
3712 1140 4000 1221 quaedam

905 1247 970 1299 et
998 1239 1562 1320 multiplicatione3
1591 1240 1683 1300 sic
1713 1246 1928 1301 autem
1957 1247 2165 1301 creata
2194 1257 2401 1301 essen·
2512 1237 2631 1299 sub
2672 1238 3146 1318 multiplicitate
3188 1245 3505 1311 contenta,
3543 1257 3685 1318 quae
3728 1237 4006 1319 inaequa-

907 1336 996 1397 tia
1047 1336 1395 1398 individuis
1437 1337 1570 1398 suis
1611 1337 2071 1399 communicari
2120 1356 2247 1400 non
2298 1358 2399 1400 va-
2512 1337 2705 1399 litatis
2746 1344 2842 1399 est
2871 1337 3115 1417 species
3152 1354 3165 1398 :
3200 1337 3342 1399 ideo
3380 1336 3488 1397 ubi
3530 1336 3881 1418 triplicitaS,
3914 1334 4004 1396 ibi

908 1433 1011 1495 let.
1047 1434 1288 1497 Idcirco
1327 1453 1454 1497 non
1493 1435 1783 1517 sequitur
1815 1453 1828 1496 :
1864 1437 1933 1496 In
1973 1436 2209 1497 divinis
2251 1443 2400 1498 sunt
2512 1436 3005 1518 inaequalitatem
3046 1454 3184 1497 esse
3226 1442 3493 1517 oportet.
3528 1435 3599 1495 In
3629 1434 3757 1496 Deo
3794 1441 4009 1495 autem

906 1532 1440 1594 communicabile
1483 1541 1546 1594 et
1588 1533 2214 1606 incommunicabile,
2249 1552 2399 1614 ergo
2510 1542 2607 1595 est
2638 1552 2887 1595 summa
2919 1534 3267 1615 aequalitaS,
3304 1551 3429 1595 non
3467 1550 3617 1613 ergo
3646 1531 4008 1613 triplicitas,

907 1628 998 1690 ibi
1055 1637 1203 1692 sunt
1267 1632 1626 1693 universale
1685 1638 1748 1692 et
1807 1631 2207 1713 particulare.
2269 1631 2396 1693 Nec
2590 1632 2750 1694 Hinc
2792 1632 3010 1694 Petrus
3046 1649 3059 1693 :
3094 1633 3162 1694 In
3206 1632 3333 1693 Deo
3372 1640 3468 1693 est
3508 1630 3831 1692 distinctio
3874 1648 4014 1711 per-

905 1736 1154 1809 oportet
1183 1730 1353 1811 quod
1383 1729 1917 1792 communicabile
1949 1738 2012 1791 et
2045 1730 2398 1791 incommu-
2512 1748 2811 1792 sonarum
2844 1749 2991 1792 cum
3034 1731 3271 1791 unitate
3316 1728 3627 1801 essentiae,
3662 1727 3804 1789 ideo
3847 1726 4011 1789 bene

907 1827 1180 1889 nicabile
1212 1828 1683 1909 distinguantur
1713 1829 1986 1902 realiter,
2013 1829 2123 1891 sed
2154 1828 2400 1889 sufficit
2436 1832 2483 1892 B
2513 1828 2749 1890 dicitur
2788 1828 2952 1889 Deus
2997 1829 3223 1901 trinus,
3268 1844 3396 1888 non
3440 1824 3691 1908 triplex.
3737 1825 4010 1887 Trinitas

906 1925 1234 1988 distinctio
1265 1927 1546 2000 rationiS,
1580 1946 1780 2008 quum
1809 1934 1872 1987 et
1904 1926 1970 1988 in
2005 1926 2197 1988 rebus
2229 1945 2398 1989 crea-
2512 1927 2753 2008 quippe
2798 1926 2953 1988 dicit
2993 1925 3471 1987 distinctionem
3522 1941 3669 1984 cum
3715 1924 3953 2013 unitate
3992 1942 4007 1985 :

905 2022 988 2084 tis
1038 2024 1293 2085 realiter
1341 2024 1509 2086 idem
1553 2024 1680 2085 sint
1727 2025 1971 2105 species
2010 2033 2073 2086 et
2111 2024 2401 2105 supposi-
2511 2024 2745 2085 dicitur
2775 2024 3010 2085 etenim
3044 2023 3293 2084 trinitas
3323 2022 3505 2103 quasi
3537 2021 3733 2081 trium
3774 2022 4005 2082 unitaS.

906 2127 1066 2195 tum,
1099 2140 1300 2201 quum
1345 2140 1544 2183 unum
1590 2121 1968 2201 praedicetur
2005 2124 2083 2184 de
2127 2122 2270 2185 alio.
2307 2123 2400 2184 ln·
2511 2122 2763 2205 Triplex
2813 2141 2963 2185 vero
3012 2122 3169 2184 dicit
3220 2121 3647 2203 pluralitatem
3700 2120 4008 2201 simplici-

905 2221 1156 2281 terdum
1182 2238 1331 2281 vero
1351 2221 1828 2280 communicare
1850 2221 2116 2282 sumitur
2139 2229 2399 2283 extense
2513 2229 2624 2294 ter,
2673 2240 2815 2302 quae
2870 2221 3304 2309 diversitatem
3370 2218 3640 2281 includit
3691 2217 4004 2280 essentiae.

906 2335 1021 2398 pro
1069 2317 1415 2380 diffusione
1465 2336 1575 2380 seu
1628 2317 2074 2381 distributione
2125 2320 2398 2401 propriae
2511 2319 2668 2381 Hinc
2699 2336 2952 2400 quoque
2984 2320 3049 2381 in
3081 2304 3316 2381 divinis
3347 2335 3475 2380 non
3508 2316 3769 2397 ponitur
3797 2325 4009 2377 terna—

903 2415 1203 2477 bonitatis
1235 2434 1348 2497 per
1378 2406 1965 2498 participationem:
1987 2416 2207 2498 sicque
2236 2436 2400 2499 quae·
2511 2418 2665 2492 riuS,
2698 2418 2849 2499 quia
2879 2418 3034 2479 dicit
3064 2417 3539 2479 distinctionem
3572 2415 3707 2476 sine
3741 2414 4003 2476 unitate.

904 2514 1059 2576 libet
1099 2514 1317 2577 divina
1356 2532 1625 2596 persona
1662 2534 1729 2576 se
1771 2516 2203 2577 communicat
2237 2534 2401 2577 crea·
2510 2516 2656 2579 Haec
2697 2517 2935 2577 PetruS.

1895 2946 2721 3059 DISTINCTIO
2820 2950 3011 3059 XX

1018 3309 1098 3371 A.
1155 3311 1442 3374 ostenso
1483 3315 1672 3387 quod
1702 3313 1957 3386 aliqua
1997 3325 2503 3384 persona-rum
2541 3313 2782 3372 aliam
2818 3325 2967 3374 non
3005 3313 3314 3385 superat
3349 3315 3885 3392 maanitudine,

1374 3443 1566 3491 nunc
1603 3428 1918 3491 ostendit
1953 3430 2143 3502 quod
2179 3429 2337 3490 alia
2376 3441 2526 3489 non
2563 3428 2851 3489 excedit
2890 3430 3132 3491 aliam
3161 3430 3528 3502 potentia.

1179 3767 1272 3831 lat
1319 3767 1634 3848 potentia,
1667 3768 1742 3830 ut
1796 3768 1968 3830 sicut
2016 3784 2148 3830 una
2194 3768 2259 3830 et
2312 3766 2689 3830 indifferens
2746 3768 2845 3830 est
2900 3768 3282 3848 magnitudo
3340 3770 3567 3851 trium,
3615 3772 3707 3833 ita
3763 3789 3897 3836 una
3950 3777 4021 3837 et

1177 3883 1556 3947 indifferens
1610 3885 2011 3947 monstretur
2061 3883 2356 3964 potentia
2410 3884 2634 3946 trium.
2695 3883 3048 3947 Sciendum
3103 3886 3202 3948 est
3258 3903 3436 3967 erg0‚
3487 3887 3667 3968 quod
3721 3905 3855 3951 non
3914 3893 4019 3952 aet

899 4003 1229 4084 potentior
1263 4001 1459 4064 Pater
1493 4000 1688 4079 Filio,
1731 4017 1848 4063 nec
1885 4000 2096 4063 Filius
2135 4001 2240 4064 vel
2278 4001 2471 4064 Pater
2509 4001 2757 4082 Spiritu
2795 4001 3055 4064 Sancto.
3096 4002 3231 4065 Nec
3272 4002 3591 4083 majorem
3640 4005 4015 4085 potentiam

901 4119 1145 4182 habent
1190 4117 1320 4180 duo
1365 4117 1470 4179 vel
1517 4117 1649 4179 tres
1697 4116 1920 4195 simul,
1963 4134 2163 4197 quam
2215 4117 2517 4198 singulus
2564 4135 2791 4181 eorum
2837 4138 2850 4177 ε
2894 4118 3049 4198 quia
3096 4136 3214 4181 nec
3261 4119 3412 4199 plus
3448 4122 3664 4201 potest
3706 4121 3904 4185 Pater
3946 4125 4019 4186 et

900 4235 1114 4298 Filius
1160 4233 1385 4312 simul,
1427 4250 1628 4314 quam
1679 4233 1861 4296 solus
1908 4235 2194 4314 Spiritus
2232 4235 2545 4314 Sanctus3
2586 4252 2705 4297 nec
2750 4234 2821 4296 hi
2870 4235 3001 4298 tres
3046 4235 3247 4297 simul
3285 4236 3437 4316 plus
3480 4239 3760 4318 possunt
3801 4255 4015 4319 quam

903 4350 1204 4431 singulus
1242 4366 1493 4427 eorum,
1527 4349 1683 4430 quia
1719 4351 2264 4430 omnipotentiam
2302 4367 2501 4431 quam
2541 4351 2737 4414 habet
2771 4351 2987 4431 Pater,
3022 4353 3087 4415 et
3116 4351 3326 4414 Filius
3362 4355 3613 4434 accepit
3648 4357 4014 4438 nascendo,

903 4470 968 4530 et
1005 4466 1290 4546 Spiritus
1327 4465 1604 4528 Sanctus
1648 4465 2078 4545 procedendo.
2121 4466 2311 4538 Quod
2352 4467 2763 4548 Augustinus
2808 4467 3173 4531 rationibus
3210 4469 3275 4531 et
3310 4470 3809 4534 auctoritatibus
3854 4490 4023 4553 pro-

902 4580 1204 4644 babiliter
1259 4580 1540 4643 adstruit
1589 4581 1655 4642 in
1703 4580 1870 4644 libro
1929 4583 2152 4644 contra
2208 4581 2668 4663 Maximinum,
2728 4583 2847 4663 qui
2906 4583 3165 4647 dicebat
3219 4584 3484 4650 Patrem
3540 4587 3883 4652 meliorem
3934 4607 4023 4654 ac

903 4697 1340 4778 potentiorem
1384 4695 1578 4758 Filio.

904 3649 1326 3953 NUNC
1364 3649 1702 3714 ostendere
1739 3651 1962 3730 restat,
2001 3649 2335 3730 quomodo
2376 3649 2596 3731 aliqua
2632 3650 2867 3713 harum
2905 3666 3337 3731 personarum
3380 3653 3579 3716 aliam
3620 3671 3753 3717 non
3792 3657 4016 3720 excel-

635 4976 875 5034 Λυμω,
1481 4934 1558 4998 Β.
1614 4939 1809 5004 Quod
1853 4950 2002 5000 non
2039 4937 2281 5010 potest
2324 4938 2572 4999 minus
2616 4937 2850 4998 Filius
2896 4950 3121 5010 quam
3166 4937 3421 5000 Pater.

606 5043 674 5082 tra
689 5038 877 5083 Maximi-

605 5113 724 5152 num,
740 5101 814 5145 lib.
829 5117 873 5158 ιι,

604 5167 871 5215 mamm.
1036 5151 1243 5226 Nihil,
1277 5152 1514 5232 inquit,
1557 5152 1750 5215 Patre
1797 5151 2020 5214 minus
2059 5151 2258 5215 habet
2303 5151 2415 5215 ille
2467 5150 2581 5230 qui
2628 5151 2789 5214 dicit
2830 5170 2843 5209 :
2887 5150 3127 5213 Omnia
3164 5168 3311 5231 quae
3358 5150 3556 5216 habet
3598 5151 3814 5231 Pater,
3857 5169 4025 5220 mea

603 5225 767 5268 loann.
785 5239 852 5268 xvi

605 5290 673 5330 ¹5.
858 5256 1074 5329 'sunt
1116 5268 1288 5330 Nam
1337 5269 1395 5330 si
1444 5269 1665 5332 minus
1701 5268 1898 5330 habet
1941 5269 2008 5330 in
2055 5269 2376 5348 potestate
2423 5267 2674 5348 aliquid
2712 5285 2907 5347 quam
2959 5267 3174 5346 Pater,
3215 5284 3349 5330 non
3396 5270 3549 5331 sunt
3586 5268 3731 5348 eJus
3778 5273 4025 5336 omnia
