4359 6250
883 460 962 522 48
1495 481 1556 526 m
1600 481 1822 526 Limum
1864 481 1883 525 1
1928 479 2411 526 summi-unum.
2458 497 2539 508 —
2580 481 2731 526 msr.
2778 481 2949 543 xv113
2993 482 3216 537 QuAEsr.
3260 484 3369 528 viu

880 647 1080 722 valeo,
1113 648 1224 709 sed
1266 647 1475 729 primo
1514 654 1668 728 puto
1706 648 1812 709 hic
1853 647 2374 728 distinguendum
2410 647 2462 710 A
2490 654 2685 710 tatem
2723 649 3023 712 dilatetur
3060 669 3262 733 usque
3304 652 3382 713 ad
3414 659 3661 714 certum
3691 653 3983 733 gradum,

879 746 955 807 de
1001 746 1278 808 caritatis
1327 753 1688 827 augment0,
1733 747 1810 808 de
1859 764 1987 828 quo
2034 745 2379 827 dupliciter

879 861 1218 924 possumus
1270 844 1441 925 loqui
1481 861 1494 904 :
1531 843 1759 925 primo,
1807 844 2159 906 secundum
2209 843 2379 925 quod

879 940 1104 1002 caritas
1154 940 1590 1003 consideratur
1631 941 1919 1003 absolute
1961 947 2024 1002 et
2067 941 2132 1002 in
2177 959 2244 1002 se
2287 959 2382 1002 se-

877 1039 1160 1100 cundum
1215 1056 1688 1120 quemcumque
1748 1046 2022 1117 statum;
2073 1039 2374 1110 secundo,

878 1144 1066 1218 prout
1105 1137 1544 1200 consideratur
1582 1155 1778 1218 penes
1823 1138 2106 1200 diversos
2151 1144 2374 1209 statuS,

878 1242 1098 1317 utpote
1163 1235 1588 1316 comparando
1651 1236 2094 1318 imperfectam
2157 1235 2380 1297 carita-

877 1341 1007 1395 tem
1059 1334 1176 1396 viae
1224 1335 1300 1395 ad
1352 1334 1679 1395 caritatem
1732 1333 2078 1415 perfectam
2132 1333 2370 1416 patriae.

877 1467 958 1477 ——
1005 1432 1214 1494 Primo
1263 1431 1450 1494 modo
1501 1431 1878 1513 intelligitur
1925 1433 2095 1494 dicta
2144 1431 2377 1513 positio

879 1546 1120 1610 ponens
1149 1537 1562 1611 augmentum
1598 1529 1900 1603 caritatiS‚
1933 1530 2278 1612 procedere
2309 1529 2376 1590 in

880 1627 1227 1690 infinitum.
1265 1629 1392 1709 Ego
1435 1636 1671 1702 autem,
1706 1637 1776 1690 ut
1819 1628 2032 1690 verbis
2077 1635 2220 1690 utar
2257 1629 2378 1690 Au-

874 1731 1113 1810 gustini
1145 1732 1208 1793 in
1241 1748 1532 1793 sermone
1562 1731 1640 1792 de
1666 1730 2117 1811 Assumptione
2148 1730 2377 1792 beatis-

2491 765 2617 810 non
2666 756 2878 810 tamen
2923 749 2988 810 in
3034 749 3381 812 infinitum.
3417 751 3563 814 Ideo
3612 752 3666 813 si
3709 769 3824 833 per
3870 751 3989 814 im-

2491 844 2794 925 possihile
2840 854 3054 928 posset
3096 847 3239 928 quis
3284 848 3350 909 in
3394 847 3513 911 hoc
3558 856 3722 912 statu
3771 850 3987 911 vivere

2489 942 2626 1004 siue
2667 943 2821 1018 fine,
2857 945 3085 1006 caritas
3126 953 3255 1006 tam
3298 947 3652 1008 secundum
3690 965 3758 1009 se
3792 965 3987 1028 quam

2490 1042 2841 1104 secundum
2909 1063 3098 1104 suum
3166 1043 3505 1120 fervorem,
3570 1045 3635 1107 in
3704 1046 3845 1126 ipso
3905 1045 3986 1107 ad

2490 1149 2732 1202 certum
2794 1141 3181 1222 pertingeret
3235 1142 3460 1216 finem,
3513 1162 3631 1205 nec
3693 1144 3985 1225 progredi

2492 1247 2721 1320 posset.
2759 1239 2880 1301 Sed
2923 1241 3073 1322 quia
3118 1241 3455 1322 praefixum
3500 1251 3597 1304 est
3636 1242 3985 1324 unicuique

2487 1344 2740 1419 tempus
2802 1339 3059 1401 vivendi
3130 1340 3195 1401 in
3264 1341 3497 1404 saeculo
3564 1341 3705 1414 istc,
3778 1348 3985 1422 potest

2489 1437 2927 1518 unusquisque
2976 1438 3283 1519 quamdiu
3332 1439 3439 1501 hic
3487 1439 3667 1513 vivit,
3713 1439 3778 1501 in
3828 1439 3985 1501 cari-

2487 1540 2611 1594 tate
2660 1541 2725 1595 et
2773 1534 2912 1615 ejus
2962 1534 3211 1598 fervore
3262 1536 3575 1618 proficere
3624 1545 3687 1598 et
3738 1537 3976 1618 augeri.

2487 1631 2716 1714 Sicque
2749 1632 3030 1715 loquitur
3060 1635 3279 1698 Glossa
3318 1654 3511 1716 super
3541 1635 3699 1698 illud
3734 1635 3813 1697 ad
3842 1635 3982 1697 Phi-

2490 1729 2831 1810 lippenseS,
2849 1732 2996 1805 Quae
3026 1741 3193 1796 retro
3223 1741 3373 1795 sunt
3401 1732 3805 1808 obliviscenS,
3830 1741 3975 1806 etc„
4008 1749 4270 1806 maiman.

877 1830 1054 1892 simae
1097 1829 1394 1911 Virginis,
1443 1829 1592 1911 quia
1638 1830 1758 1891 hoc
1810 1829 2044 1891 sentire
2093 1847 2220 1892 non
2269 1848 2373 1890 va·
2410 1829 2457 1891 B
2488 1829 2658 1909 quod
2706 1829 2911 1892 bonus
2963 1851 3216 1912 semper
3266 1839 3472 1913 potest
3530 1831 3865 1914 proficere,
3914 1838 3979 1892 et
4012 1815 4082 1855 ¹³·

877 1927 996 2000 let),
1021 1927 1232 1989 dicere
1264 1928 1662 2009 pertimesco.
1685 1928 1859 1990 Unde
1892 1927 1982 1988 nil
2009 1927 2369 2001 asserendO,

876 2024 1153 2088 conabor
1196 2025 1456 2088 modum
1508 2025 1786 2106 ponendi
1835 2025 2225 2087 contrarium
2267 2025 2372 2086 de-

877 2124 1135 2198 clarare,
1179 2122 1834 2205 insufficientiamque
1873 2123 2206 2205 positionis
2245 2123 2374 2184 isti-

876 2243 951 2284 us
989 2224 1339 2286 ostendere.
1381 2222 1515 2286 Non
1556 2223 1729 2285 enim
1771 2222 1955 2286 video
1995 2223 2060 2284 in
2098 2222 2372 2303 alicujus

875 2321 1150 2384 essentia
1201 2322 1301 2384 vel
1358 2321 1724 2403 operatione
1783 2339 1968 2404 posse
2026 2321 2371 2403 procedere

874 2427 1286 2502 augmentum
1338 2421 1404 2482 in
1453 2420 1808 2493 infinitum,
1857 2421 2014 2502 quin
2065 2419 2371 2502 possibile

875 2519 958 2581 sit
998 2520 1350 2582 secundum
1395 2519 1674 2601 speciem
1718 2519 1893 2581 illam
1941 2537 2079 2580 esse
2127 2518 2371 2599 aliquid

875 2625 1020 2678 actu
1054 2617 1380 2680 infinitum
1419 2617 1772 2679 secundum
1815 2616 2273 2698 perfectionem
2305 2616 2369 2677 in

876 2716 1230 2778 substantia
1259 2723 1322 2777 et
1351 2715 1607 2797 propria
1635 2715 1776 2796 ejus
1806 2714 2191 2796 operatione.
2226 2715 2371 2777 Ideo

877 2823 1003 2876 tam
1053 2834 1130 2876 ex
1181 2823 1357 2896 parte
1415 2822 1640 2876 creatae
1696 2814 1990 2876 essentiae
2050 2832 2245 2895 quam
2292 2832 2371 2874 ex

875 2919 1051 2993 parte
1107 2911 1495 2993 operationis
1553 2911 1776 2993 ipsiuS‚
1830 2930 2089 2974 necesse
2147 2919 2245 2972 est
2307 2912 2370 2972 in

2487 1927 2655 2008 quod
2700 1946 2826 1991 non
2869 1937 2965 1991 est
3008 1929 3111 1992 hic
3154 1937 3354 1992 status
3397 1930 3462 1991 in
3510 1930 3790 1992 caritatis
3840 1948 3981 2012 pro—

2485 2023 2677 2086 fectu.

2567 2123 2629 2185 Si
2661 2142 2811 2187 vero
2851 2124 3188 2206 loquamur
3216 2127 3293 2188 de
3326 2126 3585 2188 caritate
3622 2126 3977 2188 secundum

2485 2221 2768 2285 diversos
2811 2231 3032 2298 statuS,
3066 2225 3494 2306 comparando
3537 2225 3978 2306 imperfectam

2486 2320 2811 2383 caritatem
2842 2322 2961 2385 viae
2990 2324 3067 2384 ad
3109 2322 3455 2404 perfectam
3498 2323 3716 2404 patriae
3756 2323 3977 2385 carita-

2485 2425 2636 2493 tem,
2670 2420 2950 2482 variatur
2998 2420 3101 2482 hic
3144 2421 3613 2502 aliquantulum
3660 2420 3977 2501 judicium

2485 2516 2562 2578 de
2602 2518 2880 2580 caritatis
2918 2527 3259 2600 augmento
3298 2527 3370 2581 ut
3408 2519 3843 2582 consideratur
3880 2539 3977 2582 se-

2486 2615 2767 2677 cundum
2798 2635 2977 2678 suam
3016 2615 3459 2691 substantiam,
3494 2625 3557 2679 et
3587 2625 3659 2679 ut
3690 2617 3975 2679 conside-

2485 2719 2660 2774 ratur
2688 2715 3041 2776 secundum
3082 2735 3261 2778 suam
3302 2715 3737 2797 operationem
3772 2733 3786 2776 ε
3819 2733 3976 2796 quo—

2484 2810 2657 2872 niam
2706 2813 2932 2874 caritas
2975 2813 3093 2875 viae
3136 2821 3199 2874 et
3242 2813 3460 2895 patriae
3505 2813 3571 2875 in
3622 2812 3977 2876 substantia

2483 2929 2597 2971 sua
2627 2910 2915 2991 ejusdem
2955 2913 3217 2975 omnino
3254 2921 3351 2974 est
3390 2913 3674 2987 rationiS,
3708 2930 3835 2975 non
3864 2931 3975 2974 au-

871 3017 1212 3091 augmento
1266 3008 1546 3091 aliquem
1607 3008 1952 3072 terminum
2012 3009 2147 3090 figi,
2205 3008 2369 3072 ultra
2408 3014 2451 3076 C
2484 3015 2613 3070 tem
2661 3011 2946 3091 operatio
2992 3012 3155 3091 ejuS‚
3189 3031 3331 3093 quae
3372 3019 3468 3074 est
3512 3011 3789 3085 dilecti0‚
3823 3011 3978 3092 quia

871 3128 1064 3191 quem
1099 3127 1227 3172 non
1268 3116 1477 3191 potest
1513 3109 1875 3191 procedere,
1911 3127 2036 3172 non
2076 3107 2367 3171 obstante

872 3208 1043 3291 quod
1073 3208 1300 3270 caritas
1341 3217 1549 3271 creata
1588 3208 1670 3270 sit
1710 3208 2109 3290 participatio
2148 3208 2367 3270 carita-

871 3306 952 3367 tis
1004 3306 1298 3369 increatae
1345 3314 1407 3367 et
1457 3306 1773 3369 infinitae:
1813 3306 1964 3387 quia
2009 3307 2363 3368 secundum

871 3405 930 3466 S.
965 3404 1336 3487 Dionysium
1368 3405 1647 3467 secundo
1685 3404 1963 3486 capitulo
2002 3404 2078 3465 de
2117 3404 2365 3466 Divinis

871 3501 1262 3577 nominibuS,
1315 3510 1523 3565 creata
1581 3520 1708 3565 non
1768 3509 2033 3584 possunt
2085 3503 2363 3566 Creatori

873 3601 1152 3682 perfecte
1198 3601 1559 3676 assimilari,
1595 3602 1704 3664 sed
1756 3601 2149 3683 imperfecte,
2183 3602 2364 3681 juxta

869 3718 1050 3761 suam
1107 3699 1540 3783 capacitatem.
1604 3701 1809 3773 Quum
1868 3718 2018 3781 ergo
2077 3699 2363 3762 infinitas

869 3796 1090 3861 formae
1117 3804 1182 3860 et
1212 3797 1618 3880 perfectionis
1650 3800 1735 3860 sit
1765 3798 2019 3880 propria
2047 3799 2208 3861 ratio
2240 3798 2363 3880 pri-

871 3896 958 3957 mi
993 3895 1316 3978 principii,
1350 3916 1428 3959 ex
1459 3916 1572 3959 sua
1601 3905 1825 3959 natura
1854 3898 1912 3958 ei
1948 3896 2357 3969 convenienS,

870 3995 1032 4057 nulli
1091 4002 1298 4077 potest
1355 4003 1658 4058 creatura}
1719 3995 2178 4058 communicari
2243 4014 2360 4057 nec

870 4094 1228 4156 convenire.
1265 4094 1562 4167 Quamvis
1593 4113 1742 4175 ergo
1782 4094 2008 4156 caritas
2040 4101 2252 4155 creata
2280 4093 2362 4155 sit

2481 3107 2739 3172 dilectio
2800 3110 3089 3192 sequitur
3151 3110 3578 3192 cognitionem
3640 3128 3653 3172 :
3717 3117 3976 3192 propter

2481 3197 2651 3288 quod
2713 3208 2885 3271 aliud
2945 3227 3019 3270 ac
3079 3209 3271 3272 altius
3330 3228 3531 3290 genus
3594 3209 3973 3290 cognitionis

2480 3305 2728 3368 inducit
2770 3306 2947 3368 aliud
2996 3326 3197 3388 genus
3250 3307 3630 3371 dilectionis
3685 3307 3973 3388 Cognitio

2480 3404 2719 3486 quippe
2750 3404 2860 3466 Dei
2902 3405 2966 3466 in
3009 3405 3136 3467 vita
3176 3406 3315 3479 hac,
3348 3414 3444 3468 est
3481 3406 3878 3487 aenigmatica
3906 3413 3971 3467 et
4020 3422 4171 3468 teor.
4194 3438 4279 3473 xm,

2480 3521 2593 3584 per
2620 3502 2842 3577 fidem,
2861 3522 2987 3585 qua
3016 3505 3417 3585 cognoscitur
3446 3506 3611 3567 Deus
3642 3512 3713 3567 ut
3737 3504 3968 3567 absens
4002 3489 4079 3531 ¹²·

2478 3608 2789 3681 quantum
2818 3602 2897 3663 ad
2928 3622 3057 3665 suae
3096 3603 3385 3665 essentiae
3416 3602 3848 3665 immediatam
3880 3603 3968 3664 vi-

2478 3700 2745 3779 sionem,
2800 3719 3077 3781 praesens
3126 3720 3275 3763 vero
3334 3720 3448 3783 per
3504 3701 3792 3782 aenigma.
3846 3702 3968 3763 Sed

2477 3798 2753 3879 cognitio
2793 3798 3011 3880 patriae
3050 3806 3147 3861 est
3186 3818 3300 3881 per
3339 3800 3739 3881 praesentiam
3778 3807 3969 3881 atque

2477 3896 2780 3957 intuitum
2830 3916 2959 3959 suae
3004 3898 3187 3961 nudae
3235 3898 3525 3961 essentiae
3574 3898 3641 3961 in
3690 3915 3757 3960 se
3808 3898 3965 3980 ipsa.

2476 3993 2783 4068 Quoniam
2814 4012 2963 4075 ergo
3002 3996 3353 4058 secundum
3385 3995 3837 4078 Philosophum
3878 4015 3971 4057 se-

2476 4093 2684 4155 cundo
2722 4094 2800 4154 de
2833 4094 3081 4168 Anima,
3118 4094 3407 4156 voluntas
3451 4095 3823 4157 naturaliter
3859 4114 3970 4156 au-

870 4192 1273 4274 participatio
1312 4193 1590 4253 caritatis
1637 4194 1950 4266 increatae,
1986 4193 2103 4255 hoc
2148 4201 2361 4254 tamen
2395 4198 2443 4258 D
2474 4198 2657 4271 getur
2684 4191 2762 4253 ad
2802 4191 3175 4254 delectabile
3217 4212 3515 4274 praesens,
3547 4193 3813 4274 gradum
3854 4193 3969 4254 ali-

867 4297 965 4352 est
1002 4291 1356 4352 secundum
1393 4291 1658 4371 gradum
1705 4291 2093 4363 inferiorem,
2127 4291 2231 4353 cui
2272 4310 2365 4353 re-

867 4396 1109 4471 pugnat
1152 4389 1456 4451 infinitaS.
1492 4389 1777 4471 Denique
1817 4408 2016 4471 quum
2061 4389 2363 4470 quaelibet

867 4496 1076 4549 creata
1105 4488 1380 4550 essentia
1409 4488 1492 4550 sit
1520 4488 1810 4569 quaedam
1842 4487 2245 4569 participatio
2278 4487 2364 4548 in-

867 4594 1091 4649 creatae
1129 4586 1442 4660 essentiat,
1476 4593 1848 4668 sequeretur
1876 4586 2045 4668 quod
2087 4604 2215 4649 non
2254 4586 2360 4648 ha-

865 4686 1044 4747 beret
1082 4685 1428 4747 terminum
1469 4691 1714 4747 certum
1753 4692 1816 4745 et
1855 4684 2190 4766 praefixum
2232 4704 2361 4747 suae

865 4784 1298 4867 perfectioniS,
1334 4784 1500 4846 sicut
1542 4803 1658 4846 nec
1697 4784 1913 4845 divina
1952 4784 2244 4846 essentia.
2280 4819 2361 4829 —-

861 4884 989 4947 Nec
1039 4884 1246 4947 solum
1299 4882 1694 4965 impossibile
1737 4890 1834 4944 est
1876 4883 2203 4945 caritatem
2250 4904 2359 4945 au-

862 4984 997 5066 geri
1040 4984 1105 5045 in
1151 4983 1477 5045 infinitum
1518 5002 1596 5044 ex
1643 4989 1816 5063 parte
1858 4981 2079 5045 forma>
2121 4990 2187 5043 et
2224 5002 2360 5064 spe-

863 5082 985 5144 ciei
1034 5081 1335 5154 caritati8‚
1369 5082 1480 5143 sed
1525 5081 1677 5142 item
1721 5098 1798 5141 ex
1840 5086 2016 5161 parte
2059 5080 2355 5160 subjecti,

864 5199 1065 5262 quum
1106 5188 1171 5242 et
1211 5180 1424 5261 ipsum
1465 5180 1547 5241 sit
1587 5179 1653 5240 in
1693 5198 1808 5241 sua
1847 5186 2091 5251 natura,
2123 5178 2358 5240 virtute

863 5285 928 5339 et
969 5278 1315 5362 capacitate
1355 5277 1632 5339 finitum.
1670 5277 1843 5340 Unde
1887 5276 2006 5338 etsi
2049 5294 2162 5357 per
2206 5276 2361 5338 cari-

2474 4308 2667 4370 quem
2734 4289 2801 4350 in
2869 4289 3116 4352 fervore
3182 4291 3541 4353 dilectionis
3611 4292 3973 4354 necessario

2474 4387 2665 4449 habet
2695 4389 2922 4449 caritas
2953 4389 3304 4470 patriae„ad
3336 4408 3528 4471 quem
3559 4408 3969 4472 nequaquam

2474 4486 2639 4547 valet
2702 4486 3060 4568 pertingere
3120 4487 3186 4549 in
3244 4487 3363 4549 hac
3419 4488 3550 4550 vita
3611 4488 3969 4550 secundum

2472 4602 2881 4648 communem
2926 4604 3185 4647 cursum
3228 4586 3456 4648 caritas
3494 4586 3635 4660 viae,
3668 4587 3863 4649 etiam
3911 4588 3968 4649 si

2473 4692 2765 4766 ponatur,
2786 4684 2921 4746 sive
2953 4702 3067 4766 per
3094 4684 3398 4766 possibile
3428 4686 3563 4747 sive
3592 4704 3707 4767 per
3736 4685 3975 4767 impos-

2472 4782 2680 4856 sibile,
2731 4783 2900 4864 quod
2960 4784 3185 4845 caritas
3242 4783 3516 4864 alicujus
3565 4784 3825 4846 viatoris
3884 4785 3971 4846 sit

2474 4881 2675 4962 major
2721 4882 2787 4943 in
2837 4902 2952 4944 sua
3000 4882 3295 4955 essentia,
3336 4900 3527 4963 quam
3578 4882 3804 4944 caritas
3850 4882 3969 4944 ali-

2470 4980 2655 5060 cujus
2693 4979 3049 5042 Beatorum.
3086 4980 3206 5041 Sed
3241 4980 3546 5061 quoniam
3585 4980 3812 5042 caritas
3844 4980 3971 5044 viae

2469 5086 2533 5141 et
2582 5078 2823 5160 patriae,
2870 5086 3180 5160 quantum
3237 5078 3315 5139 ad
3364 5097 3543 5140 suam
3592 5078 3961 5152 essentiam,

2470 5178 2759 5260 ejusdem
2816 5184 2913 5239 est
2968 5177 3252 5251 rationiS,
3306 5185 3515 5259 potest
3566 5178 3794 5240 caritas
3841 5176 3968 5241 viae

2469 5275 2707 5359 aequari
2751 5275 2996 5338 caritati
3041 5276 3260 5357 patriae
3302 5278 3510 5359 quoad
3554 5277 3757 5359 ipsam
3804 5278 3967 5340 cari—
