4359 6250
834 459 914 522 46
1459 480 1522 524 ιΝ
1564 479 1786 524 uanum
1829 479 1848 524 ι
1891 477 2375 524 summi-mauu.
2423 493 2503 504 —
2544 477 2696 522 nisr.
2743 478 2912 539 xv113
2957 478 3179 533 oraesr.
3226 479 3312 524 vu

833 648 1007 709 omni
1038 657 1190 710 arte.
1227 647 1433 720 Quum
1472 662 1624 726 ergo
1652 645 1856 708 virtus
1896 645 1978 708 sit
2007 645 2176 707 circa
2214 642 2333 705 dis-
2361 643 2411 705 A
2443 642 2575 705 lent
2614 645 2723 706 uni
2766 645 2934 708 actui
2978 647 3130 708 satis
3174 646 3423 709 intenso
3458 646 3538 708 ad
3580 646 3794 727 gratiae
3837 647 3930 708 in-

833 744 1007 807 ficile
1055 764 1167 808 seu
1225 745 1497 808 arduum
1555 744 1818 818 bonum,
1872 761 1999 806 non
2058 742 2330 825 quilibet

831 853 1009 906 actus
1049 852 1236 926 auget
1280 863 1442 918 eam,
1477 845 1586 905 sed
1626 844 1739 925 qui
1780 862 1926 905 cum
1967 841 2190 924 grandi
2232 859 2331 903 co-

831 951 984 1004 natu
1039 962 1114 1005 ac
1170 943 1500 1023 diligentia
1558 940 1916 1015 exhibetur,
1975 950 2086 1003 aut
2143 939 2329 1002 multi

830 1048 1008 1102 actus
1058 1041 1528 1123 aequivalentes.
1572 1040 1833 1113 RursuS,
1875 1057 2076 1120 quum
2125 1038 2328 1099 virtus

833 1139 1338 1220 permanentiam
1381 1137 1631 1210 habeat,
1666 1155 1794 1199 non
1834 1136 2108 1218 quilibet
2148 1143 2328 1197 actus

833 1244 1042 1318 potest
1067 1255 1208 1298 eam
1239 1255 1490 1318 augere,
1526 1237 1635 1298 sed
1668 1236 1779 1317 qui
1809 1234 1886 1297 fit
1918 1254 2066 1297 cum
2099 1251 2328 1314 magno

833 1342 1062 1396 conatu
1093 1343 1282 1417 atque
1321 1335 1607 1397 custodia
1638 1334 1867 1406 cordiS,
1904 1341 1975 1395 ut
2015 1333 2330 1394 stabiliter

831 1441 1216 1495 exerceatur.
1251 1433 1430 1506 Item,
1454 1451 1653 1514 quum
1686 1433 1887 1495 virtus
1921 1432 2185 1494 inclinet
2217 1449 2330 1512 per

834 1531 1093 1593 modum
1146 1540 1406 1604 naturae,
1442 1549 1781 1612 possumus
1833 1530 2009 1610 loqui
2058 1529 2135 1590 de
2181 1547 2331 1610 aug·

833 1637 1048 1692 mento
1091 1629 1368 1692 caritatis
1411 1629 1578 1691 sicut
1617 1630 1695 1691 de
1745 1627 2132 1690 naturalium
2181 1646 2330 1708 aug-

834 1736 1048 1789 mento
1089 1726 1456 1790 formarum.
1495 1727 1745 1790 Etenim
1781 1745 1982 1808 quum
2023 1743 2215 1806 agens
2246 1725 2329 1787 sit

2440 751 2857 805 crementum.

2518 841 2783 903 Videtur
2820 860 3073 924 quoque
3116 842 3216 904 his
3252 844 3635 906 concordare
3666 842 3934 905 Antisio-

2440 936 2727 1000 dorensis
2772 939 2835 1000 in
2879 939 3162 1015 Summa,
3210 940 3374 1003 libro
3414 942 3619 1004 tertio.

2518 1135 2610 1198 Ad
2643 1135 2925 1217 primum
2962 1136 3157 1218 igitur
3193 1137 3731 1218 respondendum,
3765 1137 3934 1219 quod

2439 1234 2606 1295 sicut
2646 1251 2839 1315 opera
2882 1233 3048 1296 bona
3084 1252 3163 1296 ex
3204 1253 3435 1315 genere
3472 1243 3619 1297 ante
3658 1236 3936 1297 caritatis

2442 1331 2827 1394 infusionem
2878 1331 3182 1406 exhibita,
3227 1332 3442 1414 aliquo
3495 1333 3681 1396 modo
3728 1333 3936 1415 dispo-

2440 1438 2603 1491 nunt
2663 1429 2741 1491 ad
2799 1430 3177 1508 caritatem3
3237 1431 3325 1492 ita
3382 1448 3572 1512 opera
3633 1429 3801 1492 facta
3856 1449 3934 1492 ex

2440 1527 2721 1600 caritate,
2756 1528 3048 1609 quamvis
3078 1547 3155 1590 ex
3185 1528 3379 1590 debili
3412 1537 3664 1602 conatu,
3697 1529 3935 1610 aliqua-

2441 1625 2587 1687 liter
2632 1626 2709 1687 ad
2769 1625 2910 1706 ejus
2966 1635 3379 1707 augmentum
3434 1627 3801 1708 disponunt.
3858 1627 3935 1688 Et

2440 1722 2671 1786 solutio
2710 1723 3088 1803 objectionis
3130 1724 3313 1786 istius
3351 1724 3483 1804 jam
3528 1733 3696 1807 patet
3732 1743 3810 1786 ex
3840 1725 3932 1786 di-

832 1826 956 1888 tale
991 1826 1054 1888 in
1083 1834 1230 1888 actu
1271 1826 1457 1908 quale
1499 1835 1595 1888 est
1634 1826 1882 1906 patiens
1913 1825 1981 1886 in
2021 1823 2323 1905 potentia,
2364 1826 2411 1888 B
2442 1823 2579 1885 ctiS.
2614 1857 2695 1867 —
2724 1822 2958 1884 Eadem
3001 1829 3097 1884 est
3146 1823 3378 1886 solutio
3424 1824 3503 1885 ad
3552 1824 3927 1886 secundum.

833 1924 887 1985 si
927 1924 1004 1986 de
1034 1924 1239 1987 calido
1268 1923 1413 1986 fieri
1443 1924 1632 1985 debet
1663 1922 1950 1996 calidiuS,
1984 1939 2112 1984 non
2149 1920 2330 1983 suffi-

834 2023 921 2084 cit
949 2023 1119 2104 quod
1151 2023 1530 2085 calefaciens
1560 2023 1643 2084 sit
1673 2040 1850 2103 aeque
1882 2021 2184 2093 calidum,
2218 2019 2329 2081 sed

833 2129 1081 2202 oportet
1111 2121 1322 2203 ipsum
1356 2121 1500 2202 plus
1530 2121 1608 2182 de
1639 2119 1845 2182 calore
1875 2118 2109 2180 habere
2139 2136 2329 2199 quam

835 2219 995 2281 illud
1043 2221 1211 2301 quod
1264 2219 1408 2301 plus
1453 2218 1704 2280 calefiet
1744 2217 1824 2280 ab
1877 2217 2032 2299 ipso.
2069 2215 2327 2279 Confor-

836 2317 1044 2390 miter,
1096 2335 1297 2398 quum
1355 2324 1531 2378 actus
1591 2314 1868 2377 caritatis
1928 2313 2191 2375 remisse
2246 2311 2327 2374 ab

835 2415 1059 2477 habitu
1100 2415 1378 2477 caritatis
1420 2413 1840 2495 progreditur,
1876 2413 2075 2493 magis
2119 2412 2326 2474 facere

834 2513 1087 2574 videtur
1123 2511 1291 2593 quod
1333 2511 1588 2573 habitus
1632 2511 1957 2572 minuatur
1997 2529 2190 2591 quam
2236 2509 2327 2570 in·

835 2611 1146 2672 tendatur.
1183 2610 1425 2671 Idcirco
1463 2617 1711 2690 oportet
1751 2609 2074 2670 ferventer
2100 2616 2163 2669 et
2196 2615 2328 2670 toto

835 2716 1085 2781 conatu,
1120 2725 1245 2770 non
1291 2707 1576 2780 remisse,
1612 2706 1955 2769 virtutibus
1996 2706 2323 2769 inhaerere.

833 2807 976 2870 Haec
1015 2807 1321 2886 AEgidiuS.

911 2905 1112 2986 Hujus
1143 2905 1334 2967 etiam
1367 2903 1734 2987 quaestionis
1770 2903 2046 2966 similem
2080 2911 2327 2984 ponunt

2439 1955 2521 1964 —
2547 1920 2641 1982 Ad
2671 1921 2952 1994 tertium,
2988 1922 3156 2002 quod
3198 1921 3341 2002 plus
3381 1931 3478 1984 est
3518 1922 3745 1984 mereri
3777 1923 3935 1984 cari-

2438 2018 2583 2080 tatis
2611 2026 3047 2099 augmentum,
3067 2038 3259 2101 quam
3291 2020 3488 2082 vitam
3520 2028 3841 2094 aeternam,
3865 2022 3931 2083 in

2439 2124 2750 2198 quantum
2780 2117 3009 2179 mereri
3051 2117 3329 2180 caritatis
3367 2127 3803 2200 augmentum,
3836 2128 3935 2181 est

2439 2215 2790 2296 promereri
2830 2223 2893 2276 et
2929 2215 3145 2295 gloriae
3186 2215 3673 2278 incrementum.
3709 2217 3935 2290 Quam-

2440 2312 2537 2374 vis
2574 2321 2790 2374 autem
2828 2314 3037 2375 omnis
3074 2322 3253 2375 actus
3298 2333 3374 2376 ex
3418 2314 3677 2376 caritate
3718 2333 3936 2396 proce-

2440 2410 2617 2484 dens,
2652 2411 2848 2472 vitam
2890 2419 3170 2473 meretur
3196 2421 3517 2486 internam,
3552 2430 3681 2475 non
3718 2421 3931 2474 tamen

2442 2508 2762 2570 felicitatis
2811 2517 3247 2589 augmentum,
3282 2518 3353 2571 ut
3402 2510 3805 2573 communior
3844 2519 3933 2571 te-

2441 2615 2548 2668 net
2590 2607 2840 2688 positio.
2875 2608 3324 2686 Verumtamen
3367 2609 3444 2670 ad
3484 2617 3933 2689 argumentum

2439 2723 2568 2786 quo
2628 2705 2715 2766 ita
2774 2705 3081 2786 arguitur,
3130 2707 3245 2768 Per
3304 2706 3660 2788 quemlibet
3717 2715 3933 2768 actum

2440 2802 2717 2865 caritatis
2756 2803 2947 2866 homo
2987 2804 3065 2866 fit
3104 2805 3308 2867 carior
3341 2806 3489 2880 Deo,
3522 2824 3674 2887 ergo
3712 2814 3777 2868 et
3806 2825 3933 2868 ma-

2434 2901 2535 2981 jor
2569 2901 2633 2964 in
2664 2902 2961 2981 caritate3
2994 2904 3333 2985 respondet
3363 2905 3713 2967 Richardus
3746 2922 3759 2966 :
3794 2904 3933 2968 Non

830 3004 1118 3066 doctores
1148 3022 1340 3085 super
1369 3002 1648 3064 secundo
1679 3002 2168 3074 Sententiarum,
2205 3001 2326 3063 dis·
2362 3003 2406 3065 C
2436 3007 2532 3062 est
2568 3019 2790 3062 verum
2831 3002 3000 3082 quod
3045 3021 3158 3083 per
3191 3003 3544 3084 quemlibet
3580 3011 3793 3066 actum
3832 3022 3931 3065 ca-

831 3102 1135 3165 tinctione
1166 3101 1470 3164 vicesima
1499 3109 1694 3175 sexta,
1727 3100 1822 3162 An
1854 3100 2098 3162 scilicet
2125 3099 2325 3181 gratia

827 3209 1078 3283 gratum
1110 3199 1348 3262 faciens
1377 3208 1522 3261 actu
1554 3199 1840 3281 quolibet
1868 3207 2190 3279 augeatur.
2211 3198 2328 3260 lbi-

830 3316 954 3381 que
1003 3297 1388 3379 respondent
1429 3296 1696 3359 Thomas
1741 3304 1804 3358 et
1843 3296 1953 3358 alii
1996 3296 2162 3357 sicut
2204 3297 2323 3358 hoc

831 3396 989 3459 loco.

911 3494 1085 3556 Unde
1125 3502 1188 3555 et
1227 3493 1560 3555 Durandus
1601 3492 1825 3553 scribit
1865 3490 2104 3554 ibidem
2140 3508 2153 3551 ε
2187 3492 2323 3554 Non

829 3592 1037 3655 omnis
1076 3599 1253 3654 actus
1299 3611 1376 3653 ex
1419 3591 1678 3653 caritate
1719 3590 1821 3651 vel
1861 3589 2064 3670 gratia
2106 3606 2323 3671 proce-

829 3691 1008 3764 dens,
1071 3697 1349 3751 meretur
1404 3697 1818 3771 augmentum
1884 3688 2162 3750 caritatis
2224 3688 2322 3748 vel

828 3791 1066 3872 gratiae,
1101 3790 1212 3851 sed
1252 3788 1458 3852 solum
1501 3789 1594 3850 illi
1629 3788 1740 3870 qui
1781 3796 1930 3849 sunt
1970 3787 2323 3850 secundum

831 3888 1304 3970 proportionem
1357 3886 1634 3949 caritatis
1687 3886 1785 3947 vel
1841 3886 2056 3967 gratiae
2103 3884 2325 3948 volun-

829 3995 1023 4049 tatem
1061 3986 1487 4059 informantiS,
1521 3984 2081 4046 excellentioresve
2119 3992 2321 4057 actuS,

831 4094 986 4167 puta
1027 4104 1103 4147 ex
1145 4093 1274 4148 toto
1311 4084 1654 4146 voluntatis
1699 4091 1927 4145 conatu
1973 4090 2319 4144 manantes,

2439 3097 2639 3161 ritatis
2692 3098 2885 3162 homo
2934 3099 3221 3163 efficitur
3269 3102 3473 3165 carior
3524 3102 3655 3166 Deo
3705 3120 3931 3165 secun-

2436 3197 2589 3258 dum
2629 3198 2798 3279 quod
2840 3199 3043 3261 carior
3086 3199 3321 3262 dicitur
3362 3220 3399 3263 a
3437 3201 3663 3281 majori
3707 3200 3928 3262 habitu

2436 3294 2737 3369 caritatiS‚
2773 3297 2882 3357 sed
2925 3297 3279 3359 secundum
3322 3299 3491 3380 quod
3536 3299 3741 3361 carior
3778 3298 3933 3361 dici·

2437 3403 2541 3454 tur
2582 3412 2619 3454 a
2661 3394 2953 3475 pluribus
2996 3396 3297 3477 operibus
3340 3415 3417 3459 ex
3461 3397 3720 3459 caritate
3758 3397 3932 3459 elici-

2437 3492 2519 3553 tis
2581 3508 2595 3553 :
2656 3509 2771 3573 pro
2829 3491 3063 3574 quibus
3126 3493 3429 3575 operibus
3490 3495 3682 3558 homo
3736 3496 3931 3557 etiam

2436 3589 2646 3670 quoad
2710 3592 3046 3671 praemium
3105 3593 3440 3654 essentiale
3500 3593 3933 3655 remunerabi-

2438 3695 2559 3748 tur.
2593 3688 2928 3750 Praemium
2972 3690 3143 3751 enim
3188 3691 3523 3753 essentiale
3568 3707 3934 3774 correspon-

2437 3785 2545 3847 det
2587 3803 2713 3848 non
2756 3794 3001 3849 tantum
3040 3787 3287 3850 habitui
3332 3789 3609 3851 caritatis
3648 3790 3789 3864 viae,
3822 3790 3931 3852 sed

2437 3882 2683 3945 habitui
2728 3893 2793 3946 et
2832 3885 3081 3947 actibus
3125 3886 3336 3948 simul.
3371 3887 3515 3950 Haec
3557 3888 3929 3951 RicharduS.

2438 3983 2523 4043 De
2556 3982 2674 4044 hoc
2703 3990 2917 4045 tamen
2948 4001 3063 4046 suo
3093 3984 3233 4047 loco
3263 3986 3495 4048 veritas
3526 3987 3727 4068 magis
3760 3995 3932 4068 pate·

2440 4082 2550 4143 bit.
2586 4117 2666 4125 —
2695 4082 2786 4143 Ad
2836 4091 3133 4164 quartum
3185 4083 3549 4157 dicendum,
3583 4086 3753 4166 quod
3803 4102 3932 4148 non

831 4182 1028 4263 Cujus
1058 4183 1217 4244 ratio
1256 4189 1372 4255 est,
1407 4179 1710 4262 quoniam
1743 4180 1851 4241 ille
1891 4180 2062 4241 solus
2095 4180 2325 4260 dignus
2356 4184 2406 4244 D
2436 4187 2533 4241 est
2584 4180 2793 4241 simile
2838 4188 3097 4262 propter
3147 4182 3421 4244 rationes
3470 4191 3819 4265 praetactas.
3850 4218 3933 4229 —-

829 4288 926 4343 est
953 4279 1364 4360 accipiendiS‚
1399 4278 1509 4360 qui
1552 4278 1714 4339 bene
1756 4278 1954 4338 utitur
1980 4276 2113 4357 jam
2152 4296 2326 4338 acce-

830 4380 994 4462 ptis;
1029 4378 1139 4440 sed
1183 4376 1422 4439 habens
1467 4376 1756 4438 habitum
1807 4376 2129 4437 intensum
2177 4392 2324 4456 ope-

831 4495 1104 4559 ransque
1147 4475 1433 4549 remisse,
1471 4491 1597 4536 non
1643 4474 1843 4535 utitur
1881 4473 2096 4535 debito
2137 4474 2325 4535 modo

830 4576 1051 4639 habitu
1083 4593 1220 4649 suo,
1253 4574 1558 4657 quoniam
1595 4580 1773 4633 actus
1814 4588 1942 4633 non
1974 4571 2326 4652 proportio-

829 4684 1018 4737 natur
1050 4673 1392 4736 intensioni
1422 4690 1534 4733 seu
1567 4669 1993 4750 magnitudini
2024 4668 2280 4731 habitus
2307 4688 2320 4731 :

829 4791 980 4854 ergo
1011 4791 1124 4855 per
1152 4772 1308 4834 tales
1337 4777 1516 4833 actus
1549 4786 1677 4831 non
1713 4776 1994 4830 meretur
2023 4786 2324 4849 augmen-

831 4881 969 4935 tum
998 4872 1236 4953 gratiae,
1269 4870 1380 4932 sed
1423 4868 1632 4930 solum
1673 4884 1786 4948 per
1819 4866 1958 4929 illos
2000 4867 2111 4948 qui
2149 4865 2326 4928 habi-

831 4980 970 5033 tum
1022 4971 1234 5051 ipsum
1287 4968 1622 5048 adaequant
1672 4966 1805 5027 sive
1854 4964 2193 5027 excellunt.
2249 5000 2330 5010 —-

833 5069 978 5131 Haec
1027 5067 1378 5129 DuranduS.
1428 5064 1624 5144 Cujus
1675 5062 1870 5125 verba
1920 5062 2330 5144 intelligenda

837 5176 987 5230 sunt
1033 5166 1111 5227 de
1165 5163 1413 5227 actibus
1471 5162 1599 5225 illis
1659 5160 1942 5224 remissis
2001 5160 2259 5223 divisim
2312 5180 2325 5224 ε

842 5265 992 5348 quia
1041 5272 1112 5327 ut
1153 5263 1394 5325 dictum
1437 5270 1556 5337 est,
1591 5261 1776 5324 multi
1819 5259 2013 5323 simul
2056 5259 2332 5341 aequiva-

2436 4278 2529 4339 Ad
2560 4278 2881 4359 quintum,
2906 4280 3074 4360 quod
3104 4288 3281 4341 actus
3314 4281 3591 4343 caritatis
3623 4282 3927 4345 remissus

2438 4394 2564 4438 non
2616 4385 2828 4439 manet
2871 4376 3367 4440 irremuneratus
3402 4396 3416 4440 :
3454 4380 3582 4442 imo
3624 4380 3931 4462 multipli-

2437 4472 2595 4534 citer
2636 4473 2812 4535 utilis
2850 4481 2967 4549 est,
2998 4483 3061 4536 et
3100 4474 3381 4557 disponit
3419 4477 3496 4539 ad
3536 4478 3815 4539 caritatis
3852 4496 3928 4539 ac

2435 4571 2653 4651 gloriae
2696 4571 3183 4634 incrementum.

2504 4669 2683 4731 Circa
2713 4670 2847 4732 haec
2877 4670 3051 4731 addit
3080 4671 3349 4733 Thomas
3379 4672 3499 4735 hoc
3530 4673 3669 4735 loco
3689 4673 3931 4747 :Quum

2437 4775 2566 4829 tota
2595 4768 2909 4849 capacitas
2948 4768 3177 4831 animae
3208 4769 3311 4831 vix
3342 4770 3627 4833 sufficiat
3656 4771 3733 4833 ad
3766 4790 3936 4833 rece-

2439 4866 2721 4947 ptionem
2764 4873 2953 4928 tantae
2995 4867 3405 4947 perfectionis
3434 4876 3671 4949 quanta
3708 4876 3805 4931 est
3835 4886 3937 4931 ca·

2439 4965 2611 5037 ritaS,
2648 4963 2770 5025 nisi
2814 4964 2979 5026 Deus
3019 4984 3095 5026 ex
3136 4984 3251 5027 sua
3290 4965 3669 5029 liberalitate
3706 4976 3770 5029 et
3809 4967 3940 5049 pie-

2438 5071 2563 5126 tate
2595 5064 2923 5145 suppleret
2950 5082 2964 5126 :
2994 5064 3136 5127 ideo
3164 5066 3241 5127 ad
3272 5065 3392 5128 hoc
3424 5067 3593 5147 quod
3626 5067 3691 5129 in
3720 5067 3940 5130 anima

2440 5162 2523 5223 sit
2561 5161 2787 5225 ultima
2828 5162 3163 5245 dispositio
3204 5163 3284 5225 ad
3323 5164 3650 5227 caritatem
3690 5174 3753 5227 et
3790 5166 3937 5246 ejus

2440 5268 2879 5341 augmentum,
2928 5261 3275 5343 requiritur
3318 5269 3497 5325 actus
3546 5264 3659 5345 qui
3706 5264 3790 5326 sit
3836 5282 3939 5327 se-
