4359 6250
819 475 939 539 200

1470 491 1532 537 IN
1572 491 1793 536 LIBRUM
1837 493 1856 537 1
1900 489 2382 536 SENTENUARUM.
2427 509 2508 518 —
2549 491 2701 536 msr.
2747 490 2932 552 xxvl;
2977 490 3200 546 QUAEST.
3247 491 3266 536 Ι

900 664 1163 725 Videtur
1190 663 1359 743 quod
1391 680 1537 725 non.
1562 663 1793 736 Primo,
1818 661 2120 743 quoniam
2150 679 2317 742 quae-
2345 658 2397 720 A
2428 668 2544 734 est,
2581 678 2662 723 an
2699 661 2764 723 in
2799 661 3078 744 simplici
3113 661 3241 724 Deo
3279 670 3470 744 queat
3501 681 3639 724 esse
3673 679 3822 724 vera
3859 668 3938 722 et

822 762 979 825 libet
1037 762 1316 824 increata
1376 779 1643 843 persona
1701 768 1831 822 tam
1890 759 2164 842 simplex
2223 765 2320 820 est

820 861 987 922 sicut
1017 860 1233 922 divina
1261 859 1556 932 essentia,
1591 877 1708 920 nec
1742 858 2116 940 proprietaS,
2144 856 2320 919 notio

821 966 932 1022 aut
962 958 1182 1021 relatio
1223 958 1389 1020 reale
1429 958 1670 1041 aliquid
1712 957 2079 1040 superaddit
2110 975 2320 1017 essen—

822 1059 926 1122 tiae
979 1075 991 1118 :
1046 1074 1195 1138 ergo
1252 1056 1605 1139 proprietas
1659 1074 1786 1118 non
1848 1055 2057 1137 pot-ius
2106 1062 2203 1116 est
2251 1054 2318 1116 in

828 1174 1097 1239 persona
1126 1175 1319 1238 quam
1352 1156 1417 1217 in
1448 1154 1753 1233 essentia3
1779 1162 1887 1215 aut
1918 1153 1972 1216 si
2005 1161 2153 1216 sunt
2186 1170 2324 1235 pro·

826 1256 1126 1338 prietates
1166 1255 1231 1316 in
1274 1254 1585 1336 personiS,
1618 1269 1747 1315 non
1786 1252 2033 1314 suntin
2062 1252 2155 1314 eis
2196 1252 2320 1314 nisi

826 1353 1180 1416 secundum
1229 1353 1560 1426 rationem,
1610 1351 1673 1413 id
1722 1359 1838 1425 est,
1890 1367 2017 1413 non
2068 1349 2322 1412 realiter

826 1471 945 1515 nec
1005 1450 1296 1534 positive,
1357 1451 1467 1512 sed
1530 1451 1737 1514 solum
1797 1450 2150 1512 secundum
2210 1465 2323 1512 no-

826 1560 1020 1614 stram
1053 1549 1646 1624 considerationem,
1665 1548 2204 1631 quemadmodum
2236 1566 2325 1609 sa·

828 1649 1157 1733 pientiam,
1205 1648 1543 1730 justitiam,
1595 1648 1991 1709 sanctitatem
2048 1646 2322 1708 dicimus

827 1767 965 1810 esse
1024 1748 1090 1810 in
1149 1748 1294 1810 Deo.
1346 1782 1427 1791 —
1478 1746 1788 1820 Secundo,
1844 1744 2324 1826 simplicissima

2427 760 2614 822 realis
2655 760 2986 842 pluralitas
3031 778 3464 843 personarum.

2507 859 2579 920 In
2622 858 2988 940 oppositum
3038 867 3186 921 sunt
3227 879 3368 942 quae
3417 860 3806 922 inducuntur
3859 861 3938 922 in

2428 956 2657 1030 littera,
2699 965 2764 1018 et
2805 957 2975 1039 quod
3019 965 3274 1020 sanctus
3315 958 3404 1020 ait
3446 958 3803 1039 Gregorius,
3847 959 3942 1021 Ut

2429 1055 2496 1117 in
2545 1054 2942 1118 confessione
2991 1074 3158 1118 verae
3202 1057 3731 1139 sempiternaeque
3781 1057 3940 1120 Dei-

2427 1154 2598 1227 tatis,
2637 1161 2701 1215 et
2746 1154 2812 1215 in
2862 1154 3151 1235 personis
3201 1155 3576 1237 proprietaS,
3617 1163 3682 1218 et
3721 1155 3788 1219 in
3831 1175 3942 1218 es-

2429 1252 2633 1314 sentia
2695 1252 2926 1326 unitas,
2987 1261 3050 1315 et
3115 1253 3182 1314 in
3245 1253 3572 1334 majestate
3628 1255 3942 1318 adoretur

2429 1351 2773 1432 aequalitas.

2511 1549 2604 1612 Ad
2646 1549 2816 1612 istud
2845 1550 3114 1612 Thomas
3155 1553 3496 1634 respondet
3526 1570 3541 1614 :
3573 1552 3758 1634 Apud
3791 1569 3944 1615 om-

2434 1667 2546 1710 nes
2587 1648 2938 1711 Catholicos
2983 1657 3228 1712 certum
3269 1657 3367 1712 est
3408 1649 3744 1713 relationes
3787 1669 3944 1713 esse

2435 1748 2501 1808 in
2560 1747 2829 1825 divinis;
2880 1747 2991 1809 sed
3051 1747 3116 1809 in
3173 1747 3488 1830 positione
3546 1749 3942 1812 relationum

829 1847 1307 1926 distinguuntur
1363 1844 1442 1906 ab
1496 1845 1771 1907 invicem
1833 1843 2196 1906 immediate
2255 1861 2322 1904 se
2359 1845 2406 1907 B
2436 1846 2853 1909 inveniuntur
2894 1845 3160 1909 diversae
3200 1847 3531 1911 doctorum
3574 1849 3940 1910 sententiae.

833 1945 1012 2027 ipsiS,
1045 1961 1173 2006 non
1218 1961 1331 2026 per
1372 1943 1615 2026 aliquid
1654 1943 2051 2022 distinguens
2094 1941 2324 2003 inexsi-

834 2051 1006 2105 stens
1047 2042 1182 2104 sive
1216 2041 1612 2122 adjunctum,
1646 2048 1717 2102 ut
1748 2049 1921 2123 patet
1961 2041 2038 2102 de
2078 2039 2321 2120 generi-

832 2143 951 2204 bus
1009 2139 1528 2222 generalissimiS‚
1572 2148 1637 2201 et
1693 2139 1770 2202 de
1830 2156 1990 2220 puro
2046 2146 2191 2200 actu
2249 2156 2325 2199 ac

834 2259 992 2323 pura
1034 2238 1337 2322 potentia,
1368 2246 1558 2320 atque
1598 2238 1675 2300 de
1716 2236 2099 2300 differentiis
2141 2237 2319 2318 ipsis.

833 2339 1075 2401 Divinae
1124 2346 1339 2399 autem
1387 2345 1451 2398 et
1499 2336 1981 2419 supergloriosae
2039 2352 2326 2418 personae

833 2445 981 2501 sunt
1010 2435 1526 2520 simplicissimae,
1559 2437 1725 2498 sicut
1754 2435 1969 2498 divina
2000 2433 2274 2496 essentia
2307 2451 2321 2494 :

832 2554 982 2617 ergo
1039 2554 1167 2599 non
1218 2535 1698 2616 distinguuntur
1744 2534 1824 2596 ab
1873 2533 2151 2595 invicem
2213 2551 2328 2614 per

834 2635 1250 2717 proprietates
1299 2642 1407 2695 aut
1456 2632 1811 2695 relationes.
1860 2667 1941 2677 -
1988 2631 2220 2706 Terti0‚
2271 2629 2326 2692 si

833 2735 1056 2798 relatio
1094 2733 1255 2796 nihil
1295 2740 1392 2795 est
1430 2732 1495 2793 in
1538 2750 1605 2793 re
1645 2732 1771 2793 nisi
1810 2731 1948 2813 ipsa
1977 2730 2194 2792 divina
2231 2749 2326 2792 es-

835 2835 1059 2907 sentia,
1092 2851 1221 2895 non
1260 2832 1512 2894 videtur
1542 2831 1710 2912 quod
1752 2830 1954 2912 possit
1989 2848 2126 2892 esse
2168 2829 2328 2892 ratio

834 2933 967 2996 sive
999 2930 1390 3014 principium
1422 2929 1608 2992 realis
1638 2937 1701 2991 et
1730 2928 2079 3010 personalis
2110 2928 2330 2990 distin-

2436 1945 2702 2018 Quidam
2747 1945 2942 2016 enim,
2977 1952 3048 2006 ut
3085 1945 3427 2018 Porretani,
3472 1946 3535 2009 id
3573 1955 3668 2009 est
3709 1965 3950 2028 sequa—

2437 2061 2541 2106 ces
2589 2043 2856 2107 Gilberti
2904 2045 3224 2106 Porretani
3273 2043 3581 2127 episcopi,
3631 2045 3950 2108 dixerunt

2436 2142 2606 2226 quod
2665 2142 3002 2204 relationes
3061 2143 3125 2204 in
3183 2142 3420 2205 divinis
3474 2151 3723 2207 tantum
3781 2153 3950 2207 sunt

2435 2240 2833 2316 adsistentes,
2875 2259 2988 2303 seu
3031 2249 3208 2303 extra
3247 2240 3481 2315 affixae,
3527 2260 3654 2306 non
3697 2243 3948 2306 inexsi-

2437 2348 2692 2402 stenteS.
2735 2341 3002 2414 Quidam
3046 2357 3217 2414 vero,
3259 2350 3328 2403 ut
3375 2342 3819 2423 Praepositivus
3873 2351 3948 2406 et

2436 2458 2584 2502 eum
2635 2446 2993 2520 sequentes,
3037 2439 3337 2502 dixerunt
3375 2440 3542 2522 quod
3595 2439 3948 2504 relationes

2437 2539 2502 2600 in
2563 2537 2797 2599 divinis
2857 2545 3006 2599 sunt
3061 2537 3214 2619 ipsae
3273 2555 3593 2620 personae3
3639 2546 3706 2600 et
3760 2541 3946 2620 quod

2437 2636 2779 2718 aliquando
2827 2636 2893 2696 in
2940 2635 3257 2698 abstracto
3305 2635 3770 2716 significantur,
3811 2637 3948 2700 hoc

2438 2744 2536 2797 est
2566 2753 2678 2816 per
2717 2735 2974 2796 modum
3018 2734 3316 2816 loquendi
3350 2752 3477 2816 quo
3509 2735 3950 2798 communiter

2439 2834 2734 2906 dicimuS,
2775 2833 2944 2913 Rogo
2987 2841 3162 2895 tuam
3206 2833 3686 2914 benignitatem,
3729 2834 3793 2896 id
3837 2843 3950 2898 est

2439 2941 2500 2994 te
2549 2931 2920 3012 benignum,
2968 2938 3217 2993 utentes
3264 2931 3582 2995 abstracto
3627 2948 3742 3013 pro
3789 2949 3950 2995 con-

836 3028 1065 3092 ctionis
1105 3029 1271 3091 inter
1308 3044 1631 3109 persona8‚
1664 3045 1807 3107 quae
1836 3027 1903 3087 in
1943 3025 2081 3107 ipsa
2116 3043 2328 3087 essen·
2365 3029 2408 3094 G
2440 3039 2647 3109 oret03
2689 3039 2878 3111 atque
2923 3029 3092 3111 quod
3137 3029 3224 3092 ita
3273 3031 3402 3092 sint
3444 3030 3830 3094 resolvendae
3877 3039 3950 3093 et

835 3130 923 3192 tia
978 3147 1126 3191 vere
1183 3127 1591 3201 conveniunt,
1643 3126 1775 3188 imo
1830 3125 2332 3187 substantialiter

838 3232 1008 3294 idem
1052 3236 1220 3291 sunt.

920 3330 1173 3402 Quart0,
1204 3325 1480 3389 Hilarius
1520 3331 1905 3406 protestatur
1943 3324 2007 3386 in
2048 3323 2213 3387 libro
2252 3324 2330 3386 de

841 3427 1166 3501 Trinitate,
1198 3424 1368 3508 quod
1407 3425 1587 3486 Pater
1624 3430 1687 3485 et
1724 3423 1919 3485 Filius
1949 3431 2014 3486 et
2056 3422 2330 3504 Spiritus

842 3528 1109 3591 Sanctus
1153 3524 1304 3588 solis
1346 3522 1657 3585 differunt
1700 3521 2088 3585 nominibus.
2134 3522 2201 3584 Si
2243 3539 2334 3583 er-

840 3644 919 3707 go
955 3626 1020 3686 in
1053 3623 1291 3687 divinis
1330 3629 1481 3685 sunt
1514 3621 1952 3703 proprietateS,
1987 3620 2111 3682 illae
2144 3629 2332 3682 crunt

840 3724 1258 3798 vocaleS,non
1290 3720 1505 3783 reales,
1524 3756 1605 3765 —
1623 3719 2047 3781 Damascenus
2078 3736 2332 3801 quoque
2361 3787 2375 3800 ‚

842 3824 1053 3907 primo
1087 3821 1254 3884 libro
1286 3818 1539 3893 fatetur,
1574 3818 1742 3899 quod
1777 3817 2007 3880 divinae
2048 3835 2333 3899 personae

842 3921 1153 3984 differunt
1213 3918 1591 3999 cogitatione
1653 3934 1767 3977 seu
1829 3916 2332 3978 consideratione

842 4020 943 4083 vel
979 4019 1242 4091 ratione,
1275 4034 1403 4079 non
1440 4034 1525 4077 re.
1560 4050 1641 4060 -
1670 4014 1920 4087 Quint0,
1954 4014 2005 4075 si
2048 4032 2334 4095 personae

846 4116 1127 4181 relativis
1170 4113 1665 4199 proprietatibus
1709 4113 2210 4193 distinguuntur,
2243 4132 2335 4174 er—

2439 3130 2827 3212 exponendae
2885 3147 3106 3193 omnes
3166 3129 3517 3192 locutiones
3575 3129 3641 3191 in
3699 3128 3946 3210 quibus

2440 3229 2776 3292 relationes
2807 3247 2919 3291 seu
2951 3229 3370 3311 proprietates
3401 3229 3468 3290 in
3497 3227 3813 3291 abstracto
3839 3229 3946 3291 di-

2441 3336 2690 3391 cuntur.
2735 3326 2858 3389 Alii
2903 3327 3145 3401 dicunt,
3189 3328 3357 3409 quod
3408 3325 3744 3389 relationes
3787 3335 3947 3390 sunt

2443 3445 2749 3508 personae,
2801 3434 2864 3488 et
2913 3435 3062 3489 sunt
3109 3426 3173 3488 in
3234 3426 3523 3508 personis
3582 3425 3946 3487 secundum

2441 3526 2531 3588 rei
2573 3525 2924 3588 veritatem.
2963 3524 3322 3605 Omnesque
3365 3524 3462 3586 illi
3506 3532 3815 3605 quantum
3857 3524 3944 3585 ad

2441 3624 2685 3706 aliquid
2723 3642 2946 3685 verum
2990 3622 3214 3684 dicunt
3247 3639 3261 3684 :
3296 3622 3523 3685 ultima
3562 3630 3773 3684 tamen
3816 3620 3948 3683 ista

2443 3722 2672 3805 positio
2717 3722 2971 3804 plenam
3015 3721 3296 3783 continet
3337 3720 3690 3783 veritatem.

2521 3821 2638 3884 Pro
2678 3820 2863 3901 cujus
2903 3818 3230 3882 intellectu
3271 3818 3626 3893 sciendum,
3659 3817 3828 3899 quod
3873 3818 3944 3881 in

2443 3920 2768 3992 relatione,
2819 3919 2983 3981 sicut
3044 3918 3107 3979 in
3169 3917 3418 3979 cunctis
3472 3916 3940 3991 accidentibuS,

2443 4020 2570 4082 duo
2609 4017 3091 4080 considerantur
3133 4036 3146 4079 :
3189 4035 3389 4078 unum
3433 4024 3530 4077 est
3567 4033 3704 4077 esse
3745 4033 3942 4078 suum

2445 4116 2797 4180 secundum
2839 4115 3009 4198 quod
3052 4114 3120 4177 in
3160 4113 3450 4194 subiecto
3491 4112 3813 4186 fundatur,
3843 4132 3948 4176 εθ-

844 4234 925 4299 go
965 4232 1094 4278 non
1132 4222 1319 4277 erunt
1352 4229 1637 4295 personae
1678 4211 2171 4293 proprietatibus
2207 4211 2334 4273 illis
2365 4211 2414 4273 D
2446 4215 2728 4277 cundum
2757 4213 2926 4295 quod
2957 4212 3200 4294 aliquid
3231 4212 3415 4294 ponit
3441 4212 3509 4273 in
3539 4210 3850 4291 subjecto,
3871 4211 3942 4275 in

844 4313 1198 4378 abstractis,
1244 4311 1320 4374 Et
1358 4320 1572 4373 tamen
1612 4309 1739 4371 illis
1784 4328 1897 4391 per
1938 4309 2332 4372 intellectum

844 4412 1201 4485 abstractiS,
1250 4410 1459 4472 adhuc
1510 4416 1725 4471 manet
1771 4407 1989 4470 divina
2035 4408 2331 4483 essentia,

846 4529 987 4593 quae
1029 4518 1125 4572 est
1168 4527 1267 4571 res
1319 4505 1764 4569 intellectualis
1810 4514 2071 4581 natum,
2114 4525 2230 4587 per
2268 4526 2335 4570 se

847 4607 1127 4691 perfecte
1162 4606 1516 4669 subsistens
1551 4624 1565 4668 :
1601 4604 1742 4666 ideo
1774 4613 1871 4666 est
1904 4622 2191 4685 persona.
2229 4604 2337 4667 Est

846 4725 1099 4790 quoque
1150 4704 1594 4789 praehabitum‚
1646 4704 1816 4786 quod
1866 4703 2032 4765 Deus
2079 4722 2145 4764 se
2197 4704 2336 4785 ipso

844 4824 1113 4890 persona
1153 4813 1270 4879 est,
1316 4822 1444 4866 non
1494 4803 1708 4884 aliquo
1757 4802 2079 4883 adjuncto,
2123 4810 2195 4864 ut
2245 4822 2337 4865 as-

847 4906 1000 4969 serit
1042 4903 1452 4985 Augustinus.

936 5004 1170 5067 Verum
1222 5003 1299 5065 de
1350 5002 1491 5076 isto,
1539 5000 1708 5082 quod
1757 4999 2003 5062 scilicet
2050 5016 2336 5081 personae

848 5104 1081 5167 divinae
1140 5120 1255 5184 per
1312 5100 1648 5162 relationes
1703 5098 1966 5179 originis
2028 5098 2336 5179 distingui

806 5240 810 5243 -
850 5219 977 5265 non
1008 5201 1279 5273 valeant,
1316 5199 1589 5262 inductae
1627 5206 1775 5260 sunt
1808 5197 2025 5260 multae
2060 5196 2336 5260 rationes

720 5320 795 5352 Α·
850 5318 1043 5382 supra
1076 5297 1481 5360 distinctione
1517 5296 1816 5371 secunda,
1851 5295 1963 5358 ubi
1996 5294 2336 5377 quaesitum

2445 4320 2756 4396 quantum
2786 4320 2882 4374 est
2909 4310 3223 4373 accidens.
3259 4309 3624 4373 Secundum
3653 4316 3750 4372 est
3777 4308 3946 4372 ratio

2446 4430 2561 4473 sua
2617 4410 2970 4472 secundum
3027 4426 3220 4490 quam
3279 4406 3553 4469 refertur
3603 4406 3682 4469 ad
3737 4405 3941 4481 aliud,

2446 4509 2798 4572 secundum
2857 4525 3048 4588 quam
3107 4506 3174 4568 in
3231 4506 3653 4569 determinato
3707 4522 3944 4586 genere

2447 4607 2791 4670 collocatur
2832 4623 2848 4667 ε
2891 4613 2955 4667 et
2991 4624 3069 4667 ex
3117 4605 3234 4667 hac
3283 4604 3524 4666 ratione
3573 4621 3700 4667 non
3748 4602 3948 4667 habet

2447 4706 2668 4770 relatio
2716 4705 2886 4786 quod
2934 4702 3175 4784 aliquid
3227 4710 3420 4785 ponat
3469 4700 3536 4763 in
3577 4718 3654 4765 θο
3696 4702 3772 4763 de
3811 4720 3946 4782 quo

2447 4804 2703 4877 dicitur,
2735 4801 2903 4863 sicut
2938 4818 3158 4863 omncs
3196 4799 3336 4863 aliae
3376 4797 3597 4862 formae
3634 4797 3946 4861 absolutae

2444 4921 2522 4965 ex
2551 4921 2667 4964 sua
2695 4900 2937 4963 ratione
2967 4898 3204 4961 habent
3231 4899 3399 4980 quod
3429 4896 3671 4979 aliquid
3701 4904 3947 4978 ponant

2447 5002 2510 5063 in
2551 5017 2628 5062 eo
2666 4999 2744 5061 de
2787 5015 2915 5080 quo
2957 4998 3274 5060 dicuntur.
3318 4994 3477 5057 Hinc
3525 4993 3948 5057 inveniuntur

2450 5097 2739 5181 quaedam
2789 5095 3124 5158 relationes
3178 5093 3340 5156 nihil
3390 5098 3698 5175 ponentes
3747 5090 3814 5153 in
3861 5109 3946 5154 eo

2446 5196 2523 5258 de
2556 5212 2684 5277 quo
2715 5193 3158 5276 praedicantur.
3180 5191 3357 5265 Quod
3381 5190 3775 5253 attendentes
3806 5189 3950 5270 qui·

2455 5294 2601 5356 dam
2644 5290 3029 5375 philosophi,
3063 5295 3474 5353 asseruerunt
3509 5288 3676 5371 quod
3718 5286 3948 5350 relatio
