4359 6250
871 493 992 562 406

1497 513 1563 561 IN
1601 514 1826 561 Lunum
1867 515 1886 560 1
1931 513 2413 561 SENTENTIARUM.
2456 531 2537 543 —
2578 515 2731 560 DIST.
2776 515 3008 578 xxxx’13
3051 514 3274 571 QUAEST.
3320 517 3341 562 l

871 684 1361 748 terminantibus
1411 686 1751 749 essentiam
1799 694 1868 746 ut
1915 694 2008 748 est
2060 687 2220 748 ratio
2268 703 2367 748 co·
2397 684 2449 747 A
2478 686 3023 759 Quemadmodum
3075 705 3224 768 ergo
3270 687 3594 769 objectum
3640 687 3972 750 intellecti-

871 784 1243 864 gnoscendi,
1276 785 1378 846 vel
1421 784 1993 847 determinantibus
2037 785 2242 866 ipsam
2280 785 2371 846 di-

871 883 1084 944 vinam
1129 883 1468 946 essentiam
1499 890 1568 944 ut
1597 892 1693 945 est
1723 883 2003 965 primum
2044 883 2368 965 objectum

871 988 1164 1064 respectu
1196 982 1591 1064 objectorum
1624 983 2373 1065 secundorum‚procede·

871 1087 978 1141 tur
1013 1081 1075 1142 in
1111 1080 1441 1143 infinitum
1476 1099 1490 1142 ε
1523 1082 1826 1163 quoniam
1859 1083 2090 1143 iterum
2119 1083 2198 1144 ad
2230 1083 2369 1144 illas

877 1178 1153 1241 rationes
1203 1178 1598 1260 intelligendi
1646 1181 2004 1262 praecedent
2047 1180 2208 1254 aliie,
2250 1181 2369 1242 sic-

871 1294 996 1356 que
1036 1295 1365 1357 nunquam
1408 1277 1542 1339 istae
1585 1277 1724 1340 aliae
1762 1277 2036 1340 rationes
2076 1279 2373 1360 intelligi·

877 1373 1041 1436 biles
1073 1381 1218 1435 sunt
1249 1392 1286 1436 a
1310 1375 1777 1456 De0,quoniam
1810 1377 2127 1459 oportebit
2158 1378 2369 1460 ipsum

874 1479 1022 1534 ante
1065 1471 1204 1534 illas
1243 1472 1594 1536 intellectas
1634 1474 1988 1555 intelligere
2030 1476 2186 1538 alias
2230 1477 2372 1539 infi-

873 1570 1059 1633 nitas.
1107 1571 1270 1652 Ergo
1318 1581 1564 1653 oportet
1604 1579 1792 1646 stare,
1838 1580 1901 1634 et
1947 1574 2157 1637 dicere
2203 1576 2369 1656 quod

869 1669 1010 1732 istae
1062 1669 1336 1731 rationes
1383 1669 1650 1751 intelligi
1703 1680 1968 1752 possunt
2011 1692 2047 1734 a
2089 1675 2217 1736 Deo
2259 1693 2375 1756 per

874 1769 1219 1832 essentiam
1250 1789 1432 1831 suam
1463 1778 1531 1832 ut
1563 1772 1731 1832 nude
1762 1780 2107 1853 acceptam.
2140 1774 2216 1835 Et..
2248 1792 2373 1854 qua

2478 785 2617 846 onis
2680 793 2910 848 nostrae
2971 786 3269 848 terminat
3328 786 3698 848 relationem
3770 786 3973 868 ipsius

2480 881 2546 942 in
2588 889 2899 963 quantum
2944 901 3116 945 mere
3164 883 3549 956 absolutum,
3595 891 3657 945 et
3701 883 3796 945 sic
3840 884 3975 965 ipsa

2481 987 2885 1041 mensuratur
2915 998 3030 1062 per
3059 979 3270 1062 ipsum
3298 997 3313 1058 ;
3349 981 3434 1042 ita
3463 980 3738 1054 videtur,
3770 1000 3971 1062 quum

2480 1078 2828 1141 intellectio
2869 1079 3084 1141 divina
3126 1080 3207 1141 sit
3251 1079 3633 1162 simpliciter
3676 1100 3975 1142 mensura

2480 1178 2767 1240 omnium
2810 1178 3081 1240 aliorum
3114 1198 3150 1240 a
3180 1197 3247 1240 se
3279 1179 3773 1251 intellectorum,
3806 1180 3973 1261 quod

2481 1276 2604 1338 alia
2652 1277 2913 1358 praecise
2963 1276 3319 1339 referantur
3360 1278 3436 1339 ad
3483 1278 3688 1359 ipsam
3734 1277 3975 1340 intelle-

2482 1375 2757 1437 ctionem
2800 1375 3105 1449 divinam,
3140 1383 3201 1438 et
3236 1376 3373 1457 ipsa
3412 1376 3785 1439 terminabit
3820 1377 3973 1439 rela-

2480 1473 2721 1536 tionem
2755 1473 3010 1536 illorum
3043 1473 3163 1536 sub
3196 1474 3438 1537 ratione
3470 1494 3641 1537 mere
3674 1475 3971 1538 absoluti.

2481 1608 2562 1616 —
2599 1572 2741 1634 Haec
2784 1573 3027 1634 ScotuS.

2562 1669 2679 1742 Qui
2720 1678 2981 1752 propter
3014 1670 3251 1733 motiva
3292 1671 3590 1753 praedicta
3630 1679 3803 1735 tenet
3844 1673 3979 1754 opi-

2484 1768 2740 1830 nionem
2787 1768 2917 1849 jam
2968 1787 3044 1830 ex
3094 1769 3390 1832 Durando
3442 1779 3780 1833 narratam.
3834 1773 3979 1834 Ideo

874 1867 1117 1930 ratione
1159 1867 1268 1930 illa
1310 1876 1606 1949 poterunt
1656 1872 1947 1950 cognosci
2001 1891 2112 1952 per
2159 1890 2369 1933 essen·
2410 1871 2457 1933 B
2486 1874 2704 1928 contra
2770 1867 2972 1949 ipsius
3037 1867 3204 1930 Scoti
3270 1867 3785 1950 imaginationem
3852 1889 3977 1933 non

874 1967 1028 2028 tiam
1068 1973 1139 2026 ut
1175 1974 1272 2027 est
1309 1967 1584 2028 essentia
1622 1969 1812 2043 nude,
1853 1970 1990 2050 pari
2029 1968 2269 2032 ratione
2311 1977 2373 2032 et

877 2064 1015 2146 ipsa
1051 2064 1425 2126 secundaria
1453 2064 1702 2147 objecta
1734 2084 1748 2127 ε
1781 2067 1932 2147 quia
1962 2067 2047 2128 ita
2075 2067 2375 2130 videntur

875 2162 1012 2226 istae
1048 2163 1320 2224 rationes
1355 2162 1588 2226 habe-re
1620 2164 1892 2226 rationes
1927 2165 2373 2228 distinctorum

877 2261 1274 2344 objectorum
1303 2261 1469 2323 sicut
1498 2271 1562 2323 et
1591 2262 1733 2324 alia.
1767 2299 1848 2309 —-
1878 2265 2189 2338 Secundo,
2224 2284 2376 2346 quo-

877 2359 1053 2422 niam
1095 2367 1469 2442 sequeretur
1497 2361 1664 2442 quod
1705 2360 1921 2424 divina
1959 2363 2235 2425 essentia
2268 2365 2373 2426 ha-

877 2458 1059 2521 beret.
1099 2477 1166 2520 se
1206 2477 1320 2540 per
1359 2459 1616 2521 modum
1660 2458 1935 2534 limitati,
1969 2461 2047 2522 ad
2087 2461 2150 2523 id
2191 2462 2375 2543 cujus

876 2563 972 2619 est
1014 2557 1155 2619 idea
1189 2577 1204 2620 z
1238 2557 1407 2638 quod
1457 2565 1669 2619 aute-m
1719 2565 1815 2618 e-st
1857 2558 2273 2621 determinata
2314 2568 2374 2622 et

879 2654 1154 2718 limitata
1195 2655 1353 2718 ratio
1397 2657 1817 2736 cognoscendi
1859 2656 2124 2738 aliquid,
2158 2665 2261 2719 est·
2286 2678 2376 2720 ra-

874 2755 966 2816 tio
1005 2755 1424 2835 cognoscendi
1466 2755 1623 2816 illud
1665 2754 1905 2836 absque
1945 2757 2118 2818 omni
2165 2776 2375 2840 respe-

877 2861 981 2914 ctu
1027 2853 1118 2914 rei
1164 2860 1226 2914 et
1269 2853 1553 2916 rationiS.

961 2953 1229 3034 Insuper
1259 2959 1478 3014 eontra
1509 2953 1850 3014 secundam
1883 2953 2251 3036 opinionem
2282 2975 2375 3018 ar-

2484 1972 2731 2046 oportet
2789 1966 2893 2027 hic
2951 1966 3228 2048 amplius
3284 1967 3629 2048 disputare,
3679 1987 3755 2031 eo
3810 1970 3979 2050 quod

2483 2063 2699 2126 omnia
2740 2071 2957 2125 contra
2995 2065 3363 2147 opinionem
3402 2068 3677 2129 Durandi
3722 2068 3981 2130 inducta

2487 2162 2763 2224 militent
2819 2169 3038 2224 contra
3084 2183 3245 2226 eam.
3300 2165 3421 2227 Sed
3473 2165 3774 2229 solvenda
3833 2177 3977 2230 sunt

2484 2259 2625 2340 ejus
2658 2260 2914 2335 motiva,
2948 2281 3089 2342 quae
3128 2262 3369 2324 nullius
3399 2263 3696 2326 videntur
3724 2284 3865 2328 esse
3896 2267 3981 2329 vi-

2486 2358 2673 2437 goris.
2708 2360 2800 2421 Ad
2840 2359 3110 2440 primam
3142 2378 3291 2442 ergo
3327 2361 3753 2441 objectionem
3787 2384 3977 2446 quam

2487 2456 2641 2518 facit
2688 2465 2905 2518 contra
2958 2458 3228 2539 primam
3280 2459 3683 2540 positionem,
3722 2481 3979 2544 respon-

2486 2554 2624 2628 deo,
2678 2556 2846 2636 quod
2908 2556 3073 2618 Deus
3130 2556 3444 2636 gloriosus
3502 2567 3564 2620 et
3621 2561 3981 2624 adorandus

2488 2671 2613 2715 uno
2644 2661 2707 2714 et
2733 2654 2955 2716 eodem
2989 2655 3469 2736 simplicissimo
3498 2667 3640 2719 actu
3685 2659 3983 2741 intelligit

2486 2770 2665 2812 suam
2708 2753 3047 2815 essentiam
3094 2753 3372 2835 perfecte
3415 2763 3479 2816 et
3518 2756 3727 2838 plene,
3760 2777 3985 2821 secun-

2486 2850 2638 2911 dum
2680 2868 2936 2912 omnem
2982 2852 3263 2924 modum,
3296 2853 3737 2917 habitudinem
3781 2863 3845 2918 et
3894 2876 3988 2920 rc-

2485 2954 2775 3029 spectum
2807 2966 2933 3029 quo
2967 2949 3103 3030 ipsa
3131 2957 3228 3011 est
3258 2951 3680 3032 intelligibilis
3714 2971 3729 3015 :
3762 2955 3985 3037 sicque

877 3049 1093 3130 guitur
1128 3066 1142 3110 z
1178 3048 1396 3112 Omnis
1432 3050 1653 3112 relatio
1692 3052 1954 3114 rationis
1994 3073 2134 3135 quae
2173 3061 2267 3116 est
2311 3055 2374 3117 in
2410 3048 2453 3112 C
2487 3048 2924 3128 cognoscendo
2990 3067 3171 3110 suam
3234 3050 3597 3126 essentiam,
3660 3055 3989 3134 cognoscit

877 3146 1094 3227 aliquo
1123 3146 1376 3228 objecto
1406 3168 1482 3210 ex
1515 3150 1634 3211 hoc
1664 3151 1832 3231 quod
1866 3160 2267 3233 comparatur
2298 3154 2374 3215 ad

878 3245 1074 3319 aliud,
1117 3253 1214 3308 est
1256 3246 1322 3308 in
1366 3265 1441 3309 eo
1484 3248 1748 3328 praecise
1791 3258 1862 3311 ut
1903 3258 1998 3311 est
2039 3268 2152 3313 ens
2194 3252 2377 3313 dimi-

878 3352 1108 3406 nutum
1158 3363 1297 3407 esse
1347 3344 1587 3408 habens
1636 3347 1702 3409 in
1753 3348 2103 3423 intellectu,
2155 3350 2375 3412 videli-

879 3450 980 3506 cet
1011 3450 1082 3504 ut
1114 3443 1438 3523 cognitum
1472 3444 1537 3507 in
1571 3454 2008 3526 cognoscente.
2046 3448 2208 3529 Ergo
2240 3449 2373 3511 istae

878 3542 1216 3605 relationes
1251 3550 1438 3604 erunt
1479 3543 1544 3605 in
1585 3543 1801 3606 divina
1839 3538 2128 3608 essentia‘
2153 3547 2373 3627 praeci-

878 3660 944 3703 se
987 3649 1053 3702 ut
1094 3640 1284 3702 habet
1323 3640 1712 3703 diminutum
1755 3661 1895 3704 esse
1940 3643 2004 3705 in
2046 3644 2371 3706 intelle-ctu

877 3748 1284 3821 comparante
1331 3739 1534 3821 ipsam
1585 3741 1662 3801 ad
1713 3749 2091 3815 creaturam,
2133 3752 2193 3805 et
2244 3760 2370 3806 non

878 3845 948 3900 ut
985 3837 1260 3899 essentia
1298 3844 1394 3899 est·
1432 3837 1674 3919 aliquid
1711 3838 1776 3899 in
1812 3858 1897 3901 se.
1931 3876 2012 3887 —
2042 3841 2368 3917 Praeterea,

877 3938 1044 3999 Deus
1083 3935 1454 3998 naturaliter
1484 3936 1663 4017 prius
1702 3946 1799 3999 est
1839 3937 2168 4001 imitabilis
2200 3960 2235 4002 a
2264 3960 2371 4003 na-

877 4043 1018 4097 tura
1057 4040 1284 4106 creata,
1327 4052 1519 4114 quam
1559 4034 1950 4116 intelligatur
1988 4037 2319 4101 imitabilis
2353 4060 2367 4103 :

877 4152 1023 4195 nam
1068 4132 1219 4213 quia
1263 4131 1614 4207 imitabilis,
1665 4132 1806 4195 ideo
1855 4143 2257 4217 comparatur
2304 4145 2370 4199 ut

2486 3165 2601 3227 per
2638 3165 2779 3208 eam
2821 3155 2883 3209 et
2924 3147 2989 3209 in
3030 3166 3104 3209 ea
3142 3166 3397 3211 omnem
3441 3150 3749 3214 rationem
3791 3172 3919 3234 qua
3950 3174 3987 3215 a

2485 3244 2999 3326 quibuscumque
3043 3247 3269 3308 creatis
3312 3256 3375 3308 et
3418 3248 3807 3311 creabilibus
3846 3250 3989 3312 imi-

2483 3342 2699 3405 tabilis
2739 3351 2978 3421 exstat3
3012 3351 3075 3405 et
3112 3362 3239 3407 non
3280 3347 3604 3427 cognoscit
3649 3368 3839 3410 unam
3889 3370 3985 3411 ra-

2484 3442 2722 3503 tionem
2765 3461 2984 3505 rursus
3028 3462 3139 3525 per
3178 3444 3391 3517 aliam,
3424 3453 3485 3507 et
3532 3446 3617 3507 ita
3660 3447 3726 3508 in
3772 3446 3988 3511 infini-

2486 3548 2624 3602 tum
2659 3559 2673 3602 :
2712 3540 2948 3603 idcirco
3000 3560 3125 3603 non
3178 3542 3305 3603 itur
3356 3544 3421 3605 in
3471 3544 3820 3608 infinitum.
3854 3548 3985 3610 Nec

2484 3647 2696 3701 tamen
2740 3640 3027 3721 sequitur
3071 3640 3239 3721 quod
3285 3660 3399 3722 per
3440 3643 3777 3705 essentiam
3826 3645 3989 3707 divi-

2484 3757 2634 3800 nam
2677 3746 2745 3799 ut
2784 3738 2953 3800 nude
2992 3746 3343 3820 acceptam,
3379 3740 3815 3823 intelligantur
3846 3763 3991 3827 pro-

2483 3838 2923 3918 ducanturque
2972 3836 3096 3898 alia
3140 3854 3153 3899 :
3198 3838 3350 3919 quia
3398 3840 3677 3921 cognitio
3724 3850 3821 3904 est
3868 3862 3988 3924 per

2481 3934 3029 4008 assimilationem,
3080 3944 3144 3998 et
3196 3940 3699 4021 unumquodque
3748 3940 3985 4003 intelli-

2480 4034 2650 4115 gitur
2708 4052 2824 4115 per
2880 4033 3390 4098 similitudinem.
3442 4037 3679 4099 Auctor
3728 4058 3985 4121 quoque

2482 4131 2939 4213 sapientialiter
2969 4150 3259 4214 operanS,
3285 4142 3499 4195 causat
3528 4133 3836 4197 effectum
3868 4157 3985 4219 per

877 4230 1208 4293 imitabilis
1252 4250 1288 4292 a
1331 4231 1579 4303 creatiS‚
1626 4250 1753 4294 non
1797 4251 2158 4297 econverso.
2210 4236 2371 4317 Ergo
2400 4234 2450 4295 D
2482 4231 2751 4292 formam
2792 4237 2853 4291 et
2892 4230 3201 4292 rationem
3238 4232 3561 4313 propriam
3605 4232 3825 4315 ipsius.
3861 4236 3986 4297 rn-

875 4338 1020 4392 ante
1054 4330 1238 4392 istam
1272 4330 1808 4411 comparationem
1843 4333 2225 4414 completam
2258 4355 2371 4416 per

878 4428 1272 4491 intellectum
1322 4428 1613 4492 essentiae
1658 4438 1726 4491 ut
1770 4430 2120 4504 imitabilis,
2163 4441 2255 4494 est
2304 4434 2369 4495 in

875 4527 1152 4589 essentia
1193 4526 1607 4589 imitabilitas.
1652 4528 1814 4608 Ergo
1858 4529 1992 4592 istae
2032 4530 2368 4594 relationes

877 4624 941 4686 in
973 4624 1246 4686 essentia
1276 4642 1399 4686 non
1432 4633 1618 4688 erunt
1648 4626 1871 4707 primae
1895 4627 1972 4688 ad
1997 4636 2195 4702 extra,
2221 4630 2371 4710 quia

873 4721 1324 4804 aptitudinales
1368 4722 1610 4803 priores
1655 4732 1823 4797 sunt,
1866 4725 2017 4805 quia
2054 4734 2201 4789 ante
2239 4745 2371 4789 om-

873 4839 1020 4883 nem
1064 4828 1278 4882 actum
1322 4820 1684 4883 intellectus
1729 4824 2173 4905 comparantis

953 4918 1113 4981 Hinc
1163 4918 1289 4980 dici
1346 4925 1574 5001 potest,
1634 4920 1803 5000 quod
1857 4920 2193 4986 relationes
2246 4931 2369 4985 ter-

871 5016 944 5077 tii
990 5016 1159 5078 modi
1201 5014 1512 5078 differunt
1539 5034 1656 5097 per
1685 5034 1752 5078 se
1791 5015 1871 5077 ab
1910 5016 2053 5078 aliis
2094 5018 2365 5081 duorum

875 5113 1208 5176 modorum
1252 5133 1266 5178 ε
1320 5114 1472 5195 quia
1527 5114 1594 5175 in
1652 5113 1838 5177 tertio
1897 5132 2022 5177 non
2075 5123 2169 5178 est
2234 5135 2367 5177 mu-

871 5212 1066 5273 tuitas
1107 5212 1269 5274 sicut
1306 5212 1371 5274 in
1410 5212 1552 5275 aliis
1593 5211 1862 5275 duobus.
1907 5212 2149 5276 Idcirco
2186 5212 2249 5274 in
2290 5232 2367 5276 eo

876 5308 1188 5371 terminus
1243 5309 1564 5371 relationis
1619 5317 1717 5371 est
1766 5309 1922 5391 quid
1973 5310 2358 5373 absolutum.

2482 4329 2560 4390 de
2590 4336 2653 4390 et
2682 4328 2937 4391 Procius
2978 4328 3335 4391 Platonicus
3375 4330 3795 4395 subtilissime
3836 4352 3981 4415 pro-

2483 4426 2609 4500 bat,
2643 4426 2813 4508 quod
2852 4426 3060 4488 omnis
3105 4427 3426 4508 processio
3474 4430 3899 4491 secundorum
3944 4452 3981 4493 a

2484 4525 2711 4606 primo,
2752 4533 2816 4586 et
2865 4524 3197 4587 conversio
3246 4528 3614 4589 eorumdem
3660 4529 3740 4590 ad
3792 4528 3976 4603 illud,

2480 4623 2558 4684 fit
2598 4642 2710 4704 per
2749 4623 3237 4686 similitudinem
3280 4633 3714 4707 utrorumque.
3750 4626 3870 4689 Sed
3916 4636 3979 4689 et

2475 4722 2657 4803 juxta
2694 4722 3119 4797 Aristotelem,
3163 4723 3519 4804 producens
3564 4724 3857 4805 producit
3896 4727 3979 4788 si-

2481 4820 2631 4883 mile
2671 4820 2815 4883 sibi.
2850 4821 3055 4902 Atque
3095 4828 3165 4883 ut
3204 4822 3429 4883 asserit
3463 4821 3635 4884 Plato
3668 4822 3735 4883 in
3767 4824 3978 4905 primo

2479 4917 2719 4992 Timaei,
2753 4919 2929 5000 operi
2972 4920 3073 4980 dat
3106 4918 3375 4981 formam
3412 4919 3627 5001 opifex
3658 4940 3971 4983 summus.

2476 5051 2558 5061 —
2602 5016 2696 5077 Ad
2746 5017 3098 5078 secundum
3150 5017 3523 5099 respondeo,
3576 5018 3745 5099 quod
3792 5017 3978 5099 juxta

2476 5115 2765 5176 doctores
2814 5115 3266 5196 praeallegatos,
3320 5115 3770 5190 Alexandrum,
3817 5116 3977 5181 Tho-

2478 5230 2670 5285 marn,
2712 5212 3067 5284 Albertum,
3109 5220 3172 5275 et
3222 5212 3402 5285 alios,
3439 5212 3657 5275 divina
3697 5214 3977 5276 essentia

2477 5318 2549 5372 ut
2575 5310 2769 5391 hujus
2808 5318 2916 5372 aut
2957 5310 3131 5372 illius
3172 5311 3334 5385 idea,
3369 5310 3559 5373 habet
3597 5329 3665 5373 se
3698 5330 3813 5393 per
3845 5330 3977 5375 mo-
