4359 6250
1361 475 1536 520 11111111
1585 476 1606 521 1
1657 473 2139 521 samanrmnuu.
2196 492 2277 501 —
2326 474 2478 519 msr.
2534 474 2639 519 xix
3467 446 3547 509 87

1457 906 2203 1018 DISTINCTIO
2299 907 2531 1016 XIX

1126 1282 1207 1345 A.
1257 1286 1392 1346 Hic
1439 1288 1526 1345 de
1571 1286 1999 1360 aequalitate
2047 1288 2282 1369 trium
2322 1302 2851 1361 personarum.

721 1647 876 1708 strae
927 1642 1435 1721 insinuavimuS,
1471 1642 1611 1722 jam
1661 1643 1742 1705 de
1789 1644 2168 1707 earumdem
2223 1644 2594 1724 aequalitate
2644 1644 2894 1725 aliquid
2954 1645 3172 1725 eloqui
3220 1646 3539 1725 superest.

717 1760 916 1823 Fides
953 1760 1129 1822 enim
1160 1758 1501 1834 catholica,
1535 1758 1706 1820 sicut
1742 1760 2119 1837 coaeternae,
2154 1760 2243 1821 ita
2275 1761 2339 1822 et
2376 1759 2741 1839 coaequales
2778 1762 2909 1823 tres
2946 1777 3257 1840 personas
3286 1761 3538 1823 asserit.

439 1878 742 1958 AEqualis
779 1878 880 1939 est
917 1876 1094 1939 enim
1131 1875 1201 1936 in
1243 1874 1552 1936 omnibus
1589 1875 1770 1938 Patri
1806 1874 2041 1955 Filius,
2083 1876 2148 1939 et
2183 1875 2362 1938 Patri
2408 1877 2473 1938 et
2508 1876 2678 1938 Filio
2710 1876 2995 1957 Spiritus
3032 1876 3309 1939 Sanctus
3340 1894 3355 1937 ε
3388 1878 3543 1956 quia

438 1995 516 2057 ut
551 1993 965 2074 Augustinus
1008 1993 1076 2054 in
1117 1990 1284 2053 libro
1323 1990 1405 2052 de
1449 1990 1611 2053 Fide
1649 1991 1732 2053 ad
1772 1991 2068 2069 Petrum,
2113 1990 2399 2055 breviter
2434 1992 2732 2072 aperiens
2769 1992 3100 2073 quomodo
3141 1992 3543 2072 intelligatur

436 2109 806 2191 aequalitas,
839 2108 1030 2170 docet
1063 2128 1076 2168 :
1109 2107 1351 2170 Nullus
1387 2106 1624 2169 horum
1663 2108 1869 2170 alium
1907 2108 2022 2170 aut
2065 2108 2376 2188 praecedit
2412 2109 2795 2188 aeternitate,
2836 2111 2950 2171 aut
2990 2108 3246 2171 excedit
3281 2110 3541 2189 magni·
3570 2126 3836 2183 fulgeando

433 2226 688 2301 tudine,
739 2226 854 2287 aut
911 2224 1176 2305 superat
1228 2223 1552 2304 potestate
1595 2243 1608 2283 :
1661 2222 1817 2303 quia
1870 2240 1989 2287 nec
2047 2224 2218 2286 Filio
2284 2242 2403 2287 nec
2462 2224 2711 2305 Spiritu
2768 2225 3029 2301 Sancte,
3084 2225 3403 2305 quantum
3461 2225 3542 2287 ad
3571 2188 3834 2302 §32:211
3877 2230 3883 2237 “

435 2344 688 2404 naturae
727 2340 970 2403 divinae
1002 2340 1319 2402 unitatem
1359 2338 1664 2417 pertinet,
1706 2340 1820 2401 aut
1861 2339 2147 2402 anterior
2185 2341 2299 2402 aut
2334 2338 2549 2420 major
2585 2342 2685 2403 est
2725 2341 2942 2419 Pater,
2975 2358 3095 2403 nec
3142 2340 3353 2403 Filius
3396 2340 3545 2420 Spi-

435 2458 570 2520 ritu
597 2457 860 2520 Sancto.
880 2456 1226 2517 AEternum
1257 2453 1500 2535 quippe
1531 2456 1594 2517 et
1621 2455 1762 2517 sine
1801 2455 1989 2518 initio
2029 2457 2150 2533 est,
2176 2457 2353 2536 quod
2384 2457 2595 2519 Filius
2632 2456 2713 2520 de
2740 2458 2974 2520 natura
3009 2457 3225 2520 Patris
3254 2456 3543 2537 exstitit3

435 2576 504 2637 et
553 2576 872 2637 aeternum
934 2588 1009 2634 ac
1055 2572 1197 2633 sine
1257 2570 1447 2633 initio
1504 2573 1626 2649 est,
1676 2572 1854 2652 quod
1909 2572 2195 2653 Spiritus
2252 2574 2529 2637 Sanctus
2580 2574 2662 2637 de
2705 2575 2938 2636 natura
2991 2574 3207 2638 Patris
3261 2573 3546 2654 Filiique

433 2690 754 2771 procedit.
781 2688 884 2753 Oh
921 2689 1046 2751 hoc
1076 2705 1228 2769 ergo
1259 2690 1392 2751 tres
1415 2705 1622 2752 unum
1663 2691 1836 2751 recte
1873 2689 2205 2753 credimus
2241 2692 2305 2753 et
2333 2689 2617 2753 dicimus
2654 2690 2892 2769 Deum,
2927 2691 3082 2771 quia
3110 2708 3243 2753 11113
3275 2708 3548 2772 prorsus

431 2806 791 2885 aeternitas,
831 2822 965 2867 una
1024 2805 1458 2884 immensitaS‚
1501 2822 1632 2867 una
1681 2805 2066 2868 naturaliter
2110 2807 2212 2869 est
2266 2807 2469 2895 trium
2524 2823 2953 2887 personarum
3002 2806 3337 2870 divinitas.
3380 2807 3548 2870 Ecce

429 2922 720 2985 breviter
754 2921 1116 3001 assignavit
1145 2920 1579 3000 Augustinus,
1605 2921 1671 2982 in
1697 2937 1828 3001 quo
1858 2922 2062 2983 trium
2093 2938 2521 3002 personarum
2555 2922 2868 2985 consistat
2904 2923 3267 3003 aequalitaS,
3298 2923 3549 2986 scilicet

430 3039 591 3119 quia
637 3038 769 3101 alia
819 3038 1019 3100 aliam
1064 3054 1197 3099 non
1247 3036 1510 3099 excellit
1554 3038 1667 3098 aut
1720 3037 2104 3117 aeternitate,
2138 3039 2254 3100 aut
2299 3037 2776 3118 magnitudine,
2818 3040 2933 3101 aut
2975 3040 3318 3119 potestate.

447 1528 868 1827 NUNC
913 1528 1264 1609 postquam
1315 1526 1824 1589 coaeternitatem
1873 1528 2076 1591 trium
2116 1545 2545 1609 personarum
2596 1545 2715 1610 pro
2754 1528 3024 1592 modulo
3064 1528 3393 1591 facultatis
3428 1545 3547 1590 no-

639 3289 718 3352 B.
775 3291 974 3356 Quod
1017 3290 1402 3352 aeternitas
1447 3289 1520 3350 et
1563 3290 1994 3366 maqnitudo
2044 3291 2116 3350 et
2158 3289 2489 3362 potestas
2536 3292 2615 3354 in
2663 3293 2805 3353 Deo
2853 3293 3027 3355 sunt
3070 3245 3326 3366 unum,

1374 3407 1545 3468 licet
1583 3406 1970 3478 ponantur
2017 3409 2234 3482 quasi
2280 3408 2600 3471 diversa.

567 3638 926 3716 Quumque
971 3635 1436 3698 enumerentur
1483 3634 1611 3698 ista
1656 3635 1844 3715 quasi
1895 3634 2176 3715 diversa,
2210 3633 2280 3696 in
2327 3634 2467 3697 Deo
2514 3636 2735 3699 tamen
2778 3653 2984 3698 unum
3033 3638 3097 3698 et
3146 3636 3321 3699 idem
3360 3639 3537 3717 sunt,

433 3753 688 3816 scilicet
743 3750 1030 3814 essentia
1077 3749 1301 3812 divina
1355 3750 1638 3830 simplex
1682 3750 1745 3812 et
1792 3749 2378 3813 incommutabilis.
2432 3750 2619 3813 Unde
2668 3749 3081 3830 Augustinus
3135 3751 3203 3813 in
3258 3752 3540 3831 septimo

433 3868 604 3932 libro
641 3869 722 3931 de
750 3867 1070 3930 Trinitate
1105 3887 1118 3926 :
1152 3866 1302 3929 Non
1338 3866 1466 3929 alio
1506 3883 1808 3946 magnus,
1841 3866 1970 3928 alio
2009 3866 2190 3929 Deus
2228 3868 2363 3948 est;
2395 3866 2509 3930 sed
2540 3882 2615 3928 eo
2653 3883 2932 3947 magnus
2960 3883 3090 3947 quo
3128 3867 3308 3931 Deus
3338 3889 3352 3928 ε
3388 3869 3543 3949 quia
3570 3879 3838 3953 Ape-detri-

429 4003 568 4050 non
615 3987 717 4049 est
751 3984 852 4046 illi
903 3982 1085 4046 aliud
1120 3999 1434 4062 magnum
1485 3999 1651 4062 esse,
1694 3982 1873 4045 aliud
1923 3983 2136 4046 Deum
2177 4001 2342 4046 esse.
2384 3983 2631 4045 Eadem
2678 3983 2920 4063 quippe
2968 3983 3113 4062 ejus
3158 3985 3542 4064 magnitudo
3570 3941 3835 4056 &mai-111».

431 4105 534 4167 oet
569 4119 722 4182 quae
759 4099 996 4178 virtus,
1041 4100 1107 4162 et
1143 4099 1372 4162 eadem
1411 4100 1693 4162 essentia
1729 4116 1876 4179 quae
1928 4099 2337 4179 magnitudo.
2379 4098 2575 4161 Pater
2616 4115 2768 4178 ergo
2821 4100 2885 4160 et
2923 4099 3135 4163 Filius
3174 4101 3375 4163 simul
3413 4119 3545 4164 11113

431 4219 722 4283 essentia
765 4219 832 4280 et
875 4233 1008 4278 una
1059 4215 1465 4296 magnitudo,
1522 4215 1622 4277 Ita
1673 4215 1868 4278 etiam
1927 4217 1992 4278 et
2046 4215 2340 4294 potentia
2396 4214 2520 4277 Dei
2570 4215 2853 4276 essentia
2911 4215 3135 4280 divina
3184 4218 3303 4280 est.
3357 4218 3544 4281 Unde

433 4334 853 4416 Augustinus
898 4333 968 4395 in
1013 4333 1294 4412 septimo
1347 4331 1512 4395 libro
1559 4331 2066 4394 Confessionum
2103 4350 2117 4391 :
2152 4330 2477 4393 Voluntas
2532 4331 2595 4392 et
2640 4331 2934 4410 potentia
2984 4330 3132 4410 Dei,
3173 4332 3353 4396 Deus
3403 4334 3543 4415 ipse
3572 4346 3836 4422 [freonrm.

433 4455 560 4516 est.
603 4449 962 4514 AEternitas
1009 4464 1270 4528 quoque
1329 4448 1474 4528 Dei,
1521 4449 1804 4511 essentia
1848 4447 2075 4509 divina
2125 4448 2245 4510 est.
2292 4445 2485 4520 Quod
2540 4445 2951 4526 Augustinus
3006 4447 3292 4510 ostendit
3350 4466 3547 4530 super
3571 4410 3835 4460 hb'v¹''⁰'⁴'

431 4568 626 4630 illum
675 4565 897 4628 locum
951 4564 1225 4644 Psalmi,
1279 4564 1356 4626 In
1403 4565 1887 4644 generationem
1947 4565 2012 4627 et
2069 4562 2558 4645 generationem
2614 4562 2768 4623 anni
2829 4562 2928 4624 tui
2975 4582 2989 4622 ε
3036 4562 3157 4624 Est
3214 4565 3543 4643 generatio
3589 4579 3825 4652 Pansae.

433 4681 934 4763 generationum
972 4697 1119 4760 quae
1166 4697 1298 4743 non
1347 4681 1600 4758 transit,
1643 4679 1914 4742 collecta
1963 4678 2043 4742 de
2087 4678 2396 4742 omnibus
2438 4676 2990 4758 generationibus,
3025 4677 3094 4739 id
3140 4679 3241 4740 est
3277 4680 3540 4743 sanctis.
3578 4642 3751 4748 9³33
3774 4654 3827 4754 g:

435 4799 515 4862 In
570 4798 686 4860 illa
731 4799 924 4860 erunt
970 4797 1122 4858 anni
1175 4796 1322 4873 Dei,
1365 4795 1479 4874 qui
1525 4811 1656 4856 non
1703 4795 2067 4872 transeunt,
2108 4795 2177 4856 id
2223 4795 2323 4857 est
2375 4793 2703 4856 aeternitas
2753 4792 2903 4856 Dei.
2956 4793 3105 4856 Non
3160 4793 3337 4856 enim
3393 4796 3549 4856 sunt
3574 4769 3739 4873 f'ss'fm'
3784 4780 3827 4816 ““’

435 4914 618 4978 aliud
654 4913 812 4975 anni
848 4910 998 4991 Dei,
1031 4910 1210 4973 aliud
1247 4911 1425 4991 ipse;
1465 4909 1581 4972 sed
1617 4910 1772 4971 anni
1808 4910 1957 4987 Dei,
1986 4910 2315 4973 aeternitas
2343 4908 2467 4971 Dei
2506 4909 2625 4971 est.
2660 4908 3019 4971 AEternitas
3050 4925 3202 4970 vero
3243 4909 3387 4988 ipsa
3422 4909 3544 4972 Dei

436 5029 808 5094 substantia
855 5029 978 5106 est,
1017 5026 1183 5088 nihil
1239 5025 1487 5089 habens
1543 5025 1881 5089 mutabile.
1925 5026 2319 5088 Inconcusse
2377 5042 2530 5105 ergo
2577 5025 2941 5101 teneamus,
2993 5023 3170 5103 quod
3225 5041 3433 5087 unum
3486 5026 3552 5089 et

437 5146 618 5210 idem
675 5146 800 5224 est,
851 5142 1103 5206 scilicet
1157 5142 1439 5205 essentia
1489 5142 1736 5220 divina,
1795 5141 1917 5206 Dei
1975 5141 2328 5220 aeternitas,
2378 5139 2693 5222 potentia,
2744 5138 3127 5219 magnitudo
3164 5159 3177 5201 ε
3223 5141 3287 5204 et
3329 5142 3550 5204 tamen

445 5261 796 5328 consuevit
844 5259 1182 5342 Scriptura
1227 5257 1370 5322 haec
1409 5259 1474 5322 et
1510 5257 1616 5321 his
1653 5257 1900 5322 similia
1947 5256 2136 5339 quasi
2172 5257 2479 5321 distincte
2541 5272 2804 5339 ponere.
2852 5255 2931 5318 In
2975 5255 3081 5320 his
3118 5273 3270 5339 ergo
3308 5257 3548 5338 verbiS,
