4359 6250
603 482 748 537 oum
791 485 884 531 su·
923 483 1220 542 ransom,
1261 484 1336 549 nr
1375 484 1508 539 ουκ
1549 484 1732 529 urio
1775 482 1913 529 mus
1959 483 2019 527 ιΝ
2061 482 2311 540 υινιΝιε,
2348 482 2422 528 m·
2461 482 2759 538 omnimn
2800 481 2917 528 ono
2958 480 3299 528 convnmxr
3382 461 3492 525 161

391 620 672 713 includit
729 672 932 715 unum
983 653 1424 737 principaliter
1472 660 1536 715 et
1594 652 1776 735 quasi
1827 652 1894 715 in
1923 651 1974 714 A
2004 670 2257 735 quoque
2290 652 2457 715 idem
2500 654 2668 735 quod
2709 653 2906 715 Pater.
2944 652 3007 715 Si
3038 668 3187 734 ergo
3223 650 3493 732 accipia-

393 756 594 822 rect0,
627 749 804 812 aliud
835 752 1212 813 secundario
1242 760 1306 812 et
1337 751 1616 832 oblique.
1643 786 1722 797 —-
1750 751 1894 813 Haec

394 846 691 910 Thomas,

477 945 593 1018 Qui
635 956 1100 1028 consequenter
1129 948 1351 1009 recitat
1391 955 1720 1031 praetactas
1758 948 1892 1030 opi-

395 1044 620 1106 niones
661 1046 1201 1126 quemadmodum
1240 1064 1318 1108 ex
1347 1046 1605 1109 Alberto
1641 1046 1771 1127 jam
1806 1054 1893 1108 ta-

395 1149 572 1203 ctum
604 1150 722 1215 est,
747 1162 866 1205 nec
898 1145 1174 1206 multum
1205 1144 1430 1226 objicit
1459 1144 1574 1217 eiS,
1599 1142 1892 1225 quamvis

395 1258 526 1302 non
575 1241 888 1322 approbet
935 1260 1061 1305 eas.
1097 1242 1175 1303 Et
1223 1243 1398 1304 addit
1434 1244 1559 1305 :Ut
1605 1242 1894 1305 videatur

393 1338 552 1418 quid
596 1340 881 1402 veritatis
926 1342 1008 1403 sit
1052 1342 1118 1403 in
1163 1340 1432 1421 singulis
1481 1341 1892 1422 opinionibus

397 1436 560 1509 istis,
595 1446 658 1499 et
708 1438 774 1499 in
826 1457 953 1520 quo
1001 1439 1326 1512 deficiant,
1362 1439 1891 1502 considerandum

395 1536 550 1617 quia
577 1538 680 1615 (ut
711 1537 954 1599 dictum
985 1539 1108 1618 θεῖ)
1141 1556 1410 1621 persona
1448 1536 1768 1619 significat
1799 1538 1892 1599 in-

395 1633 723 1696 dividuam
784 1635 1226 1702 substantiam.
1281 1636 1688 1699 Individuum
1743 1655 1893 1699 vero

395 1732 749 1812 significari
803 1742 1008 1817 potest
1052 1736 1416 1817 dupliciter,
1461 1742 1679 1817 utpote
1723 1752 1736 1797 :
1780 1754 1894 1816 per

2003 770 2145 812 mus
2177 752 2314 813 haec
2354 758 2645 832 quatuor,
2679 752 2867 816 Deus,
2901 750 3122 823 deitas,
3156 750 3356 823 Pater,
3391 767 3495 829 pa-

2003 850 2286 922 ternitaS,
2346 857 2591 911 constat
2650 850 2817 931 quod
2878 849 3093 911 deitati
3156 856 3343 929 prout
3400 847 3493 907 sic

2001 947 2401 1027 significatur
2446 955 2517 1009 ut
2566 954 2789 1010 natura
2830 947 3141 1028 quaedam,
3175 964 3301 1009 non
3347 963 3492 1008 con-

2003 1046 2179 1107 venit
2218 1046 2375 1109 ratio
2419 1064 2705 1127 personae
2740 1063 2753 1107 :
2788 1046 3017 1127 prim0‚
3052 1046 3205 1127 quia
3240 1062 3368 1107 non
3414 1043 3493 1105 si-

2000 1144 2347 1224 gnificatur
2393 1151 2462 1206 ut
2503 1163 2617 1226 per
2655 1164 2721 1207 se
2766 1144 3156 1223 subsistens3
3190 1143 3489 1215 secundo,

2001 1242 2152 1323 quia
2192 1242 2485 1324 pluribus
2526 1250 2621 1304 est
2660 1243 3040 1316 communis,
3074 1260 3344 1323 persona
3385 1260 3494 1303 au-

2000 1346 2130 1401 tem
2180 1339 2501 1420 significat
2547 1340 2701 1423 quid
2747 1341 3140 1403 distinctum.
3186 1339 3494 1402 Similiter

2002 1438 2122 1501 boc
2183 1457 2436 1513 nomen,
2500 1440 2687 1514 DeuS,
2750 1459 2876 1501 non
2936 1440 3126 1501 habet
3184 1438 3493 1500 rationem

2002 1555 2306 1618 personae.
2374 1538 2530 1600 Nam
2598 1539 2892 1619 quamvis
2962 1535 3362 1618 significetur
3426 1544 3496 1623 ut

2002 1635 2155 1717 quid
2206 1636 2581 1709 subsistens,
2635 1643 2847 1698 tamen
2898 1654 3023 1699 non
3075 1624 3495 1697 habe't'ratio-

2004 1752 2148 1795 nem
2184 1734 2611 1798 distinctionis
2648 1752 2660 1794 :
2698 1736 2826 1797 imo
2866 1735 3032 1796 sicut
3066 1735 3264 1807 Pater,
3298 1733 3495 1795 Filius

397 1848 633 1893 nomen
665 1833 960 1895 secundae
992 1833 1386 1909 intentionis,
1409 1834 1629 1915 sicque
1659 1852 1892 1895 nomen
1927 1834 1976 1897 Β
2003 1840 2067 1893 θι
2125 1833 2399 1914 Spiritus
2465 1834 2729 1896 Sanctus
2794 1833 3182 1896 conveniunt
3247 1833 3312 1894 in
3375 1832 3495 1894 hoc

399 1928 540 2000 boc,
595 1930 1020 2007 individuum,
1073 1952 1183 1995 seu
1237 1932 1578 2013 singulare,
1631 1950 1756 1994 non
1813 1931 1894 1993 si-

393 2025 664 2106 gnificat
693 2046 830 2091 rem
861 2030 1270 2111 singularem,
1296 2031 1404 2112 sed
1438 2030 1893 2111 singularitatis

398 2126 858 2206 intentionem3
908 2136 972 2190 et
1021 2129 1174 2191 item
1225 2148 1340 2211 per
1387 2147 1620 2191 nomen
1671 2128 1893 2209 primae

397 2223 798 2299 intentionis,
831 2228 999 2307 quod
1032 2226 1356 2307 significat
1385 2228 1588 2308 ipsam
1622 2245 1756 2288 rem
1789 2225 1892 2288 cui

399 2324 700 2385 convenit
741 2324 1009 2388 intentio
1048 2326 1504 2407 singularitatis
1540 2343 1554 2387 ε
1587 2332 1652 2386 θῖ
1691 2324 1778 2386 ita
1817 2324 1896 2386 si-

395 2420 746 2500 gnificatur
787 2422 1050 2485 nomine
1095 2424 1240 2495 isto,
1274 2441 1562 2504 persona,
1597 2422 1768 2503 quod
1812 2421 1894 2483 si-

397 2519 665 2599 gnificat
716 2538 850 2582 rem
912 2521 1017 2583 cui
1066 2521 1298 2584 accidit
1350 2520 1619 2583 intentio
1667 2520 1896 2582 indivi-

397 2617 530 2679 dui.
563 2619 784 2700 ltaque
811 2618 992 2699 juxta
1021 2619 1163 2694 hoc,
1185 2620 1527 2701 dupliciter
1556 2636 1894 2700 possumus

399 2716 574 2797 loqui
619 2717 699 2778 de
743 2715 1212 2797 significatione
1262 2735 1568 2798 personae,
1616 2724 1832 2798 utpote
1876 2733 1891 2777 ε

401 2831 516 2894 per
563 2831 654 2887 se,
709 2814 1063 2876 secundum
1123 2814 1186 2877 id
1237 2815 1408 2896 quod
1461 2815 1580 2876 hoc
1640 2832 1894 2887 nomen,

399 2928 694 2993 persona,
753 2913 1106 2975 secundum
1168 2932 1234 2975 se
1293 2912 1660 2994 significat3
1708 2919 1898 2993 atque

2004 1932 2172 2011 quod
2204 1938 2300 1993 est
2341 1932 2562 2006 deitas,
2598 1931 2683 1993 ita
2715 1932 2781 1992 in
2821 1933 2941 1994 hoc
2971 1932 3141 2013 quod
3181 1938 3277 1993 θεῖ
3306 1932 3491 1993 DeuS.

2003 2030 2123 2092 Sed
2165 2048 2389 2092 verum
2431 2038 2528 2091 θεῖ
2566 2031 2735 2112 quod
2776 2030 2828 2091 si
2868 2030 3197 2093 tolleretur
3238 2028 3497 2111 plurali-

2003 2135 2098 2189 tas
2142 2146 2581 2209 personarum,
2619 2135 2685 2189 θῖ
2728 2147 2843 2210 per
2886 2146 3281 2210 consequens
3327 2145 3497 2189 com-

2005 2227 2283 2288 munitas
2324 2227 2435 2288 Dei
2478 2245 2551 2289 ac
2591 2226 2865 2301 deitatis,
2901 2227 3066 2289 Deus
3106 2226 3499 2307 significaret

2004 2341 2341 2406 personam
2373 2325 2452 2387 ab
2483 2325 2625 2387 aliis
2656 2324 2973 2387 universis
3005 2325 3247 2386 naturis
3278 2324 3500 2386 distin-

2007 2430 2172 2484 ctam
2235 2424 2731 2506 proprietatibus
2782 2423 3251 2496 essentialibuS‚
3304 2430 3365 2484 et
3415 2421 3497 2484 si-

2006 2522 2420 2602 gnificaretur
2450 2531 2520 2585 ut
2550 2523 2839 2605 quaedam
2872 2541 3155 2604 persona.
3193 2522 3499 2585 Similiter

2009 2622 2352 2703 paternitas
2392 2640 2591 2703 quum
2634 2640 2760 2684 non
2800 2620 3201 2703 significetur
3236 2629 3304 2682 ut
3343 2620 3499 2702 quid

2008 2718 2384 2793 subsistenS,
2420 2738 2537 2781 nec
2578 2727 2647 2781 ut
2684 2720 3080 2793 distinctum,
3116 2719 3225 2781 sed
3267 2726 3337 2780 ut
3374 2718 3500 2780 dis-

2008 2818 2471 2898 tinguen3,non
2504 2818 2903 2899 significatur
2934 2838 3046 2899 per
3079 2818 3336 2880 modum
3371 2836 3503 2899 per-

2007 2934 2195 2979 sonae.
2230 2917 2407 2979 Pater
2450 2934 2725 2999 quoque,
2760 2916 3052 2998 quamvis
3102 2915 3501 2997 significetur

399 3028 517 3091 per
541 3010 866 3085 accidenS,
899 3011 1252 3073 secundum
1291 3012 1462 3093 quod
1490 3011 1804 3092 accipitur
1833 3010 1900 3071 in
1932 3009 1976 3071 C
2008 3022 2077 3076 ut
2120 3016 2275 3097 quid
2321 3015 2718 3089 distinctum,
2755 3034 2881 3078 non
2922 3024 3135 3077 tamen
3180 3013 3500 3096 significa-

396 3108 512 3170 tali
541 3109 643 3171 vel
675 3109 788 3171 tali
820 3117 1062 3174 natura.
1095 3109 1207 3174 Per
1237 3129 1304 3174 se
1335 3117 1549 3173 autem
1580 3108 1901 3192 significat

399 3208 904 3270 intellectualem
971 3209 1414 3284 substantiam,
1480 3227 1900 3292 quaecumque

397 3307 485 3368 sit
543 3306 675 3381 illa,
729 3315 792 3370 et
841 3308 1392 3390 qualitercumque
1443 3308 1896 3370 individuetur.

397 3405 464 3468 Si
513 3423 665 3467 vero
705 3406 1060 3488 accipiatur
1105 3414 1328 3468 natura
1373 3406 1674 3480 humana,
1708 3405 1900 3485 signi-

395 3503 554 3566 ficat
607 3504 728 3566 hoc
771 3505 942 3586 quod
984 3512 1082 3566 est
1125 3503 1479 3568 subsistens
1525 3504 1590 3566 in
1636 3504 1744 3566 tali
1794 3522 1900 3565 na-

397 3613 566 3677 tura,
602 3611 666 3664 et
694 3603 1072 3667 distinctum
1116 3603 1226 3667 tali
1257 3603 1666 3667 distinctione
1696 3603 1902 3686 qualis

395 3701 708 3783 competit
739 3710 980 3766 naturae
1011 3703 1322 3767 humanae.
1351 3704 1428 3765 Et
1457 3703 1550 3765 sic
1581 3703 1904 3784 loquimur

393 3799 508 3862 hic
551 3800 632 3861 de
676 3799 1146 3882 significatione
1191 3819 1476 3883 personae
1520 3807 1710 3883 prout
1750 3799 1904 3862 dici-

395 3905 508 3960 tur
537 3915 811 3980 persona
849 3899 1069 3962 divina
1103 3917 1118 3961 :
1153 3908 1216 3961 θῖ
1248 3901 1334 3962 ita
1363 3899 1756 3980 significabit
1783 3899 1902 3961 hoc

396 3996 572 4077 quod
624 4004 721 4058 θεῖ
768 3997 1146 4059 distinctum
1197 3997 1507 4060 exsistens
1563 3997 1630 4060 in
1681 4006 1905 4059 natura

394 4094 642 4156 divina.

2011 3120 2111 3175 tur
2141 3120 2212 3174 ut
2242 3113 2597 3176 subsistens
2629 3114 2695 3176 in
2727 3120 2951 3176 natura
2980 3114 3213 3196 aliqua,
3238 3114 3348 3176 sed
3381 3132 3504 3176 ma-

2007 3211 2102 3292 gis
2137 3219 2207 3272 ut
2236 3212 2597 3292 subjectum
2630 3211 2882 3273 cuidam
2914 3211 3306 3294 proprietati.
3330 3211 3502 3273 Unde

2009 3310 2175 3371 sicut
2216 3308 2434 3372 album
2484 3311 2561 3371 de
2605 3309 2848 3372 ratione
2897 3309 3177 3372 nominis
3226 3309 3325 3372 sui
3375 3327 3502 3372 non

2009 3415 2106 3469 est
2133 3425 2423 3489 persona,
2450 3408 2535 3468 ita
2565 3426 2681 3470 nec
2711 3408 2921 3487 Pater3
2954 3409 3064 3470 sed
3097 3408 3163 3469 in
3193 3415 3503 3490 quantum

2011 3505 2175 3566 Deus
2216 3513 2279 3568 et
2317 3505 2494 3567 Pater
2538 3512 2685 3567 sunt
2724 3506 2917 3580 idem,
2960 3523 3087 3568 non
3133 3506 3299 3567 sicut
3340 3505 3502 3566 acci-

2010 3604 2166 3666 dens
2216 3611 2279 3665 et
2328 3603 2711 3685 subjectum,
2746 3605 2855 3667 sed
2907 3623 3021 3685 per
3070 3603 3503 3665 omnimodam

2012 3702 2513 3765 indifferentiam
2564 3703 2675 3764 rei.
2724 3703 2884 3765 Hinc
2934 3704 3097 3776 dico,
3144 3703 3313 3784 quod
3363 3721 3503 3783 per-

2011 3818 2164 3863 sona
2208 3799 2274 3861 in
2318 3800 2555 3862 divinis
2597 3801 2753 3862 dicit
2794 3801 3165 3864 relationem
3215 3818 3329 3882 per
3372 3817 3503 3862 mo-

2011 3899 2162 3961 dum
2224 3899 2610 3962 substantiae.
2664 3901 2805 3981 Ipsa
2863 3898 3037 3962 enim
3091 3899 3313 3962 relatio
3362 3917 3503 3980 quae

2009 4006 2105 4059 est
2148 3997 2571 4078 distinguenS‚
2605 4005 2701 4060 est
2749 3997 3121 4060 distinctum
3157 4015 3170 4058 z
3204 3997 3357 4078 quia
3402 4015 3505 4078 pa·

2009 4096 2272 4158 ternitas
2316 4103 2413 4158 est
2455 4097 2650 4158 Pater.
2688 4097 2761 4157 Et
2806 4096 2958 4177 quia
2999 4113 3268 4178 persona
3311 4095 3504 4176 signi-

481 4192 560 4254 Ut
605 4193 802 4272 igitur
845 4193 1175 4257 videamus
1221 4193 1377 4275 quid
1422 4195 1503 4255 sit
1547 4193 1638 4256 ibi
1683 4194 1904 4257 distin·
1933 4202 1980 4263 D
2011 4194 2162 4257 ficat
2205 4194 2360 4276 quid
2399 4194 2773 4256 distinctum
2818 4194 3127 4257 exsistens
3175 4195 3240 4256 in
3284 4201 3507 4256 natura

397 4299 602 4364 ctum,
655 4299 718 4353 et
775 4292 1051 4372 qualiter
1108 4299 1428 4373 competat
1487 4293 1609 4354 sibi
1668 4310 1902 4355 nomen

397 4408 716 4472 personae,
769 4391 1120 4454 notandum
1178 4399 1274 4454 est
1322 4393 1494 4474 quod
1549 4392 1902 4454 secundum

397 4487 849 4550 necessitatem
905 4488 1080 4564 fidei,
1120 4509 1261 4572 quae
1304 4490 1370 4551 in
1422 4491 1549 4553 Deo
1597 4509 1797 4552 unum
1840 4497 1904 4552 et

399 4595 533 4649 tres
602 4586 970 4662 confitetur,
1037 4595 1286 4670 oportet
1349 4606 1583 4670 ponere
1646 4588 1902 4670 aliquod

399 4704 771 4760 commune,
805 4687 1161 4748 secundum
1203 4688 1371 4769 quod
1413 4694 1564 4749 sunt
1593 4706 1816 4759 unum,
1843 4694 1906 4748 et

397 4785 668 4866 ali‘quod
720 4786 1074 4867 proprium,
1118 4787 1286 4868 quod
1338 4794 1435 4849 est
1483 4786 1902 4868 distinguenS,

399 4901 482 4945 ex
535 4902 665 4965 qua
711 4884 1120 4946 distinctione
1168 4890 1318 4946 sunt
1362 4893 1490 4946 tres
1535 4902 1550 4946 :
1592 4892 1656 4946 et
1705 4904 1906 4947 unum

399 4981 570 5043 illud
603 4988 808 5044 exstat
835 4982 1132 5056 essentia,
1157 4982 1556 5063 distinguens
1587 5001 1738 5045 vero
1768 5001 1910 5046 con-

399 5079 580 5141 sistit.
621 5079 858 5142 relatio.
902 5079 982 5141 Et
1019 5080 1323 5161 quoniam
1355 5080 1421 5141 in
1460 5079 1696 5142 divinis
1735 5080 1910 5142 nulla

395 5185 504 5238 est
554 5178 956 5258 compositio,
1009 5185 1262 5259 oportet
1309 5185 1381 5239 ut
1427 5177 1627 5241 deitas
1677 5177 1908 5240 intelli·

395 5282 596 5357 gatur
627 5275 877 5338 realiter
915 5275 1089 5338 idem
1131 5276 1300 5357 quod
1342 5276 1530 5352 DeuS,
1564 5276 1908 5358 paternitas

667 5408 724 5460 T.
763 5409 841 5462 20.

2010 4293 2244 4375 aliqua,
2280 4292 2424 4355 ideo
2472 4299 2718 4357 constat
2764 4293 2934 4374 quod
2984 4292 3305 4375 significat
3353 4293 3508 4354 rela-

2014 4391 2274 4465 tionem,
2322 4391 2387 4452 in
2438 4398 2748 4473 quantum
2798 4391 3018 4454 relatio
3067 4399 3162 4454 est
3210 4391 3501 4463 relatum,

2011 4497 2201 4571 atque
2234 4489 2299 4550 in
2331 4497 2639 4571 quantum
2673 4489 2885 4571 ipsum
2928 4490 3197 4552 relatum
3232 4496 3329 4551 est
3358 4489 3505 4552 sub-

2014 4589 2244 4651 sistens
2305 4588 2370 4649 in
2430 4588 2539 4649 tali
2598 4595 2839 4650 natura.
2905 4589 3049 4651 Ideo
3108 4596 3279 4671 patet
3336 4588 3506 4670 quod

2016 4705 2285 4769 persona
2322 4685 2644 4767 significat
2684 4687 3054 4750 relationem
3097 4706 3210 4770 per
3246 4687 3505 4750 modum

2015 4785 2405 4858 substantiae,
2441 4802 2567 4848 non
2598 4807 2739 4868 quae
2770 4793 2864 4848 est
2894 4786 3188 4860 essentia,
3223 4786 3333 4849 sed
3364 4804 3505 4867 quae

2014 4891 2110 4946 cst
2151 4883 2556 4966 suppositum
2599 4883 2839 4946 habens
2882 4883 3244 4946 essentiam.

2095 4982 2256 5044 Hinc
2301 4999 2522 5044 omnes
2568 4983 2901 5063 opiniones
2946 4988 3259 5063 praetactae
3302 4981 3508 5062 quoad

2015 5079 2259 5161 aliquid
2292 5097 2516 5142 verum
2557 5079 2871 5141 dixerunt.
2906 5078 3022 5151 Qui
3062 5078 3235 5140 enim
3273 5096 3513 5140 asseru-

2015 5185 2204 5240 erunt
2254 5178 2425 5259 quod
2472 5194 2705 5239 nomen
2757 5193 3042 5259 personae
3091 5184 3188 5238 est
3237 5175 3511 5258 aequivo-

2019 5296 2190 5349 cum,
2235 5294 2350 5359 pro
2400 5284 2571 5338 tanto
2617 5294 2839 5338 verum
2889 5275 3081 5338 locuti
3132 5284 3300 5350 sunt,
3341 5275 3511 5357 quod

3202 5411 3261 5461 11
