4359 6250
1141 503 1438 558 QUALITER
1478 504 1661 549 RATIO
1702 503 1849 548 nom
1889 503 2231 549 GONVENIAT
2273 503 2527 549 srml‘rm
2570 503 2800 550 SANGTO
3442 484 3521 548 75

423 679 530 733 tur
557 671 718 746 dari,
751 679 976 754 estque
1005 673 1293 736 omnium
1330 674 1642 737 donorum
1674 673 1922 735 carissi·
1950 673 2001 736 A
2111 674 2205 736 Ad
2256 674 2535 756 primum
2580 692 2729 754 ergo
2770 674 3134 747 dicendum,
3170 673 3337 755 quod
3382 673 3523 753 ejus

425 789 601 832 mum
634 778 826 853 atque
865 770 1318 851 gratissimum.
1356 772 1530 834 Unde
1562 779 1624 833 et
1663 780 1922 854 propter

417 887 492 930 se
521 869 735 950 ipsum
777 869 1117 951 expetitur,
1151 878 1212 932 et
1253 870 1559 952 quaeritur
1591 869 1672 932 ab
1711 889 1924 932 aman—

419 965 596 1029 tibus
634 967 878 1050 absque
919 968 1267 1030 simoniaca
1296 969 1656 1030 venalitate.
1693 968 1806 1031 lllo
1835 976 1922 1031 et-

418 1066 594 1128 enim
639 1067 807 1139 dato,
841 1066 1070 1127 dantur
1108 1067 1356 1144 omnia3
1395 1074 1459 1129 et
1501 1067 1612 1131 illo
1652 1073 1917 1142 retentu,

417 1164 639 1226 omnia
696 1164 1070 1226 retinentur.
1125 1165 1284 1226 Hinc
1343 1184 1492 1227 vere
1551 1173 1615 1227 et
1673 1165 1922 1227 sincere

421 1271 648 1326 mutuo
690 1281 758 1325 se
800 1273 1107 1338 amanteS,
1151 1283 1217 1326 se
1260 1264 1432 1346 ipsos
1471 1264 1595 1326 sibi
1643 1263 1919 1326 invicem

418 1362 674 1424 dedisse
714 1361 1036 1434 dicuntur,
1071 1370 1133 1424 et
1169 1380 1348 1424 amor
1377 1370 1474 1424 est
1519 1371 1740 1424 mutua
1768 1362 1921 1423 ami-

419 1477 644 1522 corum
677 1459 1014 1541 possessio.
1049 1459 1208 1533 Quia
1247 1478 1395 1540 ergo
1425 1477 1553 1522 non
1586 1459 1797 1522 minor
1825 1468 1916 1522 est

421 1557 614 1640 primi
647 1565 712 1618 et
740 1557 1036 1619 altissimi
1077 1558 1276 1620 Patris
1315 1557 1676 1639 benignitas
1705 1576 1779 1619 ac
1810 1558 1918 1620 bo-

417 1656 606 1730 nitas,
669 1674 860 1736 quam
918 1655 1059 1736 ejus
1117 1655 1511 1734 fecunditas3
1563 1656 1919 1719 necessario

414 1772 545 1817 non
578 1754 790 1816 minor
817 1754 939 1816 erit
968 1772 1145 1816 amor
1174 1774 1285 1816 seu
1314 1755 1517 1835 gratia
1545 1763 1608 1816 et
1638 1754 1916 1837 primum

2030 771 2263 834 solutio
2321 779 2490 854 patet
2540 792 2617 834 ex
2669 772 3093 854 assignatione
3146 770 3546 854 multiplicis-

2030 871 2486 950 acceptationis
2544 870 2685 951 ejus
2743 871 2911 951 quod
2971 877 3065 932 est
3122 870 3289 932 dare.
3342 869 3523 931 Nunc

2030 967 2203 1029 enim
2236 976 2331 1030 est
2362 987 2570 1030 sermo
2609 969 2687 1031 de
2728 971 2893 1032 dono
2922 976 2985 1030 et
3023 968 3274 1030 datione
3304 968 3380 1030 ad
3421 985 3526 1028 vo-

2033 1065 2343 1128 luntatem
2375 1067 2732 1149 pertinente
2774 1074 2837 1128 et
2866 1085 2944 1129 ex
2973 1085 3047 1129 ea
3084 1065 3345 1128 fluente.
3380 1066 3527 1128 Ideo

2030 1163 2119 1226 ait
2159 1165 2487 1228 Udalricus
2522 1184 2535 1227 :
2572 1167 2778 1240 Quum
2823 1165 3096 1227 dicimus
3136 1165 3350 1227 omnia
3383 1165 3527 1226 data

2031 1261 2164 1322 dari
2201 1282 2314 1343 per
2344 1263 2653 1344 Spiritum
2687 1264 3010 1336 Sanctum,
3044 1280 3170 1324 non
3204 1262 3528 1344 loquimur

2031 1360 2108 1422 de
2141 1360 2251 1421 illa
2282 1361 2618 1422 donatione
2650 1362 2833 1442 cujus
2874 1361 3267 1443 principium
3298 1367 3394 1422 est
3421 1379 3527 1421 na-

2029 1467 2192 1532 tura,
2228 1460 2305 1520 de
2345 1478 2471 1540 qua
2508 1459 2586 1520 ad
2626 1459 3063 1541 Philippenses
3103 1459 3325 1522 scribit
3364 1461 3526 1540 Apo-

2029 1558 2230 1620 stolus
2266 1575 2279 1619 :
2313 1558 2494 1619 Pater
2533 1557 2705 1618 dedit
2750 1557 2909 1620 Filio
2946 1576 3179 1620 nomen
3218 1558 3388 1639 quod
3426 1556 3523 1619 est
3551 1573 3815 1630 mappa«,

2029 1675 2222 1736 super
2252 1674 2440 1717 omne
2470 1673 2739 1729 nomen3
2769 1663 2959 1738 atque
2988 1655 3262 1718 Hilarius
3298 1673 3311 1718 τ
3345 1656 3524 1718 Pater
3550 1639 3593 1680 ⁹·

2030 1753 2205 1815 dedit
2251 1754 2591 1816 essentiam
2643 1754 2817 1815 Filio.
2872 1754 3014 1816 Haec
3069 1772 3344 1835 namque
3394 1772 3519 1816 non

414 1855 656 1916 donum
706 1853 786 1914 ab
839 1853 978 1936 ipso
1028 1855 1400 1935 procedenS,
1455 1874 1647 1936 quam
1699 1857 1916 1936 partus
1955 1857 2002 1919 B
2030 1859 2127 1914 est
2157 1853 2416 1934 propria
2445 1852 2723 1926 donatio,
2756 1853 2864 1914 sed
2905 1853 3210 1915 naturalis
3242 1871 3523 1914 commu—

413 1953 576 2033 ejuS.
612 1953 903 2034 Insuper,
927 1953 1230 2034 quoniam
1265 1953 1432 2015 inter
1459 1953 1916 2033 benignitatem

414 2058 478 2112 et
507 2051 677 2114 dona
714 2051 1030 2112 exteriora
1065 2070 1207 2132 quae
1246 2069 1323 2113 ex
1365 2051 1503 2132 ipsa
1541 2052 1914 2133 procedunt,

417 2149 780 2212 necessario
823 2149 1084 2211 interest
1113 2167 1313 2223 amor,
1347 2167 1474 2231 quo
1510 2168 1638 2211 non
1679 2149 1918 2230 praedo-

417 2256 588 2322 nato,
623 2247 1024 2330 impossibile
1055 2255 1150 2310 est
1178 2248 1492 2311 exteriora
1519 2248 1778 2326 donari3
1811 2267 1916 2310 ne-

419 2366 596 2410 cesse
640 2356 739 2410 est
785 2348 864 2410 de
909 2347 1117 2430 prima
1164 2346 1556 2428 benignitate
1608 2347 1675 2408 in
1725 2365 1919 2429 quan-

416 2456 558 2509 tum
606 2446 970 2527 benignitas
1020 2454 1135 2519 est,
1190 2446 1399 2527 primo
1450 2446 1586 2508 1000
1633 2463 1914 2508 amorem

417 2545 765 2628 procedere
810 2543 1019 2625 qualis
1059 2543 1354 2624 congruit
1401 2551 1587 2606 tantae
1631 2542 1918 2623 benigni—

415 2643 555 2713 tati,
599 2642 830 2706 deinde
879 2661 995 2724 per
1039 2659 1322 2708 amorem
1372 2642 1538 2704 dona
1581 2641 1909 2703 exteriora.

416 2743 681 2814 Rursus„
735 2739 906 2822 quod
965 2739 1174 2820 primo
1221 2747 1284 2802 et
1343 2740 1694 2801 secundum
1754 2759 1822 2801 50
1879 2758 1916 2800 a

415 2855 675 2901 summo
722 2846 784 2900 et
838 2838 1116 2901 maximo
1163 2839 1350 2900 datur
1393 2837 1628 2910 datore,
1669 2845 1918 2920 oportet

415 2956 558 3000 esse
607 2936 960 2999 maximum
1009 2936 1247 2998 donum
1297 2955 1410 2998 seu
1458 2936 1694 2998 datum.
1739 2935 1918 2998 Beni-

2032 1951 2285 2012 nicatio.
2324 1950 2442 2012 Sed
2487 1950 2808 2032 loquimur
2836 1951 2913 2012 de
2946 1951 3523 2013 communicatione

2031 2049 2217 2128 cujus
2278 2048 2665 2131 principium
2717 2057 2813 2111 est
2863 2050 3152 2112 voluntas
3203 2067 3217 2111 :
3269 2056 3333 2110 et
3387 2049 3522 2112 haec

2032 2147 2287 2228 proprie
2345 2147 2601 2210 donatio
2648 2156 2765 2221 est,
2819 2155 3005 2230 prout
3056 2167 3225 2210 nunc
3283 2148 3523 2210 mentio

2029 2254 2127 2307 est
2156 2247 2233 2307 de
2264 2264 2358 2319 ea,
2392 2246 2694 2327 quoniam
2724 2247 2879 2309 dicit
2906 2248 3345 2310 auctoritatem
3378 2248 3525 2310 dan-

2032 2343 2112 2406 tis
2164 2352 2458 2425 respectu
2507 2345 2656 2406 dati.
2694 2381 2771 2390 —
2800 2347 2893 2408 Ad
2944 2346 3319 2420 secundum,
3354 2347 3522 2427 quod

2031 2441 2307 2524 Spiritus
2350 2443 2615 2505 Sanctus
2645 2451 2741 2505 est
2779 2444 3015 2505 donum
3048 2444 3114 2505 in
3153 2461 3279 2524 quo
3310 2443 3524 2505 omnia

2030 2541 2197 2602 dona
2226 2549 2436 2603 creata
2464 2542 2815 2621 donantur;
2846 2550 2909 2604 et
2940 2541 3103 2604 sicut
3130 2542 3261 2622 Jam
3295 2541 3520 2624 patuit,

2031 2637 2251 2699 divina
2308 2639 2582 2701 essentia
2631 2657 2757 2701 non
2816 2647 2911 2701 est
2970 2640 3223 2722 proprie
3282 2640 3521 2702 donum

2032 2755 2149 2798 nec
2180 2739 2419 2799 datum.
2442 2737 2634 2799 —Ad
2666 2738 2947 2811 tertium,
2982 2739 3149 2820 quod
3180 2756 3358 2801 amor
3388 2739 3523 2820 Spi-

2030 2836 2183 2897 ritui
2248 2837 2475 2898 Sancto
2542 2837 3009 2918 appropriatur,
3075 2845 3137 2899 et
3200 2837 3518 2899 interdum

2029 2935 2468 3018 personaliter,
2532 2953 2656 2998 non
2716 2936 3159 3010 essentialiter,
3222 2936 3519 3010 sumitur,

415 3055 584 3118 gnus
635 3052 806 3108 vero,
860 3034 926 3096 in
977 3052 1053 3097 eo
1101 3034 1270 3117 quod
1319 3034 1657 3115 benignuS,
1711 3034 1918 3117 primo
1956 3035 1999 3097 C
2031 3042 2099 3096 ut
2130 3053 2328 3116 quum
2362 3034 2637 3116 Spiritus
2680 3035 2944 3096 Sanctus
2976 3042 3237 3097 vocatur
3268 3034 3523 3116 proprie

417 3137 528 3197 dat
575 3154 768 3197 suum
827 3151 1132 3206 amorem,
1185 3140 1248 3195 et
1303 3152 1382 3195 ex
1431 3152 1646 3195 amore
1705 3151 1920 3196 conse·

417 3240 692 3317 quenter
719 3232 826 3295 dat
865 3232 1009 3294 alia.
1042 3229 1285 3293 idcirco
1322 3250 1581 3293 necesse
1619 3239 1715 3294 est
1752 3250 1922 3295 amo-

417 3350 556 3393 rem
605 3349 746 3393 esse
797 3330 1080 3411 primum
1129 3336 1192 3390 et
1246 3329 1596 3391 maximum
1656 3330 1914 3391 donum.

419 3430 556 3491 11110
596 3427 889 3491 omnium
934 3428 1246 3489 donorum
1289 3445 1694 3510 quocumque
1733 3429 1921 3491 modo

419 3525 602 3599 fiant,
636 3526 882 3588 sontem
921 3533 1112 3607 atque
1153 3525 1546 3607 principium
1586 3544 1724 3587 esse
1754 3544 1922 3589 amo-

416 3644 578 3697 rem,
630 3624 784 3687 hinc
835 3623 1078 3685 clarum
1127 3632 1240 3685 est.
1293 3622 1452 3685 Nam
1507 3623 1642 3685 sive
1699 3624 1916 3705 gratis,

417 3723 555 3786 sive
597 3741 676 3785 ex
719 3739 936 3785 amore
977 3721 1328 3783 simoniaco
1371 3720 1486 3783 fiat
1525 3721 1802 3796 donatio,
1834 3730 1920 3783 at-

419 3830 632 3885 tamen
663 3829 914 3884 certum
946 3828 1044 3884 est
1075 3822 1242 3903 quod
1272 3821 1390 3884 fiat
1424 3841 1501 3884 ex
1531 3840 1763 3884 amore.
1800 3823 1922 3885 Aut

417 3920 592 3984 enim
635 3928 889 3982 amatur
931 3918 984 3981 is
1029 3920 1133 3981 cui
1177 3919 1254 3982 sit
1297 3920 1575 3993 donatio,
1609 3927 1718 3981 aut
1763 3920 1918 3982 illud

417 4027 682 4101 propter
709 4017 880 4099 quod
913 4018 1011 4080 l'it.
1045 4054 1126 4062 —
1153 4018 1345 4080 Amor
1374 4025 1586 4079 autem
1616 4037 1654 4079 a
1682 4037 1748 4080 se
1784 4018 1920 4100 ipso

419 4136 558 4179 esse
587 4134 718 4180 non
754 4123 983 4197 potest,
1017 4134 1216 4197 quum
1249 4116 1332 4178 sit
1367 4117 1605 4178 donum
1638 4117 1714 4178 de
1747 4116 1920 4179 beni-

2029 3134 2239 3195 Amor.
2264 3170 2345 3179 —-
2373 3134 2465 3196 Ad
2497 3142 2816 3215 quartum,
2843 3136 3009 3216 quod
3042 3134 3200 3196 Filio
3228 3134 3525 3196 convenit

2029 3232 2162 3293 dari
2225 3234 2577 3294 secundum
2638 3242 2929 3295 naturam
2987 3242 3416 3314 assumptam3
3462 3240 3524 3295 et

2030 3330 2236 3410 quoad
2268 3330 2411 3404 hoc,
2444 3331 2627 3393 datus
2659 3339 2755 3393 est
2783 3350 2820 3392 a
2848 3331 3088 3413 Spiritu
3126 3332 3375 3405 Sanct0,
3408 3332 3527 3393 sic-

2031 3436 2100 3490 ut
2139 3428 2502 3509 expositum
2544 3436 2657 3491 est.
2702 3430 3038 3510 Propterea
3075 3430 3345 3492 Thomas
3384 3430 3473 3491 ait
3507 3448 3520 3491 :

2030 3527 2331 3600 Quamvis
2375 3526 2649 3608 Spiritus
2690 3528 2956 3589 Sanctus
2999 3546 3126 3590 non
3170 3528 3252 3589 sit
3293 3528 3527 3609 princi-

2031 3625 2213 3707 pium
2244 3623 2409 3697 Filii,
2443 3633 2537 3687 est
2570 3632 2781 3687 tamen
2822 3625 3214 3707 principium
3254 3626 3525 3690 effectus

2029 3724 2381 3785 secundum
2413 3742 2605 3805 quem
2639 3723 2834 3785 Filius
2865 3724 3099 3785 dicitur
3130 3725 3264 3786 dari
3294 3732 3355 3786 et
3390 3726 3529 3787 mit-

2032 3821 2097 3882 ti.
2141 3857 2222 3865 —
2262 3821 2352 3883 Ad
2403 3821 2723 3904 quintum,
2766 3822 2935 3903 quod
2985 3822 3251 3903 Spiritui
3295 3824 3524 3886 Sancto

2029 3919 2326 3981 convenit
2378 3939 2515 3981 esse
2566 3920 2804 3982 donum
2853 3921 2932 3982 ab
2985 3920 3362 4002 aptitudine,
3396 3940 3523 3985 non

2029 4018 2108 4079 ab
2151 4025 2298 4080 actu
2343 4018 2657 4096 donandi;
2690 4038 2807 4080 nec
2849 4026 3059 4081 tamen
3105 4018 3245 4081 ideo
3289 4020 3525 4082 dicitur

2029 4117 2293 4189 donum,
2336 4116 2488 4197 quia
2537 4136 2574 4178 a
2621 4117 2798 4179 Patre
2847 4118 3031 4179 datus
3080 4118 3163 4179 sit
3211 4118 3369 4181 Filio
3417 4126 3525 4180 aut

417 4215 660 4297 gnitate
690 4214 964 4276 amantis
996 4215 1344 4295 procedens
1377 4214 1443 4276 in
1473 4214 1682 4276 alium.
1704 4215 1919 4296 Itaque
1950 4221 1999 4281 D
2029 4222 2309 4288 econtra,
2343 4222 2413 4275 ut
2455 4214 2621 4277 infra
2664 4216 2933 4289 dicetur,
2969 4216 3091 4277 nisi
3134 4217 3301 4297 quod
3342 4218 3525 4279 datus

418 4321 516 4377 est
543 4330 808 4377 necesse
839 4320 908 4373 ut
949 4319 1210 4394 paterna
1239 4312 1598 4393 benignitas
1641 4312 1810 4393 larga
1839 4314 1922 4375 sit

414 4412 675 4476 amoris.
729 4412 1274 4484 Quemadmodum
1329 4411 1500 4473 enirn
1559 4411 1920 4474 intellectus

418 4532 488 4575 se
519 4510 710 4573 habet
750 4511 828 4572 ad
861 4509 1228 4573 interiorem
1273 4510 1609 4592 loquelam,
1645 4530 1786 4592 quae
1825 4518 1919 4572 est

420 4609 851 4692 primogenita
891 4607 1102 4689 proles
1141 4608 1316 4688 ejus3
1351 4608 1436 4669 ita
1475 4628 1540 4670 se
1585 4608 1776 4670 habet
1815 4608 1920 4670 be-

421 4708 700 4789 nignitas
740 4726 854 4769 seu
894 4705 1170 4787 benigna
1207 4705 1498 4768 voluntas
1535 4706 1613 4767 ad
1651 4706 1916 4786 gratiam

420 4805 720 4888 primam,
755 4803 1004 4866 scilicet
1035 4802 1404 4877 increatam,
1437 4824 1578 4885 quae
1618 4812 1713 4866 est
1741 4824 1919 4867 amor

423 4903 830 4986 purissimus
851 4902 1010 4964 Hinc
1035 4901 1202 4964 sicut
1225 4901 1304 4963 de
1331 4901 1656 4964 intellectu
1686 4903 1915 4984 prim0‚

421 5002 784 5065 necessario
807 5000 1119 5083 processit
1141 5000 1322 5073 aliuS,
1342 4998 1588 5062 scilicet
1612 5000 1920 5081 primoge-

421 5100 596 5163 nitus
630 5109 694 5162 et
725 5098 1096 5181 unigenitus
1131 5098 1307 5178 ejus;
1341 5098 1428 5159 ita
1463 5098 1542 5159 de
1570 5098 1919 5179 benignita·

421 5206 482 5261 te
514 5197 841 5261 fontaliter
870 5197 1063 5277 larga,
1089 5196 1443 5259 necessario
1479 5195 1670 5258 fluxit
1702 5197 1920 5277 gratiae

421 5314 599 5361 amor
628 5316 744 5361 seu
773 5314 956 5360 amor
983 5295 1314 5377 gratuitus.
1344 5296 1486 5359 Haec
1517 5295 1915 5359 Guillelmus.

2030 4319 2126 4375 est
2171 4312 2333 4375 Filio
2380 4314 2733 4375 secundum
2782 4314 3244 4376 humanitatem
3287 4334 3527 4377 assum-

2031 4418 2224 4492 ptam.
2259 4446 2339 4455 —
2367 4410 2459 4473 Ad
2492 4418 2742 4473 sextum
2774 4430 3150 4495 responsum
3190 4420 3306 4485 est,
3340 4422 3404 4476 et
3432 4432 3528 4476 os-

2031 4516 2283 4571 tensum
2323 4508 2598 4590 qualiter
2636 4510 2856 4572 eadem
2899 4510 3064 4573 bona
3103 4517 3311 4573 creata
3344 4512 3527 4574 aliter

2029 4607 2524 4690 appropriantur
2554 4607 2712 4671 Filio
2752 4616 2814 4670 et
2854 4608 3039 4670 aliter
3073 4609 3339 4690 Spiritui
3379 4610 3529 4673 San·

2031 4715 2132 4770 cto
2161 4707 2282 4769 sub
2314 4706 2555 4769 ratione
2585 4707 2734 4769 doni
2764 4707 2958 4787 gratis
2997 4706 3287 4769 exhibiti.
3324 4744 3401 4754 —
3430 4708 3523 4770 Ad

2029 4804 2376 4887 septimum
2416 4822 2670 4885 quoque
2711 4805 2941 4867 solutio
2984 4812 3153 4886 patet
3182 4824 3259 4867 ex
3300 4806 3525 4887 praein-

2028 4902 2258 4965 ductiS.
2310 4902 2437 4963 Nec
2493 4910 2589 4964 est
2648 4901 3101 4963 inconveniens
3154 4904 3321 4983 quod
3372 4902 3520 4965 doni

2029 5001 2292 5063 increati
2324 5000 2406 5062 sit
2437 5000 2672 5062 donum
2717 5008 2997 5061 creatum
3040 5007 3338 5081 tanquam
3369 4999 3522 5063 effe-

2029 5107 2168 5161 ctus
2214 5098 2423 5177 illius;
2456 5117 2573 5160 nec
2618 5105 2825 5159 tamen
2875 5098 3003 5158 itur
3051 5096 3117 5159 in
3167 5097 3514 5159 infinitum.

2029 5198 2106 5260 Et
2145 5198 2199 5259 si
2244 5195 2605 5278 objiciatur,
2639 5196 2807 5277 quod
2851 5197 3202 5257 secundum
3248 5195 3521 5259 Philoso-

2027 5297 2253 5379 phum,
2296 5294 2684 5358 alterationis
2734 5311 2860 5356 non
2908 5302 3001 5356 est
3051 5294 3359 5369 alterati0,
3400 5313 3519 5358 nec
