<?xml version="1.0" encoding="UTF-8"?>
<!DOCTYPE html PUBLIC "-//W3C//DTD XHTML 1.0 Transitional//EN"
    "http://www.w3.org/TR/xhtml1/DTD/xhtml1-transitional.dtd">
<html xmlns="http://www.w3.org/1999/xhtml" xml:lang="en" lang="en">
 <head>
  <title>
</title>
<meta http-equiv="Content-Type" content="text/html;charset=utf-8" />
  <meta name='ocr-system' content='tesseract 3.04.00' />
  <meta name='ocr-capabilities' content='ocr_page ocr_carea ocr_par ocr_line ocrx_word'/>
</head>
<body>
  <div class='ocr_page' id='page_1' title='image "./doctorisecstati11unkngoog_0350.png"; bbox 0 0 4359 6250; ppageno 0'>
   <div class='ocr_carea' id='block_1_1' title="bbox 857 471 978 536">
    <p class='ocr_par' dir='ltr' id='par_1_1' title="bbox 857 471 978 536">
     <span class='ocr_line' id='line_1_1' title="bbox 857 471 978 536; baseline -0.017 0"><span class='ocrx_word' id='word_1_1' title='bbox 857 471 978 536; x_wconf 83' lang='lat'><strong>338</strong></span> 
     </span>
    </p>
   </div>
   <div class='ocr_carea' id='block_1_2' title="bbox 1495 453 3321 548">
    <p class='ocr_par' dir='ltr' id='par_1_2' title="bbox 1495 453 3321 548">
     <span class='ocr_line' id='line_1_2' title="bbox 1495 453 3321 548; baseline -0.002 -14"><span class='ocrx_word' id='word_1_2' title='bbox 1495 489 1557 534; x_wconf 83' lang='lat' dir='ltr'><strong>IN</strong></span> <span class='ocrx_word' id='word_1_3' title='bbox 1598 489 1819 534; x_wconf 78' lang='lat' dir='ltr'>LIBRUM</span> <span class='ocrx_word' id='word_1_4' title='bbox 1863 488 1880 532; x_wconf 90' lang='lat'>1</span> <span class='ocrx_word' id='word_1_5' title='bbox 1924 487 2406 533; x_wconf 74' lang='lat' dir='ltr'><strong>SENTENTIARUM.</strong></span> <span class='ocrx_word' id='word_1_6' title='bbox 2453 504 2532 514; x_wconf 91' lang='lat'><strong>--</strong></span> <span class='ocrx_word' id='word_1_7' title='bbox 2573 453 2726 532; x_wconf 69' lang='lat' dir='ltr'>DIST.</span> <span class='ocrx_word' id='word_1_8' title='bbox 2773 487 2986 548; x_wconf 65' lang='lat' dir='ltr'><strong>xxxii}</strong></span> <span class='ocrx_word' id='word_1_9' title='bbox 3029 487 3253 541; x_wconf 78' lang='lat' dir='ltr'><strong>QUAEST.</strong></span> <span class='ocrx_word' id='word_1_10' title='bbox 3301 488 3321 531; x_wconf 86' lang='lat'>1</span> 
     </span>
    </p>
   </div>
   <div class='ocr_carea' id='block_1_3' title="bbox 854 653 3956 738">
    <p class='ocr_par' dir='ltr' id='par_1_3' title="bbox 854 653 3956 738">
     <span class='ocr_line' id='line_1_3' title="bbox 854 653 3956 738; baseline -0.001 -18"><span class='ocrx_word' id='word_1_11' title='bbox 854 657 1145 720; x_wconf 77' lang='lat' dir='ltr'><strong>effectus,</strong></span> <span class='ocrx_word' id='word_1_12' title='bbox 1198 693 1279 703; x_wconf 88' lang='lat'>—</span> <span class='ocrx_word' id='word_1_13' title='bbox 1324 657 1687 720; x_wconf 91' lang='lat' dir='ltr'><strong>Secundum</strong></span> <span class='ocrx_word' id='word_1_14' title='bbox 1747 657 1867 720; x_wconf 93' lang='lat' dir='ltr'><strong>hoc</strong></span> <span class='ocrx_word' id='word_1_15' title='bbox 1926 674 2075 738; x_wconf 85' lang='lat' dir='ltr'><strong>ergo</strong></span> <span class='ocrx_word' id='word_1_16' title='bbox 2134 657 2352 718; x_wconf 88' lang='lat' dir='ltr'><strong>dicen·</strong></span> <span class='ocrx_word' id='word_1_17' title='bbox 2384 653 2436 716; x_wconf 81' lang='lat' dir='ltr'>A</span> <span class='ocrx_word' id='word_1_18' title='bbox 2465 654 2738 736; x_wconf 84' lang='lat' dir='ltr'><strong>pientia3</strong></span> <span class='ocrx_word' id='word_1_19' title='bbox 2771 656 3059 737; x_wconf 82' lang='lat' dir='ltr'><strong>quaedam</strong></span> <span class='ocrx_word' id='word_1_20' title='bbox 3098 674 3213 736; x_wconf 89' lang='lat' dir='ltr'><strong>per</strong></span> <span class='ocrx_word' id='word_1_21' title='bbox 3247 655 3511 718; x_wconf 91' lang='lat' dir='ltr'><strong>modum</strong></span> <span class='ocrx_word' id='word_1_22' title='bbox 3543 653 3956 736; x_wconf 86' lang='lat' dir='ltr'><strong>egredientis,</strong></span> 
     </span>
    </p>
   </div>
   <div class='ocr_carea' id='block_1_4' title="bbox 852 755 2355 1809">
    <p class='ocr_par' dir='ltr' id='par_1_4' title="bbox 852 755 2355 1809">
     <span class='ocr_line' id='line_1_4' title="bbox 856 755 2355 838; baseline -0.003 -20"><span class='ocrx_word' id='word_1_23' title='bbox 856 758 1031 830; x_wconf 93' lang='lat' dir='ltr'><strong>dum,</strong></span> <span class='ocrx_word' id='word_1_24' title='bbox 1069 757 1238 838; x_wconf 91' lang='lat' dir='ltr'><strong>quod</strong></span> <span class='ocrx_word' id='word_1_25' title='bbox 1276 764 1465 838; x_wconf 91' lang='lat' dir='ltr'><strong>prout</strong></span> <span class='ocrx_word' id='word_1_26' title='bbox 1495 756 1761 837; x_wconf 88' lang='lat' dir='ltr'><strong>diligere</strong></span> <span class='ocrx_word' id='word_1_27' title='bbox 1801 755 2224 818; x_wconf 77' lang='lat' dir='ltr'><strong>essentialiter</strong></span> <span class='ocrx_word' id='word_1_28' title='bbox 2254 772 2355 815; x_wconf 93' lang='lat' dir='ltr'><strong>su-</strong></span> 
     </span>
     <span class='ocr_line' id='line_1_5' title="bbox 856 854 2352 934; baseline -0.002 -17"><span class='ocrx_word' id='word_1_29' title='bbox 856 855 1073 929; x_wconf 87' lang='lat' dir='ltr'>mitur,</span> <span class='ocrx_word' id='word_1_30' title='bbox 1134 856 1311 917; x_wconf 90' lang='lat' dir='ltr'><strong>Pater</strong></span> <span class='ocrx_word' id='word_1_31' title='bbox 1374 863 1437 916; x_wconf 90' lang='lat' dir='ltr'><strong>et</strong></span> <span class='ocrx_word' id='word_1_32' title='bbox 1502 855 1697 917; x_wconf 89' lang='lat' dir='ltr'><strong>Filius</strong></span> <span class='ocrx_word' id='word_1_33' title='bbox 1759 873 1886 917; x_wconf 92' lang='lat' dir='ltr'><strong>non</strong></span> <span class='ocrx_word' id='word_1_34' title='bbox 1949 854 2224 934; x_wconf 90' lang='lat' dir='ltr'><strong>diligunt</strong></span> <span class='ocrx_word' id='word_1_35' title='bbox 2286 871 2352 914; x_wconf 90' lang='lat' dir='ltr'><strong>se</strong></span> 
     </span>
     <span class='ocr_line' id='line_1_6' title="bbox 854 952 2350 1035; baseline -0.003 -19"><span class='ocrx_word' id='word_1_36' title='bbox 854 954 1097 1035; x_wconf 82' lang='lat' dir='ltr'>Spiritu</span> <span class='ocrx_word' id='word_1_37' title='bbox 1159 955 1408 1027; x_wconf 91' lang='lat' dir='ltr'><strong>Sancto,</strong></span> <span class='ocrx_word' id='word_1_38' title='bbox 1472 954 1580 1016; x_wconf 83' lang='lat' dir='ltr'><strong>sed</strong></span> <span class='ocrx_word' id='word_1_39' title='bbox 1644 973 1758 1016; x_wconf 90' lang='lat' dir='ltr'><strong>sua</strong></span> <span class='ocrx_word' id='word_1_40' title='bbox 1816 953 2109 1016; x_wconf 84' lang='lat' dir='ltr'><strong>essentia.</strong></span> <span class='ocrx_word' id='word_1_41' title='bbox 2175 952 2350 1014; x_wconf 89' lang='lat' dir='ltr'><strong>Unde</strong></span> 
     </span>
     <span class='ocr_line' id='line_1_7' title="bbox 852 1050 2353 1134; baseline -0.002 -21"><span class='ocrx_word' id='word_1_42' title='bbox 852 1052 1331 1133; x_wconf 91' lang='lat' dir='ltr'><strong>quintodecimo</strong></span> <span class='ocrx_word' id='word_1_43' title='bbox 1370 1053 1448 1115; x_wconf 88' lang='lat' dir='ltr'><strong>de</strong></span> <span class='ocrx_word' id='word_1_44' title='bbox 1490 1052 1793 1114; x_wconf 87' lang='lat' dir='ltr'><strong>Trinitate</strong></span> <span class='ocrx_word' id='word_1_45' title='bbox 1835 1051 2117 1134; x_wconf 91' lang='lat' dir='ltr'><strong>loquitur</strong></span> <span class='ocrx_word' id='word_1_46' title='bbox 2144 1050 2353 1130; x_wconf 87' lang='lat' dir='ltr'><strong>Augu-</strong></span> 
     </span>
     <span class='ocr_line' id='line_1_8' title="bbox 854 1149 2350 1223; baseline -0.001 -13"><span class='ocrx_word' id='word_1_47' title='bbox 854 1149 1061 1211; x_wconf 88' lang='lat' dir='ltr'><strong>stinus</strong></span> <span class='ocrx_word' id='word_1_48' title='bbox 1098 1169 1111 1212; x_wconf 92' lang='lat'>:</span> <span class='ocrx_word' id='word_1_49' title='bbox 1146 1150 1295 1223; x_wconf 88' lang='lat' dir='ltr'><strong>Quis</strong></span> <span class='ocrx_word' id='word_1_50' title='bbox 1334 1150 1561 1212; x_wconf 80' lang='lat' dir='ltr'><strong>audeat</strong></span> <span class='ocrx_word' id='word_1_51' title='bbox 1592 1150 1823 1222; x_wconf 81' lang='lat' dir='ltr'><strong>dicere,</strong></span> <span class='ocrx_word' id='word_1_52' title='bbox 1858 1149 2103 1211; x_wconf 86' lang='lat' dir='ltr'><strong>Patrem</strong></span> <span class='ocrx_word' id='word_1_53' title='bbox 2135 1165 2253 1209; x_wconf 92' lang='lat' dir='ltr'><strong>nec</strong></span> <span class='ocrx_word' id='word_1_54' title='bbox 2283 1165 2350 1208; x_wconf 92' lang='lat' dir='ltr'><strong>se</strong></span> 
     </span>
     <span class='ocr_line' id='line_1_9' title="bbox 854 1246 2349 1330; baseline -0.003 -20"><span class='ocrx_word' id='word_1_55' title='bbox 854 1267 973 1310; x_wconf 87' lang='lat' dir='ltr'><strong>nec</strong></span> <span class='ocrx_word' id='word_1_56' title='bbox 1017 1248 1247 1310; x_wconf 90' lang='lat' dir='ltr'><strong>Filium</strong></span> <span class='ocrx_word' id='word_1_57' title='bbox 1299 1267 1487 1310; x_wconf 91' lang='lat' dir='ltr'><strong>suum</strong></span> <span class='ocrx_word' id='word_1_58' title='bbox 1533 1267 1651 1309; x_wconf 89' lang='lat' dir='ltr'><strong>nec</strong></span> <span class='ocrx_word' id='word_1_59' title='bbox 1696 1247 2005 1330; x_wconf 89' lang='lat' dir='ltr'><strong>Spiritum</strong></span> <span class='ocrx_word' id='word_1_60' title='bbox 2050 1246 2349 1308; x_wconf 90' lang='lat' dir='ltr'><strong>Sanctum</strong></span> 
     </span>
     <span class='ocr_line' id='line_1_10' title="bbox 853 1342 2350 1427; baseline -0.002 -21"><span class='ocrx_word' id='word_1_61' title='bbox 853 1345 1117 1426; x_wconf 86' lang='lat' dir='ltr'><strong>diligere</strong></span> <span class='ocrx_word' id='word_1_62' title='bbox 1157 1346 1280 1408; x_wconf 92' lang='lat' dir='ltr'><strong>nisi</strong></span> <span class='ocrx_word' id='word_1_63' title='bbox 1333 1365 1447 1427; x_wconf 88' lang='lat' dir='ltr'><strong>per</strong></span> <span class='ocrx_word' id='word_1_64' title='bbox 1496 1345 1803 1426; x_wconf 89' lang='lat' dir='ltr'><strong>Spiritum</strong></span> <span class='ocrx_word' id='word_1_65' title='bbox 1853 1345 2200 1406; x_wconf 72' lang='lat' dir='ltr'><strong>Sanctum?</strong></span> <span class='ocrx_word' id='word_1_66' title='bbox 2231 1342 2350 1404; x_wconf 89' lang='lat' dir='ltr'><strong>Sed</strong></span> 
     </span>
     <span class='ocr_line' id='line_1_11' title="bbox 854 1439 2350 1525; baseline -0.002 -21"><span class='ocrx_word' id='word_1_67' title='bbox 854 1451 1043 1524; x_wconf 91' lang='lat' dir='ltr'><strong>prout</strong></span> <span class='ocrx_word' id='word_1_68' title='bbox 1086 1444 1348 1525; x_wconf 90' lang='lat' dir='ltr'><strong>diligere</strong></span> <span class='ocrx_word' id='word_1_69' title='bbox 1395 1442 1799 1506; x_wconf 85' lang='lat' dir='ltr'><strong>notionaliter</strong></span> <span class='ocrx_word' id='word_1_70' title='bbox 1848 1442 2143 1514; x_wconf 85' lang='lat' dir='ltr'><strong>sumitur,</strong></span> <span class='ocrx_word' id='word_1_71' title='bbox 2189 1439 2350 1503; x_wconf 89' lang='lat' dir='ltr'><strong>nihil</strong></span> 
     </span>
     <span class='ocr_line' id='line_1_12' title="bbox 854 1539 2352 1623; baseline -0.003 -20"><span class='ocrx_word' id='word_1_72' title='bbox 854 1549 951 1603; x_wconf 93' lang='lat' dir='ltr'><strong>est</strong></span> <span class='ocrx_word' id='word_1_73' title='bbox 988 1541 1160 1603; x_wconf 90' lang='lat' dir='ltr'><strong>aliud</strong></span> <span class='ocrx_word' id='word_1_74' title='bbox 1203 1561 1394 1623; x_wconf 90' lang='lat' dir='ltr'><strong>quam</strong></span> <span class='ocrx_word' id='word_1_75' title='bbox 1435 1542 1675 1622; x_wconf 88' lang='lat' dir='ltr'><strong>spirare</strong></span> <span class='ocrx_word' id='word_1_76' title='bbox 1715 1559 2019 1615; x_wconf 91' lang='lat' dir='ltr'><strong>amorem,</strong></span> <span class='ocrx_word' id='word_1_77' title='bbox 2055 1540 2220 1601; x_wconf 90' lang='lat' dir='ltr'><strong>sicut</strong></span> <span class='ocrx_word' id='word_1_78' title='bbox 2259 1539 2352 1600; x_wconf 90' lang='lat' dir='ltr'><strong>di-</strong></span> 
     </span>
     <span class='ocr_line' id='line_1_13' title="bbox 856 1637 2352 1720; baseline -0.002 -20"><span class='ocrx_word' id='word_1_79' title='bbox 856 1657 1019 1712; x_wconf 85' lang='lat' dir='ltr'><strong>cere,</strong></span> <span class='ocrx_word' id='word_1_80' title='bbox 1053 1647 1149 1702; x_wconf 89' lang='lat' dir='ltr'><strong>est</strong></span> <span class='ocrx_word' id='word_1_81' title='bbox 1179 1639 1447 1701; x_wconf 87' lang='lat' dir='ltr'><strong>verbum</strong></span> <span class='ocrx_word' id='word_1_82' title='bbox 1481 1640 1851 1720; x_wconf 90' lang='lat' dir='ltr'><strong>producere,</strong></span> <span class='ocrx_word' id='word_1_83' title='bbox 1885 1647 1949 1700; x_wconf 89' lang='lat' dir='ltr'><strong>et</strong></span> <span class='ocrx_word' id='word_1_84' title='bbox 1978 1637 2231 1711; x_wconf 86' lang='lat' dir='ltr'><strong>florere,</strong></span> <span class='ocrx_word' id='word_1_85' title='bbox 2255 1643 2352 1698; x_wconf 91' lang='lat' dir='ltr'><strong>est</strong></span> 
     </span>
     <span class='ocr_line' id='line_1_14' title="bbox 855 1736 2351 1809; baseline -0.001 -11"><span class='ocrx_word' id='word_1_86' title='bbox 855 1736 1047 1800; x_wconf 86' lang='lat' dir='ltr'><strong>flores</strong></span> <span class='ocrx_word' id='word_1_87' title='bbox 1095 1738 1385 1800; x_wconf 88' lang='lat' dir='ltr'><strong>emittere</strong></span> <span class='ocrx_word' id='word_1_88' title='bbox 1434 1756 1545 1800; x_wconf 90' lang='lat' dir='ltr'><strong>seu</strong></span> <span class='ocrx_word' id='word_1_89' title='bbox 1606 1755 1882 1799; x_wconf 81' lang='lat' dir='ltr'><strong>causare.</strong></span> <span class='ocrx_word' id='word_1_90' title='bbox 1936 1736 2351 1809; x_wconf 88' lang='lat' dir='ltr'><strong>Quemadmo-</strong></span> 
     </span>
    </p>
   </div>
   <div class='ocr_carea' id='block_1_5' title="bbox 2463 753 3964 1800">
    <p class='ocr_par' dir='ltr' id='par_1_5' title="bbox 2463 753 3964 1800">
     <span class='ocr_line' id='line_1_15' title="bbox 2467 753 3964 835; baseline 0.001 -23"><span class='ocrx_word' id='word_1_91' title='bbox 2467 759 2532 812; x_wconf 88' lang='lat' dir='ltr'><strong>ut</strong></span> <span class='ocrx_word' id='word_1_92' title='bbox 2565 771 2743 815; x_wconf 91' lang='lat' dir='ltr'><strong>amor</strong></span> <span class='ocrx_word' id='word_1_93' title='bbox 2777 771 2790 814; x_wconf 91' lang='lat'>:</span> <span class='ocrx_word' id='word_1_94' title='bbox 2823 761 2886 814; x_wconf 90' lang='lat' dir='ltr'><strong>et</strong></span> <span class='ocrx_word' id='word_1_95' title='bbox 2921 755 3220 834; x_wconf 91' lang='lat' dir='ltr'><strong>quoniam</strong></span> <span class='ocrx_word' id='word_1_96' title='bbox 3261 771 3553 833; x_wconf 88' lang='lat' dir='ltr'><strong>egressus</strong></span> <span class='ocrx_word' id='word_1_97' title='bbox 3597 753 3713 816; x_wconf 90' lang='lat' dir='ltr'><strong>iste</strong></span> <span class='ocrx_word' id='word_1_98' title='bbox 3755 761 3964 835; x_wconf 87' lang='lat' dir='ltr'><strong>potest</strong></span> 
     </span>
     <span class='ocr_line' id='line_1_16' title="bbox 2464 853 3962 926; baseline 0.001 -14"><span class='ocrx_word' id='word_1_99' title='bbox 2464 869 2603 912; x_wconf 91' lang='lat' dir='ltr'><strong>esse</strong></span> <span class='ocrx_word' id='word_1_100' title='bbox 2663 853 3014 914; x_wconf 90' lang='lat' dir='ltr'><strong>secundum</strong></span> <span class='ocrx_word' id='word_1_101' title='bbox 3075 872 3230 926; x_wconf 90' lang='lat' dir='ltr'><strong>rem,</strong></span> <span class='ocrx_word' id='word_1_102' title='bbox 3283 861 3347 914; x_wconf 91' lang='lat' dir='ltr'><strong>et</strong></span> <span class='ocrx_word' id='word_1_103' title='bbox 3396 853 3549 914; x_wconf 90' lang='lat' dir='ltr'><strong>item</strong></span> <span class='ocrx_word' id='word_1_104' title='bbox 3606 853 3962 914; x_wconf 90' lang='lat' dir='ltr'><strong>secundum</strong></span> 
     </span>
     <span class='ocr_line' id='line_1_17' title="bbox 2466 949 3964 1032; baseline 0.001 -21"><span class='ocrx_word' id='word_1_105' title='bbox 2466 950 2726 1012; x_wconf 89' lang='lat' dir='ltr'><strong>modum</strong></span> <span class='ocrx_word' id='word_1_106' title='bbox 2760 949 3193 1030; x_wconf 82' lang='lat' dir='ltr'><strong>intelligendi3</strong></span> <span class='ocrx_word' id='word_1_107' title='bbox 3227 951 3369 1012; x_wconf 83' lang='lat' dir='ltr'><strong>ideo</strong></span> <span class='ocrx_word' id='word_1_108' title='bbox 3400 951 3550 1013; x_wconf 90' lang='lat' dir='ltr'><strong>talia</strong></span> <span class='ocrx_word' id='word_1_109' title='bbox 3579 951 3784 1032; x_wconf 87' lang='lat' dir='ltr'><strong>accipi</strong></span> <span class='ocrx_word' id='word_1_110' title='bbox 3815 970 3964 1032; x_wconf 87' lang='lat' dir='ltr'><strong>que-</strong></span> 
     </span>
     <span class='ocr_line' id='line_1_18' title="bbox 2465 1049 3960 1130; baseline 0.003 -23"><span class='ocrx_word' id='word_1_111' title='bbox 2465 1055 2578 1109; x_wconf 87' lang='lat' dir='ltr'><strong>unt</strong></span> <span class='ocrx_word' id='word_1_112' title='bbox 2623 1049 3038 1130; x_wconf 81' lang='lat' dir='ltr'><strong>personaliter</strong></span> <span class='ocrx_word' id='word_1_113' title='bbox 3077 1057 3140 1110; x_wconf 94' lang='lat' dir='ltr'><strong>et</strong></span> <span class='ocrx_word' id='word_1_114' title='bbox 3179 1049 3618 1112; x_wconf 77' lang='lat' dir='ltr'><strong>essentialiter.</strong></span> <span class='ocrx_word' id='word_1_115' title='bbox 3657 1049 3769 1112; x_wconf 89' lang='lat' dir='ltr'><strong>llla</strong></span> <span class='ocrx_word' id='word_1_116' title='bbox 3807 1067 3960 1112; x_wconf 88' lang='lat' dir='ltr'><strong>vero</strong></span> 
     </span>
     <span class='ocr_line' id='line_1_19' title="bbox 2464 1146 3962 1229; baseline 0.004 -23"><span class='ocrx_word' id='word_1_117' title='bbox 2464 1165 2605 1228; x_wconf 85' lang='lat' dir='ltr'><strong>quae</strong></span> <span class='ocrx_word' id='word_1_118' title='bbox 2645 1146 3014 1228; x_wconf 87' lang='lat' dir='ltr'><strong>significant</strong></span> <span class='ocrx_word' id='word_1_119' title='bbox 3051 1167 3166 1229; x_wconf 89' lang='lat' dir='ltr'><strong>per</strong></span> <span class='ocrx_word' id='word_1_120' title='bbox 3205 1149 3464 1210; x_wconf 90' lang='lat' dir='ltr'><strong>modum</strong></span> <span class='ocrx_word' id='word_1_121' title='bbox 3507 1147 3726 1212; x_wconf 81' lang='lat' dir='ltr'><strong>formae</strong></span> <span class='ocrx_word' id='word_1_122' title='bbox 3768 1148 3962 1212; x_wconf 81' lang='lat' dir='ltr'><strong>inhae—</strong></span> 
     </span>
     <span class='ocr_line' id='line_1_20' title="bbox 2464 1246 3954 1330; baseline 0.002 -23"><span class='ocrx_word' id='word_1_123' title='bbox 2464 1246 2682 1320; x_wconf 83' lang='lat' dir='ltr'><strong>rentiS‚</strong></span> <span class='ocrx_word' id='word_1_124' title='bbox 2727 1265 2854 1310; x_wconf 92' lang='lat' dir='ltr'><strong>non</strong></span> <span class='ocrx_word' id='word_1_125' title='bbox 2906 1247 3030 1309; x_wconf 89' lang='lat' dir='ltr'><strong>nisi</strong></span> <span class='ocrx_word' id='word_1_126' title='bbox 3079 1248 3504 1312; x_wconf 85' lang='lat' dir='ltr'><strong>essentialiter</strong></span> <span class='ocrx_word' id='word_1_127' title='bbox 3550 1248 3892 1330; x_wconf 85' lang='lat' dir='ltr'><strong>capiuntur</strong></span> <span class='ocrx_word' id='word_1_128' title='bbox 3937 1265 3954 1310; x_wconf 78' lang='lat' dir='ltr'><em>z</em></span> 
     </span>
     <span class='ocr_line' id='line_1_21' title="bbox 2463 1345 3958 1428; baseline 0.002 -22"><span class='ocrx_word' id='word_1_129' title='bbox 2463 1345 2615 1427; x_wconf 91' lang='lat' dir='ltr'><strong>quia</strong></span> <span class='ocrx_word' id='word_1_130' title='bbox 2642 1346 2976 1427; x_wconf 88' lang='lat' dir='ltr'><strong>designant</strong></span> <span class='ocrx_word' id='word_1_131' title='bbox 3006 1365 3140 1409; x_wconf 84' lang='lat' dir='ltr'><strong>rem</strong></span> <span class='ocrx_word' id='word_1_132' title='bbox 3179 1366 3361 1409; x_wconf 90' lang='lat' dir='ltr'><strong>suam</strong></span> <span class='ocrx_word' id='word_1_133' title='bbox 3391 1364 3518 1409; x_wconf 88' lang='lat' dir='ltr'><strong>non</strong></span> <span class='ocrx_word' id='word_1_134' title='bbox 3549 1365 3664 1428; x_wconf 91' lang='lat' dir='ltr'><strong>per</strong></span> <span class='ocrx_word' id='word_1_135' title='bbox 3693 1347 3958 1409; x_wconf 89' lang='lat' dir='ltr'><strong>modum</strong></span> 
     </span>
     <span class='ocr_line' id='line_1_22' title="bbox 2464 1442 3962 1526; baseline 0.002 -23"><span class='ocrx_word' id='word_1_136' title='bbox 2464 1442 2750 1524; x_wconf 88' lang='lat' dir='ltr'><strong>originis,</strong></span> <span class='ocrx_word' id='word_1_137' title='bbox 2794 1445 2905 1507; x_wconf 90' lang='lat' dir='ltr'><strong>sed</strong></span> <span class='ocrx_word' id='word_1_138' title='bbox 2951 1444 3297 1526; x_wconf 85' lang='lat' dir='ltr'><strong>qualitatis.</strong></span> <span class='ocrx_word' id='word_1_139' title='bbox 3340 1445 3500 1507; x_wconf 86' lang='lat' dir='ltr'><strong>Hinc</strong></span> <span class='ocrx_word' id='word_1_140' title='bbox 3551 1452 3721 1526; x_wconf 89' lang='lat' dir='ltr'><strong>patet</strong></span> <span class='ocrx_word' id='word_1_141' title='bbox 3763 1463 3962 1526; x_wconf 88' lang='lat' dir='ltr'><strong>quare</strong></span> 
     </span>
     <span class='ocr_line' id='line_1_23' title="bbox 2464 1540 3962 1624; baseline 0.002 -23"><span class='ocrx_word' id='word_1_142' title='bbox 2464 1540 2592 1601; x_wconf 92' lang='lat' dir='ltr'><strong>dici</strong></span> <span class='ocrx_word' id='word_1_143' title='bbox 2639 1558 2765 1602; x_wconf 91' lang='lat' dir='ltr'><strong>non</strong></span> <span class='ocrx_word' id='word_1_144' title='bbox 2811 1542 3033 1624; x_wconf 89' lang='lat' dir='ltr'><strong>possit,</strong></span> <span class='ocrx_word' id='word_1_145' title='bbox 3068 1542 3246 1604; x_wconf 88' lang='lat' dir='ltr'><strong>Pater</strong></span> <span class='ocrx_word' id='word_1_146' title='bbox 3287 1541 3456 1624; x_wconf 91' lang='lat' dir='ltr'><strong>sapit</strong></span> <span class='ocrx_word' id='word_1_147' title='bbox 3501 1541 3812 1623; x_wconf 87' lang='lat' dir='ltr'><strong>sapientia</strong></span> <span class='ocrx_word' id='word_1_148' title='bbox 3853 1559 3962 1622; x_wconf 81' lang='lat' dir='ltr'><strong>ge-</strong></span> 
     </span>
     <span class='ocr_line' id='line_1_24' title="bbox 2464 1638 3962 1721; baseline 0.001 -23"><span class='ocrx_word' id='word_1_149' title='bbox 2464 1638 2616 1712; x_wconf 89' lang='lat' dir='ltr'><strong>nita,</strong></span> <span class='ocrx_word' id='word_1_150' title='bbox 2668 1640 2971 1720; x_wconf 90' lang='lat' dir='ltr'><strong>quoniam</strong></span> <span class='ocrx_word' id='word_1_151' title='bbox 3029 1647 3354 1702; x_wconf 85' lang='lat' dir='ltr'><strong>notaretur</strong></span> <span class='ocrx_word' id='word_1_152' title='bbox 3411 1641 3607 1702; x_wconf 90' lang='lat' dir='ltr'><strong>Filius</strong></span> <span class='ocrx_word' id='word_1_153' title='bbox 3665 1647 3962 1721; x_wconf 88' lang='lat' dir='ltr'><strong>respectu</strong></span> 
     </span>
     <span class='ocr_line' id='line_1_25' title="bbox 2463 1736 3962 1800; baseline 0 -2"><span class='ocrx_word' id='word_1_154' title='bbox 2463 1736 2660 1798; x_wconf 89' lang='lat' dir='ltr'><strong>Patris</strong></span> <span class='ocrx_word' id='word_1_155' title='bbox 2702 1736 3140 1799; x_wconf 87' lang='lat' dir='ltr'><strong>habitudinem</strong></span> <span class='ocrx_word' id='word_1_156' title='bbox 3187 1737 3419 1800; x_wconf 90' lang='lat' dir='ltr'><strong>habere</strong></span> <span class='ocrx_word' id='word_1_157' title='bbox 3463 1738 3800 1800; x_wconf 87' lang='lat' dir='ltr'><strong>causalem.</strong></span> <span class='ocrx_word' id='word_1_158' title='bbox 3837 1737 3962 1800; x_wconf 88' lang='lat' dir='ltr'><strong>Sed</strong></span> 
     </span>
    </p>
   </div>
   <div class='ocr_carea' id='block_1_6' title="bbox 855 1833 3960 1918">
    <p class='ocr_par' dir='ltr' id='par_1_6' title="bbox 855 1833 3960 1918">
     <span class='ocr_line' id='line_1_26' title="bbox 855 1833 3960 1918; baseline 0 -20"><span class='ocrx_word' id='word_1_159' title='bbox 855 1837 1008 1898; x_wconf 92' lang='lat' dir='ltr'><strong>dum</strong></span> <span class='ocrx_word' id='word_1_160' title='bbox 1052 1854 1201 1918; x_wconf 88' lang='lat' dir='ltr'><strong>ergo</strong></span> <span class='ocrx_word' id='word_1_161' title='bbox 1250 1836 1483 1898; x_wconf 87' lang='lat' dir='ltr'><strong>dicitur</strong></span> <span class='ocrx_word' id='word_1_162' title='bbox 1529 1835 1717 1898; x_wconf 89' lang='lat' dir='ltr'><strong>arbor</strong></span> <span class='ocrx_word' id='word_1_163' title='bbox 1765 1834 2003 1898; x_wconf 89' lang='lat' dir='ltr'><strong>florens</strong></span> <span class='ocrx_word' id='word_1_164' title='bbox 2053 1833 2348 1906; x_wconf 83' lang='lat' dir='ltr'><strong>floribus,</strong></span> <span class='ocrx_word' id='word_1_165' title='bbox 2390 1833 2590 1898; x_wconf 92' lang='lat' dir='ltr'><strong>Bdici</strong></span> <span class='ocrx_word' id='word_1_166' title='bbox 2649 1841 2877 1915; x_wconf 91' lang='lat' dir='ltr'><strong>potest,</strong></span> <span class='ocrx_word' id='word_1_167' title='bbox 2929 1836 3106 1898; x_wconf 89' lang='lat' dir='ltr'><strong>Pater</strong></span> <span class='ocrx_word' id='word_1_168' title='bbox 3161 1837 3370 1917; x_wconf 85' lang='lat' dir='ltr'><strong>diligit</strong></span> <span class='ocrx_word' id='word_1_169' title='bbox 3426 1836 3658 1898; x_wconf 88' lang='lat' dir='ltr'><strong>Filium</strong></span> <span class='ocrx_word' id='word_1_170' title='bbox 3717 1836 3960 1918; x_wconf 86' lang='lat' dir='ltr'><strong>Spiritu</strong></span> 
     </span>
    </p>
   </div>
   <div class='ocr_carea' id='block_1_7' title="bbox 805 1931 2354 2995">
    <p class='ocr_par' dir='ltr' id='par_1_7' title="bbox 805 1931 2354 2995">
     <span class='ocr_line' id='line_1_27' title="bbox 855 1931 2351 1996; baseline -0.001 -1"><span class='ocrx_word' id='word_1_171' title='bbox 855 1934 943 1996; x_wconf 89' lang='lat' dir='ltr'><strong>ita</strong></span> <span class='ocrx_word' id='word_1_172' title='bbox 1001 1935 1179 1996; x_wconf 83' lang='lat' dir='ltr'><strong>Pater</strong></span> <span class='ocrx_word' id='word_1_173' title='bbox 1224 1943 1320 1996; x_wconf 91' lang='lat' dir='ltr'><strong>est</strong></span> <span class='ocrx_word' id='word_1_174' title='bbox 1377 1934 1597 1996; x_wconf 90' lang='lat' dir='ltr'><strong>dicens</strong></span> <span class='ocrx_word' id='word_1_175' title='bbox 1646 1934 1853 1996; x_wconf 92' lang='lat' dir='ltr'><strong>Verbo</strong></span> <span class='ocrx_word' id='word_1_176' title='bbox 1912 1951 2023 1995; x_wconf 90' lang='lat' dir='ltr'><strong>seu</strong></span> <span class='ocrx_word' id='word_1_177' title='bbox 2074 1931 2233 1994; x_wconf 89' lang='lat' dir='ltr'><strong>Filio</strong></span> <span class='ocrx_word' id='word_1_178' title='bbox 2285 1950 2351 1993; x_wconf 89' lang='lat' dir='ltr'><strong>se</strong></span> 
     </span>
     <span class='ocr_line' id='line_1_28' title="bbox 855 2029 2354 2114; baseline -0.002 -21"><span class='ocrx_word' id='word_1_179' title='bbox 855 2033 1067 2114; x_wconf 89' lang='lat' dir='ltr'><strong>ipsum</strong></span> <span class='ocrx_word' id='word_1_180' title='bbox 1116 2039 1180 2094; x_wconf 90' lang='lat' dir='ltr'><strong>et</strong></span> <span class='ocrx_word' id='word_1_181' title='bbox 1224 2040 1578 2112; x_wconf 86' lang='lat' dir='ltr'><strong>creaturas;</strong></span> <span class='ocrx_word' id='word_1_182' title='bbox 1619 2032 1799 2093; x_wconf 88' lang='lat' dir='ltr'><strong>Pater</strong></span> <span class='ocrx_word' id='word_1_183' title='bbox 1844 2048 2099 2113; x_wconf 90' lang='lat' dir='ltr'><strong>quoque</strong></span> <span class='ocrx_word' id='word_1_184' title='bbox 2147 2037 2212 2091; x_wconf 94' lang='lat' dir='ltr'><strong>et</strong></span> <span class='ocrx_word' id='word_1_185' title='bbox 2259 2029 2354 2092; x_wconf 90' lang='lat' dir='ltr'><strong>Fi-</strong></span> 
     </span>
     <span class='ocr_line' id='line_1_29' title="bbox 805 2127 2352 2212; baseline -0.001 -21"><span class='ocrx_word' id='word_1_186' title='bbox 805 2127 814 2132; x_wconf 81' lang='grc'><em>“</em></span> <span class='ocrx_word' id='word_1_187' title='bbox 854 2130 977 2192; x_wconf 92' lang='lat' dir='ltr'><strong>lius</strong></span> <span class='ocrx_word' id='word_1_188' title='bbox 1007 2129 1283 2211; x_wconf 89' lang='lat' dir='ltr'><strong>diligunt</strong></span> <span class='ocrx_word' id='word_1_189' title='bbox 1313 2130 1553 2212; x_wconf 85' lang='lat' dir='ltr'><strong>Spiritu</strong></span> <span class='ocrx_word' id='word_1_190' title='bbox 1588 2131 1840 2204; x_wconf 88' lang='lat' dir='ltr'><strong>Sancto,</strong></span> <span class='ocrx_word' id='word_1_191' title='bbox 1876 2148 1987 2192; x_wconf 90' lang='lat' dir='ltr'><strong>seu</strong></span> <span class='ocrx_word' id='word_1_192' title='bbox 2025 2146 2241 2191; x_wconf 90' lang='lat' dir='ltr'><strong>amore</strong></span> <span class='ocrx_word' id='word_1_193' title='bbox 2271 2127 2352 2190; x_wconf 91' lang='lat' dir='ltr'><strong>ab</strong></span> 
     </span>
     <span class='ocr_line' id='line_1_30' title="bbox 855 2227 2353 2309; baseline 0 -21"><span class='ocrx_word' id='word_1_194' title='bbox 855 2227 1012 2309; x_wconf 90' lang='lat' dir='ltr'><strong>ipsis</strong></span> <span class='ocrx_word' id='word_1_195' title='bbox 1043 2229 1445 2309; x_wconf 88' lang='lat' dir='ltr'><strong>procedente,</strong></span> <span class='ocrx_word' id='word_1_196' title='bbox 1480 2247 1546 2290; x_wconf 91' lang='lat' dir='ltr'><strong>se</strong></span> <span class='ocrx_word' id='word_1_197' title='bbox 1578 2228 1855 2290; x_wconf 86' lang='lat' dir='ltr'><strong>invicem</strong></span> <span class='ocrx_word' id='word_1_198' title='bbox 1888 2235 1951 2289; x_wconf 89' lang='lat' dir='ltr'><strong>et</strong></span> <span class='ocrx_word' id='word_1_199' title='bbox 1982 2235 2208 2289; x_wconf 87' lang='lat' dir='ltr'><strong>creata.</strong></span> <span class='ocrx_word' id='word_1_200' title='bbox 2245 2227 2353 2289; x_wconf 90' lang='lat' dir='ltr'><strong>Pa-</strong></span> 
     </span>
     <span class='ocr_line' id='line_1_31' title="bbox 851 2325 2352 2408; baseline 0 -22"><span class='ocrx_word' id='word_1_201' title='bbox 851 2333 950 2388; x_wconf 88' lang='lat' dir='ltr'><strong>ter</strong></span> <span class='ocrx_word' id='word_1_202' title='bbox 978 2326 1217 2408; x_wconf 90' lang='lat' dir='ltr'><strong>quippe</strong></span> <span class='ocrx_word' id='word_1_203' title='bbox 1248 2343 1376 2389; x_wconf 92' lang='lat' dir='ltr'><strong>non</strong></span> <span class='ocrx_word' id='word_1_204' title='bbox 1414 2325 1622 2388; x_wconf 90' lang='lat' dir='ltr'><strong>solum</strong></span> <span class='ocrx_word' id='word_1_205' title='bbox 1656 2325 1908 2399; x_wconf 87' lang='lat' dir='ltr'><strong>Filium,</strong></span> <span class='ocrx_word' id='word_1_206' title='bbox 1944 2326 2052 2388; x_wconf 90' lang='lat' dir='ltr'><strong>sed</strong></span> <span class='ocrx_word' id='word_1_207' title='bbox 2088 2333 2151 2386; x_wconf 93' lang='lat' dir='ltr'><strong>et</strong></span> <span class='ocrx_word' id='word_1_208' title='bbox 2181 2343 2250 2387; x_wconf 88' lang='lat' dir='ltr'><strong>se</strong></span> <span class='ocrx_word' id='word_1_209' title='bbox 2278 2343 2352 2386; x_wconf 89' lang='lat' dir='ltr'><strong>ac</strong></span> 
     </span>
     <span class='ocr_line' id='line_1_32' title="bbox 856 2423 2351 2512; baseline 0 -28"><span class='ocrx_word' id='word_1_210' title='bbox 856 2441 969 2485; x_wconf 88' lang='lat' dir='ltr'><strong>nos</strong></span> <span class='ocrx_word' id='word_1_211' title='bbox 999 2423 1210 2504; x_wconf 80' lang='lat' dir='ltr'><strong>diligit</strong></span> <span class='ocrx_word' id='word_1_212' title='bbox 1240 2424 1479 2506; x_wconf 89' lang='lat' dir='ltr'><strong>Spiritu</strong></span> <span class='ocrx_word' id='word_1_213' title='bbox 1510 2423 1739 2486; x_wconf 76' lang='lat' dir='ltr'><strong>Sanc-to</strong></span> <span class='ocrx_word' id='word_1_214' title='bbox 1775 2441 1788 2485; x_wconf 92' lang='lat'>:</span> <span class='ocrx_word' id='word_1_215' title='bbox 1824 2423 1981 2512; x_wconf 29' lang='lat' dir='ltr'><strong>quia·</strong></span> <span class='ocrx_word' id='word_1_216' title='bbox 2006 2431 2075 2484; x_wconf 89' lang='lat' dir='ltr'><strong>ut</strong></span> <span class='ocrx_word' id='word_1_217' title='bbox 2104 2423 2351 2485; x_wconf 87' lang='lat' dir='ltr'><strong>dictum</strong></span> 
     </span>
     <span class='ocr_line' id='line_1_33' title="bbox 854 2521 2353 2602; baseline -0.001 -19"><span class='ocrx_word' id='word_1_218' title='bbox 854 2529 973 2594; x_wconf 89' lang='lat' dir='ltr'><strong>est,</strong></span> <span class='ocrx_word' id='word_1_219' title='bbox 1025 2521 1288 2602; x_wconf 89' lang='lat' dir='ltr'><strong>diligere</strong></span> <span class='ocrx_word' id='word_1_220' title='bbox 1348 2521 1753 2584; x_wconf 89' lang='lat' dir='ltr'><strong>notionaliter</strong></span> <span class='ocrx_word' id='word_1_221' title='bbox 1811 2528 2162 2602; x_wconf 90' lang='lat' dir='ltr'><strong>sumptum,</strong></span> <span class='ocrx_word' id='word_1_222' title='bbox 2223 2538 2353 2583; x_wconf 89' lang='lat' dir='ltr'><strong>non</strong></span> 
     </span>
     <span class='ocr_line' id='line_1_34' title="bbox 854 2618 2354 2702; baseline -0.001 -20"><span class='ocrx_word' id='word_1_223' title='bbox 854 2619 1062 2682; x_wconf 89' lang='lat' dir='ltr'><strong>solum</strong></span> <span class='ocrx_word' id='word_1_224' title='bbox 1095 2620 1396 2702; x_wconf 89' lang='lat' dir='ltr'><strong>importat</strong></span> <span class='ocrx_word' id='word_1_225' title='bbox 1426 2619 1913 2702; x_wconf 90' lang='lat' dir='ltr'><strong>productionem</strong></span> <span class='ocrx_word' id='word_1_226' title='bbox 1948 2637 2234 2702; x_wconf 82' lang='lat' dir='ltr'><strong>personae</strong></span> <span class='ocrx_word' id='word_1_227' title='bbox 2263 2618 2354 2680; x_wconf 93' lang='lat' dir='ltr'><strong>di-</strong></span> 
     </span>
     <span class='ocr_line' id='line_1_35' title="bbox 855 2719 2354 2800; baseline -0.002 -20"><span class='ocrx_word' id='word_1_228' title='bbox 855 2719 1042 2792; x_wconf 67' lang='lat' dir='ltr'><strong>vium,</strong></span> <span class='ocrx_word' id='word_1_229' title='bbox 1077 2719 1185 2780; x_wconf 91' lang='lat' dir='ltr'><strong>sed</strong></span> <span class='ocrx_word' id='word_1_230' title='bbox 1217 2719 1408 2780; x_wconf 87' lang='lat' dir='ltr'><strong>etiam</strong></span> <span class='ocrx_word' id='word_1_231' title='bbox 1451 2736 1787 2800; x_wconf 89' lang='lat' dir='ltr'><strong>personam</strong></span> <span class='ocrx_word' id='word_1_232' title='bbox 1829 2719 2203 2800; x_wconf 90' lang='lat' dir='ltr'><strong>productam</strong></span> <span class='ocrx_word' id='word_1_233' title='bbox 2240 2735 2354 2798; x_wconf 90' lang='lat' dir='ltr'><strong>per</strong></span> 
     </span>
     <span class='ocr_line' id='line_1_36' title="bbox 856 2814 2354 2898; baseline -0.001 -21"><span class='ocrx_word' id='word_1_234' title='bbox 856 2817 1115 2879; x_wconf 91' lang='lat' dir='ltr'><strong>modum</strong></span> <span class='ocrx_word' id='word_1_235' title='bbox 1174 2816 1431 2889; x_wconf 82' lang='lat' dir='ltr'><strong>amoriS,</strong></span> <span class='ocrx_word' id='word_1_236' title='bbox 1482 2816 1592 2898; x_wconf 91' lang='lat' dir='ltr'><strong>qui</strong></span> <span class='ocrx_word' id='word_1_237' title='bbox 1643 2833 1821 2877; x_wconf 87' lang='lat' dir='ltr'><strong>amor</strong></span> <span class='ocrx_word' id='word_1_238' title='bbox 1870 2815 2059 2878; x_wconf 89' lang='lat' dir='ltr'><strong>habet</strong></span> <span class='ocrx_word' id='word_1_239' title='bbox 2106 2814 2354 2877; x_wconf 93' lang='lat' dir='ltr'><strong>habitu-</strong></span> 
     </span>
     <span class='ocr_line' id='line_1_37' title="bbox 852 2914 2346 2995; baseline 0 -20"><span class='ocrx_word' id='word_1_240' title='bbox 852 2915 1067 2976; x_wconf 89' lang='lat' dir='ltr'><strong>dinem</strong></span> <span class='ocrx_word' id='word_1_241' title='bbox 1118 2933 1229 2976; x_wconf 90' lang='lat' dir='ltr'><strong>seu</strong></span> <span class='ocrx_word' id='word_1_242' title='bbox 1288 2921 1650 2995; x_wconf 87' lang='lat' dir='ltr'><strong>respectum</strong></span> <span class='ocrx_word' id='word_1_243' title='bbox 1702 2914 1782 2976; x_wconf 93' lang='lat' dir='ltr'><strong>ad</strong></span> <span class='ocrx_word' id='word_1_244' title='bbox 1839 2933 1975 2975; x_wconf 88' lang='lat' dir='ltr'><strong>rem</strong></span> <span class='ocrx_word' id='word_1_245' title='bbox 2023 2914 2346 2975; x_wconf 85' lang='lat' dir='ltr'><strong>dilectam.</strong></span> 
     </span>
    </p>
   </div>
   <div class='ocr_carea' id='block_1_8' title="bbox 2461 1932 3964 2998">
    <p class='ocr_par' dir='ltr' id='par_1_8' title="bbox 2461 1932 3964 2998">
     <span class='ocr_line' id='line_1_38' title="bbox 2465 1932 3958 2018; baseline 0.001 -25"><span class='ocrx_word' id='word_1_246' title='bbox 2465 1932 2713 2006; x_wconf 89' lang='lat' dir='ltr'><strong>Sancto,</strong></span> <span class='ocrx_word' id='word_1_247' title='bbox 2765 1940 2829 1994; x_wconf 91' lang='lat' dir='ltr'><strong>et</strong></span> <span class='ocrx_word' id='word_1_248' title='bbox 2876 1950 3242 2007; x_wconf 88' lang='lat' dir='ltr'><strong>econverso,</strong></span> <span class='ocrx_word' id='word_1_249' title='bbox 3295 1934 3445 2018; x_wconf 90' lang='lat' dir='ltr'><strong>quia</strong></span> <span class='ocrx_word' id='word_1_250' title='bbox 3493 1953 3607 2016; x_wconf 87' lang='lat' dir='ltr'><strong>per</strong></span> <span class='ocrx_word' id='word_1_251' title='bbox 3659 1934 3778 1996; x_wconf 90' lang='lat' dir='ltr'><strong>hoc</strong></span> <span class='ocrx_word' id='word_1_252' title='bbox 3827 1951 3958 1996; x_wconf 88' lang='lat' dir='ltr'><strong>non</strong></span> 
     </span>
     <span class='ocr_line' id='line_1_39' title="bbox 2464 2030 3962 2112; baseline 0.002 -22"><span class='ocrx_word' id='word_1_253' title='bbox 2464 2036 2716 2092; x_wconf 90' lang='lat' dir='ltr'><strong>notatur</strong></span> <span class='ocrx_word' id='word_1_254' title='bbox 2747 2030 3022 2112; x_wconf 89' lang='lat' dir='ltr'><strong>Spiritus</strong></span> <span class='ocrx_word' id='word_1_255' title='bbox 3059 2032 3324 2094; x_wconf 89' lang='lat' dir='ltr'><strong>Sanctus</strong></span> <span class='ocrx_word' id='word_1_256' title='bbox 3367 2032 3805 2095; x_wconf 87' lang='lat' dir='ltr'><strong>habitudinem</strong></span> <span class='ocrx_word' id='word_1_257' title='bbox 3845 2031 3962 2093; x_wconf 90' lang='lat' dir='ltr'><strong>ali-</strong></span> 
     </span>
     <span class='ocr_line' id='line_1_40' title="bbox 2464 2129 3960 2212; baseline 0.003 -24"><span class='ocrx_word' id='word_1_258' title='bbox 2464 2147 2656 2209; x_wconf 89' lang='lat' dir='ltr'><strong>quam</strong></span> <span class='ocrx_word' id='word_1_259' title='bbox 2699 2129 3016 2192; x_wconf 87' lang='lat' dir='ltr'><strong>causalem</strong></span> <span class='ocrx_word' id='word_1_260' title='bbox 3060 2130 3293 2193; x_wconf 90' lang='lat' dir='ltr'><strong>habere</strong></span> <span class='ocrx_word' id='word_1_261' title='bbox 3323 2139 3616 2212; x_wconf 83' lang='lat' dir='ltr'><strong>respectu</strong></span> <span class='ocrx_word' id='word_1_262' title='bbox 3647 2131 3842 2193; x_wconf 88' lang='lat' dir='ltr'><strong>Patris</strong></span> <span class='ocrx_word' id='word_1_263' title='bbox 3880 2149 3960 2192; x_wconf 86' lang='lat' dir='ltr'><strong>ac</strong></span> 
     </span>
     <span class='ocr_line' id='line_1_41' title="bbox 2464 2225 3964 2291; baseline 0.003 -5"><span class='ocrx_word' id='word_1_264' title='bbox 2464 2225 2605 2287; x_wconf 85' lang='lat' dir='ltr'><strong>Filii</strong></span> <span class='ocrx_word' id='word_1_265' title='bbox 2643 2244 2657 2288; x_wconf 72' lang='grc' dir='ltr'>ε</span> <span class='ocrx_word' id='word_1_266' title='bbox 2693 2227 2822 2288; x_wconf 90' lang='lat' dir='ltr'><strong>imo</strong></span> <span class='ocrx_word' id='word_1_267' title='bbox 2861 2227 3176 2290; x_wconf 84' lang='lat' dir='ltr'><strong>ablativus</strong></span> <span class='ocrx_word' id='word_1_268' title='bbox 3207 2229 3364 2290; x_wconf 91' lang='lat' dir='ltr'><strong>dicit</strong></span> <span class='ocrx_word' id='word_1_269' title='bbox 3400 2229 3840 2291; x_wconf 89' lang='lat' dir='ltr'><strong>habitudinem</strong></span> <span class='ocrx_word' id='word_1_270' title='bbox 3871 2228 3964 2290; x_wconf 83' lang='lat' dir='ltr'><strong>ef-</strong></span> 
     </span>
     <span class='ocr_line' id='line_1_42' title="bbox 2463 2322 3964 2400; baseline 0.003 -15"><span class='ocrx_word' id='word_1_271' title='bbox 2463 2322 2667 2385; x_wconf 87' lang='lat' dir='ltr'><strong>fectus</strong></span> <span class='ocrx_word' id='word_1_272' title='bbox 2715 2325 3066 2386; x_wconf 90' lang='lat' dir='ltr'><strong>secundum</strong></span> <span class='ocrx_word' id='word_1_273' title='bbox 3118 2344 3276 2400; x_wconf 88' lang='lat' dir='ltr'><strong>rem,</strong></span> <span class='ocrx_word' id='word_1_274' title='bbox 3319 2326 3758 2389; x_wconf 88' lang='lat' dir='ltr'><strong>habitudinem</strong></span> <span class='ocrx_word' id='word_1_275' title='bbox 3806 2343 3964 2389; x_wconf 90' lang='lat' dir='ltr'><strong>vero</strong></span> 
     </span>
     <span class='ocr_line' id='line_1_43' title="bbox 2464 2420 3962 2486; baseline 0.002 -4"><span class='ocrx_word' id='word_1_276' title='bbox 2464 2420 2685 2484; x_wconf 84' lang='lat' dir='ltr'><strong>formae</strong></span> <span class='ocrx_word' id='word_1_277' title='bbox 2733 2422 2940 2485; x_wconf 91' lang='lat' dir='ltr'><strong>solum</strong></span> <span class='ocrx_word' id='word_1_278' title='bbox 3001 2425 3354 2486; x_wconf 90' lang='lat' dir='ltr'><strong>secundum</strong></span> <span class='ocrx_word' id='word_1_279' title='bbox 3403 2425 3664 2486; x_wconf 92' lang='lat' dir='ltr'><strong>modum</strong></span> <span class='ocrx_word' id='word_1_280' title='bbox 3725 2424 3962 2486; x_wconf 84' lang='lat' dir='ltr'><strong>intelli-</strong></span> 
     </span>
     <span class='ocr_line' id='line_1_44' title="bbox 2462 2520 3958 2600; baseline 0.003 -20"><span class='ocrx_word' id='word_1_281' title='bbox 2462 2520 2674 2600; x_wconf 90' lang='lat' dir='ltr'><strong>gendi,</strong></span> <span class='ocrx_word' id='word_1_282' title='bbox 2710 2520 2775 2582; x_wconf 90' lang='lat' dir='ltr'><strong>id</strong></span> <span class='ocrx_word' id='word_1_283' title='bbox 2804 2529 2901 2582; x_wconf 90' lang='lat' dir='ltr'><strong>est</strong></span> <span class='ocrx_word' id='word_1_284' title='bbox 2931 2522 3283 2583; x_wconf 91' lang='lat' dir='ltr'><strong>secundum</strong></span> <span class='ocrx_word' id='word_1_285' title='bbox 3322 2523 3904 2586; x_wconf 89' lang='lat' dir='ltr'><strong>denominationem</strong></span> <span class='ocrx_word' id='word_1_286' title='bbox 3941 2540 3958 2584; x_wconf 73' lang='grc' dir='ltr'>ε</span> 
     </span>
     <span class='ocr_line' id='line_1_45' title="bbox 2463 2618 3958 2703; baseline 0.004 -25"><span class='ocrx_word' id='word_1_287' title='bbox 2463 2618 2630 2678; x_wconf 89' lang='lat' dir='ltr'><strong>sicut</strong></span> <span class='ocrx_word' id='word_1_288' title='bbox 2669 2638 2869 2701; x_wconf 90' lang='lat' dir='ltr'><strong>quum</strong></span> <span class='ocrx_word' id='word_1_289' title='bbox 2912 2619 3170 2694; x_wconf 87' lang='lat' dir='ltr'><strong>dicitur,</strong></span> <span class='ocrx_word' id='word_1_290' title='bbox 3203 2621 3313 2682; x_wconf 91' lang='lat' dir='ltr'><strong>Isti</strong></span> <span class='ocrx_word' id='word_1_291' title='bbox 3351 2621 3700 2703; x_wconf 90' lang='lat' dir='ltr'><strong>loquuntur</strong></span> <span class='ocrx_word' id='word_1_292' title='bbox 3737 2621 3958 2694; x_wconf 86' lang='lat' dir='ltr'><strong>verbo,</strong></span> 
     </span>
     <span class='ocr_line' id='line_1_46' title="bbox 2464 2713 3962 2800; baseline 0.003 -25"><span class='ocrx_word' id='word_1_293' title='bbox 2464 2713 2564 2776; x_wconf 89' lang='lat' dir='ltr'><strong>vel</strong></span> <span class='ocrx_word' id='word_1_294' title='bbox 2610 2724 2877 2777; x_wconf 88' lang='lat' dir='ltr'><strong>currunt</strong></span> <span class='ocrx_word' id='word_1_295' title='bbox 2921 2735 3134 2790; x_wconf 88' lang='lat' dir='ltr'><strong>eursu,</strong></span> <span class='ocrx_word' id='word_1_296' title='bbox 3180 2737 3292 2779; x_wconf 91' lang='lat' dir='ltr'><strong>seu</strong></span> <span class='ocrx_word' id='word_1_297' title='bbox 3336 2726 3532 2800; x_wconf 84' lang='lat' dir='ltr'><strong>agunt</strong></span> <span class='ocrx_word' id='word_1_298' title='bbox 3578 2719 3848 2792; x_wconf 88' lang='lat' dir='ltr'><strong>actione,</strong></span> <span class='ocrx_word' id='word_1_299' title='bbox 3889 2719 3962 2780; x_wconf 88' lang='lat' dir='ltr'><strong>in</strong></span> 
     </span>
     <span class='ocr_line' id='line_1_47' title="bbox 2463 2812 3964 2899; baseline 0.003 -25"><span class='ocrx_word' id='word_1_300' title='bbox 2463 2812 2700 2894; x_wconf 90' lang='lat' dir='ltr'><strong>quibus</strong></span> <span class='ocrx_word' id='word_1_301' title='bbox 2748 2813 2919 2876; x_wconf 88' lang='lat' dir='ltr'><strong>idem</strong></span> <span class='ocrx_word' id='word_1_302' title='bbox 2971 2814 3373 2895; x_wconf 88' lang='lat' dir='ltr'><strong>significatur</strong></span> <span class='ocrx_word' id='word_1_303' title='bbox 3419 2835 3533 2899; x_wconf 92' lang='lat' dir='ltr'><strong>per</strong></span> <span class='ocrx_word' id='word_1_304' title='bbox 3581 2817 3848 2880; x_wconf 87' lang='lat' dir='ltr'><strong>verbum</strong></span> <span class='ocrx_word' id='word_1_305' title='bbox 3895 2823 3964 2878; x_wconf 90' lang='lat' dir='ltr'><strong>et</strong></span> 
     </span>
     <span class='ocr_line' id='line_1_48' title="bbox 2461 2911 3962 2998; baseline 0.003 -25"><span class='ocrx_word' id='word_1_306' title='bbox 2461 2911 2834 2986; x_wconf 85' lang='lat' dir='ltr'><strong>ablativum,</strong></span> <span class='ocrx_word' id='word_1_307' title='bbox 2879 2913 2989 2974; x_wconf 90' lang='lat' dir='ltr'><strong>sed</strong></span> <span class='ocrx_word' id='word_1_308' title='bbox 3033 2931 3148 2994; x_wconf 88' lang='lat' dir='ltr'><strong>per</strong></span> <span class='ocrx_word' id='word_1_309' title='bbox 3191 2913 3541 2978; x_wconf 88' lang='lat' dir='ltr'><strong>ablativum</strong></span> <span class='ocrx_word' id='word_1_310' title='bbox 3581 2924 3652 2978; x_wconf 92' lang='lat' dir='ltr'><strong>ut</strong></span> <span class='ocrx_word' id='word_1_311' title='bbox 3687 2917 3962 2998; x_wconf 83' lang='lat' dir='ltr'><strong>qualitas</strong></span> 
     </span>
    </p>
   </div>
   <div class='ocr_carea' id='block_1_9' title="bbox 850 3010 3961 3097">
    <p class='ocr_par' dir='ltr' id='par_1_9' title="bbox 850 3010 3961 3097">
     <span class='ocr_line' id='line_1_49' title="bbox 850 3010 3961 3097; baseline 0.001 -23"><span class='ocrx_word' id='word_1_312' title='bbox 850 3013 1012 3075; x_wconf 90' lang='lat' dir='ltr'><strong>Hinc</strong></span> <span class='ocrx_word' id='word_1_313' title='bbox 1039 3013 1575 3094; x_wconf 89' lang='lat' dir='ltr'><strong>quemadmodum</strong></span> <span class='ocrx_word' id='word_1_314' title='bbox 1621 3013 1799 3074; x_wconf 87' lang='lat' dir='ltr'><strong>Pater</strong></span> <span class='ocrx_word' id='word_1_315' title='bbox 1830 3012 1987 3074; x_wconf 92' lang='lat' dir='ltr'><strong>dicit</strong></span> <span class='ocrx_word' id='word_1_316' title='bbox 2026 3031 2093 3075; x_wconf 90' lang='lat' dir='ltr'><strong>se</strong></span> <span class='ocrx_word' id='word_1_317' title='bbox 2124 3020 2188 3074; x_wconf 92' lang='lat' dir='ltr'><strong>et</strong></span> <span class='ocrx_word' id='word_1_318' title='bbox 2218 3030 2349 3075; x_wconf 91' lang='lat' dir='ltr'><strong>om·</strong></span> <span class='ocrx_word' id='word_1_319' title='bbox 2390 3016 2435 3080; x_wconf 89' lang='lat' dir='ltr'>C</span> <span class='ocrx_word' id='word_1_320' title='bbox 2462 3010 2869 3085; x_wconf 90' lang='lat' dir='ltr'><strong>denuntians,</strong></span> <span class='ocrx_word' id='word_1_321' title='bbox 2922 3030 3037 3093; x_wconf 89' lang='lat' dir='ltr'><strong>per</strong></span> <span class='ocrx_word' id='word_1_322' title='bbox 3086 3012 3355 3075; x_wconf 89' lang='lat' dir='ltr'><strong>verbum</strong></span> <span class='ocrx_word' id='word_1_323' title='bbox 3414 3021 3485 3076; x_wconf 91' lang='lat' dir='ltr'><strong>ut</strong></span> <span class='ocrx_word' id='word_1_324' title='bbox 3541 3022 3721 3077; x_wconf 90' lang='lat' dir='ltr'><strong>actus</strong></span> <span class='ocrx_word' id='word_1_325' title='bbox 3776 3034 3961 3097; x_wconf 83' lang='lat' dir='ltr'><strong>egre-</strong></span> 
     </span>
    </p>
   </div>
   <div class='ocr_carea' id='block_1_10' title="bbox 853 3109 2356 4156">
    <p class='ocr_par' dir='ltr' id='par_1_10' title="bbox 853 3109 2356 4156">
     <span class='ocr_line' id='line_1_50' title="bbox 853 3109 2350 3193; baseline 0 -20"><span class='ocrx_word' id='word_1_326' title='bbox 853 3130 1003 3173; x_wconf 90' lang='lat' dir='ltr'><strong>nem</strong></span> <span class='ocrx_word' id='word_1_327' title='bbox 1066 3118 1419 3173; x_wconf 88' lang='lat' dir='ltr'><strong>creaturam</strong></span> <span class='ocrx_word' id='word_1_328' title='bbox 1476 3109 1684 3173; x_wconf 89' lang='lat' dir='ltr'><strong>Verbo</strong></span> <span class='ocrx_word' id='word_1_329' title='bbox 1746 3111 1916 3193; x_wconf 90' lang='lat' dir='ltr'><strong>quod</strong></span> <span class='ocrx_word' id='word_1_330' title='bbox 1976 3110 2220 3192; x_wconf 88' lang='lat' dir='ltr'><strong>genuit,</strong></span> <span class='ocrx_word' id='word_1_331' title='bbox 2284 3111 2350 3173; x_wconf 91' lang='lat' dir='ltr'><strong>in</strong></span> 
     </span>
     <span class='ocr_line' id='line_1_51' title="bbox 853 3208 2353 3292; baseline 0.001 -21"><span class='ocrx_word' id='word_1_332' title='bbox 853 3218 1163 3292; x_wconf 86' lang='lat' dir='ltr'><strong>quantum</strong></span> <span class='ocrx_word' id='word_1_333' title='bbox 1194 3209 1471 3271; x_wconf 90' lang='lat' dir='ltr'><strong>Verbum</strong></span> <span class='ocrx_word' id='word_1_334' title='bbox 1504 3209 1661 3271; x_wconf 91' lang='lat' dir='ltr'><strong>illud</strong></span> <span class='ocrx_word' id='word_1_335' title='bbox 1694 3208 2095 3271; x_wconf 86' lang='lat' dir='ltr'><strong>sufficienter</strong></span> <span class='ocrx_word' id='word_1_336' title='bbox 2126 3228 2353 3291; x_wconf 82' lang='lat' dir='ltr'><strong>reprae-</strong></span> 
     </span>
     <span class='ocr_line' id='line_1_52' title="bbox 854 3308 2353 3387; baseline -0.001 -18"><span class='ocrx_word' id='word_1_337' title='bbox 854 3314 1061 3371; x_wconf 90' lang='lat' dir='ltr'><strong>sentat</strong></span> <span class='ocrx_word' id='word_1_338' title='bbox 1099 3309 1343 3370; x_wconf 90' lang='lat' dir='ltr'><strong>Patrem</strong></span> <span class='ocrx_word' id='word_1_339' title='bbox 1387 3314 1449 3369; x_wconf 92' lang='lat' dir='ltr'><strong>et</strong></span> <span class='ocrx_word' id='word_1_340' title='bbox 1487 3325 1675 3370; x_wconf 88' lang='lat' dir='ltr'><strong>omne</strong></span> <span class='ocrx_word' id='word_1_341' title='bbox 1718 3314 2037 3387; x_wconf 83' lang='lat' dir='ltr'><strong>creatum3</strong></span> <span class='ocrx_word' id='word_1_342' title='bbox 2084 3308 2171 3370; x_wconf 88' lang='lat' dir='ltr'><strong>ita</strong></span> <span class='ocrx_word' id='word_1_343' title='bbox 2213 3308 2353 3370; x_wconf 92' lang='lat' dir='ltr'><strong>dili-</strong></span> 
     </span>
     <span class='ocr_line' id='line_1_53' title="bbox 854 3405 2353 3487; baseline 0 -20"><span class='ocrx_word' id='word_1_344' title='bbox 854 3406 947 3487; x_wconf 90' lang='lat' dir='ltr'><strong>git</strong></span> <span class='ocrx_word' id='word_1_345' title='bbox 990 3424 1057 3468; x_wconf 89' lang='lat' dir='ltr'><strong>se</strong></span> <span class='ocrx_word' id='word_1_346' title='bbox 1101 3413 1165 3468; x_wconf 91' lang='lat' dir='ltr'><strong>et</strong></span> <span class='ocrx_word' id='word_1_347' title='bbox 1204 3424 1461 3469; x_wconf 91' lang='lat' dir='ltr'><strong>omnem</strong></span> <span class='ocrx_word' id='word_1_348' title='bbox 1512 3413 1863 3468; x_wconf 87' lang='lat' dir='ltr'><strong>creaturam</strong></span> <span class='ocrx_word' id='word_1_349' title='bbox 1913 3405 2155 3487; x_wconf 89' lang='lat' dir='ltr'><strong>Spiritu</strong></span> <span class='ocrx_word' id='word_1_350' title='bbox 2205 3407 2353 3468; x_wconf 91' lang='lat' dir='ltr'><strong>San-</strong></span> 
     </span>
     <span class='ocr_line' id='line_1_54' title="bbox 858 3504 2353 3586; baseline -0.001 -20"><span class='ocrx_word' id='word_1_351' title='bbox 858 3513 980 3579; x_wconf 88' lang='lat' dir='ltr'><strong>cto,</strong></span> <span class='ocrx_word' id='word_1_352' title='bbox 1016 3504 1081 3566; x_wconf 88' lang='lat' dir='ltr'><strong>in</strong></span> <span class='ocrx_word' id='word_1_353' title='bbox 1112 3512 1421 3586; x_wconf 91' lang='lat' dir='ltr'><strong>quantum</strong></span> <span class='ocrx_word' id='word_1_354' title='bbox 1452 3504 1727 3586; x_wconf 89' lang='lat' dir='ltr'><strong>Spiritus</strong></span> <span class='ocrx_word' id='word_1_355' title='bbox 1760 3504 2026 3566; x_wconf 88' lang='lat' dir='ltr'><strong>Sanctus</strong></span> <span class='ocrx_word' id='word_1_356' title='bbox 2065 3504 2353 3586; x_wconf 89' lang='lat' dir='ltr'><strong>procedit</strong></span> 
     </span>
     <span class='ocr_line' id='line_1_55' title="bbox 857 3602 2352 3685; baseline 0 -20"><span class='ocrx_word' id='word_1_357' title='bbox 857 3610 927 3665; x_wconf 94' lang='lat' dir='ltr'><strong>ut</strong></span> <span class='ocrx_word' id='word_1_358' title='bbox 957 3620 1135 3666; x_wconf 89' lang='lat' dir='ltr'><strong>amor</strong></span> <span class='ocrx_word' id='word_1_359' title='bbox 1165 3603 1385 3685; x_wconf 82' lang='lat' dir='ltr'><strong>primae</strong></span> <span class='ocrx_word' id='word_1_360' title='bbox 1417 3602 1739 3676; x_wconf 82' lang='lat' dir='ltr'><strong>bonitatiS‚</strong></span> <span class='ocrx_word' id='word_1_361' title='bbox 1774 3603 2125 3665; x_wconf 90' lang='lat' dir='ltr'><strong>secundum</strong></span> <span class='ocrx_word' id='word_1_362' title='bbox 2159 3621 2352 3684; x_wconf 90' lang='lat' dir='ltr'><strong>quam</strong></span> 
     </span>
     <span class='ocr_line' id='line_1_56' title="bbox 855 3701 2352 3782; baseline -0.001 -18"><span class='ocrx_word' id='word_1_363' title='bbox 855 3703 1034 3764; x_wconf 88' lang='lat' dir='ltr'><strong>Pater</strong></span> <span class='ocrx_word' id='word_1_364' title='bbox 1080 3709 1249 3764; x_wconf 89' lang='lat' dir='ltr'><strong>amat</strong></span> <span class='ocrx_word' id='word_1_365' title='bbox 1297 3721 1363 3763; x_wconf 88' lang='lat' dir='ltr'><strong>se</strong></span> <span class='ocrx_word' id='word_1_366' title='bbox 1408 3719 1791 3782; x_wconf 90' lang='lat' dir='ltr'><strong>omnemque</strong></span> <span class='ocrx_word' id='word_1_367' title='bbox 1840 3710 2216 3763; x_wconf 89' lang='lat' dir='ltr'><strong>creaturam.</strong></span> <span class='ocrx_word' id='word_1_368' title='bbox 2263 3701 2352 3763; x_wconf 84' lang='lat' dir='ltr'><strong>Ex</strong></span> 
     </span>
     <span class='ocr_line' id='line_1_57' title="bbox 855 3798 2352 3883; baseline 0 -22"><span class='ocrx_word' id='word_1_369' title='bbox 855 3799 1090 3883; x_wconf 90' lang='lat' dir='ltr'><strong>quibus</strong></span> <span class='ocrx_word' id='word_1_370' title='bbox 1139 3807 1403 3874; x_wconf 86' lang='lat' dir='ltr'><strong>constat,</strong></span> <span class='ocrx_word' id='word_1_371' title='bbox 1455 3801 1625 3880; x_wconf 90' lang='lat' dir='ltr'><strong>quod</strong></span> <span class='ocrx_word' id='word_1_372' title='bbox 1675 3798 1741 3860; x_wconf 91' lang='lat' dir='ltr'><strong>in</strong></span> <span class='ocrx_word' id='word_1_373' title='bbox 1790 3799 1995 3861; x_wconf 88' lang='lat' dir='ltr'><strong>Verbo</strong></span> <span class='ocrx_word' id='word_1_374' title='bbox 2043 3807 2235 3881; x_wconf 89' lang='lat' dir='ltr'><strong>atque</strong></span> <span class='ocrx_word' id='word_1_375' title='bbox 2286 3800 2352 3861; x_wconf 89' lang='lat' dir='ltr'><strong>in</strong></span> 
     </span>
     <span class='ocr_line' id='line_1_58' title="bbox 853 3897 2352 3980; baseline -0.001 -19"><span class='ocrx_word' id='word_1_376' title='bbox 853 3915 1067 3961; x_wconf 89' lang='lat' dir='ltr'><strong>amore</strong></span> <span class='ocrx_word' id='word_1_377' title='bbox 1127 3899 1508 3980; x_wconf 89' lang='lat' dir='ltr'><strong>procedente</strong></span> <span class='ocrx_word' id='word_1_378' title='bbox 1556 3897 1738 3979; x_wconf 91' lang='lat' dir='ltr'><strong>quasi</strong></span> <span class='ocrx_word' id='word_1_379' title='bbox 1798 3898 2175 3960; x_wconf 88' lang='lat' dir='ltr'><strong>secundario</strong></span> <span class='ocrx_word' id='word_1_380' title='bbox 2237 3897 2352 3959; x_wconf 91' lang='lat' dir='ltr'><strong>im-</strong></span> 
     </span>
     <span class='ocr_line' id='line_1_59' title="bbox 854 3995 2354 4078; baseline -0.001 -20"><span class='ocrx_word' id='word_1_381' title='bbox 854 4003 1140 4078; x_wconf 88' lang='lat' dir='ltr'><strong>portatur</strong></span> <span class='ocrx_word' id='word_1_382' title='bbox 1178 4002 1505 4078; x_wconf 89' lang='lat' dir='ltr'><strong>respectus</strong></span> <span class='ocrx_word' id='word_1_383' title='bbox 1536 3995 1615 4056; x_wconf 94' lang='lat' dir='ltr'><strong>ad</strong></span> <span class='ocrx_word' id='word_1_384' title='bbox 1646 4002 2022 4066; x_wconf 89' lang='lat' dir='ltr'><strong>creaturam,</strong></span> <span class='ocrx_word' id='word_1_385' title='bbox 2059 3995 2124 4057; x_wconf 94' lang='lat' dir='ltr'><strong>in</strong></span> <span class='ocrx_word' id='word_1_386' title='bbox 2155 4014 2354 4076; x_wconf 90' lang='lat' dir='ltr'><strong>quan-</strong></span> 
     </span>
     <span class='ocr_line' id='line_1_60' title="bbox 854 4092 2356 4156; baseline 0.001 -1"><span class='ocrx_word' id='word_1_387' title='bbox 854 4102 990 4156; x_wconf 92' lang='lat' dir='ltr'><strong>tum</strong></span> <span class='ocrx_word' id='word_1_388' title='bbox 1023 4093 1319 4156; x_wconf 88' lang='lat' dir='ltr'><strong>videlicet</strong></span> <span class='ocrx_word' id='word_1_389' title='bbox 1349 4092 1582 4155; x_wconf 89' lang='lat' dir='ltr'><strong>veritas</strong></span> <span class='ocrx_word' id='word_1_390' title='bbox 1623 4101 1685 4155; x_wconf 92' lang='lat' dir='ltr'><strong>et</strong></span> <span class='ocrx_word' id='word_1_391' title='bbox 1717 4092 1964 4155; x_wconf 89' lang='lat' dir='ltr'><strong>bonitas</strong></span> <span class='ocrx_word' id='word_1_392' title='bbox 2004 4093 2222 4156; x_wconf 91' lang='lat' dir='ltr'><strong>divina</strong></span> <span class='ocrx_word' id='word_1_393' title='bbox 2258 4102 2356 4156; x_wconf 88' lang='lat' dir='ltr'><strong>est</strong></span> 
     </span>
    </p>
   </div>
   <div class='ocr_carea' id='block_1_11' title="bbox 2463 3109 3962 4177">
    <p class='ocr_par' dir='ltr' id='par_1_11' title="bbox 2463 3109 3962 4177">
     <span class='ocr_line' id='line_1_61' title="bbox 2463 3109 3962 3196; baseline 0.005 -24"><span class='ocrx_word' id='word_1_394' title='bbox 2463 3109 2644 3172; x_wconf 92' lang='lat' dir='ltr'><strong>diens</strong></span> <span class='ocrx_word' id='word_1_395' title='bbox 2673 3129 2711 3172; x_wconf 89' lang='lat' dir='ltr'><strong>a</strong></span> <span class='ocrx_word' id='word_1_396' title='bbox 2739 3109 3070 3192; x_wconf 90' lang='lat' dir='ltr'><strong>supposito</strong></span> <span class='ocrx_word' id='word_1_397' title='bbox 3103 3129 3116 3173; x_wconf 75' lang='grc' dir='ltr'>ε</span> <span class='ocrx_word' id='word_1_398' title='bbox 3151 3111 3318 3175; x_wconf 90' lang='lat' dir='ltr'><strong>sicut</strong></span> <span class='ocrx_word' id='word_1_399' title='bbox 3347 3133 3548 3196; x_wconf 87' lang='lat' dir='ltr'><strong>quum</strong></span> <span class='ocrx_word' id='word_1_400' title='bbox 3580 3114 3834 3189; x_wconf 90' lang='lat' dir='ltr'><strong>dicitur,</strong></span> <span class='ocrx_word' id='word_1_401' title='bbox 3857 3115 3962 3179; x_wconf 88' lang='lat' dir='ltr'><strong>Pa·</strong></span> 
     </span>
     <span class='ocr_line' id='line_1_62' title="bbox 2463 3209 3956 3295; baseline 0.005 -25"><span class='ocrx_word' id='word_1_402' title='bbox 2463 3216 2558 3271; x_wconf 89' lang='lat' dir='ltr'><strong>ter</strong></span> <span class='ocrx_word' id='word_1_403' title='bbox 2595 3209 2751 3271; x_wconf 91' lang='lat' dir='ltr'><strong>dicit</strong></span> <span class='ocrx_word' id='word_1_404' title='bbox 2790 3209 3016 3283; x_wconf 88' lang='lat' dir='ltr'><strong>Verbo,</strong></span> <span class='ocrx_word' id='word_1_405' title='bbox 3048 3218 3112 3272; x_wconf 90' lang='lat' dir='ltr'><strong>et</strong></span> <span class='ocrx_word' id='word_1_406' title='bbox 3153 3210 3364 3292; x_wconf 80' lang='lat' dir='ltr'><strong>diligit</strong></span> <span class='ocrx_word' id='word_1_407' title='bbox 3405 3212 3648 3295; x_wconf 90' lang='lat' dir='ltr'><strong>Spiritu</strong></span> <span class='ocrx_word' id='word_1_408' title='bbox 3691 3214 3956 3293; x_wconf 88' lang='lat' dir='ltr'><strong>Sancto;</strong></span> 
     </span>
     <span class='ocr_line' id='line_1_63' title="bbox 2463 3307 3956 3395; baseline 0.006 -27"><span class='ocrx_word' id='word_1_409' title='bbox 2463 3308 2528 3369; x_wconf 92' lang='lat' dir='ltr'><strong>in</strong></span> <span class='ocrx_word' id='word_1_410' title='bbox 2559 3307 2795 3389; x_wconf 90' lang='lat' dir='ltr'><strong>quibus</strong></span> <span class='ocrx_word' id='word_1_411' title='bbox 2827 3308 3257 3371; x_wconf 90' lang='lat' dir='ltr'><strong>locutionibus</strong></span> <span class='ocrx_word' id='word_1_412' title='bbox 3289 3318 3632 3395; x_wconf 89' lang='lat' dir='ltr'><strong>utrumque</strong></span> <span class='ocrx_word' id='word_1_413' title='bbox 3663 3313 3956 3387; x_wconf 88' lang='lat' dir='ltr'><strong>verbum,</strong></span> 
     </span>
     <span class='ocr_line' id='line_1_64' title="bbox 2463 3405 3957 3491; baseline 0.005 -24"><span class='ocrx_word' id='word_1_414' title='bbox 2463 3405 2762 3467; x_wconf 90' lang='lat' dir='ltr'><strong>videlicet</strong></span> <span class='ocrx_word' id='word_1_415' title='bbox 2800 3408 2966 3467; x_wconf 77' lang='lat' dir='ltr'><strong>dicit</strong></span> <span class='ocrx_word' id='word_1_416' title='bbox 2997 3414 3060 3469; x_wconf 92' lang='lat' dir='ltr'><strong>et</strong></span> <span class='ocrx_word' id='word_1_417' title='bbox 3093 3409 3344 3485; x_wconf 70' lang='lat' dir='ltr'><strong>diliyic,</strong></span> <span class='ocrx_word' id='word_1_418' title='bbox 3383 3409 3704 3491; x_wconf 84' lang='lat' dir='ltr'><strong>significat</strong></span> <span class='ocrx_word' id='word_1_419' title='bbox 3739 3419 3957 3475; x_wconf 89' lang='lat' dir='ltr'><strong>actum</strong></span> 
     </span>
     <span class='ocr_line' id='line_1_65' title="bbox 2463 3503 3960 3583; baseline 0.006 -18"><span class='ocrx_word' id='word_1_420' title='bbox 2463 3503 2850 3567; x_wconf 90' lang='lat' dir='ltr'><strong>notionalem</strong></span> <span class='ocrx_word' id='word_1_421' title='bbox 2890 3512 2954 3567; x_wconf 93' lang='lat' dir='ltr'><strong>et</strong></span> <span class='ocrx_word' id='word_1_422' title='bbox 2984 3505 3328 3568; x_wconf 89' lang='lat' dir='ltr'><strong>terminum</strong></span> <span class='ocrx_word' id='word_1_423' title='bbox 3369 3516 3570 3583; x_wconf 89' lang='lat' dir='ltr'><strong>actus,</strong></span> <span class='ocrx_word' id='word_1_424' title='bbox 3603 3528 3717 3573; x_wconf 88' lang='lat' dir='ltr'><strong>seu</strong></span> <span class='ocrx_word' id='word_1_425' title='bbox 3755 3509 3960 3574; x_wconf 88' lang='lat' dir='ltr'><strong>notio-</strong></span> 
     </span>
     <span class='ocr_line' id='line_1_66' title="bbox 2464 3602 3958 3690; baseline 0.005 -27"><span class='ocrx_word' id='word_1_426' title='bbox 2464 3621 2611 3664; x_wconf 89' lang='lat' dir='ltr'><strong>nem</strong></span> <span class='ocrx_word' id='word_1_427' title='bbox 2651 3602 2844 3665; x_wconf 91' lang='lat' dir='ltr'><strong>simul</strong></span> <span class='ocrx_word' id='word_1_428' title='bbox 2875 3610 2937 3665; x_wconf 89' lang='lat' dir='ltr'><strong>et</strong></span> <span class='ocrx_word' id='word_1_429' title='bbox 2969 3621 3306 3685; x_wconf 90' lang='lat' dir='ltr'><strong>personam</strong></span> <span class='ocrx_word' id='word_1_430' title='bbox 3341 3622 3355 3666; x_wconf 91' lang='lat'><strong>:</strong></span> <span class='ocrx_word' id='word_1_431' title='bbox 3389 3625 3531 3688; x_wconf 83' lang='lat' dir='ltr'><strong>quae</strong></span> <span class='ocrx_word' id='word_1_432' title='bbox 3567 3608 3744 3671; x_wconf 91' lang='lat' dir='ltr'><strong>notio</strong></span> <span class='ocrx_word' id='word_1_433' title='bbox 3772 3608 3958 3690; x_wconf 91' lang='lat' dir='ltr'><strong>quasi</strong></span> 
     </span>
     <span class='ocr_line' id='line_1_67' title="bbox 2464 3699 3962 3787; baseline 0.005 -26"><span class='ocrx_word' id='word_1_434' title='bbox 2464 3699 2670 3763; x_wconf 87' lang='lat' dir='ltr'><strong>forma</strong></span> <span class='ocrx_word' id='word_1_435' title='bbox 2712 3702 3128 3764; x_wconf 88' lang='lat' dir='ltr'><strong>denominans</strong></span> <span class='ocrx_word' id='word_1_436' title='bbox 3177 3703 3564 3784; x_wconf 88' lang='lat' dir='ltr'><strong>designatur,</strong></span> <span class='ocrx_word' id='word_1_437' title='bbox 3607 3725 3806 3787; x_wconf 92' lang='lat' dir='ltr'><strong>quum</strong></span> <span class='ocrx_word' id='word_1_438' title='bbox 3853 3707 3962 3769; x_wconf 88' lang='lat' dir='ltr'><strong>ad-</strong></span> 
     </span>
     <span class='ocr_line' id='line_1_68' title="bbox 2463 3798 3962 3883; baseline 0.006 -24"><span class='ocrx_word' id='word_1_439' title='bbox 2463 3798 2636 3860; x_wconf 88' lang='lat' dir='ltr'><strong>ditur</strong></span> <span class='ocrx_word' id='word_1_440' title='bbox 2665 3816 2898 3861; x_wconf 92' lang='lat' dir='ltr'><strong>nomen</strong></span> <span class='ocrx_word' id='word_1_441' title='bbox 2929 3817 3233 3882; x_wconf 82' lang='lat' dir='ltr'><strong>personae.</strong></span> <span class='ocrx_word' id='word_1_442' title='bbox 3270 3801 3594 3883; x_wconf 87' lang='lat' dir='ltr'><strong>Sapientia</strong></span> <span class='ocrx_word' id='word_1_443' title='bbox 3621 3822 3772 3867; x_wconf 85' lang='lat' dir='ltr'><strong>vero</strong></span> <span class='ocrx_word' id='word_1_444' title='bbox 3801 3824 3962 3867; x_wconf 91' lang='lat' dir='ltr'><strong>sem-</strong></span> 
     </span>
     <span class='ocr_line' id='line_1_69' title="bbox 2465 3897 3958 3983; baseline 0.005 -24"><span class='ocrx_word' id='word_1_445' title='bbox 2465 3914 2578 3979; x_wconf 90' lang='lat' dir='ltr'><strong>per</strong></span> <span class='ocrx_word' id='word_1_446' title='bbox 2607 3897 3030 3959; x_wconf 90' lang='lat' dir='ltr'><strong>essentialiter</strong></span> <span class='ocrx_word' id='word_1_447' title='bbox 3068 3898 3345 3961; x_wconf 90' lang='lat' dir='ltr'><strong>sumitur</strong></span> <span class='ocrx_word' id='word_1_448' title='bbox 3384 3902 3591 3980; x_wconf 89' lang='lat' dir='ltr'><strong>quoad</strong></span> <span class='ocrx_word' id='word_1_449' title='bbox 3633 3902 3958 3983; x_wconf 83' lang='lat' dir='ltr'><strong>significa-</strong></span> 
     </span>
     <span class='ocr_line' id='line_1_70' title="bbox 2464 3996 3958 4073; baseline 0.006 -17"><span class='ocrx_word' id='word_1_450' title='bbox 2464 3996 2702 4057; x_wconf 90' lang='lat' dir='ltr'><strong>tionem</strong></span> <span class='ocrx_word' id='word_1_451' title='bbox 2748 4013 2764 4073; x_wconf 91' lang='grc'>;</span> <span class='ocrx_word' id='word_1_452' title='bbox 2829 3996 3086 4059; x_wconf 88' lang='lat' dir='ltr'><strong>dilectio</strong></span> <span class='ocrx_word' id='word_1_453' title='bbox 3141 4005 3356 4059; x_wconf 89' lang='lat' dir='ltr'><strong>autem</strong></span> <span class='ocrx_word' id='word_1_454' title='bbox 3414 4001 3838 4064; x_wconf 88' lang='lat' dir='ltr'><strong>essentialiter</strong></span> <span class='ocrx_word' id='word_1_455' title='bbox 3891 4010 3958 4065; x_wconf 90' lang='lat' dir='ltr'><strong>et</strong></span> 
     </span>
     <span class='ocr_line' id='line_1_71' title="bbox 2465 4095 3856 4177; baseline 0.005 -21"><span class='ocrx_word' id='word_1_456' title='bbox 2465 4095 2881 4176; x_wconf 88' lang='lat' dir='ltr'><strong>personaliter</strong></span> <span class='ocrx_word' id='word_1_457' title='bbox 2923 4095 3128 4177; x_wconf 89' lang='lat' dir='ltr'><strong>accipi</strong></span> <span class='ocrx_word' id='word_1_458' title='bbox 3173 4103 3398 4177; x_wconf 88' lang='lat' dir='ltr'><strong>potest.</strong></span> <span class='ocrx_word' id='word_1_459' title='bbox 3433 4098 3578 4161; x_wconf 84' lang='lat' dir='ltr'><strong>Haec</strong></span> <span class='ocrx_word' id='word_1_460' title='bbox 3620 4100 3856 4163; x_wconf 90' lang='lat' dir='ltr'><strong>Petrus.</strong></span> 
     </span>
    </p>
   </div>
   <div class='ocr_carea' id='block_1_12' title="bbox 856 4190 3956 4281">
    <p class='ocr_par' dir='ltr' id='par_1_12' title="bbox 856 4190 3956 4281">
     <span class='ocr_line' id='line_1_72' title="bbox 856 4190 3956 4281; baseline 0.003 -28"><span class='ocrx_word' id='word_1_461' title='bbox 856 4191 1249 4274; x_wconf 91' lang='lat' dir='ltr'><strong>principium</strong></span> <span class='ocrx_word' id='word_1_462' title='bbox 1291 4198 1355 4252; x_wconf 88' lang='lat' dir='ltr'><strong>et</strong></span> <span class='ocrx_word' id='word_1_463' title='bbox 1400 4192 1559 4253; x_wconf 89' lang='lat' dir='ltr'><strong>ratio</strong></span> <span class='ocrx_word' id='word_1_464' title='bbox 1594 4190 1992 4270; x_wconf 88' lang='lat' dir='ltr'><strong>intelligendi</strong></span> <span class='ocrx_word' id='word_1_465' title='bbox 2036 4200 2099 4253; x_wconf 91' lang='lat' dir='ltr'><strong>et</strong></span> <span class='ocrx_word' id='word_1_466' title='bbox 2142 4211 2356 4254; x_wconf 89' lang='lat' dir='ltr'><strong>aman·</strong></span> <span class='ocrx_word' id='word_1_467' title='bbox 2385 4195 2434 4257; x_wconf 92' lang='lat' dir='ltr'>D</span> <span class='ocrx_word' id='word_1_468' title='bbox 2543 4194 2846 4255; x_wconf 80' lang='lat' dir='ltr'><strong>Praeterea</strong></span> <span class='ocrx_word' id='word_1_469' title='bbox 2899 4194 3248 4257; x_wconf 89' lang='lat' dir='ltr'><strong>Richardus</strong></span> <span class='ocrx_word' id='word_1_470' title='bbox 3298 4196 3712 4278; x_wconf 81' lang='lat' dir='ltr'><strong>quaestionem</strong></span> <span class='ocrx_word' id='word_1_471' title='bbox 3760 4200 3956 4281; x_wconf 83' lang='lat' dir='ltr'><strong>hujus</strong></span> 
     </span>
    </p>
   </div>
   <div class='ocr_carea' id='block_1_13' title="bbox 855 4288 2355 5355">
    <p class='ocr_par' dir='ltr' id='par_1_13' title="bbox 858 4288 2352 4450">
     <span class='ocr_line' id='line_1_73' title="bbox 858 4288 2352 4352; baseline 0 -1"><span class='ocrx_word' id='word_1_472' title='bbox 858 4290 921 4352; x_wconf 93' lang='lat' dir='ltr'><strong>di</strong></span> <span class='ocrx_word' id='word_1_473' title='bbox 986 4307 1243 4351; x_wconf 89' lang='lat' dir='ltr'><strong>omnem</strong></span> <span class='ocrx_word' id='word_1_474' title='bbox 1306 4296 1679 4350; x_wconf 88' lang='lat' dir='ltr'><strong>creaturam.</strong></span> <span class='ocrx_word' id='word_1_475' title='bbox 1747 4289 1889 4351; x_wconf 84' lang='lat' dir='ltr'><strong>Haec</strong></span> <span class='ocrx_word' id='word_1_476' title='bbox 1952 4288 2224 4352; x_wconf 91' lang='lat' dir='ltr'><strong>Thomas</strong></span> <span class='ocrx_word' id='word_1_477' title='bbox 2287 4290 2352 4351; x_wconf 91' lang='lat' dir='ltr'><strong>in</strong></span> 
     </span>
     <span class='ocr_line' id='line_1_74' title="bbox 860 4388 1138 4450; baseline -0.007 0"><span class='ocrx_word' id='word_1_478' title='bbox 860 4388 1138 4450; x_wconf 90' lang='lat' dir='ltr'><strong>Summa.</strong></span> 
     </span>
    </p>

    <p class='ocr_par' dir='ltr' id='par_1_14' title="bbox 855 4485 2355 5355">
     <span class='ocr_line' id='line_1_75' title="bbox 941 4485 2348 4559; baseline -0.001 -11"><span class='ocrx_word' id='word_1_479' title='bbox 941 4486 1253 4549; x_wconf 90' lang='lat' dir='ltr'><strong>Consonat</strong></span> <span class='ocrx_word' id='word_1_480' title='bbox 1281 4486 1520 4556; x_wconf 86' lang='lat' dir='ltr'><strong>Petrus,</strong></span> <span class='ocrx_word' id='word_1_481' title='bbox 1556 4485 1773 4547; x_wconf 90' lang='lat' dir='ltr'><strong>dicens</strong></span> <span class='ocrx_word' id='word_1_482' title='bbox 1808 4501 1821 4546; x_wconf 90' lang='lat'>:</span> <span class='ocrx_word' id='word_1_483' title='bbox 1857 4485 2060 4558; x_wconf 88' lang='lat' dir='ltr'><strong>Quum</strong></span> <span class='ocrx_word' id='word_1_484' title='bbox 2093 4486 2348 4559; x_wconf 89' lang='lat' dir='ltr'><strong>dicitur,</strong></span> 
     </span>
     <span class='ocr_line' id='line_1_76' title="bbox 857 4583 2348 4664; baseline 0 -18"><span class='ocrx_word' id='word_1_485' title='bbox 857 4585 1038 4647; x_wconf 90' lang='lat' dir='ltr'><strong>Pater</strong></span> <span class='ocrx_word' id='word_1_486' title='bbox 1066 4592 1129 4646; x_wconf 92' lang='lat' dir='ltr'><strong>et</strong></span> <span class='ocrx_word' id='word_1_487' title='bbox 1161 4583 1356 4645; x_wconf 89' lang='lat' dir='ltr'><strong>Filius</strong></span> <span class='ocrx_word' id='word_1_488' title='bbox 1398 4583 1671 4664; x_wconf 89' lang='lat' dir='ltr'><strong>diligunt</strong></span> <span class='ocrx_word' id='word_1_489' title='bbox 1710 4602 1775 4645; x_wconf 88' lang='lat' dir='ltr'><strong>se</strong></span> <span class='ocrx_word' id='word_1_490' title='bbox 1818 4583 2056 4664; x_wconf 92' lang='lat' dir='ltr'><strong>Spiritu</strong></span> <span class='ocrx_word' id='word_1_491' title='bbox 2098 4584 2348 4660; x_wconf 84' lang='lat' dir='ltr'><strong>Sancto,</strong></span> 
     </span>
     <span class='ocr_line' id='line_1_77' title="bbox 858 4681 2353 4763; baseline -0.001 -18"><span class='ocrx_word' id='word_1_492' title='bbox 858 4702 1083 4745; x_wconf 92' lang='lat' dir='ltr'><strong>sensus</strong></span> <span class='ocrx_word' id='word_1_493' title='bbox 1122 4688 1217 4744; x_wconf 90' lang='lat' dir='ltr'><strong>est</strong></span> <span class='ocrx_word' id='word_1_494' title='bbox 1252 4699 1265 4743; x_wconf 91' lang='lat'>:</span> <span class='ocrx_word' id='word_1_495' title='bbox 1300 4681 1556 4762; x_wconf 88' lang='lat' dir='ltr'><strong>Spirant</strong></span> <span class='ocrx_word' id='word_1_496' title='bbox 1592 4681 1898 4763; x_wconf 90' lang='lat' dir='ltr'><strong>Spiritum</strong></span> <span class='ocrx_word' id='word_1_497' title='bbox 1942 4682 2242 4744; x_wconf 87' lang='lat' dir='ltr'><strong>Sanctum</strong></span> <span class='ocrx_word' id='word_1_498' title='bbox 2284 4691 2353 4744; x_wconf 94' lang='lat' dir='ltr'><strong>ut</strong></span> 
     </span>
     <span class='ocr_line' id='line_1_78' title="bbox 855 4778 2352 4863; baseline 0 -19"><span class='ocrx_word' id='word_1_499' title='bbox 855 4799 1139 4844; x_wconf 88' lang='lat' dir='ltr'><strong>amorem</strong></span> <span class='ocrx_word' id='word_1_500' title='bbox 1187 4780 1377 4841; x_wconf 90' lang='lat' dir='ltr'><strong>unius</strong></span> <span class='ocrx_word' id='word_1_501' title='bbox 1428 4778 1492 4840; x_wconf 90' lang='lat' dir='ltr'><strong>in</strong></span> <span class='ocrx_word' id='word_1_502' title='bbox 1542 4780 1831 4841; x_wconf 88' lang='lat' dir='ltr'><strong>alterum.</strong></span> <span class='ocrx_word' id='word_1_503' title='bbox 1876 4780 2049 4842; x_wconf 89' lang='lat' dir='ltr'><strong>Hanc</strong></span> <span class='ocrx_word' id='word_1_504' title='bbox 2097 4781 2352 4863; x_wconf 90' lang='lat' dir='ltr'><strong>positio-</strong></span> 
     </span>
     <span class='ocr_line' id='line_1_79' title="bbox 858 4877 2352 4962; baseline 0.001 -21"><span class='ocrx_word' id='word_1_505' title='bbox 858 4899 1005 4941; x_wconf 89' lang='lat' dir='ltr'><strong>nem</strong></span> <span class='ocrx_word' id='word_1_506' title='bbox 1037 4879 1332 4951; x_wconf 92' lang='lat' dir='ltr'><strong>tenendo,</strong></span> <span class='ocrx_word' id='word_1_507' title='bbox 1365 4877 1709 4939; x_wconf 87' lang='lat' dir='ltr'><strong>dicendum</strong></span> <span class='ocrx_word' id='word_1_508' title='bbox 1752 4879 1922 4960; x_wconf 91' lang='lat' dir='ltr'><strong>quod</strong></span> <span class='ocrx_word' id='word_1_509' title='bbox 1954 4878 2148 4941; x_wconf 89' lang='lat' dir='ltr'><strong>verba</strong></span> <span class='ocrx_word' id='word_1_510' title='bbox 2187 4899 2352 4962; x_wconf 82' lang='lat' dir='ltr'><strong>quae-</strong></span> 
     </span>
     <span class='ocr_line' id='line_1_80' title="bbox 857 4976 2352 5058; baseline -0.001 -18"><span class='ocrx_word' id='word_1_511' title='bbox 857 4979 1003 5040; x_wconf 90' lang='lat' dir='ltr'><strong>dam</strong></span> <span class='ocrx_word' id='word_1_512' title='bbox 1062 4976 1427 5058; x_wconf 87' lang='lat' dir='ltr'><strong>significant</strong></span> <span class='ocrx_word' id='word_1_513' title='bbox 1488 4984 1731 5037; x_wconf 86' lang='lat' dir='ltr'><strong>motum</strong></span> <span class='ocrx_word' id='word_1_514' title='bbox 1788 4977 1865 5038; x_wconf 88' lang='lat' dir='ltr'><strong>ad</strong></span> <span class='ocrx_word' id='word_1_515' title='bbox 1925 4978 2226 5050; x_wconf 87' lang='lat' dir='ltr'><strong>animam,</strong></span> <span class='ocrx_word' id='word_1_516' title='bbox 2284 4986 2352 5039; x_wconf 90' lang='lat' dir='ltr'><strong>ut</strong></span> 
     </span>
     <span class='ocr_line' id='line_1_81' title="bbox 857 5073 2345 5158; baseline 0 -20"><span class='ocrx_word' id='word_1_517' title='bbox 857 5093 1113 5158; x_wconf 86' lang='lat' dir='ltr'><strong>sapere3</strong></span> <span class='ocrx_word' id='word_1_518' title='bbox 1157 5075 1445 5157; x_wconf 82' lang='lat' dir='ltr'><strong>quaedam</strong></span> <span class='ocrx_word' id='word_1_519' title='bbox 1483 5073 1563 5136; x_wconf 90' lang='lat' dir='ltr'><strong>ab</strong></span> <span class='ocrx_word' id='word_1_520' title='bbox 1597 5076 1831 5147; x_wconf 88' lang='lat' dir='ltr'><strong>anima,</strong></span> <span class='ocrx_word' id='word_1_521' title='bbox 1866 5076 2030 5137; x_wconf 88' lang='lat' dir='ltr'><strong>sicut</strong></span> <span class='ocrx_word' id='word_1_522' title='bbox 2062 5075 2345 5157; x_wconf 88' lang='lat' dir='ltr'><strong>diligere.</strong></span> 
     </span>
     <span class='ocr_line' id='line_1_82' title="bbox 859 5172 2350 5255; baseline -0.001 -18"><span class='ocrx_word' id='word_1_523' title='bbox 859 5174 1165 5237; x_wconf 90' lang='lat' dir='ltr'><strong>Similiter</strong></span> <span class='ocrx_word' id='word_1_524' title='bbox 1196 5172 1457 5236; x_wconf 89' lang='lat' dir='ltr'><strong>nomina</strong></span> <span class='ocrx_word' id='word_1_525' title='bbox 1486 5174 1775 5255; x_wconf 82' lang='lat' dir='ltr'><strong>quaedam</strong></span> <span class='ocrx_word' id='word_1_526' title='bbox 1817 5173 2186 5255; x_wconf 84' lang='lat' dir='ltr'><strong>significant</strong></span> <span class='ocrx_word' id='word_1_527' title='bbox 2216 5193 2350 5236; x_wconf 91' lang='lat' dir='ltr'><strong>rem</strong></span> 
     </span>
     <span class='ocr_line' id='line_1_83' title="bbox 860 5271 2355 5355; baseline 0.001 -22"><span class='ocrx_word' id='word_1_528' title='bbox 860 5291 971 5355; x_wconf 86' lang='lat' dir='ltr'><strong>per</strong></span> <span class='ocrx_word' id='word_1_529' title='bbox 1006 5272 1263 5334; x_wconf 91' lang='lat' dir='ltr'><strong>modum</strong></span> <span class='ocrx_word' id='word_1_530' title='bbox 1305 5271 1671 5333; x_wconf 76' lang='lat' dir='ltr'><strong>inhaerentis</strong></span> <span class='ocrx_word' id='word_1_531' title='bbox 1714 5272 1835 5353; x_wconf 91' lang='lat' dir='ltr'><strong>ipsi</strong></span> <span class='ocrx_word' id='word_1_532' title='bbox 1878 5273 2129 5345; x_wconf 70' lang='lat' dir='ltr'><strong>animm,</strong></span> <span class='ocrx_word' id='word_1_533' title='bbox 2164 5281 2234 5335; x_wconf 88' lang='lat' dir='ltr'><strong>ut</strong></span> <span class='ocrx_word' id='word_1_534' title='bbox 2265 5292 2355 5335; x_wconf 90' lang='lat' dir='ltr'><strong>sa·</strong></span> 
     </span>
    </p>
   </div>
   <div class='ocr_carea' id='block_1_14' title="bbox 2459 4290 3958 5367">
    <p class='ocr_par' dir='ltr' id='par_1_15' title="bbox 2459 4290 3958 5367">
     <span class='ocr_line' id='line_1_84' title="bbox 2463 4290 3954 4361; baseline 0.007 -10"><span class='ocrx_word' id='word_1_535' title='bbox 2463 4290 2890 4353; x_wconf 89' lang='lat' dir='ltr'><strong>distinctionis</strong></span> <span class='ocrx_word' id='word_1_536' title='bbox 2953 4300 3166 4355; x_wconf 90' lang='lat' dir='ltr'><strong>movet</strong></span> <span class='ocrx_word' id='word_1_537' title='bbox 3223 4294 3344 4356; x_wconf 92' lang='lat' dir='ltr'><strong>hoc</strong></span> <span class='ocrx_word' id='word_1_538' title='bbox 3407 4295 3593 4358; x_wconf 89' lang='lat' dir='ltr'><strong>modo</strong></span> <span class='ocrx_word' id='word_1_539' title='bbox 3655 4314 3669 4358; x_wconf 74' lang='grc' dir='ltr'>ε</span> <span class='ocrx_word' id='word_1_540' title='bbox 3731 4298 3954 4361; x_wconf 84' lang='lat' dir='ltr'><strong>Utrum</strong></span> 
     </span>
     <span class='ocr_line' id='line_1_85' title="bbox 2462 4388 3958 4477; baseline 0.007 -27"><span class='ocrx_word' id='word_1_541' title='bbox 2462 4388 2764 4470; x_wconf 83' lang='lat' dir='ltr'><strong>quaelibet</strong></span> <span class='ocrx_word' id='word_1_542' title='bbox 2811 4408 3080 4471; x_wconf 90' lang='lat' dir='ltr'><strong>persona</strong></span> <span class='ocrx_word' id='word_1_543' title='bbox 3126 4391 3344 4453; x_wconf 90' lang='lat' dir='ltr'><strong>divina</strong></span> <span class='ocrx_word' id='word_1_544' title='bbox 3391 4412 3458 4455; x_wconf 89' lang='lat' dir='ltr'><strong>se</strong></span> <span class='ocrx_word' id='word_1_545' title='bbox 3499 4401 3564 4455; x_wconf 91' lang='lat' dir='ltr'><strong>et</strong></span> <span class='ocrx_word' id='word_1_546' title='bbox 3605 4396 3958 4477; x_wconf 88' lang='lat' dir='ltr'><strong>quamlibet</strong></span> 
     </span>
     <span class='ocr_line' id='line_1_86' title="bbox 2464 4487 3954 4574; baseline 0.007 -26"><span class='ocrx_word' id='word_1_547' title='bbox 2464 4506 2798 4569; x_wconf 89' lang='lat' dir='ltr'><strong>personam</strong></span> <span class='ocrx_word' id='word_1_548' title='bbox 2838 4487 3120 4550; x_wconf 90' lang='lat' dir='ltr'><strong>divinam</strong></span> <span class='ocrx_word' id='word_1_549' title='bbox 3160 4489 3382 4571; x_wconf 89' lang='lat' dir='ltr'><strong>diligat</strong></span> <span class='ocrx_word' id='word_1_550' title='bbox 3420 4492 3660 4574; x_wconf 89' lang='lat' dir='ltr'><strong>Spiritu</strong></span> <span class='ocrx_word' id='word_1_551' title='bbox 3705 4494 3954 4569; x_wconf 89' lang='lat' dir='ltr'><strong>Sancto,</strong></span> 
     </span>
     <span class='ocr_line' id='line_1_87' title="bbox 2461 4586 3956 4673; baseline 0.006 -26"><span class='ocrx_word' id='word_1_552' title='bbox 2461 4594 2524 4647; x_wconf 90' lang='lat' dir='ltr'><strong>et</strong></span> <span class='ocrx_word' id='word_1_553' title='bbox 2562 4605 2642 4648; x_wconf 89' lang='lat' dir='ltr'><strong>an</strong></span> <span class='ocrx_word' id='word_1_554' title='bbox 2683 4586 2984 4667; x_wconf 81' lang='lat' dir='ltr'><strong>quaelibet</strong></span> <span class='ocrx_word' id='word_1_555' title='bbox 3027 4606 3296 4668; x_wconf 89' lang='lat' dir='ltr'><strong>persona</strong></span> <span class='ocrx_word' id='word_1_556' title='bbox 3335 4588 3550 4651; x_wconf 89' lang='lat' dir='ltr'><strong>divina</strong></span> <span class='ocrx_word' id='word_1_557' title='bbox 3589 4591 3808 4673; x_wconf 85' lang='lat' dir='ltr'><strong>diligat</strong></span> <span class='ocrx_word' id='word_1_558' title='bbox 3839 4612 3956 4657; x_wconf 89' lang='lat' dir='ltr'><strong>nos</strong></span> 
     </span>
     <span class='ocr_line' id='line_1_88' title="bbox 2462 4684 3954 4773; baseline 0.006 -27"><span class='ocrx_word' id='word_1_559' title='bbox 2462 4684 2702 4765; x_wconf 90' lang='lat' dir='ltr'><strong>Spiritu</strong></span> <span class='ocrx_word' id='word_1_560' title='bbox 2736 4684 2981 4747; x_wconf 90' lang='lat' dir='ltr'><strong>Sancto.</strong></span> <span class='ocrx_word' id='word_1_561' title='bbox 3019 4685 3222 4767; x_wconf 89' lang='lat' dir='ltr'><strong>Atque</strong></span> <span class='ocrx_word' id='word_1_562' title='bbox 3261 4686 3340 4748; x_wconf 92' lang='lat' dir='ltr'><strong>ad</strong></span> <span class='ocrx_word' id='word_1_563' title='bbox 3382 4689 3655 4770; x_wconf 89' lang='lat' dir='ltr'><strong>primam</strong></span> <span class='ocrx_word' id='word_1_564' title='bbox 3694 4710 3954 4773; x_wconf 90' lang='lat' dir='ltr'><strong>respon-</strong></span> 
     </span>
     <span class='ocr_line' id='line_1_89' title="bbox 2460 4782 3954 4865; baseline 0.007 -22"><span class='ocrx_word' id='word_1_565' title='bbox 2460 4782 2566 4843; x_wconf 90' lang='lat' dir='ltr'><strong>det</strong></span> <span class='ocrx_word' id='word_1_566' title='bbox 2629 4802 2642 4845; x_wconf 89' lang='lat'>:</span> <span class='ocrx_word' id='word_1_567' title='bbox 2704 4783 3106 4864; x_wconf 84' lang='lat' dir='ltr'><strong>Unaquaeque</strong></span> <span class='ocrx_word' id='word_1_568' title='bbox 3166 4802 3436 4865; x_wconf 87' lang='lat' dir='ltr'><strong>persona</strong></span> <span class='ocrx_word' id='word_1_569' title='bbox 3493 4787 3708 4851; x_wconf 90' lang='lat' dir='ltr'><strong>divina</strong></span> <span class='ocrx_word' id='word_1_570' title='bbox 3763 4808 3832 4852; x_wconf 89' lang='lat' dir='ltr'><strong>se</strong></span> <span class='ocrx_word' id='word_1_571' title='bbox 3888 4799 3954 4853; x_wconf 89' lang='lat' dir='ltr'><strong>et</strong></span> 
     </span>
     <span class='ocr_line' id='line_1_90' title="bbox 2461 4880 3954 4963; baseline 0.007 -23"><span class='ocrx_word' id='word_1_572' title='bbox 2461 4880 2812 4962; x_wconf 90' lang='lat' dir='ltr'><strong>quamlibet</strong></span> <span class='ocrx_word' id='word_1_573' title='bbox 2859 4881 3048 4942; x_wconf 89' lang='lat' dir='ltr'><strong>aliam</strong></span> <span class='ocrx_word' id='word_1_574' title='bbox 3097 4900 3434 4963; x_wconf 90' lang='lat' dir='ltr'><strong>personam</strong></span> <span class='ocrx_word' id='word_1_575' title='bbox 3482 4885 3766 4949; x_wconf 91' lang='lat' dir='ltr'><strong>divinam</strong></span> <span class='ocrx_word' id='word_1_576' title='bbox 3807 4889 3954 4951; x_wconf 89' lang='lat' dir='ltr'><strong>dili-</strong></span> 
     </span>
     <span class='ocr_line' id='line_1_91' title="bbox 2459 4979 3956 5069; baseline 0.007 -30"><span class='ocrx_word' id='word_1_577' title='bbox 2459 4979 2548 5059; x_wconf 89' lang='lat' dir='ltr'><strong>git</strong></span> <span class='ocrx_word' id='word_1_578' title='bbox 2589 4979 2828 5060; x_wconf 86' lang='lat' dir='ltr'><strong>Spiritu</strong></span> <span class='ocrx_word' id='word_1_579' title='bbox 2870 4980 3098 5042; x_wconf 88' lang='lat' dir='ltr'><strong>Sancto</strong></span> <span class='ocrx_word' id='word_1_580' title='bbox 3132 4997 3146 5041; x_wconf 72' lang='grc' dir='ltr'>ε</span> <span class='ocrx_word' id='word_1_581' title='bbox 3181 4982 3484 5063; x_wconf 91' lang='lat' dir='ltr'><strong>quoniam</strong></span> <span class='ocrx_word' id='word_1_582' title='bbox 3528 4984 3704 5047; x_wconf 88' lang='lat' dir='ltr'><strong>Pater</strong></span> <span class='ocrx_word' id='word_1_583' title='bbox 3743 4986 3956 5069; x_wconf 88' lang='lat' dir='ltr'><strong>diligit</strong></span> 
     </span>
     <span class='ocr_line' id='line_1_92' title="bbox 2461 5077 3958 5159; baseline 0.008 -22"><span class='ocrx_word' id='word_1_584' title='bbox 2461 5077 2690 5138; x_wconf 89' lang='lat' dir='ltr'><strong>Filium</strong></span> <span class='ocrx_word' id='word_1_585' title='bbox 2725 5078 2962 5159; x_wconf 89' lang='lat' dir='ltr'><strong>Spiritu</strong></span> <span class='ocrx_word' id='word_1_586' title='bbox 3003 5078 3253 5154; x_wconf 89' lang='lat' dir='ltr'><strong>Sancto,</strong></span> <span class='ocrx_word' id='word_1_587' title='bbox 3285 5088 3349 5141; x_wconf 90' lang='lat' dir='ltr'><strong>et</strong></span> <span class='ocrx_word' id='word_1_588' title='bbox 3378 5100 3742 5157; x_wconf 84' lang='lat' dir='ltr'><strong>econvers0,</strong></span> <span class='ocrx_word' id='word_1_589' title='bbox 3776 5085 3958 5151; x_wconf 85' lang='lat' dir='ltr'><strong>Pater</strong></span> 
     </span>
     <span class='ocr_line' id='line_1_93' title="bbox 2460 5177 3958 5259; baseline 0.008 -23"><span class='ocrx_word' id='word_1_590' title='bbox 2460 5194 2716 5257; x_wconf 90' lang='lat' dir='ltr'><strong>quoque</strong></span> <span class='ocrx_word' id='word_1_591' title='bbox 2776 5195 2842 5237; x_wconf 92' lang='lat' dir='ltr'><strong>se</strong></span> <span class='ocrx_word' id='word_1_592' title='bbox 2890 5177 3098 5258; x_wconf 86' lang='lat' dir='ltr'><strong>diligit</strong></span> <span class='ocrx_word' id='word_1_593' title='bbox 3157 5177 3397 5259; x_wconf 90' lang='lat' dir='ltr'><strong>Spiritu</strong></span> <span class='ocrx_word' id='word_1_594' title='bbox 3458 5180 3706 5256; x_wconf 87' lang='lat' dir='ltr'><strong>Sancto,</strong></span> <span class='ocrx_word' id='word_1_595' title='bbox 3757 5184 3958 5249; x_wconf 84' lang='lat' dir='ltr'><strong>Filius</strong></span> 
     </span>
     <span class='ocr_line' id='line_1_94' title="bbox 2461 5274 3957 5367; baseline 0.007 -32"><span class='ocrx_word' id='word_1_596' title='bbox 2461 5274 2652 5336; x_wconf 87' lang='lat' dir='ltr'><strong>etiam</strong></span> <span class='ocrx_word' id='word_1_597' title='bbox 2686 5274 2897 5355; x_wconf 89' lang='lat' dir='ltr'><strong>diligit</strong></span> <span class='ocrx_word' id='word_1_598' title='bbox 2927 5294 2994 5336; x_wconf 89' lang='lat' dir='ltr'><strong>se</strong></span> <span class='ocrx_word' id='word_1_599' title='bbox 3025 5275 3264 5358; x_wconf 90' lang='lat' dir='ltr'><strong>Spiritu</strong></span> <span class='ocrx_word' id='word_1_600' title='bbox 3299 5277 3548 5353; x_wconf 88' lang='lat' dir='ltr'><strong>Sanct0,</strong></span> <span class='ocrx_word' id='word_1_601' title='bbox 3581 5282 3691 5343; x_wconf 90' lang='lat' dir='ltr'><strong>sed</strong></span> <span class='ocrx_word' id='word_1_602' title='bbox 3719 5290 3784 5343; x_wconf 92' lang='lat' dir='ltr'><strong>et</strong></span> <span class='ocrx_word' id='word_1_603' title='bbox 3813 5284 3957 5367; x_wconf 89' lang='lat' dir='ltr'><strong>Spi-</strong></span> 
     </span>
    </p>
   </div>
   <div class='ocr_carea' id='block_1_15' title="bbox 4298 4652 4306 5378">
    <p class='ocr_par' dir='ltr' id='par_1_16' title="bbox 4298 4652 4306 5378">
     <span class='ocr_line' id='line_1_95' title="bbox 4298 4652 4306 5378; baseline 0 0"><span class='ocrx_word' id='word_1_604' title='bbox 4298 4652 4306 5378; x_wconf 95' lang='lat' dir='ltr'><strong> </strong></span> 
     </span>
    </p>
   </div>
  </div>
 </body>
</html>
