4359 6250
915 489 1000 533 AN
1043 487 1296 534 camus
1339 487 1431 533 SIT
1473 487 1685 532 vmws
1729 485 1988 542 CREATA,
2023 487 2134 531 VEL
2176 486 2432 532 lrsnnffl·
2472 487 2743 534 srmrrus
2784 486 3051 534 SANCTUS
3456 469 3533 533 13

431 659 582 720 ritas
635 675 650 720 z
703 657 799 720 sic
848 657 1138 731 dicendo,
1184 658 1478 739 quamvis
1527 673 1682 720 voce
1739 663 1925 719 tenus
1959 656 2006 718 A
2039 675 2117 718 ex
2167 666 2345 739 parte
2404 657 2693 721 essentiae
2748 657 3051 732 caritatiS,
3104 665 3168 719 et
3224 677 3301 720 ex
3353 665 3533 739 parte

431 775 622 838 neges
683 756 978 818 habitum
1037 756 1339 829 caritatiS,
1405 763 1616 818 tamen
1675 755 1928 817 realiter

431 855 616 936 ponis
667 855 882 937 ipsum
930 872 944 914 :
991 855 1294 936 quoniam
1345 853 1600 916 habitus
1649 853 1926 916 caritatis

431 952 518 1014 nil
567 952 744 1014 aliud
795 961 892 1014 est
942 972 1134 1034 quam
1185 953 1440 1015 habitus
1490 973 1601 1034 per
1649 971 1839 1033 quem
1891 971 1928 1014 a

429 1051 758 1115 voluntate
801 1051 1070 1114 habetur
1114 1051 1390 1134 Spiritus
1433 1051 1718 1113 Sanctus.

509 1150 672 1212 Hinc
720 1149 885 1222 dico,
930 1149 1100 1230 quod
1149 1149 1376 1211 caritas
1423 1157 1518 1211 est
1562 1149 1716 1231 quid
1759 1167 1927 1210 crea-

429 1255 568 1309 tum
611 1248 676 1308 in
715 1248 952 1320 anima,
986 1247 1370 1329 habitusque
1418 1246 1666 1309 infusus
1707 1247 1927 1308 volun-

425 1346 542 1407 tati
588 1364 627 1406 a
677 1345 918 1426 Spiritu
969 1345 1220 1416 Sancto,
1263 1360 1392 1426 quo
1435 1344 1804 1406 habilitatur
1846 1344 1925 1405 ad

427 1443 828 1524 diligendum
861 1443 1062 1504 Deum
1095 1451 1355 1524 propter
1383 1462 1450 1504 se
1480 1451 1543 1504 et
1572 1461 1766 1523 super
1794 1459 1926 1505 om-

429 1541 556 1612 nia,
590 1548 656 1603 et
695 1541 1060 1623 proximum
1102 1549 1362 1622 propter
1405 1542 1625 1604 Deum.
1672 1541 1786 1602 Per
1829 1560 1926 1603 ca-

425 1640 682 1701 ritatem
743 1658 1020 1720 namque
1076 1639 1152 1700 sit
1205 1639 1571 1702 reformatio
1621 1639 1850 1702 animae
1905 1659 1919 1702 :

426 1758 572 1819 quae
611 1737 980 1800 reformatio
1021 1756 1146 1800 non
1186 1737 1264 1799 fit
1305 1739 1442 1800 sine
1482 1738 1686 1801 forma
1732 1737 1922 1800 infor-

2039 755 2293 816 virtutis
2333 755 2473 834 ejus
2512 774 2585 816 ac
2631 755 3037 836 operationis.
3090 755 3179 817 Ex
3224 763 3401 836 parte
3438 773 3533 816 es-

2036 854 2278 924 36111116,
2321 853 2473 934 quia
2515 853 2741 915 caritas
2791 862 2887 914 est
2934 853 3185 915 bonitas
3230 860 3533 915 creaturae

2037 951 2385 1024 rationaliS,
2439 953 2642 1033 ipsam
2694 951 3059 1033 perficiem,
3108 952 3529 1032 distinguenS,

2035 1049 2336 1111 ordinans
2366 1057 2430 1110 et
2459 1050 2803 1131 disponens
2833 1050 2909 1111 ad
2945 1050 3140 1112 vitam
3180 1058 3479 1112 aeternam
3515 1069 3528 1114 :

2035 1164 2187 1228 ergo
2236 1166 2493 1210 necesse
2542 1155 2639 1210 est
2696 1148 2866 1229 quod
2927 1148 3008 1210 sit
3055 1149 3195 1229 ejus
3245 1147 3531 1210 formalis

2037 1245 2363 1326 perfectio.
2436 1247 2770 1328 Quumque
2838 1246 2921 1308 sit
2990 1247 3214 1320 virtuS‚
3282 1253 3533 1328 oportet

2035 1345 2204 1423 quod
2249 1344 2331 1405 sit
2376 1343 2631 1405 habitus
2676 1345 2875 1404 menti
2922 1344 3256 1406 inhaerens.
3300 1345 3528 1406 Actum
3584 1368 3597 1384 ·

2034 1459 2290 1523 quoque
2339 1442 2697 1505 virtuosum
2756 1460 3015 1505 necesse
3065 1451 3163 1505 est
3208 1462 3245 1505 a
3294 1442 3529 1505 virtute

2035 1539 2385 1621 habituque
2426 1542 2786 1622 procedere.
2832 1542 3117 1622 Denique
3164 1541 3390 1603 caritas
3432 1548 3530 1602 est

2035 1637 2425 1720 principium
2456 1639 2939 1719 gratificationis
2970 1657 2983 1700 :
3016 1638 3398 1720 gratificatio
3427 1658 3529 1701 ve-

2036 1754 2104 1798 ro
2134 1743 2231 1798 est
2261 1736 2323 1798 id
2355 1737 2420 1798 in
2445 1727 2581 1818 ‘quo
2611 1738 3025 1819 distinguitur
3060 1739 3263 1800 malus
3294 1757 3331 1800 a
3362 1738 3528 1800 bono

427 1843 660 1898 mante.
708 1836 971 1910 Rursus,
1016 1854 1129 1917 per
1173 1837 1500 1899 caritatem
1543 1836 1757 1898 anima
1794 1837 1922 1899 Deo
1957 1840 2004 1904 B
2035 1852 2161 1897 non
2199 1842 2447 1898 tantum
2490 1836 2555 1897 in
2593 1845 2761 1910 actu,
2799 1838 2908 1899 sed
2948 1837 3141 1898 etiam
3184 1836 3250 1899 in
3289 1837 3521 1919 quiete.

423 1935 750 2016 praecipue
815 1935 1207 1996 assimilatur
1268 1953 1282 1996 ε
1346 1954 1486 2017 quae
1547 1935 1922 1997 assimilatio

422 2050 552 2096 non
599 2032 680 2095 fit
727 2033 866 2095 sine
925 2033 1130 2096 forma
1184 2033 1549 2096 inhaerente.
1603 2033 1918 2115 AmpliuS,

423 2151 540 2213 per
589 2132 920 2193 caritatem
971 2131 1184 2194 anima
1233 2131 1651 2213 spiritualiter
1701 2131 1860 2194 vivit
1903 2150 1916 2194 :

421 2230 514 2291 nil
566 2237 784 2292 autem
833 2230 996 2292 vivit
1044 2229 1397 2292 formaliter
1457 2230 1580 2292 nisi
1639 2249 1753 2310 per
1798 2229 1922 2292 for-

423 2346 596 2389 mam
659 2327 1096 2391 inhaerentem.
1150 2363 1230 2373 ——
1287 2328 1742 2390 Verumtamen
1799 2328 1919 2390 hoc

419 2433 628 2489 totum
679 2427 1108 2508 compositum
1157 2445 1234 2488 ex
1283 2427 1607 2489 voluntate
1656 2435 1720 2488 et
1765 2427 1920 2489 cari-

417 2532 570 2599 tate,
601 2543 718 2586 seu
757 2524 1053 2588 voluntas
1097 2524 1507 2587 habitualiter
1550 2545 1792 2599 amanS,
1828 2525 1919 2587 in-

416 2623 591 2704 diget
649 2621 938 2697 excitari,
990 2623 1400 2685 determinari
1459 2631 1522 2685 et
1582 2624 1824 2686 moveri
1881 2643 1918 2686 a

417 2721 662 2802 Spiritu
703 2722 933 2784 Sancto
979 2723 1058 2784 ad
1097 2729 1310 2784 actum
1352 2714 1634 2784 caritatis
1673 2740 1801 2804 quo
1838 2723 1916 2785 ad

415 2818 796 2882 felicitatem
855 2821 1240 2901 pertingitur
1297 2839 1310 2883 :
1375 2821 1678 2902 quoniam
1741 2821 1917 2883 nulla

417 2937 520 2979 res
559 2926 769 3000 potest
813 2935 881 2980 se
927 2936 1042 3000 per
1085 2938 1151 2980 se
1197 2936 1452 2983 movere
1494 2919 1573 2981 ad
1618 2937 1918 2982 consecu-

2033 1934 2215 2008 Item,
2250 1934 2476 1996 caritas
2506 1942 2603 1996 est
2634 1935 3037 2016 promerendi
3081 1935 3473 2016 principium
3509 1954 3523 1998 :

2033 2031 2141 2092 sed
2188 2049 2315 2093 non
2362 2030 2513 2113 quia
2558 2031 3018 2106 benefacimus,
3063 2032 3215 2096 boni
3258 2050 3525 2111 sumus;

2032 2129 2142 2190 sed
2173 2130 2375 2210 magis
2404 2138 2683 2204 econtra,
2707 2131 2859 2211 quia
2887 2131 3039 2194 boni
3070 2150 3316 2205 311111113,
3340 2131 3527 2194 bene-

2031 2225 2304 2290 facimus
2340 2246 2353 2288 :
2392 2245 2543 2309 ergo
2580 2237 2725 2290 ante
2765 2230 3199 2310 operationem
3245 2229 3525 2292 caritatis

2030 2324 2183 2387 boni
2232 2345 2455 2388 sumus
2504 2326 2737 2388 virtute
2788 2345 2900 2389 seu
2947 2327 3170 2390 habitu
3220 2329 3518 2391 caritatis,

2030 2423 2173 2487 Haec
2216 2424 2673 2487 Bonaventura.

2109 2522 2300 2585 Porro
2342 2523 2637 2586 Albertus
2677 2524 2845 2585 circa
2886 2523 3005 2586 ista
3044 2541 3170 2588 non
3210 2525 3333 2587 alia
3373 2525 3524 2588 scri-

2029 2620 2122 2682 bit
2180 2640 2374 2702 quam
2434 2622 2814 2703 praeallegati
2874 2622 3184 2697 doctores,
3236 2625 3347 2686 sed
3405 2641 3522 2706 pro

2030 2726 2297 2800 utraque
2329 2728 2506 2801 parte
2540 2719 2981 2802 multipliciter
3010 2722 3239 2802 arguit,
3272 2730 3335 2783 et
3369 2739 3522 2803 quo-

2016 2817 2321 2878 -rumdam
2392 2817 2759 2898 Magistrum
2826 2819 3233 2900 sequentium
3298 2820 3521 2882 recitat

2027 2915 2384 2996 opinioneS,
2418 2935 2575 2998 quas
2617 2917 2953 2998 reprobat3
2984 2937 3058 2979 ac
3088 2919 3345 2980 tandem
3376 2936 3524 2981 con-

415 3017 660 3079 tionem
703 3017 804 3078 sui
845 3015 1020 3090 finis,
1062 3017 1182 3078 nisi
1227 3025 1556 3080 moveatur
1596 3036 1633 3078 a
1675 3017 1918 3098 superi-
1951 3017 1995 3080 C
2028 3013 2249 3088 cludit,
2282 3015 2577 3095 Magistro
2617 3015 2683 3076 in
2723 3015 2839 3077 hac
2885 3024 3062 3097 parte
3101 3034 3240 3078 esse
3281 3025 3522 3080 contra-

413 3115 536 3189 ori,
569 3134 774 3197 quum
812 3113 966 3177 finis
1006 3114 1089 3177 sit
1129 3115 1420 3197 superior
1451 3116 1588 3199 ipsa
1619 3135 1704 3179 re.
1741 3116 1915 3179 Unde

412 3220 482 3275 et
527 3213 844 3276 naturalia
887 3214 1090 3295 magis
1137 3222 1415 3295 aguntur
1461 3234 1654 3297 quam
1703 3222 1909 3296 agant.

413 3348 498 3358 —
525 3312 672 3375 Haec
715 3312 1081 3375 Richardus.

497 3412 806 3475 Praeterea
845 3411 1283 3473 Bonaventura
1323 3410 1548 3473 scribit
1585 3410 1690 3473 hic
1725 3430 1739 3474 ε
1777 3411 1914 3475 Νο11

415 3510 612 3572 credo
642 3510 813 3591 quod
853 3509 1146 3590 Magister
1185 3510 1305 3573 1106
1343 3510 1532 3572 modo
1571 3510 1764 3572 fuerit
1803 3510 1915 3572 hu-

410 3609 521 3689 jus
563 3608 904 3689 opinionis.
949 3607 1096 3669 Ideo
1133 3608 1591 3669 advertendum
1633 3608 1805 3689 quod
1845 3607 1914 3670 il—

415 3706 528 3768 lud
577 3722 707 3787 quo
754 3705 1104 3786 diligimuS‚
1158 3714 1366 3787 potest
1422 3706 1760 3787 tripliciter
1815 3726 1914 3769 ac—

415 3804 570 3888 cipi.
605 3804 837 3877 Primo‚
878 3803 1176 3866 effective
1212 3824 1225 3868 :
1269 3804 1488 3886 sicque
1530 3804 1756 3867 caritas
1798 3824 1910 3867 seu

411 3921 598 3967 amor
627 3910 724 3965 est
749 3902 1022 3965 effectus
1052 3903 1244 3965 totius
1276 3903 1621 3975 TrinitatiS,
1657 3904 1768 3965 sed
1806 3922 1912 3985 ap-

413 4002 742 4084 propriate
772 4000 1046 4083 Spiritus
1079 4000 1310 4062 Sancti.
1347 4000 1658 4075 Secund0,
1685 4010 1756 4063 ut
1785 4019 1914 4083 quo

412 4099 748 4180 diligimus
795 4098 1246 4180 exemplariter
1298 4118 1312 4161 ε
1365 4099 1585 4180 sicque
1637 4100 1910 4182 Spiritus

2027 3110 2371 3175 dicendum
2407 3130 2420 3175 :
2466 3111 2720 3188 Omnes,
2764 3113 3083 3196 111ᾳυί6113,
3125 3114 3258 3178 fere
3305 3116 3521 3178 melio-

2027 3229 2126 3273 res
2186 3211 2473 3275 doctores
2536 3214 2895 3276 concedunt
2955 3215 3519 3277 contradicendum

2027 3309 2131 3371 hic
2192 3328 2329 3371 6336
2388 3310 2701 3391 Magistro.
2756 3312 2826 3373 In
2885 3312 3311 3374 solutionibus
3368 3330 3519 3375 vero

2024 3417 2546 3489 argumentorum
2605 3410 2894 3491 quaedam
2944 3411 3169 3473 scribit
3217 3412 3514 3487 notanda,

2024 3526 2168 3588 quae
2214 3514 2486 3588 tangam.

2103 3606 2183 3667 At
2229 3624 2381 3668 vero
2428 3606 2710 3687 AEgidius
2760 3626 2954 3689 super
3002 3607 3120 3670 hac
3170 3609 3517 3690 quaestione

2023 3704 2249 3766 scribit
2299 3705 2562 3786 prolixe.
2614 3706 2690 3766 Et
2732 3706 3024 3786 quamvis
3072 3707 3325 3769 tandem
3372 3725 3518 3770 con-

2026 3802 2260 3877 cludat,
2305 3803 2475 3884 quod
2518 3803 2745 3866 caritas
2795 3804 2879 3865 sit
2925 3804 3126 3866 virtus
3176 3814 3386 3867 creata
3426 3806 3517 3868 in-

2024 3901 2292 3976 haerens,
2348 3902 2573 3964 nititur
2622 3908 2833 3963 tamen
2888 3901 3153 3982 probare
3204 3905 3372 3985 quod
3424 3923 3517 3967 ra-

2024 4000 2228 4062 tiones
2287 4020 2325 4062 a
2382 4001 2441 4063 S.
2496 4000 2735 4063 Thoma
2795 4000 2873 4062 ad
2934 4000 3055 4062 hoc
3114 4001 3515 4083 probandum

2027 4098 2321 4173 inductae,
2392 4117 2519 4162 non
2587 4099 2895 4161 exsistant
2969 4100 3231 4175 idoneae,
3298 4109 3515 4184 utpote

414 4198 711 4271 Sanctus,
762 4197 874 4278 qui
931 4205 1038 4263 631,
1086 4197 1237 4259 111110
1285 4198 1482 4259 Patris
1537 4217 1610 4259 ac
1661 4198 1801 4261 Filii
1849 4206 1912 4261 et
1943 4203 1993 4264 D
2023 4198 2193 4278 quod
2226 4206 2404 4259 actus
2446 4214 2571 4260 non
2613 4197 2912 4279 procedat
2950 4198 3029 4259 de
3070 4200 3351 4279 potentia
3390 4201 3513 4263 nisi

415 4314 622 4359 nexus
651 4295 1012 4368 amborum,
1047 4304 1142 4357 est
1180 4296 1390 4358 unitas
1432 4296 1510 4358 ad
1553 4296 1736 4376 cujus
1775 4296 1914 4358 imi-

418 4395 726 4458 tationem
771 4394 1000 4456 caritas
1041 4411 1157 4456 nos
1206 4395 1547 4469 connectit,
1592 4402 1780 4477 prout
1824 4396 1913 4457 di-

119 4517 388 4569 sum-m,
416 4494 590 4557 citur
627 4493 798 4575 apud
833 4493 1138 4555 Ioannem
1175 4511 1189 4554 τ
1225 4493 1299 4556 Ut
1339 4494 1468 4555 sint
1506 4513 1706 4556 unum
1747 4494 1913 4557 sicut

123 4584 189 4623 22.

414 4602 482 4655 et
511 4609 630 4654 nos
669 4610 870 4653 unum
913 4610 1154 4654 sumus,
1190 4592 1420 4666 Tertio,
1453 4593 1617 4655 sicut
1658 4610 1786 4673 quo
1823 4593 1912 4655 di-

415 4693 680 4773 ligimus
719 4690 1072 4753 formaliter
1105 4708 1118 4751 :
1153 4699 1216 4753 61
1255 4691 1346 4753 316
1387 4692 1738 4753 secundum
1781 4693 1914 4773 opi-

413 4792 678 4853 nionem
728 4788 1029 4870 Magistri,
1082 4790 1308 4851 caritas
1367 4798 1461 4852 est
1508 4789 1707 4852 animi
1760 4790 1913 4853 affe·

411 4890 562 4953 ctio.
591 4889 666 4951 Et
699 4889 764 4949 in
797 4887 896 4949 his
927 4888 1228 4951 omnibus
1259 4907 1483 4950 verum
1514 4888 1674 4950 dixit
1705 4908 1912 4970 neque

409 4988 672 5061 erravit,
709 4987 821 5049 sed
864 4986 1085 5047 deficit
1119 5003 1133 5047 :
1177 4986 1328 5068 quia
1373 4995 1601 5067 praeter
1643 4986 1785 5060 hoc,
1818 4996 1908 5049 est

410 5104 652 5170 ponere
703 5084 1033 5147 caritatem
1075 5085 1440 5173 ‘secundum
1503 5102 1910 5146 communem

405 5185 825 5269 positionem,
858 5202 1002 5264 quae
1049 5182 1130 5243 sit
1179 5182 1434 5245 habitus
1485 5192 1734 5244 creatus
1782 5184 1911 5245 ani-

407 5304 582 5347 mam
635 5281 1014 5345 informans.
1061 5280 1136 5341 Et
1185 5280 1344 5343 ratio
1393 5280 1586 5359 hujus
1637 5281 1912 5343 sumitur

2023 4314 2137 4377 per
2186 4296 2457 4359 formam
2515 4314 2628 4358 seu
2683 4296 2972 4358 habitum
3028 4297 3441 4361 inhaerentem
3496 4318 3509 4363 :

2022 4395 2172 4476 quia
2221 4395 2393 4457 Beati
2441 4395 2505 4456 in
2552 4396 2755 4477 patria
2798 4395 3309 4477 contemplantur
3356 4397 3515 4460 divi-

2021 4512 2169 4555 nam
2210 4494 2551 4556 essentiam
2592 4510 2717 4557 11011
2759 4513 2873 4575 per
2911 4495 3191 4575 speciem
3236 4505 3511 4560 creatam

2023 4592 2497 4665 informantem,
2550 4592 2660 4653 sed
2720 4610 2833 4674 per
2890 4593 3011 4655 hoc
3069 4594 3239 4674 quod
3296 4595 3514 4658 divina

2021 4690 2297 4751 essentia
2330 4689 2680 4751 intellectui
2722 4707 2943 4752 eorum
2985 4690 3397 4773 conjungitur
3431 4693 3516 4757 lo-

2023 4806 2096 4851 co
2141 4788 2564 4869 intelligibilis
2604 4788 2826 4853 formae
2862 4809 2875 4853 ε
2918 4806 3069 4871 ergo
3114 4799 3178 4852 et
3221 4792 3514 4855 voluntas

2022 4892 2233 4949 creata
2281 4894 2487 4967 potest
2535 4888 2602 4948 in
2650 4895 2863 4949 actum
2908 4888 3213 4969 diligendi
3260 4891 3514 4971 prodire

2021 5005 2135 5067 per
2174 4985 2294 5047 hoc
2335 4986 2503 5067 quod
2546 4986 2819 5067 Spiritus
2850 4987 3115 5049 Sanctus
3154 4989 3210 5050 61
3254 4989 3516 5068 conjun-

2017 5084 2192 5164 gitur
2236 5084 2374 5147 loco
2418 5085 2699 5146 caritatis
2744 5084 3104 5147 habitualis

2102 5184 2339 5244 Verum
2376 5184 2455 5244 ad
2506 5182 2641 5245 haec
2680 5191 2776 5245 est
2816 5184 3093 5246 breviter
3130 5188 3515 5268 responden-

2021 5282 2200 5354 dum,
2233 5281 2406 5362 quod
2450 5280 2723 5343 rationes
2769 5282 3023 5345 Thomae
3066 5292 3215 5345 sunt
3261 5284 3507 5363 validae,
