4359 6250
632 513 785 560 msr.
818 514 960 563 nvi
996 516 1239 579 smum
1270 513 1494 573 ouxsr.
1524 516 1545 562 1
1573 513 1588 560 ε
1624 514 1825 562 uranu
1857 512 2168 561 vomitus
2207 512 2599 563 semermium
2635 510 2738 563 nm
2775 510 3012 565 smirna
3049 517 3391 565 memnon
3447 492 3568 563 625

1041 761 1399 825 SUMMA

522 934 1027 991 DlSTlNCTIONIS
1066 934 1349 1001 QUADRA
1360 935 1635 990 GESIMAE
1673 934 1909 991 SEXTAE

546 1207 567 1236 A
628 1174 745 1236 hac
775 1173 1178 1237 distinctione
1211 1174 1450 1237 inducit
1478 1174 1771 1255 Magister
1801 1192 1964 1255 quae·

574 1272 811 1335 stiones
874 1293 1015 1355 qua)
1074 1293 1150 1335 ex
1209 1271 1527 1355 praedictis
1590 1280 1958 1345 nascuntur,

464 1372 622 1453 quia
658 1372 999 1454 Scripturae
1038 1372 1359 1435 canonicae
1388 1372 1595 1434 varias
1636 1372 1962 1434 continent

463 1471 872 1533 auctoritates
916 1471 993 1533 de
1034 1470 1149 1532 Dei
1193 1471 1514 1533 voluntate
1565 1490 1706 1552 quae
1757 1470 1962 1551 prima

463 1568 631 1631 facie
678 1569 799 1631 sibi
860 1570 1139 1632 invicem
1186 1569 1483 1631 videntur
1531 1588 1669 1631 esse
1718 1576 1961 1631 contra-

463 1668 579 1731 riae
630 1688 645 1731 z
696 1668 759 1730 in
809 1668 1133 1749 aliquibus
1190 1669 1427 1730 etenim
1485 1668 1739 1741 dicitur,
1790 1668 1959 1749 quod

460 1765 759 1828 voluntas
816 1767 928 1828 Dei
989 1785 1243 1847 semper
1301 1765 1627 1847 impletur,
1678 1772 1741 1827 et
1790 1766 1961 1846 quod

1990 685 2042 747 A
2073 705 2289 749 meum
2329 687 2541 761 stabit,
2575 696 2639 750 et
2677 688 2884 751 omnis
2915 689 3207 753 voluntas
3249 708 3390 751 mea
3429 688 3560 751 fiet.

2072 784 2147 846 Et
2178 786 2332 848 item
2373 805 2486 868 per
2514 787 2850 849 Jeremiam
2886 807 2900 851 ε
2936 787 3085 861 Quis
3123 788 3354 849 similis
3393 788 3565 851 mei?
3619 804 3844 861 :er-anx,

2071 890 2135 944 et
2183 884 2327 964 quis
2386 884 2727 947 sustinebit
2786 889 2942 947 me?
2990 893 3052 947 et
3102 886 3246 967 quis
3305 894 3400 949 est
3449 886 3564 949 iste
3596 870 3660 913 ¹⁹·

2071 988 2287 1061 pastor
2335 982 2443 1063 qui
2496 982 2744 1044 resistat
2791 982 2998 1044 vultui
3049 986 3236 1045 meo?
3285 984 3354 1045 ln
3401 983 3566 1046 libro

2074 1096 2328 1161 quoque
2359 1080 2584 1143 Esther
2621 1080 2853 1161 legitur
2886 1098 2899 1141 :
2936 1080 3200 1143 Domine
3231 1082 3420 1156 Deus,
3454 1101 3563 1145 rex
3591 1098 3858 1155 Bahman,

2072 1178 2503 1258 omnipotenS,
2556 1178 2621 1239 in
2674 1178 2914 1240 ditione
2964 1186 3072 1241 tua
3129 1187 3359 1241 cuncta
3415 1187 3565 1242 sunt
3591 1166 3633 1206 ⁹·

2074 1276 2299 1357 posita,
2331 1284 2394 1338 et
2423 1294 2550 1339 non
2589 1284 2685 1338 est
2717 1277 2827 1358 qui
2870 1285 2992 1341 tuae
3034 1277 3234 1359 possit
3271 1278 3564 1341 resistere

2072 1373 2404 1436 voluntati.
2440 1375 2595 1437 ltem
2631 1392 2882 1456 quoque
2913 1375 2980 1437 in
3013 1376 3260 1438 Psalmo
3293 1395 3307 1439 :
3343 1376 3566 1439 Omnia
3609 1392 3855 1445 pamm,

2073 1490 2496 1554 quaecumque
2525 1473 2727 1536 voluit
2755 1473 3064 1535 Dominus
3105 1474 3259 1536 fecit
3295 1476 3361 1536 in
3404 1475 3566 1538 coelo
3593 1458 3634 1498 ⁶·

2074 1578 2135 1631 et
2181 1570 2248 1631 in
2290 1577 2475 1634 terra.

2151 1670 2222 1731 ln
2259 1671 2625 1751 oppositum
2665 1676 2782 1745 est,
2817 1671 2986 1753 quod
3029 1690 3143 1753 per
3179 1672 3405 1734 Isaiam
3447 1673 3564 1736 Do·

2076 1768 2289 1829 minus
2346 1768 2432 1831 ait
2483 1768 2721 1851 iniquis
2775 1787 2788 1831 :
2841 1770 2988 1844 Quae
3038 1770 3212 1832 nolui
3261 1770 3561 1851 elegistis,
3593 1787 3770 1839 Imm,
3791 1790 3855 1831 12.

464 1864 683 1927 nullus
712 1864 770 1926 ei
812 1864 1011 1947 possit
1051 1864 1381 1942 resistere3
1425 1864 1489 1925 in
1530 1863 1674 1926 aliis
1716 1864 1959 1926 inveni·
1995 1864 2043 1927 B
2072 1866 2311 1929 Rursus
2369 1886 2482 1949 per
2541 1867 2936 1930 Ezechielem
2992 1868 3298 1932 Dominus
3357 1878 3566 1933 conte-

462 1971 571 2023 tur
599 1962 984 2045 oppositum.
1020 1964 1191 2024 Hanc
1222 1980 1372 2044 ergo
1400 1962 1837 2045 quaestionem,
1873 1962 1962 2024 vi·

463 2060 719 2135 delicet,
750 2081 831 2124 an
874 2062 1166 2124 voluntas
1215 2060 1598 2142 beneplaciti
1639 2060 1749 2122 Dei
1800 2078 1963 2122 sem-

463 2177 583 2240 per
630 2158 992 2241 impleatur,
1038 2166 1249 2221 movet
1296 2159 1609 2239 Magister,
1649 2166 1712 2219 et
1753 2158 1962 2239 arguit

463 2258 545 2319 ad
608 2264 851 2339 partem
914 2266 1271 2339 utramque,
1332 2266 1394 2319 et
1452 2256 1657 2318 solvit.
1722 2256 1959 2318 Deinde

466 2354 757 2437 inquirit,
798 2376 879 2419 an
928 2357 1095 2418 Deus
1143 2355 1297 2418 velit
1346 2353 1490 2417 fieri
1541 2355 1725 2429 mala,
1768 2362 1832 2416 et
1878 2373 1959 2415 an

466 2455 603 2536 ipse
633 2455 718 2517 sit
746 2474 937 2517 causa
968 2454 1302 2529 malorum,
1331 2460 1393 2516 et
1424 2454 1575 2515 item
1606 2472 1686 2515 an
1718 2453 1956 2517 bonum

464 2554 550 2615 sit
591 2551 736 2615 fieri
780 2553 963 2615 mala.

770 2878 1243 2952 QUAESTIO
1322 2877 1655 2944 PRIMA

599 3145 879 3210 'Uaeritur
908 3163 1057 3226 ergo
1088 3144 1315 3226 prim0,
1349 3145 1641 3210 ‘Utrum
1680 3144 1955 3210 volun-

474 3143 603 3344 Q
628 3247 761 3312 tas
786 3243 1265 3325 beneplao1t1
1294 3241 1441 3309 Dei
1471 3257 1783 3323 semper
1810 3244 1956 3309 1m-

466 3343 809 3425 pleatur.

546 3443 623 3505 Et
652 3442 841 3505 facile
880 3449 977 3503 est
1006 3459 1121 3522 per
1158 3441 1430 3504 rationes
1460 3449 1519 3502 et
1551 3441 1955 3504 auctoritates

464 3541 735 3624 probare
785 3540 953 3622 quod
1011 3538 1161 3601 imo,
1213 3539 1442 3612 Primo,
1495 3539 1787 3602 voluntas
1844 3539 1955 3601 Dei

464 3646 563 3702 est
608 3637 1071 3720 omnipotentia
1117 3637 1279 3718 ejus,
1325 3637 1413 3699 ita
1457 3637 1627 3718 quod
1677 3636 1813 3718 ipsa
1862 3644 1958 3700 est

465 3756 617 3800 vere
661 3737 1064 3819 omnipotens
1106 3754 1179 3798 ac
1224 3753 1481 3818 prorsus
1532 3735 1801 3798 infinitae
1852 3752 1959 3817 po-

464 3835 682 3898 tentiae
716 3853 730 3897 ε
764 3851 913 3914 ergo
953 3832 1403 3896 efficacissima
1440 3840 1555 3908 est,
1588 3852 1661 3895 ac
1706 3831 1955 3896 infinite

464 3933 787 4017 potentior
824 3931 1000 3995 omni
1049 3939 1356 4014 potestate
1398 3939 1622 3993 creata.
1665 3931 1765 3993 Nil
1807 3949 1957 4013 ergo

462 4031 523 4094 ei
553 4031 723 4096 valet
752 4030 1213 4104 resistere,imo
1244 4029 1540 4091 universa
1569 4029 1762 4091 simul
1792 4049 1957 4091 sum-

463 4138 595 4214 pta,
656 4137 950 4212 respectu
1012 4128 1213 4210 ipsius
1278 4126 1721 4189 infirmissima
1781 4135 1947 4190 sunt.

2072 1972 2273 2026 statur
2308 1982 2321 2026 :
2355 1965 2626 2039 Quaesivi
2670 1966 2880 2028 virum
2926 1967 3038 2049 qui
3082 1974 3274 2029 staret
3316 1967 3568 2048 opposi-
3646 1984 3820 2027 ezech.

2069 2070 2173 2124 tus
2204 2063 2388 2137 mihi,
2422 2070 2485 2126 et
2516 2064 2946 2146 interponeret
2975 2084 3042 2127 se
3075 2072 3294 2127 contra
3326 2084 3449 2139 me,
3485 2083 3565 2127 ne
3594 2058 3695 2098 “¹¹⁹
3723 2050 3788 2089 ³⁰·

2070 2158 2450 2241 dissiparem
2501 2169 2751 2224 terram.
2795 2162 2956 2243 Ergo
3003 2162 3123 2225 viri
3171 2163 3374 2225 sancti
3423 2180 3566 2245 pos-

2070 2265 2219 2318 sunt
2253 2258 2358 2321 irae
2389 2268 2453 2322 et
2482 2260 2792 2321 voluntati
2829 2260 2939 2321 Dei
2981 2260 3273 2323 resistere
3303 2279 3377 2323 ac
3409 2280 3565 2343 prae-

2069 2355 2298 2417 valere.
2334 2357 2508 2419 Unde
2538 2358 2616 2419 ad
2645 2358 2980 2420 Jeremiam
3011 2358 3319 2421 Dominus
3350 2359 3512 2420 dixit
3545 2378 3560 2423 ε

2068 2454 2205 2515 Non
2247 2454 2519 2517 obsistas
2566 2456 2762 2535 mihi3
2802 2463 2992 2539 atque
3034 2457 3112 2519 ad
3156 2457 3430 2539 Moysen,
3466 2456 3565 2519 Di·
3590 2472 3857 2525 aoranae.

2072 2552 2252 2614 mitte
2295 2572 2418 2627 me,
2453 2561 2523 2615 ut
2563 2555 2868 2617 irascatur
2908 2553 3084 2617 furor
3125 2574 3306 2618 meus
3345 2562 3564 2619 contra
3590 2536 3817 2651 ,ζῖᾞά

2067 2650 2346 2733 iniquos,
2379 2660 2442 2713 ct
2485 2652 2728 2715 deleam
2773 2670 2899 2717 eos.
2933 2690 3012 2699 —
3040 2654 3344 2717 Praeterea
3388 2653 3562 2716 Chri-

2068 2756 2204 2811 stus
2255 2750 2321 2811 in
2371 2750 2712 2831 Evangelio
2758 2751 2847 2813 ait
2891 2768 2904 2813 :
2947 2751 3082 2814 Non
3132 2759 3228 2813 est
3269 2745 3562 2814 voluntas
3645 2766 3822 2811 Macen.

2066 2856 2213 2911 ante
2261 2848 2505 2911 Patrem
2557 2857 2842 2911 vestrum
2891 2858 2962 2912 ut
3005 2857 3221 2931 pereat
3269 2869 3434 2912 unus
3483 2851 3562 2912 de
3591 2845 3708 2883 '‘w''
3755 2834 3819 2875 ¹⁴·

2068 2946 2324 3029 pusillis
2365 2947 2522 3010 istis,
2557 2947 2770 3010 Nihilo
2810 2947 3024 3009 minus
3065 2947 3250 3009 multi
3294 2956 3562 3030 pereunt

1994 3045 2037 3109 C
2071 3045 2472 3128 pusillorum.
2518 3046 2632 3107 Per
2675 3045 3070 3108 Ezechielem
3113 3046 3305 3108 etiam
3357 3054 3562 3129 prote-

2070 3152 2271 3206 statur
2323 3165 2336 3209 :
2387 3145 2542 3208 Nolo
2593 3152 2861 3208 mortem
2914 3145 3286 3227 peccatoris,
3331 3148 3442 3208 sed
3492 3154 3564 3209 ut
3639 3160 3813 3207 uzeca.

2069 3251 2474 3306 convertatur
2516 3251 2579 3306 et
2619 3244 2810 3306 vivat.
2855 3243 3033 3306 Multi
3084 3252 3296 3307 tamen
3345 3263 3564 3327 pecca·
3588 3237 3734 3277 ‘¹¹⁰¹'
3775 3230 3840 3269 ¹¹·

2069 3349 2236 3404 tores
2269 3343 2628 3404 moriuntur
2661 3350 2862 3406 morte
2893 3342 3098 3424 culpae
3128 3361 3200 3405 ac
3231 3342 3560 3406 infernalis

2070 3439 2360 3502 miseriae.
2403 3441 2636 3502 Iterum
2688 3458 2801 3521 per
2843 3441 3138 3502 eumdem
3187 3440 3558 3521 Prophetam

2068 3538 2375 3601 Dominus
2432 3536 2636 3600 fassus
2689 3545 2785 3600 est
2836 3555 2850 3599 :
2902 3537 3226 3620 Numquid
3277 3539 3563 3602 volunta·
3604 3555 3850 3609 mama,

2068 3637 2149 3698 tis
2211 3655 2366 3699 meae
2415 3644 2511 3699 est
2571 3654 2739 3699 mors
2797 3636 3006 3717 impii,
3059 3644 3121 3698 et
3168 3654 3296 3699 non
3355 3637 3556 3718 magis
3587 3619 3654 3662 ²³·

2067 3743 2138 3796 ut
2180 3742 2584 3799 convertatur
2625 3741 2688 3796 et
2725 3732 2940 3801 vivat?
2971 3733 3130 3796 Hinc
3172 3734 3260 3796 ait
3295 3734 3558 3816 Aposto-

2068 3833 2167 3896 lus
2202 3853 2216 3897 :
2249 3834 2415 3895 Deus
2445 3831 2584 3894 vult
2611 3847 2834 3894 omnes
2867 3831 3013 3894 fieri
3047 3832 3276 3907 salvoe,
3309 3841 3427 3894 etc.
3462 3833 3556 3896 Ad
3588 3842 3849 3895 Uim-112⁴-

2065 3931 2186 3994 hoc
2216 3932 2406 3993 etiam
2438 3931 2504 3992 in
2535 3937 2710 3993 textu
2739 3930 3046 4011 allegatur
3073 3932 3244 4014 quod
3269 3931 3555 3994 Christus

2067 4031 2130 4091 in
2172 4029 2514 4110 Evangelio
2552 4029 2640 4092 ait
2676 4028 2906 4092 Judaeis
2940 4046 2954 4090 :
2985 4029 3353 4103 Jerusalem,
3381 4030 3555 4092 Jeru-
3634 4039 3811 4084 Maseli.

2066 4128 2548 4211 salem‚quoties
2579 4127 2750 4190 volui
2783 4144 3162 4209 congregare
3191 4121 3364 4190 filios
3393 4135 3551 4205 tuoS,
3578 4118 3694 4156 “¹¹¹''
3725 4105 3792 4146 ³⁷⁸

462 4265 545 4276 —-
600 4229 913 4300 Secundo,
973 4227 1181 4290 omnis
1245 4233 1519 4308 potestas
1582 4234 1791 4288 creata
1853 4227 1951 4288 in·
1983 4224 2034 4285 D
2065 4234 2210 4302 etc.,
2245 4234 2308 4288 et
2348 4225 2664 4290 noluisti?

464 4328 830 4391 desinenter
884 4326 1199 4408 dependet
1253 4324 1333 4386 ab
1392 4325 1551 4406 ipsa,
1602 4333 1664 4387 et
1711 4325 1764 4387 si
1817 4326 1956 4407 ipsa

465 4425 1003 4490 conservationem
1031 4432 1221 4506 atque
1250 4422 1347 4486 inf
1350 4423 1569 4484 luxum
1599 4443 1787 4486 suum
1815 4423 1958 4486 sub-

465 4525 749 4599 traxerit,
812 4523 1021 4586 omnis
1086 4529 1295 4585 creata
1361 4529 1637 4603 potestas
1696 4539 1953 4585 omnem

468 4641 616 4686 mox
645 4623 929 4704 vigorem
959 4640 1149 4684 suum
1178 4620 1442 4682 amittet.
1463 4620 1793 4694 —Terti0,
1816 4621 1956 4683 nul-

466 4723 567 4785 lus
624 4721 907 4805 perfecte
965 4719 1187 4781 beatus
1242 4726 1359 4793 est,
1420 4717 1606 4799 cujus
1662 4719 1955 4782 voluntas

465 4838 593 4884 non
635 4825 841 4901 potest
870 4837 987 4880 nec
1025 4817 1215 4879 habet
1245 4817 1413 4900 quod
1454 4825 1628 4898 optat
1657 4825 1766 4879 aut
1797 4817 1951 4880 vult.

466 4919 669 4992 Quum
726 4934 875 4999 ergo
931 4916 1097 4978 Deus
1156 4916 1444 4978 excelsus
1492 4923 1555 4977 et
1602 4916 1957 4979 adorandus

467 5017 549 5080 sit
594 5016 1017 5080 essentialiter
1073 5013 1755 5097 interminabiliterque
1812 5014 1958 5077 bea-

470 5125 593 5191 tus,
612 5121 859 5179 constat
889 5114 1059 5197 quod
1090 5112 1297 5176 omnis
1326 5113 1465 5194 ejus
1495 5113 1787 5176 voluntas
1818 5113 1952 5175 fiat.

470 5217 691 5278 —Hoc
722 5231 976 5298 quoque
1006 5219 1316 5274 testantur
1344 5211 1701 5293 Scripturae.
1718 5211 1959 5293 Nempe

146 5335 443 5384 tasnato.
474 5334 587 5398 per
627 5313 851 5376 Isaiam
894 5311 1201 5373 Dominus
1245 5308 1526 5391 loquitur
1558 5325 1572 5370 ε
1607 5309 1958 5372 Consilium

720 5445 784 5500 T.
820 5445 900 5497 20.

2144 4421 2237 4484 Ad
2271 4422 2438 4484 istud
2469 4421 2808 4503 respondet
2837 4420 3132 4484 Albertus
3161 4441 3174 4485 :
3200 4421 3558 4486 Solutiones

2064 4520 2342 4602 Magistri
2373 4538 2565 4601 super
2593 4519 3077 4582 auctoritatibus
3110 4519 3268 4594 istis,
3303 4521 3370 4582 in
3399 4520 3558 4585 duos

2066 4619 2334 4681 redeunt
2382 4618 2622 4680 modos.
2665 4617 2913 4680 Primus
2957 4625 3072 4691 est,
3115 4619 3282 4700 quod
3333 4618 3398 4680 in
3447 4618 3562 4681 hu-

2064 4717 2420 4799 juscemodi
2480 4715 2966 4778 auctoritatibus
3026 4715 3192 4778 Deus
3254 4715 3556 4791 insinuat,

2068 4823 2453 4898 peccatoreS,
2515 4821 2825 4896 quantum
2888 4813 2953 4874 in
3014 4813 3169 4894 ipsis
3228 4810 3370 4888 fuit,
3434 4814 3561 4879 sibi

2068 4913 2398 4986 restitisse,
2431 4931 2558 4976 non
2589 4919 2801 4973 tamen
2843 4910 3124 4992 potuisse
3166 4911 3504 4991 praevalere
3539 4932 3554 4977 :

2068 5014 2157 5075 ita
2195 5014 2363 5094 quod
2403 5009 2628 5074 salvati
2666 5016 2836 5082 sunt,
2870 5009 2997 5071 Deo
3027 5009 3278 5072 volente
3315 5018 3379 5072 et
3415 5011 3557 5091 ejus

2069 5111 2392 5174 voluntate
2449 5107 2852 5192 praevalente,
2903 5123 3339 5189 quoscumque
3388 5109 3555 5171 vole-

2069 5209 2177 5271 bat
2206 5209 2467 5271 salvarc.
2503 5205 2832 5270 Secundus
2871 5204 3096 5266 modus
3135 5212 3252 5279 est,
3284 5206 3452 5287 quod
3489 5207 3555 5268 in

2068 5306 2284 5371 verbis
2321 5305 2448 5368 illis
2479 5302 2786 5385 Apostoli,
2820 5302 2985 5363 Deus
3014 5301 3153 5364 vult
3187 5319 3406 5364 omnes
3448 5304 3556 5366 ho·
3585 5315 3846 5368 trimam.

3247 5437 3313 5488 40
