4359 6250
889 460 1008 526 174

1541 481 1604 527 m
1646 480 1868 527 Lmnmt
1911 479 1932 525 1
1975 478 2458 525 SENTENTIARUM.
2505 494 2587 507 --·
2624 479 2778 525 msT.
2824 483 3011 545 xxn’3
3056 484 3279 539 QUAEST.
3326 485 3348 530 1

885 649 1096 712 unitas
1127 669 1270 731 quae
1300 649 1392 712 sic
1423 656 1518 711 est
1549 648 1944 731 principium
1975 646 2251 719 numeri,
2285 653 2382 709 est
2410 648 2462 710 A
2493 648 2679 712 nobis
2718 650 2844 713 nisi
2886 670 2999 733 per
3040 652 3406 734 posteriora.
3441 653 3631 715 Porro
3666 652 3991 735 loquendo

885 748 952 809 in
993 749 1140 810 Deo,
1178 748 1468 810 Secundo
1506 747 1622 821 sic,
1655 745 1825 828 quod
1865 746 2076 807 unitas
2114 745 2198 808 sit
2236 763 2381 826 pars

884 846 1136 907 numeri
1168 846 1548 928 simpliciter
1582 864 1595 907 :
1630 853 1692 908 et
1733 845 1825 907 sic
1864 845 2074 906 unitas
2113 863 2255 925 quae
2286 851 2381 905 est

884 945 952 1007 in
985 946 1133 1019 Dec,
1157 962 1284 1008 non
1317 952 1412 1007 est
1443 944 1835 1026 principium
1867 942 2381 1015 numeri.Quam-

883 1044 982 1105 vis
1012 1043 1184 1104 enim
1218 1042 1284 1104 in
1316 1043 1442 1105 Deo
1475 1042 1558 1104 sit
1589 1059 1894 1104 numerus
1939 1058 2376 1123 personarum,

884 1158 1012 1204 non
1053 1148 1265 1203 tamen
1305 1148 1398 1203 est
1430 1140 1498 1201 in
1528 1158 1604 1203 eo
1634 1158 1938 1202 numerus
1974 1138 2376 1219 simpliciter,

884 1247 954 1301 ut
1001 1239 1168 1301 infra
1229 1239 1486 1322 patebit.
1542 1239 1828 1319 Denique
1888 1237 2097 1300 unitas
2145 1237 2258 1299 Dei
2316 1245 2379 1298 et

885 1338 1094 1400 unitas
1126 1344 1426 1400 creaturae
1455 1354 1584 1399 non
1615 1337 2009 1399 constituunt
2039 1354 2379 1398 numerum

885 1435 1282 1517 simpliciter.
1320 1436 1466 1508 Quae
1498 1454 1773 1515 namque
1805 1434 2203 1497 constituunt
2232 1434 2381 1495 sim-

885 1534 1140 1615 pliciter
1168 1553 1509 1596 numerum
1552 1534 1974 1595 univocantur
2005 1534 2071 1594 in
2111 1532 2327 1613 aliquo
2361 1548 2375 1593 :

884 1633 1037 1714 quia
1065 1651 1485 1715 quaecumque
1527 1632 1909 1713 simpliciter
1937 1637 2376 1701 numerantur,

885 1731 1006 1793 sub
1038 1732 1364 1794 communi
1394 1731 1608 1812 aliquo
1639 1738 2073 1793 numerantur.
2110 1731 2239 1792 Deo
2271 1750 2379 1792 au-

2489 748 2567 809 de
2612 766 2739 810 uno
2782 758 3089 831 quantum
3135 752 3212 813 ad
3262 770 3396 813 rem
3448 751 3857 825 intellectam,
3891 752 3991 814 sic

2494 844 2559 906 in
2590 846 2779 909 rebus
2811 847 3221 911 inferioribus
3251 849 3443 911 habet
3472 858 3827 931 respectum
3858 857 3991 911 tam

2492 945 2570 1007 ad
2602 946 2931 1007 materiam
2962 965 3153 1027 quam
3186 948 3263 1009 ad
3296 946 3565 1010 formam
3603 966 3618 1009 :
3649 956 3711 1009 et
3742 947 3991 1011 ratione

2490 1051 2819 1124 respectus
2866 1045 2945 1106 ad
2993 1046 3347 1119 materiam,
3380 1054 3478 1108 est
3526 1046 3594 1107 in
3642 1064 3709 1108 se
3760 1044 3993 1108 indivi-

2492 1160 2655 1214 sum,
2708 1143 2992 1222 potentia
3048 1151 3261 1205 tamen
3309 1143 3676 1223 divisibile3
3722 1151 3787 1205 et
3833 1144 3995 1226 quia

2491 1239 2774 1319 potentia
2822 1241 3165 1303 materialis
3211 1260 3279 1304 se
3327 1242 3517 1303 habet
3562 1260 3677 1323 per
3724 1243 3993 1304 modum

2492 1337 2887 1418 privationis,
2952 1339 3191 1403 idcirco
3249 1347 3313 1401 et
3370 1359 3571 1402 unum
3632 1341 3990 1403 secundum

2492 1434 2687 1496 istum
2732 1444 3114 1518 respectum.
3150 1438 3412 1500 Ratione
3458 1456 3609 1501 vero
3659 1445 3993 1520 respectus

2490 1534 2568 1595 ad
2618 1533 2911 1609 formam,
2962 1556 3104 1617 quae
3152 1536 3257 1597 dat
3316 1554 3453 1598 esse
3502 1536 3877 1598 distinctum
3924 1544 3995 1597 et

2492 1631 2856 1705 limitatum,
2885 1634 2977 1695 sic
3010 1654 3207 1696 unum
3243 1636 3397 1698 dicit
3426 1635 3584 1716 quid
3614 1635 3993 1716 positivum,

2490 1731 2788 1793 videlicet
2828 1751 2967 1795 esse
3007 1733 3286 1796 divisum
3331 1734 3411 1796 ab
3455 1734 3617 1797 aliis.
3653 1735 3997 1815 Quumque

883 1837 1014 1891 tem
1045 1837 1109 1891 et
1140 1837 1442 1891 creaturae
1476 1828 1638 1890 nihil
1670 1836 1768 1891 est
1806 1846 2168 1901 commune,
2204 1826 2378 1889 simi·
2416 1826 2463 1887 B
2496 1829 2557 1890 in
2603 1831 2732 1892 Deo
2772 1830 2936 1891 nihil
2976 1831 3059 1893 sit
3102 1832 3449 1907 materiale,
3484 1833 3595 1895 sed
3638 1832 3996 1894 formalitas

887 1928 1032 1989 liter
1059 1947 1178 1990 nec
1210 1928 1438 1990 unitati
1469 1927 1581 1989 Dei
1614 1934 1677 1990 et
1715 1934 2036 1989 creaturae.
2073 1927 2219 1989 Ideo
2251 1944 2379 1989 non

885 2034 980 2089 est
1039 2026 1295 2109 proprie
1349 2025 1828 2089 concedendum
1876 2026 2045 2106 quod
2105 2027 2271 2087 Deus
2318 2032 2383 2086 et

886 2126 1048 2207 lapis
1091 2126 1219 2187 sint
1261 2126 1408 2199 duo,
1442 2124 1736 2206 quamvis
1775 2124 1941 2186 Deus
1981 2124 2064 2186 sit
2107 2144 2273 2186 unus
2316 2132 2380 2185 et

886 2224 1048 2306 lapis
1078 2225 1160 2287 sit
1192 2244 1380 2297 ιιῃιιε,
1415 2224 1540 2285 nisi
1581 2240 1656 2285 eo
1687 2223 1874 2286 modo
1903 2241 2030 2305 quo
2069 2222 2381 2303 contingit

883 2323 1099 2405 aliqua
1127 2322 1448 2384 numerari
1491 2321 1610 2384 sub
1645 2339 1772 2384 uno
1813 2322 2139 2385 communi
2178 2322 2256 2383 de
2286 2321 2380 2383 eis

885 2423 1208 2503 analogice
1250 2422 1438 2485 dicto.
1487 2422 1630 2484 Haec
1672 2420 2044 2483 Richardus.

963 2521 1401 2583 Bonaventura
1450 2520 1710 2582 demum
1746 2537 1760 2581 ε
1795 2519 2247 2593 Quorumdam,
2289 2520 2383 2581 in-

884 2618 1046 2701 quit,
1097 2626 1160 2681 et
1209 2618 1560 2701 praesertim
1607 2618 1908 2698 Magistri,
1964 2617 2088 2679 fuit
2135 2618 2377 2700 opinio,

885 2717 1056 2799 quod
1087 2716 1402 2798 quidquid
1441 2716 1524 2778 sit
1561 2717 1640 2778 de
1672 2717 1794 2778 hoc
1835 2716 2117 2789 nomine,
2153 2735 2377 2789 unum,

886 2816 952 2877 in
993 2815 1322 2889 creaturiS,
1359 2816 1425 2876 in
1465 2816 1594 2877 Deo
1633 2832 1760 2877 non
1799 2814 2046 2875 dicatur
2085 2813 2377 2896 positive,

885 2915 995 2976 sed
1029 2914 1339 2997 privative
1370 2914 1714 2975 dumtaxat.
1754 2912 1828 2973 Et
1866 2913 2134 2975 assumit
2167 2919 2382 2975 aucto-

887 3014 1138 3075 ritatem
1188 3031 1225 3074 a
1272 3013 1330 3075 S.
1367 3012 1623 3085 Hilario,
1666 3011 1960 3093 quamvis
2010 3011 2116 3073 ille
2165 3018 2382 3093 aperte
2419 3012 2462 3075 C
2493 3020 2705 3075 tamen
2764 3012 3017 3075 realiter
3067 3014 3359 3075 consistit
3409 3013 3643 3095 positio

886 3129 1015 3174 non
1047 3111 1216 3174 dicat
1255 3111 1397 3184 hoc,
1433 3111 1543 3174 sed
1584 3110 1672 3172 ait
1711 3109 1882 3193 quod
1920 3110 2150 3173 horum
2181 3110 2383 3173 nomi-

886 3229 1044 3272 num
1093 3231 1246 3272 usus
1296 3211 1592 3273 inventus
1635 3217 1730 3272 est
1775 3209 1974 3290 magis
2025 3228 2217 3271 causa
2258 3210 2383 3291 pri-

886 3309 1076 3371 vandi
1114 3327 1306 3390 quam
1336 3307 1615 3390 ponendi
1646 3308 1994 3390 quidquam
2027 3308 2092 3369 in
2123 3309 2270 3371 Deo.
2308 3309 2383 3370 Et

886 3407 1046 3469 ratio
1093 3406 1217 3469 fuit
1264 3406 1563 3487 Magistri,
1610 3405 1913 3488 quoniam
1962 3425 2164 3468 unum
2214 3407 2381 3489 posi-

885 3506 1014 3568 tive
1053 3513 1405 3588 sumptum,
1441 3505 1831 3587 principium
1873 3514 1969 3567 est
2008 3505 2381 3587 quantitatis

884 3625 958 3668 ac
991 3605 1278 3684 numeri3
1312 3606 1478 3667 Deus
1509 3612 1724 3666 autem
1757 3605 1822 3665 in
1861 3623 1928 3666 se
1959 3605 2379 3686 quantitatem

887 3722 1012 3766 non
1061 3703 1272 3778 habet,
1306 3722 1514 3785 neque
1565 3703 1630 3764 in
1679 3721 1746 3765 se
1794 3710 1890 3764 est
1936 3702 2379 3777 numerabiliS,

885 3822 1004 3866 nec
1046 3801 1585 3866 connumerabilis
1624 3801 1785 3864 aliis.
1825 3801 1900 3863 Et
1937 3801 2232 3883 quamvis
2273 3819 2382 3883 po-

884 3902 1035 3964 sitio
1072 3902 1194 3964 ista
1229 3901 1521 3964 videatur
1559 3900 1932 3982 probabiliS,
1968 3907 2179 3962 tamen
2215 3918 2383 3963 com-

887 4001 1167 4063 muniter
1226 4017 1354 4062 non
1412 4007 1666 4062 tenetur
1727 4016 1741 4061 :
1805 3998 2107 4081 quoniam
2171 3999 2381 4061 unitas

888 4099 1091 4161 multo
1132 4098 1476 4181 perfectius
1516 4097 1710 4159 estin
1750 4098 1881 4160 Deo
1917 4115 2112 4178 quam
2156 4097 2220 4159 in
2253 4115 2383 4158 cre·

2493 1946 2743 1990 summa
2772 1936 2837 1989 et
2875 1929 3151 1992 maxime
3190 1931 3478 2005 actualis,
3514 1950 3715 1993 unum
3757 1930 3822 1991 in
3858 1930 3997 1991 Deo

2491 2044 2620 2089 non
2669 2027 2792 2089 nisi
2845 2028 3116 2109 positive
3166 2028 3515 2111 accipitur3
3567 2029 3633 2091 in
3680 2028 3997 2091 creaturis

2492 2133 2725 2198 autem,
2748 2125 2815 2187 in
2843 2125 3081 2207 quibus
3107 2127 3457 2189 attenditur
3486 2127 3835 2189 secundum
3870 2124 3999 2188 for-

2494 2242 2661 2285 mam
2693 2232 2884 2306 atque
2925 2226 3278 2300 materiam,
3314 2226 3634 2288 interdum
3670 2224 3999 2306 accipitur

2493 2322 2786 2403 positive,
2820 2322 3165 2404 aliquando
3201 2324 3533 2405 privative.
3568 2358 3648 2368 —
3678 2323 3741 2385 Si
3771 2330 3995 2384 autem

2493 2419 2855 2499 objiciatur,
2890 2422 3060 2503 quod
3112 2441 3313 2483 unum
3362 2439 3490 2484 non
3534 2430 3631 2484 est
3682 2420 3998 2503 principi-

2494 2538 2605 2579 um
2636 2518 3014 2580 numerandi
3048 2520 3113 2581 in
3156 2521 3305 2592 Deo,
3338 2538 3489 2600 ergo
3527 2538 3654 2582 non
3690 2519 3999 2582 convenit

2494 2617 2549 2678 ei
2598 2634 2611 2678 :
2655 2616 3021 2689 dicendum,
3065 2618 3235 2699 quod
3284 2638 3484 2680 unum
3533 2617 3689 2680 dicit
3732 2618 4001 2700 privati-

2494 2734 2680 2779 onem
2742 2715 3173 2779 multitudinis
3213 2718 3565 2779 secundum
3627 2716 3997 2797 generalem

2493 2814 2593 2877 sui
2642 2814 2922 2877 nominis
2972 2815 3322 2894 rationem3
3373 2816 3483 2877 sed
3534 2815 3804 2898 privatio
3852 2814 3994 2887 illa,

2493 2914 2787 2996 quamvis
2850 2914 3108 2976 nomine
3178 2922 3364 2977 tenus
3426 2923 3629 2978 exstet
3690 2915 3993 2997 privatio,

3694 3032 3708 3075 ε
3761 3014 3997 3095 quoni-

2491 3131 2594 3174 am
2636 3118 2874 3194 quanto
2914 3111 3060 3194 plus
3100 3120 3196 3174 est
3236 3112 3509 3195 privatio
3544 3111 3880 3175 divisionis
3924 3112 3995 3176 in

2492 3211 2727 3293 aliquo,
2780 3217 2955 3273 tanto
3008 3211 3073 3273 in
3120 3229 3197 3274 eo
3243 3218 3341 3274 est
3399 3212 3603 3293 major
3654 3211 3993 3294 perfectio.

2493 3311 2827 3391 Quumque
2869 3310 2934 3372 in
2966 3310 3095 3372 Deo
3124 3311 3207 3372 sit
3246 3310 3714 3391 perfectissima
3751 3309 3993 3383 unitaS,

2496 3409 2633 3491 ipsa
2669 3409 2737 3470 in
2782 3409 2910 3470 Deo
2949 3409 3264 3490 accipitur
3305 3429 3419 3491 per
3461 3409 3656 3472 totius
3700 3408 3997 3471 multitu-

2494 3507 2663 3570 dinis
2730 3507 3151 3588 privationem
3219 3508 3703 3587 omnimodam3
3764 3507 3998 3588 sicque

2495 3625 2695 3668 unum
2727 3612 3009 3678 vocatur,
3043 3606 3212 3686 quod
3242 3622 3371 3666 non
3406 3605 3599 3668 habet
3629 3605 3695 3666 in
3724 3623 3793 3667 εθ
3822 3605 3999 3666 mul-

2496 3704 2833 3767 titudinem
2881 3711 3025 3765 actu
3080 3723 3288 3786 neque
3338 3705 3642 3786 potentia,
3694 3722 3811 3766 nec
3874 3723 4001 3786 per

2494 3821 2561 3865 se
2594 3821 2801 3884 neque
2844 3821 2955 3884 per
2986 3802 3300 3876 accidenS,
3336 3821 3545 3884 neque
3585 3821 3698 3884 per
3726 3801 4000 3864 divisio-

2495 3921 2643 3963 nem
2691 3921 2809 3964 nec
2861 3920 2974 3983 per
3024 3901 3529 3982 aggregationem
3566 3918 3579 3962 :
3613 3907 3676 3963 et
3722 3901 3842 3963 hoc
3892 3908 4001 3963 est

2495 4019 2693 4062 unum
2739 3999 3117 4082 perfectum,
3152 4018 3477 4061 summum
3522 4007 3586 4062 et
3631 3999 3997 4072 infinitum,

2493 4098 2662 4179 quod
2715 4115 2841 4160 non
2902 4105 2998 4160 est
3048 4097 3113 4159 in
3164 4098 3448 4178 potentia
3506 4099 3583 4160 ad
3642 4115 3999 4160 numerum

885 4198 1104 4260 aturis.
1140 4199 1346 4271 Quum
1387 4213 1537 4277 ergo
1571 4196 1634 4257 in
1677 4196 1984 4257 creaturis
2021 4196 2105 4256 sit
2137 4195 2380 4277 aliquid
2413 4199 2463 4261 D
2495 4197 2751 4279 proprie
2790 4204 3141 4278 sumptum,
3180 4215 3299 4258 nec
3329 4204 3426 4258 est
3465 4196 4001 4260 connumerabile

887 4296 1180 4378 positive,
1245 4295 1448 4356 multo
1508 4293 1710 4375 magis
1774 4293 1839 4355 in
1901 4294 2048 4356 Deo.
2115 4294 2379 4367 RursuS,

885 4414 1088 4477 quum
1127 4394 1335 4456 omnis
1380 4393 1588 4455 unitas
1633 4393 1710 4455 ad
1755 4392 2031 4474 primam
2071 4391 2380 4454 unitatem

885 4493 1167 4556 finaliter
1226 4493 1583 4566 reducatur,
1646 4509 1764 4554 nec
1822 4490 2036 4553 finalis
2096 4491 2383 4554 reductio

886 4592 1067 4654 sistat
1115 4593 1180 4654 in
1230 4589 1607 4674 privatione,
1654 4596 1903 4672 oportet
1951 4589 2119 4670 quod
2171 4589 2381 4652 unitas

887 4690 998 4752 Dei
1043 4689 1126 4751 sit
1170 4689 1412 4771 aliquid
1460 4689 1829 4771 positivum.
1876 4687 2117 4750 Idcirco
2166 4687 2382 4750 dicen-

885 4789 1062 4862 dum,
1097 4788 1266 4870 quod
1310 4787 1628 4869 loquendo
1671 4787 1749 4848 de
1795 4803 1922 4848 uno
1969 4786 2035 4847 in
2075 4787 2383 4848 creaturis

885 4894 1198 4969 quantum
1236 4887 1314 4947 ad
1356 4885 1666 4948 rationem
1709 4884 2129 4964 intelligendi,
2165 4885 2259 4946 sic
2290 4886 2383 4947 di-

885 4987 1054 5049 citur
1092 4985 1428 5068 privative,
1463 4986 1575 5048 sed
1606 4983 1843 5046 dicitur
1883 4983 2154 5064 positive
2186 5002 2383 5065 quan-

883 5093 1021 5146 tum
1053 5085 1132 5147 ad
1165 5104 1299 5147 rem
1342 5083 1750 5146 intellectam.
1789 5083 1864 5144 Et
1895 5081 2055 5144 ratio
2083 5090 2201 5156 est,
2235 5084 2387 5164 quia

885 5201 1087 5245 unum
1136 5182 1328 5244 habet
1373 5181 1686 5244 rationem
1731 5181 1921 5263 primi
1968 5197 1982 5242 :
2029 5179 2235 5262 prima
2282 5199 2387 5243 au-

883 5287 1015 5344 tem
1064 5298 1192 5343 non
1237 5279 1684 5362 intelliguntur
1727 5298 1844 5342 nec
1891 5278 2308 5342 notificantur
2350 5299 2388 5342 a

2492 4296 2639 4374 alii3
2672 4297 2892 4378 sicque
2936 4295 3054 4358 soli
3102 4296 3397 4358 convenit
3443 4296 3590 4359 Deo.
3626 4296 3799 4359 Unde
3838 4313 4005 4358 con-

2494 4401 2616 4456 stat
2654 4394 2973 4476 quomodo
3010 4394 3177 4456 Deus
3216 4393 3452 4456 dicitur
3482 4414 3648 4456 unus
3689 4392 3997 4476 positive,

2494 4499 2559 4554 et
2604 4492 2877 4575 qualiter
2915 4492 3135 4554 differt
3184 4493 3395 4556 unitas
3434 4493 3574 4574 ejus
3619 4493 3698 4556 ab
3742 4492 4003 4556 unitate

2494 4599 2813 4654 creaturae.
2858 4591 3001 4654 Haec
3044 4590 3503 4654 Bonaventura.

2574 4690 2754 4753 Circa
2793 4691 2927 4753 haec
2966 4689 3196 4771 quaerit
3225 4689 3543 4764 Albertus,
3576 4709 3657 4752 an
3699 4690 3864 4752 Deus
3906 4691 4007 4753 sit

2496 4790 2695 4869 magis
2757 4807 2920 4850 unus
2980 4807 3173 4870 quam
3233 4788 3443 4850 unitas
3505 4789 3657 4870 ipsa.
3722 4788 4003 4851 Videtur

2494 4886 2663 4968 quod
2711 4903 2861 4960 non,
2895 4887 3047 4968 quia
3097 4886 3165 4948 in
3214 4887 3455 4949 unitate
3504 4886 3666 4950 nihil
3716 4895 3812 4949 est
3860 4887 4006 4950 nisi

2496 4985 2703 5048 unitas
2754 5001 2767 5044 :
2815 5001 2964 5065 ergo
3012 4993 3108 5047 est
3156 4985 3655 5066 simplicissima.
3705 4986 3887 5058 Item,
3944 4987 4008 5048 si

2496 5082 2661 5144 Deus
2691 5090 2787 5144 est
2818 5081 3172 5165 simplicior
3212 5083 3452 5145 unitate
3484 5091 3547 5145 et
3586 5083 3787 5163 magis
3818 5101 4007 5148 unus

2497 5201 2688 5264 quam
2721 5182 2850 5256 illa,
2884 5201 3035 5264 crgo
3062 5191 3205 5246 ante
3246 5183 3556 5246 unitatem
3594 5191 3689 5245 est
3720 5182 4006 5264 aliquid,

2496 5299 2698 5362 quum
2728 5287 2939 5343 tamen
2972 5282 3110 5364 ipsa
3138 5282 3220 5344 sit
3250 5281 3552 5364 primum.
3582 5317 3663 5328 —
3692 5282 3786 5344 Ad
3814 5283 4009 5363 quod
