4359 6250
74 2955 76 3002 ῗ
160 2957 297 3004 lotan.
313 2977 352 3006 tx

171 3156 266 3201 lbid.
291 3165 328 3203 ³.

677 517 996 566 SECUNDO!
1037 519 1193 575 QUAS
1235 518 1466 566 CAUSAS
1505 517 1890 567 mmCANmm
1932 516 2024 564 SIT
2064 517 2313 573 Amnum
2354 519 2657 564 Possmmz
2696 519 2811 564 VEL
2857 515 3229 565 mrosslmm

3385 493 3507 562 569

398 693 612 769 potest
652 689 820 770 quod
870 708 996 753 non
1043 699 1138 754 est
1175 691 1405 753 decens
1452 698 1561 752 aut
1603 690 1902 752 decorum
1933 686 1984 749 A
2015 687 2257 751 ratione
2305 689 2609 764 decentiS,
2649 688 3049 772 respiciendo
3092 687 3170 750 ad
3216 687 3507 749 ordinem

398 786 538 848 sive
577 786 938 850 honestum.

481 885 772 967 Denique
814 885 1049 948 factum
1095 887 1352 969 aliquod
1396 888 1629 949 dicitur
1671 887 1902 948 decens

396 982 538 1044 sive
576 982 915 1046 honestum
954 985 1196 1067 duplici
1237 985 1477 1048 ratione
1513 1004 1527 1047 ε
1562 985 1792 1067 primo,
1825 1003 1902 1046 ex

395 1080 628 1142 ordine
665 1101 780 1144 suo
819 1083 896 1144 ad
938 1082 1314 1162 facientem3
1355 1085 1656 1158 secundo,
1689 1103 1766 1147 ex
1809 1101 1904 1145 or-

393 1179 550 1241 dine
591 1198 709 1242 suo
749 1181 827 1242 ad
865 1181 1038 1243 aliud
1083 1181 1341 1245 sactum.
1378 1183 1740 1245 Secundum
1781 1182 1905 1265 pri-

397 1297 584 1340 mum
616 1279 929 1352 ordinem,
962 1279 1167 1343 bonus
1197 1289 1260 1342 et
1289 1280 1544 1362 sapiens
1575 1299 1902 1361 nunquam

394 1375 556 1437 facit
595 1377 721 1438 nisi
765 1378 932 1459 quod
978 1397 1165 1440 suum
1210 1379 1512 1441 condecet
1549 1386 1806 1452 statum,
1841 1386 1904 1439 et

395 1473 740 1536 honestum
787 1475 869 1536 sit
911 1476 1056 1539 fieri
1100 1496 1114 1540 z
1158 1477 1324 1538 sicut
1367 1497 1476 1539 rex
1525 1477 1778 1558 sapiens
1819 1485 1906 1539 ta-

395 1572 668 1634 bernam
719 1593 868 1636 cum
927 1575 1190 1638 ribaldis
1238 1593 1364 1638 non
1426 1577 1636 1637 intrat.
1690 1575 1793 1636 Sic
1841 1583 1905 1636 et

393 1672 914 1752 sapientissimus
963 1674 1129 1736 Deus
1177 1693 1294 1736 nec
1339 1673 1491 1736 facit
1534 1693 1652 1736 nec
1695 1672 1902 1735 facere

393 1778 608 1850 potest
652 1772 823 1852 quod
867 1791 1013 1834 eum
1064 1791 1188 1834 non
1236 1773 1434 1835 decet.
1469 1809 1550 1818 —-
1584 1774 1769 1835 Juxta
1811 1791 1902 1834 se-

2013 787 2439 850 universalem
2476 796 2539 849 et
2568 807 2823 850 causam
2862 786 3257 869 superiorem
3297 804 3372 848 ac
3409 805 3511 866 ge-

2012 887 2317 959 neralem,
2378 887 2597 968 sicque
2655 886 2778 948 fuit
2839 905 3029 948 causa
3088 884 3387 947 caecitatis
3444 885 3511 946 in

2013 1002 2179 1046 caeco
2220 984 2347 1047 illo.

2091 1083 2309 1163 Itaque
2354 1082 2641 1146 absolute
2688 1082 2851 1155 dico,
2902 1083 3072 1163 quod
3120 1084 3285 1144 Deus
3335 1081 3511 1145 nullo

2015 1180 2203 1242 modo
2252 1179 2460 1242 facere
2504 1189 2711 1262 potest
2760 1181 2928 1262 quod
2972 1181 3323 1242 secundum
3374 1180 3513 1242 nul-

2013 1279 2144 1340 lum
2188 1279 2477 1341 ordinem
2517 1280 2767 1342 deceret
2797 1299 2943 1342 eum
2982 1299 2995 1343 :
3031 1279 3162 1341 imo
3198 1277 3510 1360 quidquid

2013 1375 2187 1450 facit,
2220 1378 2401 1440 decet
2429 1396 2575 1439 eum
2621 1377 2864 1457 sacere3
2906 1385 2969 1440 et
2998 1377 3309 1459 quidquid
3345 1375 3509 1438 face-

2013 1495 2078 1536 re
2126 1483 2355 1557 potest,
2396 1476 2449 1537 si
2494 1475 2750 1550 faceret,
2794 1475 3002 1538 facere
3041 1494 3188 1537 cum
3234 1475 3505 1548 deceret,

2013 1581 2075 1636 et
2123 1593 2249 1636 non
2309 1574 2433 1636 nisi
2488 1575 2839 1637 secundum
2888 1575 3217 1636 decentem
3275 1571 3511 1634 faceret

2012 1671 2321 1732 ordinem.
2360 1671 2531 1734 Unde
2562 1672 2614 1733 si
2648 1673 2725 1733 de
2758 1671 3039 1752 potentia
3075 1670 3366 1732 absoluta
3401 1686 3509 1751 po-

2015 1777 2136 1830 test
2164 1769 2408 1832 Petrum
2442 1771 2741 1831 damnare
2773 1777 2835 1831 et
2860 1770 3085 1832 Iudam
3116 1767 3510 1841 salvare,hoc

393 1869 682 1930 cundum
715 1870 1027 1942 ordinem,
1059 1871 1268 1932 adhuc
1298 1871 1638 1953 dupliciter
1667 1871 1902 1933 dicitur
1937 1867 1984 1930 B
2015 1886 2138 1930 non
2181 1875 2277 1930 est
2318 1868 2438 1930 nisi
2482 1869 2634 1949 quia
2674 1869 2925 1930 deceret
2960 1886 3108 1930 eum
3157 1867 3279 1929 hoc
3326 1885 3509 1948 agere

394 1967 556 2048 quid
605 1968 838 2030 decens
891 1969 1026 2031 sive
1075 1969 1435 2042 honestum,
1490 1977 1558 2031 ut
1605 1976 1777 2051 patet
1823 1989 1901 2031 ex

393 2083 516 2127 suo
566 2067 906 2142 contrario,
949 2067 1194 2130 scilicet
1243 2069 1573 2130 indecente
1621 2076 1684 2130 et
1728 2068 1902 2130 inho-

393 2171 581 2226 nesto
617 2181 630 2225 :
664 2165 836 2245 quod
871 2183 995 2228 uno
1027 2167 1215 2229 modo
1245 2167 1478 2228 dicitur
1511 2167 1652 2240 tale,
1685 2185 1904 2229 secun-

393 2263 552 2323 dum
617 2262 899 2344 aliquem
961 2265 1249 2326 ordinem
1315 2265 1760 2346 particularem
1823 2265 1900 2326 ad

394 2379 658 2421 causam
722 2361 1172 2441 particularem
1232 2369 1294 2424 et
1355 2363 1432 2424 ad
1495 2362 1904 2443 particularia

391 2457 602 2536 sacta3
641 2458 768 2520 alio
801 2459 1008 2533 mod0‚
1043 2461 1392 2522 secundum
1431 2461 1718 2523 ordinem
1763 2459 1901 2522 uni-

391 2557 709 2618 versalem
741 2558 818 2618 ad
853 2558 1277 2621 universalem
1309 2560 1586 2641 aliquam
1622 2577 1897 2631 causam,
1925 2575 1934 2582 ·

393 2662 458 2714 et
492 2655 939 2718 universaliter
966 2658 1044 2719 ad
1075 2659 1290 2720 omnia
1319 2658 1460 2720 alia.
1477 2658 1686 2721 Primo
1719 2657 1902 2719 modo

398 2751 807 2816 inhonestum
848 2763 942 2816 est
973 2756 1230 2838 aliquod
1267 2757 1506 2819 malum
1543 2775 1747 2838 poenae
1781 2776 1794 2820 :
1833 2763 1901 2816 ut

399 2852 573 2932 quod
631 2852 864 2934 aliquis
915 2854 998 2916 sit
1046 2873 1273 2930 caecuS,
1325 2855 1492 2916 sicut
1543 2856 1593 2917 is
1645 2855 1721 2917 de
1772 2874 1900 2937 quo

355 2995 368 3014 .
397 2950 606 3012 fertur
643 2951 709 3013 in
745 2952 1000 3014 Joanne.
1035 2953 1163 3014 Hoc
1206 2955 1444 3036 quippe
1489 2955 1895 3017 inhonestum

2013 1966 2367 2028 secundum
2424 1966 2703 2048 aliquem
2760 1967 3023 2046 justitiae
3079 1967 3393 2042 ordinem,
3455 1966 3509 2029 si

2012 2065 2248 2127 faceret
2287 2065 2426 2137 hoc,
2468 2084 2586 2126 nec
2627 2065 2811 2127 aliter
2853 2073 3062 2147 posset
3104 2066 3243 2127 hoc.
3282 2066 3511 2148 Sicque

2013 2163 2174 2225 nihil
2206 2171 2413 2245 potest
2450 2165 2616 2226 Deus
2651 2163 2857 2226 facere
2899 2165 2975 2225 de
3014 2163 3299 2245 potentia
3326 2164 3511 2226 abso-

2013 2261 2164 2333 luta,
2199 2263 2356 2343 quin
2401 2260 2558 2323 illud
2601 2269 2810 2342 posset
2856 2260 3063 2323 facere
3107 2262 3183 2324 de
3227 2263 3513 2342 potentia

2011 2360 2319 2433 ordinata,
2362 2359 2653 2441 quamvis
2702 2360 3055 2421 secundum
3098 2360 3295 2421 alium
3347 2361 3511 2422 ordi-

2012 2477 2157 2519 nem
2197 2477 2386 2539 quam
2422 2459 2505 2520 sit
2537 2459 2691 2520 ordo
2726 2465 2984 2540 propter
3016 2476 3208 2540 quem
3244 2457 3509 2519 dimittit

2011 2575 2122 2618 seu
2171 2557 2411 2618 omittit
2457 2556 2577 2618 hoc
2633 2555 2839 2618 facere
2884 2574 2897 2618 :
2942 2556 3029 2616 ita
3079 2563 3287 2618 tamen
3337 2557 3507 2638 quod

2011 2675 2266 2738 semper
2295 2655 2444 2718 facit
2477 2656 2540 2718 id
2571 2657 2739 2738 quod
2777 2655 3007 2718 melius
3040 2654 3508 2718 rationabilius-

2011 2773 2134 2836 que
2184 2754 2493 2827 consistit,
2534 2754 2944 2836 adspiciendo
2985 2755 3062 2816 ad
3104 2754 3298 2817 totius
3345 2754 3510 2816 ordi-

2010 2872 2156 2916 nem
2191 2853 2495 2926 universi,
2528 2853 2882 2915 secundum
2913 2871 3105 2934 quem
3143 2854 3345 2915 multa
3379 2871 3505 2916 non

2009 2951 2161 3013 facit
2201 2971 2342 3033 quae
2382 2951 2590 3014 facere
2630 2959 2860 3034 posset.
2896 2951 3038 3013 Haec
3077 2950 3386 3013 Henricus
3428 2952 3506 3014 ad

397 3058 463 3110 et
513 3049 815 3112 indecens
863 3050 987 3113 fuit
1034 3053 1240 3134 quoad
1292 3053 1518 3114 merita
1567 3072 1702 3128 sua,
1748 3055 1900 3137 quia
1935 3054 1978 3118 C
2011 3050 2314 3132 primum.

400 3157 471 3210 ut
511 3148 742 3229 legitur
782 3149 896 3223 ibi,
938 3170 1054 3213 nec
1096 3150 1231 3233 ipse
1271 3171 1388 3214 nec
1428 3160 1719 3233 parentes
1757 3154 1898 3233 ejus

398 3247 460 3308 id
505 3256 894 3309 meruerunt.
929 3248 1231 3311 indecens
1265 3268 1519 3331 quoque
1554 3249 1676 3311 fuit
1709 3250 1770 3312 in
1804 3269 1899 3313 or-

395 3345 548 3407 dine
592 3346 669 3407 ad
711 3346 868 3409 alios
913 3365 1135 3408 sensus
1169 3366 1182 3410 :
1218 3348 1756 3429 quemadmodum
1803 3349 1897 3411 in-

391 3444 629 3505 decens
674 3453 840 3506 esset
888 3444 1056 3524 quod
1106 3444 1464 3526 patibulum
1515 3454 1897 3509 statueretur

389 3542 458 3605 in
513 3541 727 3605 medio
777 3542 894 3604 l'ori
943 3542 1219 3606 civitatis
1263 3544 1326 3605 in
1371 3564 1498 3626 qua
1546 3546 1716 3607 cives
1767 3566 1892 3609 non

387 3648 886 3723 promeruerunt
928 3641 1048 3703 hoc
1093 3642 1324 3723 ipsum.
1372 3643 1662 3707 Secundo
1705 3645 1894 3708 modo

385 3739 552 3801 nihil
595 3746 691 3801 est
736 3738 1144 3801 inhonestum
1194 3740 1318 3802 nisi
1371 3741 1610 3803 malum
1663 3743 1886 3825 culpae.

380 3836 647 3901 Nullum
684 3836 922 3899 etenim
965 3838 1202 3900 malum
1248 3857 1452 3920 poenae
1488 3839 1795 3921 contingit
1827 3841 1888 3902 in

380 3942 589 4017 parte,
622 3933 792 4015 quod
824 3951 951 3995 non
981 3941 1286 4015 congruat
1316 3936 1614 3997 universo
1643 3936 1894 3999 habeat-

383 4050 514 4114 que
539 4031 780 4112 justam
812 4040 874 4093 et
907 4032 1346 4095 rationabilem
1381 4052 1891 4115 causam,quam-

381 4131 484 4192 vis
533 4130 719 4191 nobis
766 4129 1134 4211 frequenter
1183 4130 1566 4211 incognitam
1613 4152 1627 4196 :
1670 4134 1890 4214 sicque

2089 3150 2355 3231 Insuper
2391 3150 2468 3211 ad
2507 3150 2860 3211 secundum
2904 3150 3243 3231 respondet
3285 3166 3299 3211 ε
3341 3149 3507 3212 Deus

2007 3247 2217 3309 facere
2274 3256 2481 3329 potest
2540 3266 2770 3329 corpus
2828 3249 3277 3330 quodcumque
3333 3257 3509 3310 extra
3570 3256 3579 3265 '

2009 3346 2319 3408 mundum
2354 3364 2466 3407 seu
2496 3354 2673 3407 extra
2705 3346 3002 3407 ultimum
3036 3346 3510 3429 coelum,quem·

2005 3444 2349 3506 admodum
2390 3444 2541 3506 fecit
2585 3451 2813 3506 terram
2856 3444 3021 3505 infra
3060 3445 3293 3506 coelum
3325 3452 3387 3506 et
3418 3445 3508 3507 ul-

2008 3542 2236 3604 timum
2269 3542 2501 3605 coelum
2536 3542 2599 3604 in
2631 3542 2855 3615 nihilo,
2890 3542 2951 3604 id
2977 3550 3073 3604 est
3103 3542 3168 3604 in
3202 3560 3329 3604 non
3362 3550 3507 3605 ente

2004 3660 2115 3703 seu
2157 3659 2285 3703 non
2328 3642 2392 3703 in
2437 3640 2652 3723 aliquo
2688 3658 2701 3702 ε
2736 3658 2862 3703 non
2905 3640 3079 3702 enim
3122 3648 3298 3703 extra
3346 3640 3503 3703 illud

2002 3740 2125 3802 fuit
2157 3746 2268 3799 aut
2297 3746 2392 3800 est
2421 3738 2738 3800 dimensio
2772 3746 3057 3820 separata
3090 3739 3157 3800 in
3189 3758 3315 3820 qua
3349 3740 3505 3801 reci-

2003 3837 2068 3919 pi
2112 3837 2317 3899 valeat
2358 3844 2467 3898 aut
2516 3836 2727 3898 locari.
2768 3838 2955 3898 Juxta
2995 3856 3187 3918 quem
3238 3837 3499 3899 modum

2000 3935 2311 4018 scriptum
2353 3942 2449 3997 est
2487 3935 2553 3997 in
2594 3934 2759 3998 libro
2792 3933 2907 3996 Job
2943 3954 2957 3997 ε
2992 3934 3157 3996 Deus
3194 3936 3500 4017 appendit
3524 3952 3607 3999 ,τοῦ
3622 3956 3789 4005 mua.

1998 4042 2231 4095 terram
2286 4052 2477 4114 super
2524 4033 2821 4107 nihilum,
2866 4031 3129 4095 omnino
3176 4032 3495 4107 videlicet,

1999 4131 2150 4213 quia
2190 4150 2317 4194 non
2360 4151 2553 4213 super
2595 4132 2879 4215 plenum,
2914 4132 3081 4213 quod
3121 4139 3218 4193 est
3254 4131 3498 4214 aliquid

385 4230 622 4290 decens
659 4236 723 4289 et
761 4228 1098 4290 honestum
1145 4228 1268 4290 fuit
1317 4230 1486 4311 quod
1531 4230 1639 4292 ille
1685 4250 1888 4294 caecus
1920 4238 1967 4299 D
1999 4250 2113 4311 per
2152 4249 2241 4303 se,
2277 4238 2341 4291 ut
2377 4248 2607 4312 corpus
2648 4229 3208 4305 dimensionatum,
3243 4249 3360 4293 nec
3394 4250 3496 4292 su-

385 4334 777 4398 nasceretur,
811 4325 962 4407 quia
999 4344 1075 4387 ex
1117 4328 1236 4389 hoc
1274 4327 1516 4408 aliquid
1559 4330 1788 4391 decens
1827 4337 1889 4391 et

385 4426 728 4487 honestum
762 4431 858 4486 est
893 4432 1330 4498 consecutum,
1367 4426 1662 4487 videlicet
1699 4428 1887 4508 glori-

385 4522 606 4584 ficatio
637 4521 770 4595 Dei,
798 4522 937 4603 ipso
973 4520 1351 4585 illuminato.
1379 4523 1667 4587 Secundo
1699 4527 1888 4587 modo

385 4620 551 4694 dico,
598 4621 767 4701 quod
817 4620 982 4681 Deus
1033 4637 1160 4682 non
1211 4628 1414 4701 potest
1463 4620 1670 4685 facere
1718 4625 1885 4705 quod

383 4736 512 4780 non
563 4718 784 4779 deceat
832 4717 1039 4780 facere
1084 4737 1256 4793 eum,
1301 4720 1467 4781 sicut
1515 4740 1632 4783 nec
1681 4731 1888 4803 potest

384 4834 670 4898 peccare.
723 4817 1017 4878 Attamen
1073 4816 1282 4879 facere
1332 4826 1539 4899 potest
1587 4819 1886 4883 indecens

386 4916 597 4997 primo
627 4914 816 4977 modo
839 4915 1036 4995 (quod
1068 4914 1298 4977 decens
1330 4924 1426 4977 est
1455 4926 1513 4978 et
1549 4917 1884 4980 honestum

383 5032 500 5094 per
547 5012 1018 5094 oppositionem
1068 5012 1146 5074 ad
1201 5013 1498 5075 indecens
1557 5016 1746 5079 modo
1792 5036 1886 5078 se-

385 5110 624 5191 cundo)
655 5129 671 5173 :
705 5128 831 5171 non
876 5116 1091 5171 tamen
1141 5109 1260 5172 sub
1300 5110 1540 5173 ratione
1590 5112 1888 5187 indecen—

383 5208 491 5282 tis,
533 5207 832 5269 videlicet
881 5207 1281 5289 respiciendo
1319 5209 1395 5270 ad
1441 5228 1694 5272 causam
1747 5231 1890 5292 par-

386 5305 720 5367 ticularem
753 5312 818 5367 et
845 5304 1134 5368 ordinem
1170 5305 1572 5388 inferiorem3
1615 5310 1724 5371 sed
1764 5311 1886 5373 sub

2000 4348 2114 4410 per
2142 4347 2437 4391 vacuum.
2461 4366 2543 4375 -—
2562 4330 2681 4392 Sed
2712 4329 2906 4408 objici
2937 4337 3163 4411 potest,
3189 4330 3339 4411 quia
3367 4347 3501 4392 cor-

2000 4446 2120 4508 pus
2151 4426 2306 4489 illud
2339 4446 2463 4490 non
2496 4427 2756 4489 distaret
2784 4448 2821 4490 a
2846 4428 3191 4510 coe10,ergo
3220 4436 3503 4511 tangeret

1999 4526 2253 4588 coelum.
2302 4526 2676 4601 Dicendum,
2718 4527 2884 4608 quod
2931 4527 3145 4609 aliqua
3193 4528 3503 4610 contingit

1998 4623 2233 4686 distare
2286 4623 2628 4706 dupliciter
2671 4643 2684 4686 τ
2730 4625 2938 4707 primo
2988 4645 3101 4706 per
3150 4646 3239 4701 se,
3283 4636 3501 4708 utpote

1998 4722 2297 4783 distantia
2328 4723 2630 4804 positiva3
2664 4723 2788 4785 alio
2822 4725 3007 4786 modo
3039 4744 3153 4806 per
3181 4725 3497 4799 accidenS,

1999 4826 2218 4900 utpote
2259 4819 2560 4900 quoniam
2599 4821 2778 4899 juxta
2820 4840 2895 4883 ea
2927 4820 3029 4883 vel
3070 4821 3236 4883 inter
3275 4841 3351 4883 ea
3389 4841 3498 4905 po-

1998 4925 2120 4978 lest
2149 4936 2288 4979 esse
2324 4917 2563 4998 aliquid
2607 4918 3143 4981 dimensionatum
3184 4939 3298 5001 per
3328 4923 3497 5002 quod

1999 5015 2200 5098 possit
2239 5015 2493 5077 illorum
2536 5016 2777 5077 adverti
2816 5017 3135 5089 distantia,
3174 5025 3237 5079 et
3276 5019 3369 5079 sic
3408 5018 3499 5081 in-

1997 5122 2094 5176 ter
2139 5113 2246 5175 illa
2298 5122 2463 5175 esset
2511 5114 2828 5176 distantia.
2869 5116 3011 5178 Haec
3062 5115 3231 5177 idem
3280 5117 3358 5178 ad
3406 5136 3500 5180 se-

1999 5213 2301 5275 cundum.

2077 5310 2382 5386 Quocirca
2426 5319 2640 5393 posset
2683 5310 2944 5395 inquiri,
2985 5331 3067 5374 an
3110 5313 3271 5396 lapis
3319 5322 3498 5377 extra
