4359 6250
883 505 968 551 AN
1011 506 1074 551 IN
1117 502 1236 551 DEO
1277 501 1414 550 slm’
1453 501 1678 550 PLURES
1721 501 1900 560 lnssAE,
1941 499 2048 548 mo
2089 501 2164 546 m·
2206 499 2443 548 omum!
2485 501 2619 557 00AE
2660 499 2987 548 COGNosmT

385 689 510 752 quo
561 675 870 761 competit
915 676 1039 738 sibi
1087 693 1246 738 esse.
1299 675 1548 756 (Cetera
1598 674 1764 737 sicut
1815 674 1878 736 in
1910 672 1961 735 A
2073 672 2359 755 Denique
2398 673 2685 735 omnium
2729 673 3085 756 qma-Deus
3136 669 3479 752 cognoscit,
3562 689 3645 730 art.
3676 690 3716 733 a.

387 771 598 833 verbis
623 773 938 854 l'dalrici).
957 811 1034 819 —
1053 775 1197 838 Haec
1221 775 1491 837 Thomas
1523 775 1588 836 in
1614 773 1875 854 Scripto-

387 870 502 942 Qui
555 891 668 952 per
714 874 929 936 omnia
977 875 1317 936 concordat
1365 875 1429 936 in
1479 874 1580 936 his
1623 872 1880 935 Alberto

387 977 450 1029 et
479 969 790 1046 Udalrico,
824 971 945 1034 nisi
987 973 1156 1054 quod
1197 972 1353 1034 dicit
1389 972 1709 1034 Platonem
1752 989 1877 1033 non

385 1067 674 1148 posuisse
725 1068 898 1132 ideas
950 1070 1399 1144 accidentium,
1452 1069 1639 1150 cujus
1683 1069 1880 1150 (sicut

383 1165 512 1245 jam
557 1167 790 1248 patuit)
830 1168 1158 1231 I'dalricus
1201 1168 1356 1230 dicit
1400 1169 1785 1250 oppositum.

459 1262 778 1347 Additque
819 1265 1088 1328 Thomas
1131 1284 1144 1328 :
1190 1267 1490 1341 Quamvis
1539 1266 1876 1328 relationes

381 1360 490 1422 Dei
535 1362 618 1424 ad
669 1371 1010 1438 creaturas,
1056 1364 1124 1426 in
1173 1364 1480 1427 creaturis
1529 1364 1877 1426 fundentur

381 1459 673 1540 realiter3
708 1469 916 1523 tamen
949 1463 1304 1526 secundum
1348 1463 1656 1526 rationem
1689 1470 1749 1524 et
1782 1463 1873 1524 in-

379 1557 704 1621 tellectum
743 1560 937 1622 etiam
977 1569 1124 1623 sunt
1158 1561 1223 1623 in
1264 1562 1391 1624 Deo
1426 1580 1439 1624 :
1477 1562 1874 1624 intellectum

375 1656 516 1718 dico
559 1676 686 1721 non
725 1665 976 1721 tantum
1018 1659 1391 1733 humanum,
1433 1661 1545 1723 sed
1589 1667 1652 1722 et
1692 1679 1876 1741 ange-

378 1754 570 1816 licum
601 1774 676 1818 ac
707 1756 1020 1819 divinum.
1056 1757 1200 1820 Ideo
1240 1759 1532 1840 quamvis
1573 1767 1874 1820 creatura>

3366 480 3485 544 413

1993 771 2197 833 ideam
2230 771 2421 832 habet
2452 770 2517 833 in
2555 790 2640 833 se.
2664 772 2739 834 Et
2766 771 2933 834 sicut
2960 771 3132 832 Plato
3162 769 3323 831 dixit
3352 769 3483 830 ide-

1991 889 2095 930 am
2140 869 2533 951 principium
2582 869 2960 950 cognitionis
3010 887 3223 930 rerum
3266 887 3341 931 ac
3382 885 3485 948 ge-

1990 968 2335 1030 nerationis
2375 986 2615 1042 earum,
2651 969 2736 1030 ita
2774 969 2853 1030 ad
2893 976 3236 1049 utrumque
3274 985 3341 1028 se
3381 966 3485 1028 ha-

1989 1065 2097 1126 bet
2127 1073 2315 1147 prout
2348 1065 2413 1127 in
2454 1066 2672 1128 divina
2710 1066 2968 1149 ponitur
3000 1073 3211 1127 mente
3247 1081 3259 1126 :
3294 1074 3483 1147 atque

1991 1163 2057 1226 in
2107 1172 2417 1245 quant-um
2466 1172 2561 1226 est
2608 1164 2998 1247 principium
3048 1163 3343 1225 factionis
3392 1181 3488 1224 re-

1989 1281 2154 1350 rum,
2193 1270 2399 1344 potest
2430 1263 2641 1325 vocari
2681 1263 3028 1345 exemplar,
3062 1271 3125 1324 et
3162 1263 3239 1324 ad
3272 1261 3485 1342 cogni-

1989 1360 2228 1422 tionem
2286 1361 2563 1443 pertinet
2623 1361 3003 1443 practicam3
3057 1362 3119 1422 in
3173 1369 3485 1444 quantum

1987 1477 2137 1521 vcro
2169 1467 2265 1520 est
2296 1459 2715 1540 cognoscendi
2746 1460 3161 1542 principium,
3194 1468 3365 1522 recte
3396 1479 3487 1521 ra-

1987 1557 2077 1619 tio
2106 1558 2485 1640 appellatur,
2520 1565 2581 1620 et
2622 1565 2829 1640 potest
2858 1559 3049 1620 etiam
3080 1559 3159 1620 ad
3200 1558 3485 1640 specula-

1987 1654 2176 1716 tivam
2208 1656 2525 1738 pertinere
2556 1656 2909 1718 scientiam.
2930 1656 3146 1738 Itaque
3179 1665 3249 1718 ut
3278 1675 3485 1719 exem-

1989 1754 2147 1834 plar,
2206 1755 2531 1817 concernit
2590 1774 2664 1817 ea
2723 1774 2863 1836 quae
2922 1755 3136 1837 aliquo
3196 1762 3481 1836 tempore

375 1852 452 1915 ab
491 1862 728 1917 aeterno
766 1872 894 1917 non
936 1855 1213 1931 fuerunt,
1258 1864 1471 1920 tamen
1513 1857 1871 1920 intellectus
1911 1853 1958 1915 B
1987 1851 2156 1913 fiunt
2204 1871 2241 1913 a
2290 1853 2455 1931 De03
2497 1853 2606 1914 sed
2654 1852 2715 1914 in
2761 1847 3071 1935 quantum
3122 1853 3302 1926 ratio,
3338 1871 3483 1915 con-

377 1952 630 2014 divinus
678 1952 759 2014 ab
809 1961 1046 2016 aeterno
1087 1953 1210 2016 ruit
1255 1955 1617 2036 intelligens
1661 1974 1871 2018 essen-

377 2050 524 2111 tiam
567 2070 748 2112 suam
787 2071 824 2113 a
863 2053 1166 2114 creaturis
1207 2053 1632 2115 diversimode
1668 2053 1872 2115 imita-

375 2148 589 2210 bilem.
626 2149 870 2212 Idcirco
899 2150 1140 2212 exstitit
1169 2150 1248 2212 ab
1278 2158 1514 2214 aeterno
1543 2152 1872 2234 pluralitas

375 2246 660 2308 idearum
707 2247 773 2309 in
819 2247 1143 2310 intellectu
1195 2249 1434 2322 divino,
1481 2268 1608 2312 non
1654 2249 1719 2311 in
1763 2270 1869 2312 na·

371 2353 514 2406 tura
561 2353 670 2406 aut
717 2346 993 2409 essentia
1041 2347 1172 2408 Dei.
1227 2347 1364 2410 Non
1419 2348 1590 2410 enim
1645 2349 1867 2411 eodem

373 2444 560 2506 modo
599 2451 696 2504 est
725 2443 790 2506 in
824 2444 951 2506 Deo
987 2444 1193 2507 forma
1230 2445 1378 2527 equi
1416 2453 1478 2508 ct
1509 2446 1638 2508 vita
1671 2463 1685 2507 ε
1720 2465 1870 2528 quo-

371 2541 542 2602 niam
575 2541 778 2604 forma
812 2543 961 2624 equi
995 2561 1121 2606 non
1159 2551 1256 2604 est
1288 2544 1354 2606 in
1385 2544 1514 2606 Deo
1547 2543 1672 2606 nisi
1703 2545 1869 2606 sicut

371 2640 528 2702 ratio
569 2639 926 2720 intellecta3
967 2642 1078 2704 sed
1123 2641 1253 2704 vita
1294 2661 1366 2704 ac
1409 2643 1569 2704 ratio
1611 2643 1758 2706 vitae
1802 2645 1866 2705 in

347 2739 497 2801 ‘Deo
525 2746 621 2800 est
651 2758 779 2801 non
811 2740 1018 2802 solum
1053 2747 1121 2802 ut
1153 2740 1495 2817 intellecta,
1529 2736 1640 2804 sed
1673 2743 1866 2805 etiam

372 2844 437 2898 ut
480 2837 546 2898 in
591 2846 816 2900 natura
855 2839 966 2901 Dei
1007 2838 1282 2902 firmata.

447 2935 774 3010 Praeterea,
808 2936 872 2997 in
906 2936 1114 3018 prima
1145 2945 1320 3018 parte
1353 2937 1650 3012 Summae,
1686 2938 1868 3019 quin-

1987 1951 2189 2012 cernit
2220 1951 2435 2013 omnia
2466 1971 2605 2033 quae
2638 1959 2989 2014 noscuntur
3016 1972 3051 2013 a
3082 1952 3231 2026 Deo,
3265 1971 3483 2035 quam-

1983 2050 2080 2112 vis
2112 2069 2441 2132 nunquam
2472 2050 2655 2124 fiant,
2688 2059 2751 2113 et
2780 2050 3041 2132 respicit
3070 2069 3164 2124 ea,
3187 2051 3481 2133 quamvis

1982 2149 2373 2230 speculative
2438 2149 2746 2212 sciuntur.
2809 2150 3043 2212 Eorum
3106 2149 3277 2210 enim
3337 2169 3481 2232 quae

1981 2265 2101 2307 nec
2159 2247 2423 2310 fuerunt
2481 2265 2597 2309 nec
2659 2256 2807 2309 sunt
2867 2267 2983 2310 nec
3042 2255 3250 2320 erunt,
3312 2248 3478 2309 Deus

1983 2361 2109 2406 non
2139 2345 2329 2406 habet
2361 2345 2703 2427 practicam
2737 2345 3181 2427 cognitionem,
3205 2345 3327 2407 nisi
3361 2346 3481 2407 vir-

1983 2441 2238 2503 tualiter
2269 2450 2514 2504 tantum
2550 2461 2564 2506 :
2600 2443 2741 2506 ideo
2772 2451 3063 2525 respectu
3094 2461 3315 2506 eorum
3346 2461 3475 2505 non

1981 2545 2075 2600 est
2108 2539 2248 2601 idea
2278 2541 2343 2602 in
2374 2540 2500 2603 Deo
2541 2542 2605 2604 in
2638 2549 2948 2624 quantum
2982 2541 3120 2602 idea
3153 2540 3350 2620 signis
3354 2541 3478 2602 icat

1979 2639 2327 2720 exemplar,
2379 2639 2489 2700 sed
2541 2639 2605 2700 in
2661 2648 2970 2722 quantum
3018 2645 3113 2701 est
3165 2639 3343 2700 ratio.
3396 2673 3477 2684 -

1980 2735 2223 2798 Genera
2253 2755 2505 2819 quoque
2538 2756 2662 2800 non
2696 2746 2959 2820 possunt
2992 2737 3225 2800 habere
3266 2737 3475 2799 ideam

1977 2833 2166 2896 aliam
2200 2835 2280 2896 ab
2313 2836 2454 2897 idea
2492 2837 2749 2917 speciei,
2783 2845 2971 2918 prout
3010 2837 3151 2899 idea
3187 2836 3477 2917 designat

1978 2933 2305 3014 exemplar
2356 2950 2369 2994 :
2423 2934 2725 3015 quoniam
2771 2953 2969 3016 genus
3020 2955 3347 3017 nunquam
3396 2933 3476 2996 rit

376 3033 686 3094 tadecima
713 3034 1085 3116 quaestione,
1111 3036 1376 3117 pulchre
1408 3036 1684 3099 declarat
1714 3055 1866 3119 quo-
1898 3034 1941 3096 C
1977 3030 2101 3092 nisi
2133 3031 2201 3092 in
2233 3031 2445 3113 aliqua
2484 3032 2715 3113 specie.
2752 3033 3056 3095 Similiter
3086 3050 3340 3115 quoque
3378 3040 3476 3094 est

265 3150 300 3191 Ξ.
375 3133 564 3195 modo
609 3131 734 3195 sint
787 3134 1002 3215 plures
1051 3136 1206 3199 ideae
1241 3154 1254 3198 :
1289 3137 1360 3199 In
1410 3136 1697 3218 quolibet
1742 3137 1864 3216 (in-

374 3231 626 3313 quiens)
667 3230 904 3295 effectu
949 3233 1214 3295 ultimus
1263 3234 1414 3297 sinis
1465 3234 1721 3317 proprie
1770 3243 1867 3297 est

371 3328 446 3389 ab
477 3336 702 3409 agente
733 3329 1016 3392 intentus
1051 3348 1067 3393 :
1100 3330 1264 3393 sicut
1300 3332 1453 3393 ordo
1483 3331 1798 3393 exercitus
1828 3351 1866 3394 a

371 3428 546 3489 duce.
582 3427 908 3510 Optimum
948 3436 1162 3491 autem
1203 3430 1267 3492 in
1299 3429 1488 3492 rebus
1527 3430 1860 3507 exsistens,

371 3534 459 3586 est
492 3524 732 3589 bonum
763 3527 1004 3589 ordinis
1037 3528 1340 3601 universi,
1366 3536 1436 3589 ut
1467 3536 1637 3610 patet
1667 3531 1860 3593 unde-

370 3624 533 3686 cimo
589 3624 1050 3707 Metaphysicae.
1107 3625 1269 3689 Ordo
1327 3626 1521 3707 igitur
1579 3627 1860 3690 universi

369 3728 460 3783 est
491 3723 750 3804 proprie
778 3742 816 3785 a
854 3724 983 3786 Deo
1021 3724 1324 3799 intentus,
1357 3733 1421 3787 et
1460 3742 1586 3787 non
1622 3744 1736 3807 per
1765 3746 1863 3787 ac-

368 3819 581 3882 cidens
647 3821 1030 3902 proveniens
1093 3822 1444 3884 secundum
1508 3823 1858 3886 successio-

367 3936 512 3980 nem
542 3919 892 3999 agentium,
917 3927 988 3980 ut
1015 3920 1276 4003 quidam
1308 3922 1625 3997 dixerunt,
1646 3923 1859 3985 dicen-

363 4022 456 4078 tes
495 4017 668 4099 quod
707 4018 874 4079 Deus
915 4036 1039 4080 non
1081 4018 1380 4100 produxit
1419 4020 1541 4082 nisi
1584 4021 1857 4104 primam

365 4114 850 4196 intelligentiam
893 4134 1009 4197 per
1046 4134 1135 4189 se,
1169 4124 1231 4178 et
1270 4117 1394 4179 alia
1431 4119 1807 4181 secundario
1842 4137 1855 4181 :

1977 3131 2054 3193 de
2103 3131 2541 3196 accidentibus
2585 3150 2725 3213 quae
2775 3132 3282 3216 inseparabiliter
3330 3151 3475 3195 con·

1977 3232 2364 3292 comitantur
2414 3230 2855 3306 substantiam,
2898 3232 3049 3313 quia
3095 3233 3229 3295 haec
3278 3232 3473 3294 simul

1975 3329 2146 3391 fiunt
2197 3349 2341 3391 cum
2404 3329 2713 3410 subjecto.
2767 3329 3134 3393 Accidentia
3182 3351 3325 3414 quae
3374 3352 3475 3393 su-

1976 3428 2357 3508 perveniunt
2384 3428 2693 3509 subject0‚
2714 3429 3055 3510 specialem
3076 3429 3323 3492 -habent
3350 3429 3475 3491 ide-

1974 3545 2096 3587 am.
2131 3526 2373 3589 Artifex
2405 3527 2578 3588 enim
2613 3548 2725 3609 per
2752 3528 3023 3590 formam
3060 3528 3286 3590 domus
3319 3528 3471 3591 facit

1971 3625 2327 3687 accidentia
2367 3625 2583 3687 omnia
2620 3645 2761 3707 quae
2792 3626 3177 3688 comitantur
3206 3627 3466 3689 domum

1972 3742 2010 3784 a
2061 3724 2162 3785 sui
2214 3723 2572 3805 principi03
2624 3723 2734 3785 sed
2784 3742 2859 3785 ea
2908 3744 3049 3805 quae
3098 3724 3468 3806 superveni-

1973 3829 2088 3884 unt
2137 3822 2353 3884 domui
2400 3822 2533 3901 jam
2583 3822 2787 3897 factae,
2834 3822 3000 3884 sicut
3042 3822 3327 3905 picturae,
3374 3822 3466 3884 fa-

1972 3920 2060 3981 cit
2117 3939 2231 4002 per
2278 3920 2467 3983 aliam
2521 3920 2813 3984 formam.
2866 3922 3057 3984 Porro
3112 3921 3460 3997 individua,

1969 4019 2324 4081 secundum
2367 4019 2711 4093 Platonem,
2746 4037 2872 4082 non
2916 4019 3234 4081 habebant
3271 4018 3463 4082 aliam

1970 4136 2160 4198 quam
2194 4118 2429 4198 speciei
2470 4118 2674 4180 ideam
2713 4136 2727 4181 :
2762 4127 2894 4180 tum
2928 4116 3078 4199 quia
3120 4117 3465 4200 singularia

364 4213 716 4274 secundum
747 4231 937 4294 quem
980 4231 1256 4276 errorem
1300 4215 1463 4277 Deus
1503 4234 1631 4278 non
1669 4216 1858 4279 habe·
1889 4219 1938 4280 D
1971 4214 2452 4281 individuantur
2482 4235 2595 4297 per
2626 4216 2977 4291 materiam,
3002 4236 3192 4298 quam
3222 4218 3321 4298 (ut
3355 4218 3465 4280 ali-

364 4318 456 4372 ret
506 4311 716 4372 ideam
767 4310 892 4373 nisi
943 4311 1134 4394 primi
1185 4314 1443 4375 causati.
1489 4314 1608 4377 Sed
1659 4335 1859 4397 quum

363 4409 512 4472 ordo
543 4409 830 4471 universi
862 4409 944 4470 sit
984 4429 1096 4491 per
1125 4430 1192 4473 se
1234 4420 1525 4474 causatus
1561 4421 1621 4475 et
1656 4414 1860 4477 inten-

361 4515 460 4569 tus
497 4527 536 4569 a
575 4509 726 4583 Deo,
761 4516 1008 4589 oportet
1047 4510 1218 4590 quod
1256 4508 1483 4572 habeat
1523 4510 1727 4573 ideam
1766 4530 1861 4575 or-

356 4606 526 4668 dinis
577 4606 882 4668 universi.
917 4606 1096 4669 Ratio
1141 4614 1356 4669 autem
1401 4609 1592 4671 totius
1637 4610 1857 4673 haberi

357 4723 482 4767 non
525 4712 755 4787 potest,
800 4703 924 4767 nisi
964 4704 1317 4767 habeantur
1356 4706 1627 4788 propriae
1673 4709 1858 4772 ratio-

356 4822 468 4865 nes
515 4803 798 4885 partium
848 4803 988 4883 ejus
1025 4805 1612 4884 :quemadmodum
1662 4806 1859 4869 aedifi-

355 4909 526 4962 cator
583 4902 894 4963 rationem
955 4910 1018 4963 et
1075 4901 1566 4965 similitudinem
1630 4905 1857 4967 domus

353 5000 690 5081 concipere
739 5016 867 5061 non
911 5000 1170 5075 valeret,
1205 5000 1330 5063 nisi
1377 5002 1443 5063 in
1491 5012 1703 5066 mente
1754 5004 1858 5067 ha-

353 5096 532 5159 beret
563 5098 876 5160 rationem
907 5117 1128 5162 eorum
1158 5118 1236 5161 ex
1266 5100 1503 5182 quibus
1544 5103 1856 5165 construi-

351 5204 474 5257 tur.
527 5196 600 5258 In
651 5203 866 5259 mente
913 5216 1062 5279 ergo
1111 5198 1328 5262 divina
1383 5208 1532 5263 sunt
1581 5201 1852 5264 rationes

351 5294 644 5359 omnium
689 5296 967 5382 partium
1011 5298 1315 5361 universi.

1970 4313 2079 4394 qui
2133 4312 2382 4393 dicunt)
2430 4313 2644 4395 posuit
2691 4314 3037 4377 increatam
3085 4322 3146 4376 et
3197 4332 3463 4378 concau-

1967 4430 2104 4472 sam
2137 4410 2329 4489 ideae3
2362 4418 2498 4473 tum
2531 4412 2682 4494 quia
2717 4412 2985 4476 intentio
3024 4420 3262 4476 naturae
3294 4414 3463 4477 sistit

1968 4509 2033 4571 in
2083 4509 2443 4591 speciebuS,
2480 4517 2543 4570 et
2592 4511 2999 4591 particularia
3049 4511 3343 4593 producit
3390 4521 3461 4574 ut

1969 4608 2033 4670 in
2082 4608 2174 4669 eis
2225 4607 2471 4689 species
2521 4618 2994 4672 conserventur.
3036 4610 3270 4672 Verum
3320 4629 3461 4691 pro-

1965 4706 2249 4770 videntia
2297 4706 2409 4768 Dei
2458 4723 2585 4769 non
2645 4708 2851 4770 solum
2900 4709 2977 4769 ad
3028 4709 3294 4788 specieS‚
3346 4709 3457 4771 sed

1965 4806 2040 4867 ad
2093 4804 2422 4867 individua
2479 4806 2669 4867 etiam
2719 4825 2787 4867 se
2834 4805 3133 4867 extendit.
3185 4838 3265 4850 -—
3314 4806 3455 4870 Haec

1965 4904 2253 4965 ThomaS.

2045 5001 2275 5064 Contra
2306 5020 2446 5083 quae
2476 5000 2671 5081 objici
2702 5009 2914 5082 posset
2943 5008 3252 5082 quantum
3282 5002 3361 5064 ad
3393 5002 3457 5064 id

1964 5100 2132 5183 quod
2180 5100 2290 5173 ait,
2338 5100 2481 5161 ideo
2528 5117 2758 5179 genera
2808 5118 2933 5161 non
2982 5099 3214 5162 habere
3264 5100 3457 5163 aliam

1964 5200 2171 5262 ideam
2203 5198 2283 5261 ab
2325 5199 2465 5260 idea
2504 5197 2885 5279 specierum,
2918 5198 3222 5279 quoniam
3256 5218 3457 5280 genus

1965 5317 2291 5380 nunquam
2322 5296 2399 5358 fit
2430 5296 2555 5357 nisi
2592 5295 2656 5356 in
2687 5295 2901 5377 aliqua
2936 5297 3171 5379 specie.
3206 5298 3363 5362 Nam
3394 5305 3458 5360 et
