4359 6250
814 464 937 529 302

1456 483 1519 528 IN
1560 483 1781 528 LIBRUM
1823 484 1844 527 1
1887 481 2369 528 SENTENTIARUM.
2415 499 2496 508 -
2538 481 2690 528 DIST.
2736 483 2902 544 xxx;
2946 484 3169 539 QUAEST.
3215 485 3284 529 111

816 660 1083 726 tantum,
1110 660 1179 714 ut
1210 653 1592 725 incarnatuS‚
1619 670 1881 733 passus:
1914 660 1977 714 et
2006 652 2138 713 haec
2171 668 2314 713 con·
2341 651 2389 711 A
2426 658 2713 712 naturam
2754 652 3120 726 humanam,
3159 661 3222 716 et
3261 653 3493 715 realem
3541 654 3604 715 in
3651 673 3724 715 ea
3761 654 3928 716 rela-

813 752 1080 814 veniunt
1112 751 1221 812 uni
1255 769 1541 832 personae
1582 759 1848 812 tantum.
1885 751 2027 812 Haec
2066 750 2304 811 Petrus

892 851 1079 912 Porro
1120 850 1185 911 in
1226 849 1326 911 his
1368 851 1620 911 videtur
1658 849 1952 930 aliqualis
1997 848 2313 910 dissensio

811 948 876 1009 in
922 948 1041 1010 hoc
1073 948 1241 1029 quod
1284 948 1544 1010 nomina
1588 948 1707 1009 ista
1737 966 1878 1029 quae
1916 966 1993 1008 ex
2026 953 2312 1027 tempore

809 1046 1115 1107 dicuntur
1172 1046 1248 1108 de
1307 1047 1457 1120 Deo,
1519 1045 1873 1107 secundum
1933 1046 2190 1108 Petrum
2248 1051 2312 1106 et

808 1143 967 1205 alios
1013 1144 1323 1225 quosdam
1373 1144 1826 1225 praeallegatoS,
1870 1142 2312 1224 principaliter

810 1242 1145 1322 designant
1204 1243 1566 1316 essentiam,
1628 1251 1691 1304 et
1745 1242 2098 1304 secundum
2156 1241 2312 1303 Tho-

812 1360 981 1402 mam
1020 1360 1094 1402 ac
1135 1341 1292 1403 alios
1333 1342 1661 1423 quosdam,
1696 1360 1771 1402 ex
1814 1341 2023 1422 primo
2061 1358 2178 1402 suo
2217 1339 2310 1401 in-

810 1438 1069 1500 tellectu
1112 1439 1481 1520 significant
1522 1439 1918 1512 relationem,
1952 1446 2120 1500 etex
2162 1455 2310 1500 con-

812 1539 1103 1618 sequenti
1137 1538 1498 1600 essentiam.
1525 1538 1831 1610 Quocirca
1859 1537 2111 1599 videtur
2139 1537 2310 1619 quod

813 1635 1167 1698 formaliter
1196 1634 1531 1717 designant
1558 1634 2309 1709 relationem,essentiam

812 1751 962 1797 vero
1012 1734 1193 1815 quasi
1250 1733 1679 1806 materialiter,
1733 1741 2031 1814 tanquam
2085 1732 2309 1795 funda-

2425 749 2659 812 tionem
2699 751 2778 812 ad
2817 751 3004 813 Verbi
3051 771 3410 833 personam,
3442 761 3632 834 atque
3673 752 3737 814 in
3779 771 3931 834 per-

2421 866 2576 911 sona
2623 850 2812 911 Verbi
2863 851 3081 912 aeterni
3143 851 3512 913 relationem
3563 853 3930 914 secundum

2422 948 2733 1010 rationem
2797 949 2876 1010 ad
2945 957 3236 1011 naturam
3306 950 3674 1013 humanam.
3740 950 3932 1013 Unde

2421 1065 2621 1127 quum
2663 1046 2920 1120 dicitur,
2954 1048 3118 1109 Deus
3160 1054 3255 1110 est
3297 1048 3509 1121 hom0,
3543 1067 3682 1110 esse
3719 1048 3934 1110 homi·

2424 1162 2568 1205 nem
2621 1143 2941 1224 significat
2991 1145 3294 1207 unionem
3341 1153 3582 1209 naturae
3623 1145 3933 1208 humanae

2423 1260 2571 1303 cum
2630 1241 2846 1304 divina
2904 1261 3194 1324 persona,
3246 1251 3311 1305 et
3367 1261 3443 1305 ex
3503 1244 3932 1326 consequenti

2423 1339 2743 1419 significat
2781 1348 3070 1402 naturam
3103 1342 3446 1404 humanam
3478 1361 3550 1404 ac
3581 1360 3932 1423 personam

2423 1437 2725 1500 divinam.
2760 1439 2904 1500 Haec
2943 1439 3312 1502 Richardus.

2502 1535 2797 1597 Albertus
2841 1537 3100 1598 demum
3143 1537 3248 1599 hic
3287 1537 3376 1598 ait
3409 1556 3423 1600 :
3459 1539 3754 1600 Doctores
3795 1538 3933 1600 hoc

2425 1633 2563 1716 loco
2594 1634 2799 1696 tribus
2841 1635 3046 1697 modis
3081 1635 3616 1698 diversificantur.
3651 1636 3931 1710 Quidam

2425 1733 2662 1794 etenim
2701 1733 2944 1806 dicunt,
2976 1734 3147 1814 quod
3187 1733 3448 1796 nomina
3486 1734 3607 1796 ista
3643 1754 3721 1796 ex
3763 1743 3932 1796 tem—

814 1839 1101 1894 mentum
1148 1832 1474 1895 relationis
1515 1831 1687 1894 illius
1722 1849 1736 1893 :
1771 1839 1833 1894 et
1871 1832 2174 1914 quoniam
2215 1831 2310 1893 in·
2347 1833 2394 1895 B
2425 1849 2578 1912 pore
2622 1831 3065 1894 convenientia
3108 1833 3257 1908 Dec,
3290 1833 3497 1914 quoad
3544 1832 3608 1893 id
3651 1831 3754 1894 cui
3803 1832 3935 1894 im-

812 1939 907 1992 ter
936 1931 1072 1993 haec
1104 1930 1229 1992 duo
1262 1930 1537 1992 essentia
1568 1929 1921 2010 principale
1952 1937 2068 2003 est,
2095 1929 2308 1991 forsan

810 2037 873 2090 et
934 2029 1287 2109 principale
1351 2027 1785 2109 significatum
1843 2028 1923 2089 ab
1984 2027 2309 2107 aliquibus

810 2127 1188 2208 appellatur,
1211 2126 1564 2208 praesertim
1594 2145 1796 2208 quum
1826 2125 2047 2189 relatio
2077 2126 2190 2187 illa
2216 2125 2308 2187 nil

812 2227 977 2288 reale
1020 2233 1212 2308 ponat
1256 2226 1322 2287 in
1369 2227 1513 2288 Deo.

890 2325 1049 2386 Hinc
1098 2325 1446 2387 Richardus
1492 2343 1505 2386 :
1554 2326 1641 2387 Ea
1689 2343 1832 2407 quae
1881 2324 2184 2386 dicuntur
2231 2324 2310 2385 de

816 2423 942 2485 Deo
972 2443 1049 2485 ex
1084 2432 1389 2505 tempore,
1425 2432 1533 2485 aut
1571 2425 1773 2505 ipsam
1816 2423 2190 2485 relationem
2229 2422 2311 2484 si-

810 2521 1124 2602 gnificant
1166 2522 1396 2603 prim0,
1430 2529 1539 2584 aut
1579 2522 1912 2584 eam-dant
1955 2521 2310 2602 intelligere

813 2639 891 2682 ex
941 2621 1377 2702 consequenti.
1433 2620 1666 2684 Eorum
1718 2638 1994 2702 namque
2044 2639 2185 2702 quae
2234 2638 2311 2681 ex

815 2728 1101 2800 tempore
1142 2720 1571 2800 praedicantur
1600 2720 1677 2781 de
1719 2719 1868 2792 Deo,
1902 2719 2195 2801 quaedam
2233 2718 2314 2780 si—

810 2817 1122 2897 gnificant
1163 2836 1296 2878 rem
1338 2836 1530 2898 super
1560 2836 1751 2898 quam
1793 2816 2096 2879 fundatur
2137 2816 2312 2879 habi-

812 2916 985 2988 tudo,
1048 2915 1214 2976 sicut
1276 2923 1519 2976 creator
1579 2923 1641 2976 et
1700 2914 2106 2995 gubernator,
2168 2933 2311 2997 quae

2424 1937 2769 2010 ponuntur,
2810 1929 3144 2011 designant
3187 1931 3566 2010 essentiam3
3608 1931 3717 1993 sed
3761 1949 3932 2012 quo·

2420 2029 2498 2090 ad
2563 2028 2626 2090 id
2685 2048 2721 2090 a
2779 2047 2905 2110 quo
2965 2047 3197 2091 nomen
3263 2029 3634 2110 imponitur,
3695 2029 3932 2091 dicunt

2421 2125 2861 2188 habitudinem
2910 2128 2988 2188 ad
3034 2135 3259 2190 creata.
3304 2126 3546 2201 Quibus
3588 2126 3928 2208 objicitur,

2421 2225 2593 2307 quod
2642 2226 2760 2287 hoc
2810 2243 3066 2300 nomen,
3120 2234 3384 2301 creator,
3439 2226 3790 2307 imponitur
3837 2225 3930 2287 ab

2421 2331 2564 2384 actu
2599 2324 2871 2386 creantis
2907 2343 2920 2388 :
2955 2324 3065 2407 qui
3097 2333 3275 2386 actus
3307 2342 3432 2388 non
3465 2325 3763 2388 convenit
3792 2324 3928 2386 nisi

2423 2424 2550 2485 Deo
2609 2423 2867 2484 creanti.
2923 2423 2996 2484 Et
3047 2423 3100 2484 si
3151 2424 3398 2485 dicatur
3447 2424 3618 2506 quod
3676 2431 3933 2486 creator

2423 2528 2683 2582 vocatur
2729 2519 2809 2582 ab
2859 2519 3078 2582 habitu
3127 2521 3228 2582 vel
3279 2527 3588 2602 potestate
3637 2521 3930 2596 creandi,

2423 2618 2674 2680 facilius
2707 2626 2878 2700 patet
2909 2619 3331 2700 propositum,
3368 2620 3520 2701 quia
3549 2626 3826 2701 potestas
3861 2627 3933 2681 et

2422 2717 2789 2797 hujusmodi
2841 2716 3096 2778 habitus
3155 2735 3283 2780 non
3341 2717 3464 2779 nisi
3517 2719 3644 2780 Deo
3691 2735 3932 2780 conve-

2423 2816 2626 2876 niunt.
2661 2815 2784 2876 Alii
2816 2832 2966 2895 ergo
2997 2814 3383 2878 solutionem
3415 2815 3672 2877 illorum
3703 2834 3930 2877 emen-

2422 2913 2571 2975 dare
2622 2913 2926 2986 volenteS‚
2980 2913 3278 2976 dixerunt
3328 2914 3496 2996 quod
3547 2913 3930 2994 hujusmodi

812 3013 1181 3095 significant
1218 3013 1501 3075 divinam
1540 3013 1857 3076 actionem
1900 3014 2307 3088 intrinsecuS,
2347 3017 2390 3080 C
2423 3012 2683 3075 nomina
2720 3021 2850 3074 tam
2886 3019 3194 3093 quantum
3237 3014 3314 3074 ad
3356 3013 3419 3074 id
3449 3032 3488 3074 a
3515 3029 3643 3094 quo
3684 3031 3930 3076 nomen

811 3132 954 3194 quae
1003 3112 1168 3174 Deus
1211 3119 1327 3184 est,
1372 3119 1433 3173 et
1474 3119 1817 3175 connotant
1868 3111 2310 3174 habitudinem

812 3211 878 3271 in
937 3218 1105 3283 actu,
1158 3229 1300 3291 quae
1356 3218 1451 3272 est
1504 3210 1567 3271 in
1620 3218 1907 3272 creatura
1956 3211 2310 3273 secundum

814 3327 971 3381 rem,
1004 3316 1067 3369 et
1105 3308 1397 3389 opposita
1443 3308 1751 3370 habitudo
1794 3317 1890 3370 est
1936 3308 2001 3369 in
2049 3310 2176 3371 Deo
2219 3327 2312 3370 se-

814 3406 1095 3468 cundum
1154 3406 1483 3467 rationem.
1538 3406 1833 3478 Quaedam
1894 3406 2312 3487 imponuntur

812 3505 891 3566 ad
936 3504 1432 3585 significandum
1478 3504 1681 3586 ipsam
1732 3504 2198 3579 habitudinem,
2244 3512 2313 3566 ut

815 3602 948 3665 haec
1000 3602 1278 3675 nomina,
1321 3601 1641 3675 dominuS,
1686 3602 1997 3683 superior,
2042 3621 2185 3684 quae
2229 3602 2311 3663 si-

811 3700 1123 3781 gnificant
1170 3700 1566 3774 relationem,
1611 3719 1753 3782 quae
1801 3706 1896 3762 est
1940 3700 2004 3761 in
2048 3701 2177 3762 Deo
2219 3719 2312 3762 se-

813 3800 1094 3860 cundum
1155 3798 1486 3872 rationem,
1539 3806 1603 3860 et
1653 3799 1947 3880 opposita
2003 3798 2310 3861 habitudo

812 3906 907 3959 est
951 3898 1016 3959 in
1058 3904 1346 3959 creatura
1388 3897 1743 3959 secundum
1788 3915 1957 3976 rem3
1998 3904 2189 3978 atque
2233 3916 2310 3959 ex

813 3995 1226 4077 consequenti
1268 3996 1420 4057 dant
1452 3994 1805 4076 intelligere
1837 3994 2122 4057 divinam
2162 3994 2311 4056 sub-

813 4093 1109 4155 stantiam
1153 4101 1455 4174 tanquam
1496 4112 1632 4155 rem
1672 4112 1814 4174 quae
1844 4112 1881 4155 a
1911 4092 2017 4155 tali
2066 4092 2313 4155 habitu-

2425 3110 2798 3192 imponitur,
2833 3117 2960 3173 tam
3003 3118 3313 3193 quantum
3355 3111 3433 3173 ad
3475 3110 3538 3173 id
3571 3111 3676 3173 cui
3717 3110 3932 3193 impo-

2423 3210 2617 3283 nitur,
2661 3208 3029 3290 significant
3072 3210 3354 3273 divinam
3399 3210 3764 3283 essentiam,
3805 3211 3934 3272 sed

2425 3314 2683 3389 propter
2747 3315 3148 3371 connotatum
3213 3326 3338 3370 non
3401 3308 3782 3371 conveniunt
3839 3308 3934 3370 ab

2423 3413 2676 3467 aeterno.
2700 3405 2776 3467 Et
2805 3405 2925 3468 hoc
2956 3405 3284 3468 derisibile
3313 3412 3429 3479 est,
3449 3408 3618 3487 quod
3651 3413 3928 3479 creator,

2423 3522 2554 3577 rex,
2602 3510 2665 3564 et
2712 3503 3104 3583 hujusmodi,
3163 3505 3572 3585 imponantur
3616 3523 3655 3565 a
3701 3503 3934 3566 divina

2423 3602 2718 3674 essentia,
2739 3620 2938 3684 quum
2966 3602 3176 3683 ipsum
3210 3620 3441 3664 nomen
3475 3602 3695 3664 innuat
3717 3600 3926 3677 aliud,

2425 3706 2645 3781 utpote
2674 3699 2754 3761 ab
2786 3706 2930 3762 actu
2964 3701 3220 3762 creandi
3251 3718 3318 3762 se
3346 3719 3486 3763 esse
3519 3700 3926 3783 impositum,

2424 3799 2978 3881 Damascenusque
3022 3799 3191 3860 dicat
3234 3799 3404 3881 quod
3449 3798 3770 3880 significat
3807 3798 3932 3861 ha-

2424 3896 2782 3959 bitudinem
2839 3914 3060 3958 eorum
3118 3915 3155 3957 a
3211 3896 3446 3978 quibus
3503 3896 3933 3979 distinguitur

2422 3994 2698 4058 essentia
2725 4003 2789 4056 et
2814 3996 2993 4057 Deus.
3010 3995 3155 4057 Ideo
3186 3995 3396 4077 placet
3417 3995 3572 4057 mihi
3603 3996 3934 4058 sententia

2424 4094 2818 4167 Damasceni,
2851 4092 3123 4155 dicentis
3154 4094 3322 4176 quod
3358 4093 3726 4174 significant
3753 4092 3929 4154 divi-

815 4192 965 4253 dine
995 4192 1460 4254 denominatur.
1496 4192 1793 4265 Quaedam
1825 4192 2196 4271 significant
2226 4192 2316 4253 di·
2343 4194 2392 4256 D
2425 4210 2571 4253 nam
2611 4192 2952 4255 essentiam
2993 4192 3113 4253 sub
3153 4190 3526 4253 habitudine
3566 4191 3644 4252 ad
3683 4198 3923 4253 creata.

814 4288 1032 4351 vinam
1079 4288 1394 4351 actionem
1447 4288 1696 4370 passive
1748 4288 2198 4369 significatam,
2246 4297 2314 4350 ut

816 4388 1201 4460 incarnatuS,
1227 4387 1492 4465 missus;
1525 4388 1802 4468 dantque
1833 4388 2188 4468 intelligere
2219 4408 2313 4449 re-

818 4486 1119 4548 lationem
1169 4486 1405 4547 realem
1454 4502 1741 4566 personae
1791 4486 1999 4549 missae
2041 4487 2119 4547 ad
2172 4506 2313 4568 per-

816 4603 1037 4648 sonam
1087 4604 1125 4646 a
1172 4603 1298 4667 qua
1344 4592 1618 4657 emanat,
1661 4584 1812 4665 quia
1860 4603 1986 4646 non
2038 4586 2315 4648 mittitur

814 4683 941 4745 nisi
981 4699 1251 4765 persona
1288 4701 1609 4745 emanans.
1648 4682 2013 4745 Incarnatus
2056 4702 2312 4765 quoque

814 4784 920 4845 dat
958 4782 1313 4863 intelligere
1362 4780 1807 4843 habitudinem
1858 4780 2048 4843 unius
2096 4800 2313 4864 perso-

816 4901 911 4945 nae
941 4882 1019 4943 ad
1059 4882 1273 4955 aliam,
1307 4880 1609 4962 quoniam
1650 4866 1767 4941 soli
1800 4879 1959 4942 Filio
1989 4880 2306 4942 convenit.

815 4980 1170 5043 Connotant
1218 4979 1409 5041 etiam
1470 4978 1730 5041 nomina
1778 4978 1886 5039 illa
1937 4978 2311 5040 relationem

815 5080 1049 5141 realem
1102 5079 1167 5140 in
1217 5084 1525 5151 creatura,
1566 5083 1632 5137 et
1674 5076 1741 5139 in
1784 5077 1912 5139 Deo
1955 5077 2310 5139 secundum

816 5178 1144 5240 rationem.
1192 5177 1489 5250 Quaedam
1532 5192 1683 5237 vero
1727 5173 2097 5255 significant
2138 5194 2309 5237 crea-

818 5284 1045 5349 turam,
1065 5276 1231 5337 sicut
1260 5274 1451 5337 homo
1479 5273 1689 5336 dictus
1719 5273 1797 5335 de
1830 5273 1959 5335 Deo
1987 5272 2313 5354 significat

2421 4290 2588 4351 —Et
2615 4290 2664 4351 si
2699 4297 3017 4372 quaeratur
3039 4308 3120 4351 an
3152 4297 3406 4371 tempus
3436 4289 3692 4371 incepit,
3707 4288 3932 4351 dicen·

2422 4388 2779 4469 dum-quod
2814 4396 3068 4468 tempus
3109 4386 3350 4468 incepit
3384 4386 3450 4448 in
3486 4386 3694 4469 primo
3727 4394 3791 4447 et
3824 4386 3932 4449 in-

2422 4485 2730 4548 divisibili
2760 4503 2889 4557 suo,
2910 4485 3080 4567 quod
3109 4492 3204 4546 est
3229 4504 3416 4545 nunc.
3438 4485 3580 4547 Haec
3599 4483 3922 4547 AlbertuS.

2838 4746 3310 4821 QUAESTIO
3377 4749 3504 4813 III

2548 4974 2722 5037 Ertio
2759 4974 3084 5056 quaeritur,
3123 4976 3415 5042 Utrum
3452 4978 3777 5044 nomina
3813 4979 3934 5046 :ls-

2565 5076 2650 5139 ta
2689 5086 2864 5152 quae
2906 5086 3005 5138 ex
3046 5077 3404 5156 tempore
3447 5079 3932 5157 competunt

2418 5176 2604 5255 Dec,
2645 5172 2917 5237 dicant
2960 5174 3260 5239 realem
3307 5174 3782 5242 relationem
3829 5174 3930 5244 in

2419 5275 2618 5353 ipsc.
