4359 6250
870 463 991 526 290

1502 481 1567 524 IN
1607 479 1830 524 LIBRUM
1869 480 1890 523 1
1932 477 2414 524 SENTENTIARUM.
2459 495 2540 504 —
2581 477 2733 520 ntsT.
2780 477 2970 536 xxm3
3013 476 3236 532 QUAEST.
3282 476 3350 521 m

873 659 1082 712 tamen
1122 651 1197 711 ad
1240 651 1359 712 hoc
1390 649 1689 712 videntur
1722 625 1960 710 diversi
2000 646 2368 710 diversimo-
2393 645 2444 707 A
2475 645 2561 706 De
2611 645 2851 709 ratione
2905 645 3077 708 enim
3127 664 3291 708 verae
3350 645 3788 726 productionis
3841 663 3978 707 non

870 749 947 810 de
991 750 1393 830 respondere.

946 947 1163 1028 Itaque
1213 946 1481 1008 Thomas
1530 946 1870 1027 respondet
1930 945 1995 1006 in
2050 943 2297 1024 Scripto
2346 960 2360 1003 :

867 1045 1190 1108 Processio
1233 1054 1665 1107 creaturarum
1706 1063 1781 1106 ex
1824 1043 2228 1126 processione
2269 1048 2365 1102 est

868 1143 1228 1205 divinarum
1274 1161 1689 1225 personarum
1727 1160 1739 1203 :
1776 1142 1925 1204 hinc
1955 1140 2244 1203 absolute
2277 1139 2364 1200 lo-

868 1243 1141 1323 quend0‚
1177 1260 1291 1322 per
1335 1243 1512 1323 prius
1556 1242 1793 1303 dicitur
1835 1239 2227 1321 principium
2273 1257 2366 1299 re-

867 1349 1091 1421 spectu
1136 1358 1420 1421 personae
1462 1348 1525 1400 et
1571 1339 2005 1420 productionis
2049 1338 2127 1399 ad
2174 1337 2361 1410 intra,

868 1457 1061 1520 quam
1094 1445 1384 1519 respectu
1426 1446 1877 1499 creaturarum.
1912 1437 2364 1498 Verumtamen

871 1536 1271 1608 intuendum,
1319 1536 1489 1617 quod
1536 1536 1601 1596 in
1647 1535 1965 1617 principio
2010 1533 2364 1595 secundum

870 1635 1040 1715 quod
1073 1633 1307 1695 dicitur
1338 1641 1628 1715 respectu
1671 1640 1994 1705 creaturae,
2028 1639 2123 1692 est
2163 1630 2366 1693 consi-

871 1733 1090 1794 derare
1122 1732 1325 1812 ipsam
1367 1731 1809 1793 habitudinem
1840 1731 1918 1792 ad
1958 1737 2188 1802 creata,
2223 1748 2364 1811 quae

2471 751 2568 805 est
2597 744 3032 807 substantialis
3063 745 3390 806 distinctio
3419 745 3586 805 inter
3616 745 3978 826 producen-

2471 850 2600 905 tem
2641 851 2830 925 atque
2873 845 3276 925 productum,
3311 844 3423 904 sed
3463 843 3706 904 sufficit
3751 843 3982 905 distin-

2473 943 2599 1005 ctio
2629 941 3153 1023 personalis.1mo
3183 949 3254 1004 ut
3282 941 3656 1016 Alexander,
3675 942 3975 1014 Thoma8‚

2471 1041 2911 1102 Bonaventura
2953 1048 3016 1103 et
3058 1040 3168 1102 alii
3209 1040 3467 1122 quidam
3515 1040 3860 1112 declarant,
3891 1039 3977 1101 ad

2475 1138 3006 1220 perfectissimam
3047 1138 3514 1202 emanationem
3553 1145 3744 1219 atque
3775 1138 3980 1199 veris—

2474 1236 2702 1299 simam
2742 1237 3214 1318 generationem
3259 1236 3320 1298 id
3367 1237 3644 1318 pertinet
3689 1244 3758 1298 ut
3797 1235 3980 1316 geni-

2474 1345 2611 1398 tum
2655 1354 2729 1398 ac
2774 1337 3156 1416 productum
3206 1336 3494 1398 eamdem
3547 1353 3816 1398 numero
3866 1354 3980 1396 na-

2475 1443 2683 1496 turam
2747 1432 2976 1496 habeat
3037 1452 3183 1495 cum
3247 1433 3569 1514 gignente,
3631 1441 3700 1494 ut
3765 1433 3846 1494 sit
3909 1432 3979 1494 ei

2477 1531 2758 1613 plenarie
2821 1531 3032 1594 simile
3090 1539 3152 1593 et
3209 1531 3475 1612 aequale,
3527 1531 3695 1593 sicut
3751 1539 3848 1592 est
3905 1531 3978 1592 in

2476 1629 2733 1703 diviniS,
2758 1630 3045 1710 quamvis
3075 1630 3151 1691 ad
3183 1629 3304 1691 hoc
3335 1629 3842 1710 cognoscendum
3874 1647 3984 1688 na-

2477 1727 2700 1802 turalis
2749 1727 2908 1790 ratio
2958 1746 3082 1790 non
3135 1728 3471 1809 pertingat,
3519 1746 3637 1789 nec
3687 1728 3750 1789 in
3803 1745 3980 1788 crea-

870 1830 1239 1911 temporalis
1280 1837 1395 1902 est,
1429 1837 1492 1890 et
1534 1830 1596 1891 id
1637 1830 1703 1890 in
1741 1847 1871 1911 quo
1910 1827 2216 1890 habitudo
2257 1827 2365 1888 illa
2401 1827 2448 1889 B
2479 1827 2636 1888 turis
2682 1826 2768 1888 ita
2818 1826 3196 1888 inveniatur.
3231 1827 3774 1899 Quemadmodum
3824 1842 3983 1905 ergo

868 1927 1193 2001 fundatur,
1228 1927 1525 1988 videlicet
1566 1926 1768 1988 virtus
1808 1933 1870 1986 et.
1909 1925 2192 2007 operatio
2227 1923 2359 1997 Dei,

871 2025 937 2086 in
982 2025 1217 2107 quibus
1261 2032 1476 2087 tamen
1527 2042 1653 2087 non
1704 2032 1798 2085 est.
1847 2024 2007 2086 ratio
2059 2023 2362 2104 principii

867 2127 945 2188 ad
996 2135 1193 2200 extra,
1228 2126 1351 2187 nisi
1403 2126 1582 2207 quasi
1634 2124 2040 2187 habitualiter
2085 2142 2098 2185 t
2144 2123 2364 2205 sicque

869 2226 1150 2288 secundo
1204 2226 1391 2287 modo
1440 2224 1897 2287 considerando
1948 2223 2361 2304 principium,

870 2323 1081 2405 ipsum
1116 2323 1505 2404 principium
1542 2341 1653 2404 per
1684 2322 1863 2403 prius
1893 2321 2128 2383 dicitur
2157 2338 2368 2401 respe-

871 2430 976 2483 ctu
1018 2430 1341 2495 creaturae,
1375 2441 1569 2503 quam
1616 2428 1906 2502 respectu
1951 2420 2186 2482 divinae
2231 2437 2367 2500 per-

871 2538 1062 2595 sonae‚
1126 2520 1311 2600 cujus
1372 2519 1673 2602 principii
1734 2519 1894 2581 ratio
1952 2517 2241 2580 consistit
2301 2517 2366 2579 in

872 2619 1275 2700 proprietate.
1312 2619 1388 2680 Et
1438 2618 1606 2680 istud
1657 2625 1752 2679 est
1803 2636 2024 2679 verum
2077 2635 2190 2698 per
2237 2634 2367 2678 mo-

873 2718 1027 2778 dum
1060 2735 1185 2798 quo
1217 2717 1569 2778 secundum
1603 2716 1998 2778 intellectum
2030 2714 2368 2776 essentiale

871 2815 1108 2877 dicitur
1158 2815 1334 2896 prius
1385 2814 1727 2893 notionali3
1770 2815 1882 2877 sed
1931 2814 2051 2876 hoc
2096 2831 2224 2876 non
2273 2820 2369 2875 est

872 2913 997 2974 nisi
1041 2914 1395 2975 secundum
1439 2913 1611 2995 quid.
1658 2913 1803 2975 Haec
1845 2912 2132 2974 Thomas,

2478 1925 2822 2006 paternitas
2851 1933 2914 1986 et
2942 1925 3286 2005 generatio,
3319 1933 3479 1987 teste
3509 1924 3830 2007 Apostolo,
3859 1942 3982 2005 per

2477 2023 2655 2104 prius
2687 2023 2984 2084 convenit
3015 2023 3142 2085 Deo
3172 2041 3363 2104 quam
3397 2023 3724 2095 creaturis,
3759 2039 3984 2103 quam-

2477 2120 2572 2183 vis
2605 2120 2801 2181 Filius
2834 2120 2898 2181 in
2930 2120 3164 2182 divinis
3197 2138 3323 2183 non
3363 2121 3793 2201 distinguatur
3822 2119 3980 2181 sub-

2477 2217 2850 2280 stantialiter
2878 2237 2915 2280 a
2944 2218 3154 2297 Patre,
3179 2218 3266 2280 ita
3293 2226 3356 2279 et
3387 2218 3744 2299 productio,
3759 2236 3984 2300 quam-

2479 2317 2575 2377 vis
2627 2315 3034 2397 producentis
3079 2324 3143 2378 et
3187 2316 3478 2398 producti
3529 2335 3656 2378 una
3705 2334 3982 2378 numero

2478 2414 2562 2476 sit
2599 2422 2841 2476 natura.
2876 2414 2967 2476 Ad
3009 2413 3128 2496 hoc
3168 2413 3380 2475 valent
3419 2422 3482 2475 et
3521 2415 3662 2476 aliae
3703 2413 3983 2476 rationes

2478 2512 2556 2572 ad
2587 2513 2708 2575 hoc
2743 2511 3141 2593 probandum
3184 2512 3478 2574 inductae.
3515 2513 3776 2582 Rursus,
3809 2511 3983 2574 sicut

2479 2609 2836 2672 fecunditas
2891 2610 3187 2673 convenit
3242 2612 3368 2673 Deo
3421 2609 3809 2672 eminentius
3863 2629 3984 2691 per

2480 2709 3016 2790 comparationem
3047 2710 3126 2771 ad
3167 2709 3632 2772 emanationem
3674 2709 3753 2771 ad
3784 2709 3978 2782 intra,

2478 2827 2670 2890 quam
2722 2808 2928 2889 quoad
2979 2816 3410 2870 creaturarum
3466 2808 3977 2889 productionem,

2479 2906 2572 2968 sic
2615 2913 2678 2967 et
2723 2906 2881 2967 ratio
2925 2906 3228 2987 principii
3267 2914 3330 2968 et
3367 2907 3574 2969 activa
3617 2906 3976 2988 productio.

952 3011 1302 3074 Concordat
1360 3011 1623 3073 omnino
1680 3010 1999 3082 Albertus,
2064 3010 2370 3092 ponitque
2405 3007 2449 3070 C
2479 3003 2638 3065 Hinc
2679 3004 3115 3066 substantialis
3157 3004 3451 3066 identitas
3493 3005 3786 3086 producti
3827 3023 3980 3066 cum

872 3109 1081 3172 simile
1131 3110 1209 3172 de
1262 3109 1545 3192 potentia
1586 3109 1929 3191 generandi
1975 3115 2039 3170 et
2090 3109 2374 3191 potentia

872 3209 1150 3283 creandi,
1198 3216 1269 3270 ut
1308 3209 1553 3271 dictum
1596 3216 1690 3271 est
1734 3228 1945 3291 supra.

954 3307 1132 3369 Circa
1189 3307 1324 3369 haec
1377 3306 1465 3368 ait
1524 3308 1856 3369 Durandus
1912 3324 1924 3369 :
1979 3306 2370 3388 Principium

870 3404 1227 3486 (inquiens)
1254 3404 1597 3487 dupliciter
1626 3404 1829 3486 accipi
1864 3413 2069 3487 potest
2097 3423 2110 3467 :
2138 3406 2368 3487 prim0,

874 3520 991 3584 pro
1020 3521 1095 3565 eo
1127 3503 1294 3584 quod
1326 3510 1421 3564 est
1453 3503 1610 3566 ratio
1643 3503 2035 3584 productivi3
2069 3503 2370 3574 secundo,

880 3618 993 3682 pro
1036 3601 1267 3662 actuali
1313 3600 1687 3663 habitudine
1732 3620 1846 3662 seu
1890 3601 2193 3663 relatione
2239 3618 2377 3681 pro-

879 3699 1171 3761 ducentis
1220 3699 1299 3761 ad
1350 3700 1751 3781 productum.
1808 3698 1870 3760 Si
1924 3699 2117 3779 igitur
2167 3699 2378 3779 primo

884 3798 1069 3860 modo
1101 3805 1389 3859 sumatur
1421 3798 1834 3878 principium,
1862 3798 2039 3879 prius
2072 3797 2378 3878 competit

883 3895 947 3956 in
992 3895 1229 3957 divinis
1279 3902 1570 3976 respectu
1624 3904 2053 3957 creaturarum
2101 3914 2114 3957 ε
2157 3895 2381 3977 quoni-

881 4012 985 4055 am
1036 4000 1337 4055 creaturae
1389 3993 1533 4074 plus
1584 3993 1967 4075 participant
2009 3994 2085 4055 de
2136 3994 2378 4055 ratione

884 4091 1120 4153 causati
1152 4098 1215 4151 et
1257 4090 1648 4171 principiati‚
1682 4110 1873 4173 quam
1918 4109 2186 4172 persona
2224 4091 2382 4152 divi-

2481 3103 2889 3185 producente,
2915 3103 3223 3167 rationem
3257 3111 3322 3166 et
3352 3103 3811 3186 perfectionem
3845 3123 3984 3186 pro-

2481 3203 2722 3265 ductivi
2756 3202 3059 3284 principii
3091 3222 3202 3265 seu
3236 3203 3674 3285 productionis
3704 3223 3780 3266 ac
3811 3204 3984 3286 prin-

2481 3301 2633 3382 cipii
2666 3320 2794 3363 non
2834 3301 3089 3375 minuit,
3125 3302 3234 3364 sed
3276 3302 3552 3383 complet
3593 3309 3653 3363 et
3699 3302 3976 3384 perficit.

2481 3400 2641 3462 Hinc
2679 3399 2961 3482 AEgidius
3001 3408 3064 3462 et
3103 3400 3452 3463 Richardus
3497 3401 3787 3464 absolute
3833 3420 3982 3465 con-

2483 3500 2736 3573 cedunt,
2789 3500 2958 3581 quod
3015 3499 3406 3581 principium
3463 3499 3528 3561 in
3580 3499 3818 3562 divinis
3867 3519 3984 3583 per

2484 3598 2661 3680 prius
2724 3598 2959 3659 dicitur
3017 3605 3308 3679 respectu
3373 3598 3606 3661 divinae
3669 3616 3980 3679 personae‚

2485 3696 2834 3779 prae-sertim
2895 3696 3046 3777 quia
3103 3714 3240 3758 esse
3297 3695 3688 3778 principium
3745 3697 3986 3761 divinae

2487 3812 2770 3876 personae
2816 3794 3120 3875 competit
3162 3795 3242 3857 ab
3282 3804 3517 3858 aeterno
3558 3813 3844 3877 personae
3890 3796 3986 3858 di—

2487 3892 2650 3955 vinae
2695 3892 3090 3973 producenti.

2565 3991 2886 4053 Postremo
2934 3991 3012 4053 de
3063 3991 3184 4054 hoc
3232 3991 3587 4054 Alexander
3635 3991 3728 4055 sic
3779 3992 3986 4075 loqui-

2488 4098 2639 4151 tur:
2682 4090 2994 4163 Quaeritur
3038 4090 3139 4152 cui
3187 4089 3394 4172 primo
3443 4091 3778 4154 conveniat
3823 4092 3986 4154 ratio

883 4207 964 4250 na
995 4189 1319 4269 producta.
1356 4188 1653 4250 Creatura
1694 4208 1970 4270 namque
2005 4195 2099 4250 est
2130 4189 2303 4250 aliud
2345 4209 2381 4251 a
2409 4193 2458 4253 D
2491 4188 2809 4270 principii.
2863 4189 2956 4251 Ad
3006 4189 3176 4271 quod
3229 4198 3434 4271 potest
3480 4189 3770 4252 absolute
3830 4191 3981 4263 dici,

883 4288 1204 4365 Creatore3
1250 4305 1378 4349 non
1417 4295 1628 4348 autem
1671 4306 1939 4368 persona
1979 4287 2306 4368 producta,
2343 4306 2380 4348 a

884 4403 1153 4467 persona
1196 4385 1411 4446 divina
1462 4386 1869 4466 producente.
1906 4385 1967 4447 Si
2013 4403 2165 4448 vero
2211 4385 2381 4466 prin-

884 4482 1125 4564 cipium
1175 4483 1527 4563 accipiatur
1571 4502 1685 4564 pro
1729 4484 1960 4545 actuali
2004 4482 2379 4544 habitudine

882 4600 995 4642 seu
1028 4581 1331 4642 relatione
1374 4581 1671 4662 principii
1717 4580 2077 4663 producti'vi
2117 4581 2196 4642 ad
2238 4598 2379 4662 pro-

881 4679 1168 4751 ductum,
1202 4678 1294 4739 sic
1336 4678 1727 4759 principium
1769 4696 1881 4759 per
1922 4677 2100 4758 prius
2144 4677 2382 4739 dicitur

882 4783 1175 4857 respectu
1219 4794 1505 4857 personae
1535 4774 1767 4837 divinae
1800 4776 2142 4856 productae,
2178 4794 2380 4856 quum

879 4874 1185 4935 habitudo
1224 4881 1287 4935 et
1326 4874 1545 4936 relatio
1586 4874 1751 4935 inter
1791 4892 2092 4955 personas
2135 4873 2217 4935 sit
2249 4892 2380 4935 rea-

881 4973 959 5035 lis
989 4980 1052 5034 et
1081 4974 1417 5047 aeternaliS‚
1454 4973 1675 5036 relatio
1706 4982 1917 5036 autem
1957 4975 2065 5036 Dei
2098 4973 2176 5035 ad
2209 4992 2381 5035 crea-

879 5078 1051 5134 turas
1095 5081 1191 5135 est
1236 5073 1443 5135 solum
1489 5073 2035 5135 relatio‘rationiS.
2072 5073 2216 5135 Haec
2261 5074 2382 5135 Du-

880 5172 1134 5233 raudus.

963 5267 1158 5349 Cujus
1191 5269 1384 5332 verba
1414 5287 1539 5332 non
1572 5270 1870 5331 videntur
1900 5286 2083 5350 posse
2126 5267 2374 5331 salvari.

2490 4286 2657 4367 quod
2728 4286 3118 4368 principium
3186 4306 3300 4368 per
3363 4288 3538 4368 prius
3605 4288 3846 4349 dicitur
3905 4289 3984 4350 de

2490 4383 2806 4465 principio
2865 4384 3289 4465 generationis
3346 4405 3540 4466 quam
3598 4386 3982 4463 creationis3

2490 4490 2700 4543 tamen
2733 4483 2938 4563 quoad
2978 4483 3325 4544 humanam
3367 4484 3854 4564 intelligentiam
3889 4494 3984 4547 est

2489 4587 2766 4651 econtra,
2790 4580 3090 4661 quoniam
3123 4580 3412 4643 ordinem
3442 4590 3826 4644 aeternorum
3857 4602 3982 4645 non

2491 4677 2814 4739 noscimus
2862 4677 2986 4739 nisi
3037 4697 3150 4759 per
3192 4678 3482 4741 ordinem
3525 4688 3978 4743 creaturarum.

2487 4812 2568 4821 —
2597 4776 2909 4849 Quaeritur
2937 4776 3150 4851 etiam,
3177 4784 3393 4838 utrum
3425 4778 3818 4860 principium
3853 4797 3986 4861 pro·

2491 4882 2561 4935 ut
2589 4874 2824 4935 dicitur
2853 4874 3492 4956 essentialiter,prius
3521 4876 3604 4937 sit
3633 4878 3982 4940 secundum

2490 4973 2777 5034 ordinem
2811 4972 3440 5055 intelligendi,quam
3473 4974 3868 5057 principium
3900 4994 3984 5037 se-

2490 5072 2770 5132 cundum
2816 5071 2986 5151 quod
3033 5070 3266 5132 dicitur
3309 5071 3732 5135 notionaliter.
3769 5074 3984 5137 Dicen-

2487 5169 2663 5239 dum,
2711 5168 2880 5250 quod
2931 5168 3165 5250 duplex
3215 5176 3311 5231 est
3359 5170 3514 5232 ordo
3565 5171 3976 5253 intelligendi.

2489 5268 2659 5330 Unus
2689 5267 3043 5328 secundum
3073 5268 3648 5349 apprehensionem
3679 5271 3978 5334 naturalis

4025 1940 4205 1996 Ephes.
4219 1955 4268 1984 111.

4015 2012 4032 2050 l
4045 2011 4096 2052 5.
