4359 6250
765 532 967 580 mmm
1009 532 1073 578 IN
1114 530 1233 578 ΠΕΟ
1274 530 1367 577 SIT
1406 530 1741 587 VOLUNTAS,
1782 528 1856 575 m·
1896 529 2038 585 QUID
2082 530 2173 574 SIT
2215 529 2440 575 DIVINAE
2482 528 2854 575 VOLUNTATIS
2897 526 3196 576 0131ssch

3405 508 3526 575 603

510 703 585 765 Et
618 704 1155 787 respondendum,
1189 702 1357 785 quod
1397 701 1612 765 divina
1650 701 1924 765 essentia
1954 700 2003 763 A
2034 706 2236 762 tutem
2265 700 2358 762 sic
2389 700 2906 781 cognoscitivam,
2939 707 3146 783 potest
3175 699 3528 780 dijudicare

428 803 815 885 quandoque
863 801 1265 883 significatur
1315 810 1385 863 ut
1432 800 1807 873 substantia,
1854 808 1924 862 ut

427 922 631 984 quum
664 901 901 963 dicitur
937 902 1103 963 Deus
1131 908 1241 961 aut
1271 899 1511 978 Deitas;
1544 900 1923 982 quandoque

424 1010 499 1063 ut
531 1000 837 1082 potentia,
870 1008 939 1060 ut
970 1016 1169 1081 quum
1201 997 1437 1060 dieitur
1466 998 1707 1076 virtus;
1742 998 1927 1060 inter·

429 1100 585 1161 dum
618 1106 689 1160 ut
718 1098 997 1172 habituS,
1028 1098 1195 1159 sieut
1224 1116 1423 1180 quum
1455 1096 1690 1160 dicitur
1721 1097 1924 1159 scien-

424 1198 553 1276 tia3
593 1197 939 1278 aliquando
977 1204 1047 1258 ut
1084 1204 1285 1269 actuS‚
1320 1204 1389 1258 ut
1429 1216 1627 1277 quum
1666 1203 1926 1258 vocatur

424 1297 724 1359 voluntas
760 1316 774 1359 ε
806 1313 935 1376 quo
964 1294 1223 1356 nomine
1254 1294 1622 1375 designatur
1651 1294 1925 1357 essentia

428 1404 501 1457 ut
528 1402 709 1457 actus
752 1393 913 1456 liber
940 1392 1021 1455 ab
1049 1393 1224 1456 omni
1266 1393 1589 1456 coactione
1631 1393 1695 1454 in
1736 1410 1925 1455 omne

430 1494 603 1577 quod
652 1493 875 1575 placet.
919 1492 1079 1554 Hinc
1129 1493 1423 1574 quamvis
1473 1492 1535 1554 in
1581 1494 1709 1555 Deo
1756 1492 1926 1554 idem

430 1600 582 1655 sunt
631 1611 770 1655 esse
819 1599 881 1654 et
928 1592 1115 1665 velle,
1165 1610 1293 1655 non
1344 1600 1553 1654 tamen
1613 1592 1923 1674 sequitur,

430 1694 599 1755 Deus
638 1692 778 1755 vult
820 1691 931 1754 illa
972 1700 1035 1753 et
1078 1690 1208 1765 illa,
1241 1709 1391 1772 ergo
1430 1698 1525 1753 est
1571 1691 1677 1753 illa
1720 1710 1734 1754 :
1779 1691 1929 1773 quia

428 1800 527 1853 est
561 1790 655 1853 ibi
686 1790 1101 1852 commutatio
1132 1789 1604 1872 praedicamenti
1646 1789 1708 1850 in
1747 1789 1929 1850 ratio-

2034 799 2419 861 conveniens
2457 806 2520 861 et
2560 817 2955 882 repugnans3
2995 806 3059 861 et
3097 799 3266 881 quod
3309 817 3533 881 appre-

2034 898 2334 960 henditur
2383 906 2450 960 ut
2502 898 2909 971 convenienS,
2963 898 3040 961 fit
3088 897 3358 960 volitum
3418 916 3532 960 seu

2032 998 2410 1079 appetitum.
2446 997 2689 1059 Idcirco
2721 998 2785 1059 in
2819 996 3002 1060 nobis
3035 997 3392 1061 secundum
3421 998 3534 1059 du-

2035 1096 2269 1177 plicem
2312 1095 2739 1176 cognitionem
2779 1115 3004 1158 sensus
3042 1104 3106 1157 et
3145 1096 3531 1172 intellectuS,

2034 1202 2129 1256 est
2178 1194 2414 1276 duplex
2463 1194 2812 1275 appetitiva
2860 1214 2874 1258 :
2927 1213 3054 1256 una
3103 1213 3376 1277 sequens
3424 1214 3533 1276 ap-

2036 1292 2526 1375 prehensionem
2572 1292 3051 1367 intellectivam,
3085 1313 3226 1375 quae
3268 1301 3533 1356 vocatur

2036 1391 2378 1470 voluntas3
2437 1391 2560 1453 alia
2621 1410 2894 1473 sequens
2957 1391 3529 1473 apprehensionem

2035 1490 2428 1563 sensitivam,
2463 1510 2604 1572 quae
2642 1489 2990 1571 appetitiva
3035 1490 3100 1551 in
3140 1490 3533 1573 concupisci-

2037 1587 2235 1649 bilem
2279 1587 2794 1670 irascibilemque
2838 1588 3162 1650 dividitur.
3199 1589 3531 1671 Quumque

2039 1687 2107 1748 in
2149 1688 2278 1749 Deo
2319 1687 2402 1749 sit
2445 1686 2894 1749 intellectualis
2944 1687 3241 1768 cogniti0,
3285 1695 3534 1771 oportet

2042 1784 2105 1846 in
2138 1803 2214 1847 eo
2244 1785 2634 1847 voluntatem
2669 1786 3014 1848 consistere
3050 1803 3064 1847 :
3097 1794 3160 1847 et
3191 1786 3332 1861 hoc,
3355 1787 3534 1849 omni

430 1908 511 1973 ne
550 1889 825 1951 dicendi.
860 1888 1101 1970 Nempe
1142 1908 1341 1971 quum
1386 1887 1552 1960 dico,
1586 1888 1752 1949 Deus
1791 1887 1929 1949 vult
1966 1882 2012 1944 B
2042 1882 2528 1964 imperfectione
2567 1884 2825 1945 exclusa
2863 1904 3004 1966 quae
3049 1892 3278 1947 nostrae
3317 1885 3537 1947 volun-

428 1988 668 2060 onmia,
702 1988 847 2050 dieo
886 1987 1168 2049 divinam
1208 1987 1547 2049 essentiam
1580 1993 1651 2047 ut
1680 1993 1925 2062 actum3

344 2154 351 2161 ,
430 2086 541 2148 sed
586 2105 789 2167 quum
833 2085 998 2159 dico,
1032 2087 1197 2148 Deus
1242 2092 1338 2147 est
1381 2084 1616 2157 omnia,
1649 2084 1792 2145 dico
1835 2083 1927 2144 di-

430 2185 649 2246 vinam
680 2183 1023 2246 essentiam
1056 2190 1124 2244 ut
1154 2182 1593 2245 substantiam.
1624 2183 1803 2257 Item,
1830 2198 1931 2243 vo·

432 2283 645 2344 luntas
680 2282 791 2344 Dei
832 2282 987 2343 dum
1025 2280 1408 2364 exprimitur
1446 2300 1593 2343 cum
1634 2287 1927 2362 respectu

432 2381 510 2442 ad
552 2386 931 2453 creaturam,
966 2385 1262 2442 connotat
1300 2377 1605 2440 effectum
1650 2378 1715 2439 in
1758 2396 1927 2440 crea-

432 2486 613 2557 tura3
654 2496 781 2541 non
812 2484 1026 2540 autem
1056 2477 1331 2539 essentia
1361 2476 1472 2538 Dei
1505 2484 1691 2557 prout
1721 2476 1928 2557 expri-

435 2578 635 2640 mitur
690 2576 886 2639 verbo
942 2575 1215 2637 essendi.
1264 2610 1346 2621 —-
1404 2574 1524 2637 Sed
1583 2573 1751 2636 circa
1808 2574 1927 2636 hoc

430 2676 763 2757 quaeritur,
796 2682 1011 2736 utrum
1058 2672 1351 2736 voluntas
1400 2672 1466 2735 in
1513 2674 1641 2736 Deo
1684 2672 1929 2735 dicatur

431 2774 723 2837 absolute
771 2792 851 2834 an
905 2771 1277 2855 respective.
1331 2771 1708 2844 Dicendum,
1759 2771 1927 2853 quod

434 2871 755 2934 interdum
795 2869 1105 2943 absolute,
1140 2876 1209 2930 ut
1240 2888 1438 2950 quum
1476 2868 1729 2941 dicitur,
1764 2869 1930 2930 Deus

432 2971 571 3033 vult
613 2989 707 3043 se,
749 2969 873 3042 vel,
917 2970 1082 3031 Deus
1127 2968 1301 3045 vult3
1341 2967 1683 3049 aliquando
1726 2986 1932 3049 respe-

2043 1982 2153 2043 tati
2195 1982 2352 2043 solet
2383 2001 2522 2044 esse
2557 2002 2822 2055 annexa,
2857 1991 2924 2045 ut
2955 1990 3254 2065 appetere
3293 1982 3534 2045 bonum

2042 2081 2326 2141 nondum
2359 2081 2682 2162 adeptum,
2706 2088 2767 2142 et
2801 2080 2866 2143 in
2899 2082 3056 2143 illud
3089 2082 3348 2144 moveri.
3375 2082 3536 2144 Hinc

2042 2178 2334 2241 voluntas
2366 2179 2477 2241 Dei
2508 2197 2634 2241 non
2667 2179 2902 2242 dicitur
2931 2180 3187 2262 proprie
3217 2181 3536 2261 appetitus

2042 2275 2155 2351 rei,
2193 2276 2301 2358 qui
2346 2285 2442 2339 est
2481 2276 2570 2339 rei
2613 2277 2896 2340 absentis
2911 2296 2928 2357 ;
2961 2296 3078 2340 nee
3121 2278 3353 2341 divinae
3393 2297 3538 2341 con-

2040 2374 2216 2438 venit
2260 2375 2570 2437 voluntati
2619 2377 2874 2438 tendere
2917 2384 3026 2439 aut
3066 2377 3305 2439 moveri
3350 2376 3416 2438 in
3462 2376 3536 2438 fi-

2040 2492 2188 2535 nem
2229 2482 2407 2536 extra
2444 2494 2510 2536 se
2542 2482 2648 2537 aut
2680 2495 2873 2557 supra
2911 2494 3000 2549 se,
3037 2495 3235 2558 quum
3277 2475 3534 2558 propria

2040 2571 2292 2634 bonitas
2335 2572 2419 2634 sit
2459 2572 2517 2634 ei
2563 2591 2678 2655 pro
2721 2573 2872 2636 fine.

2122 2672 2444 2744 Praeterea,
2499 2672 2664 2733 sicut
2721 2672 2888 2734 Deus
2944 2674 3382 2753 cognoscendo
3439 2693 3534 2736 es-

2040 2770 2310 2832 sentiam
2377 2790 2580 2843 suam,
2646 2770 2970 2852 cognoscit
3033 2771 3330 2834 universa
3392 2792 3532 2854 quae

2040 2876 2189 2930 sunt
2237 2868 2317 2929 ab
2369 2868 2526 2949 ipse,
2575 2869 2640 2930 in
2689 2877 2998 2950 quantum
3047 2876 3196 2932 sunt
3245 2871 3534 2951 quaedam

2041 2986 2170 3028 suae
2221 2967 2505 3029 veritatis
2561 2967 2916 3029 similitudo
2935 2985 2952 3046 ;
3004 2968 3091 3030 ita
3148 2968 3418 3031 volendo
3473 2976 3538 3031 et

432 3069 623 3143 ctive,
658 3067 976 3150 loquendo
1006 3067 1083 3129 de
1116 3065 1423 3129 relatione
1455 3066 1809 3128 secundum
1842 3084 1931 3126 ra·
1968 3064 2011 3128 C
2041 3066 2312 3128 amando
2351 3065 2694 3128 essentiam
2733 3084 2938 3140 suam,
2972 3066 3108 3128 vult
3142 3066 3358 3130 omnia
3395 3087 3537 3151 quae

429 3167 698 3240 tionem,
724 3173 793 3226 ut
824 3184 1024 3246 quum
1053 3163 1310 3238 dicitur,
1334 3165 1498 3226 Deus
1530 3163 1665 3226 vult
1696 3163 1924 3226 omnia.

511 3266 803 3347 Insuper,
831 3263 1124 3346 quamvis
1157 3263 1221 3324 in
1253 3264 1380 3325 Deo
1411 3263 1539 3324 sint
1570 3262 1737 3324 idem
1769 3263 1931 3324 scire

432 3371 497 3426 et
546 3363 732 3436 velle,
782 3362 968 3424 aliter
1015 3369 1231 3423 tamen
1290 3368 1666 3424 connotatur
1723 3379 1931 3442 respe-

433 3469 576 3524 ctus
610 3463 691 3522 ad
731 3467 1049 3522 creaturas
1090 3460 1155 3521 in
1194 3459 1463 3522 scientia
1501 3478 1692 3540 quam
1734 3459 1799 3520 in
1829 3476 1933 3520 vo-

435 3559 679 3621 luntate
713 3579 728 3622 :
764 3559 914 3640 quia
942 3577 1142 3640 quum
1179 3556 1432 3629 dicitur,
1468 3557 1632 3618 Deus
1664 3555 1800 3616 vult
1832 3574 1930 3617 res

430 3677 595 3730 esse,
630 3657 919 3739 sequitur
960 3657 1129 3737 ipsas
1164 3675 1263 3717 res
1299 3674 1459 3728 esse,
1493 3654 1645 3737 quia
1679 3661 1931 3716 notatur

431 3764 763 3838 respectus
800 3756 880 3818 ad
918 3773 1017 3818 res
1058 3761 1127 3816 ut
1166 3754 1497 3817 actualiter
1530 3754 1924 3816 exsistentes,

429 3855 641 3928 Quum
690 3852 905 3934 itaque
952 3851 1207 3926 dieitur,
1260 3852 1425 3913 Deus
1476 3851 1615 3912 vult
1661 3869 1750 3924 se,
1802 3869 1927 3912 non

430 3957 813 4014 connotatur
855 3956 1181 4031 respectus
1230 3967 1443 4011 rerum
1486 3948 1927 4012 exsistentium

427 4056 579 4112 actu
614 4067 631 4112 ε
664 4047 903 4110 idcirco
934 4047 1205 4110 volendo
1244 4066 1332 4121 se,
1368 4066 1492 4110 non
1527 4047 1663 4109 vult
1692 4047 1926 4121 omnia,

433 4146 740 4229 quoniam
777 4145 1158 4209 aeternaliter
1194 4147 1333 4208 vult
1372 4165 1461 4218 se,
1498 4145 1931 4228 temporaliter

2043 3163 2299 3225 suntab
2331 3182 2428 3238 ee,
2465 3165 2531 3226 in
2571 3171 2882 3246 quantum
2923 3163 3158 3227 habent
3197 3185 3328 3230 suae
3365 3167 3539 3229 simi-

2045 3261 2382 3324 litudinem
2425 3262 2746 3325 bonitatiS.
2782 3264 2942 3326 Hinc
2975 3264 3036 3326 id
3069 3265 3240 3346 quod
3279 3273 3376 3328 est
3410 3267 3536 3347 pri-

2046 3379 2148 3422 mo
2178 3361 2448 3423 volitum
2479 3382 2516 3424 a
2547 3363 2696 3436 Deo,
2714 3371 2808 3425 est
2841 3382 2957 3424 sua
2985 3362 3233 3426 bonitas
3265 3372 3530 3426 tanturn.

2041 3459 2180 3522 Alia
2218 3479 2369 3523 vero
2409 3461 2547 3522 vult
2589 3461 2653 3522 in
2694 3462 2914 3524 ordine
2950 3463 3028 3524 ad
3069 3482 3246 3524 suam
3294 3464 3538 3546 propri-

2041 3577 2144 3620 am
2185 3558 2533 3620 bonitatem
2569 3576 2583 3619 ε
2623 3577 2748 3620 non
2789 3559 2882 3621 sic
2921 3569 2990 3620 ut
3029 3579 3143 3642 per
3179 3579 3253 3622 ea
3290 3561 3533 3644 aliquid

2042 3655 2342 3717 bonitatis
2381 3656 2686 3737 acquirat,
2721 3657 2831 3718 sed
2877 3665 2947 3718 ut
2983 3658 3075 3719 eis
3117 3657 3360 3740 aliquid
3402 3677 3532 3722 suae

2040 3753 2342 3816 bonitatis
2386 3753 2834 3816 eommunicet.
2879 3755 2956 3816 Et
2997 3755 3139 3818 ideo
3187 3756 3532 3820 liberalitas

2040 3859 2135 3914 est
2166 3851 2348 3934 quasi
2385 3853 2714 3934 proprium
2750 3853 2974 3935 ipsiuS,
3008 3855 3361 3916 secundum
3391 3856 3535 3918 Avi-

2041 3969 2308 4013 cennam
2335 3969 2348 4014 :
2375 3951 2525 4032 quia
2554 3969 2630 4012 ex
2661 3970 2775 4014 sua
2804 3952 3168 4032 operatione
3199 3954 3530 4036 proprium

2040 4049 2448 4111 commodum
2491 4067 2617 4111 non
2658 4049 2947 4111 intendit.
2984 4049 3210 4113 Divina
3249 4069 3397 4134 ergo
3430 4070 3535 4115 vo-

2042 4147 2250 4209 luntas
2298 4155 2394 4208 est
2441 4146 2794 4209 formaliter
2841 4147 3010 4209 circa
3056 4148 3377 4230 propriam
3429 4149 3538 4213 bo-

428 4253 649 4308 autem
692 4244 831 4306 vult
876 4245 1000 4306 alia
1047 4263 1205 4306 esse.
1252 4245 1372 4307 Sed
1422 4263 1623 4327 quum
1671 4245 1924 4314 dicitur,
1960 4247 2011 4309 D
2040 4245 2304 4307 nitatem
2337 4253 2406 4307 ut
2439 4245 2606 4307 cirea
2636 4245 2958 4327 objectum
2995 4265 3009 4309 ε
3039 4246 3330 4310 voluntas
3359 4248 3532 4310 enim

432 4345 601 4406 Deus
631 4343 750 4404 scit
781 4361 903 4412 res,
938 4361 1064 4405 non
1096 4343 1387 4424 sequitur
1418 4343 1585 4425 ipsas
1617 4363 1716 4406 res
1746 4362 1883 4406 esse
1909 4361 1923 4405 ε

430 4441 741 4524 quoniam
790 4460 889 4504 res
938 4441 1229 4503 sciuntur
1276 4460 1313 4502 a
1361 4442 1487 4504 Deo
1535 4459 1661 4503 non
1708 4460 1929 4503 secun-

430 4542 586 4602 dum
628 4557 767 4602 esse
805 4557 1025 4601 earum
1071 4539 1136 4602 in
1178 4558 1390 4602 rerum
1430 4546 1655 4602 natura
1694 4541 1792 4601 vel
1830 4559 1928 4601 ac-

430 4646 523 4711 tu,
558 4637 671 4699 sed
700 4644 778 4698 ut
806 4636 874 4698 in
905 4655 1111 4699 causa.
1146 4637 1387 4699 Idcirco
1423 4637 1682 4699 sciendo
1710 4655 1776 4698 se
1808 4637 1928 4699 scit

426 4735 664 4799 omnia.
698 4771 780 4780 —
808 4735 967 4798 Hinc
1006 4753 1262 4817 quoque
1298 4753 1423 4797 non
1458 4735 1693 4797 dicitur
1725 4736 1927 4797 omni-

426 4833 672 4908 volenS,
726 4832 877 4915 quia
933 4851 1061 4896 non
1109 4833 1249 4895 vult
1296 4833 1512 4896 omnia
1572 4834 1924 4895 seeundum

426 4933 598 5014 quod
638 4940 812 5004 sunt,
846 4932 967 4993 hoc
1006 4939 1099 4993 est
1131 4932 1483 4993 secundum
1525 4951 1599 4993 ea
1637 4951 1779 5013 quae
1817 4931 1924 4992 ha-

426 5031 583 5094 bent
624 5049 703 5092 ex
748 5049 817 5092 se
860 5028 1037 5110 ipsis.
1073 5065 1153 5075 -
1183 5030 1325 5092 Haec
1368 5030 1739 5092 Alexander.

510 5129 672 5191 Hinc
714 5129 983 5191 Thomas
1017 5147 1032 5191 :
1066 5129 1135 5189 ln
1178 5128 1351 5190 omni
1393 5128 1661 5210 (inquit)
1703 5135 1927 5190 natura

430 5229 497 5290 in
528 5247 657 5309 qua
684 5235 783 5288 est
812 5226 1261 5288 intellectualis
1290 5225 1928 5306 cognitio,invenitur

432 5325 729 5388 voluntas
762 5343 777 5388 :
811 5323 1113 5406 quoniam
1153 5342 1341 5388 omne
1378 5325 1549 5407 quod
1588 5324 1778 5386 habet
1806 5325 1928 5387 vir-

2038 4344 2278 4405 directe
2309 4350 2404 4406 est
2439 4343 2638 4424 ipsius
2676 4343 2850 4405 sinis.
2887 4344 3066 4408 Circa
3103 4344 3226 4407 alia
3257 4364 3406 4409 vero
3439 4355 3536 4409 est

2038 4442 2253 4504 minus
2295 4441 2734 4524 principaliter
2771 4449 2836 4504 et
2874 4443 3052 4524 quasi
3102 4443 3530 4520 materialiter,

2036 4540 2388 4603 secundum
2435 4540 2603 4622 quod
2646 4539 3022 4602 ordinantur
3070 4541 3135 4603 in
3184 4541 3386 4605 finem
3433 4563 3534 4606 su-

2035 4657 2350 4720 premum.
2385 4675 2464 4684 —
2494 4639 2636 4701 Haec
2680 4637 2949 4701 Thomas
2993 4641 3059 4702 in
3102 4641 3370 4722 Scripto.

2114 4737 2303 4799 Porro
2343 4736 2409 4797 in
2451 4737 2656 4818 prima
2694 4744 2871 4817 parte
2904 4738 3202 4812 Summae,
3237 4741 3528 4821 quaestio-

2034 4854 2113 4896 ne
2155 4833 2574 4896 nonadecima
2615 4852 2628 4896 :
2672 4824 3237 4911 Quemadmodum,
3271 4837 3382 4911 ait,
3425 4855 3522 4899 res

2034 4932 2340 4994 naturalis
2398 4931 2588 4993 habet
2645 4951 2782 4994 esse
2845 4933 2908 4994 in
2966 4941 3110 4995 actu
3171 4954 3286 5016 per
3342 4954 3522 4997 suam

2034 5030 2328 5104 formam,
2359 5029 2444 5091 ita
2473 5029 2834 5092 intellectus
2864 5040 2960 5092 est
2987 5039 3132 5093 actu
3164 5032 3525 5113 intelligens

2035 5147 2149 5210 per
2192 5126 2658 5208 intelligibilem
2699 5129 3000 5209 speeiem.
3037 5130 3342 5203 Quaelibet
3377 5149 3527 5193 vero

2036 5247 2135 5288 res
2169 5226 2474 5289 naturalis
2505 5228 2582 5288 ad
2613 5245 2791 5288 suam
2834 5227 3105 5290 formam
3144 5228 3334 5292 habet
3362 5231 3526 5292 hanc

2037 5324 2503 5399 habitudinem,
2539 5332 2608 5386 ut
2652 5325 2906 5408 quando
2951 5343 3079 5391 non
3122 5326 3312 5390 habet
3359 5347 3522 5405 eam,

3609 4857 3694 4900 114.
3723 4857 3763 4898 t.
