4359 6250
876 471 996 536 230

1505 491 1567 536 IN
1610 490 1829 534 unnim
1874 490 1893 532 1
1938 487 2419 532 SENTENTIARIM.
2465 504 2544 514 —
2587 487 2738 532 DIST.
2787 485 2971 536 XXVI-⁶.
3016 485 3240 540 Qt'AEST.
3283 485 3344 530 v1

881 679 1007 722 non
1054 661 1451 722 intendentes
1494 658 1735 739 aliquid
1781 657 1931 718 fidei
1982 655 2370 718 contrarium
2401 654 2452 716 A
2483 624 2782 735 importat.
2840 662 3225 735 respectum,
3281 651 3578 714 videlicet
3637 671 3838 712 unum
3893 651 3968 712 ad

880 759 1212 821 sustinere.
1258 759 1378 820 Sed
1428 758 1481 819 si
1530 759 1675 840 quis
1725 756 1953 819 falsum
2005 754 2374 836 opinaretur

881 858 1049 919 circa
1098 857 1408 928 notioneS‚
1454 855 1858 918 considerans
1903 855 2073 936 quod
2126 871 2205 914 ex
2253 853 2374 914 hoc

880 963 1182 1037 sequatur
1222 954 1465 1036 aliquid
1506 954 1892 1016 contrarium
1937 952 2112 1027 fidei,
2145 952 2212 1012 in
2255 951 2376 1013 hae-

880 1053 1073 1114 resim
1118 1052 1454 1114 laberetur.
1488 1052 1632 1114 Haec
1672 1051 1940 1112 Thomas
1985 1050 2051 1110 in
2091 1051 2370 1112 Summa.

967 1252 1058 1312 Ex
1098 1250 1198 1312 his
1240 1257 1412 1331 patet
1451 1248 1683 1311 solutio
1724 1248 1800 1309 ad
1839 1247 2106 1328 objecta.
2140 1247 2374 1308 Verum

884 1357 976 1410 est
1036 1347 1335 1429 equidem
1395 1347 1563 1429 quod
1622 1345 2236 1427 periculosissimum
2295 1344 2379 1407 sit

884 1447 1054 1508 circa
1092 1444 1718 1527 superbeatissimam
1758 1443 2127 1505 Trinitatem
2166 1461 2377 1505 errare

884 1565 1055 1608 cum·
1094 1543 1447 1617 temeraria,
1499 1542 1813 1605 obstinata
1869 1549 1979 1604 aut
2036 1541 2380 1603 indiscreta

884 1643 1251 1717 assertione,
1304 1660 1431 1704 non
1489 1648 1700 1704 autem
1752 1660 1898 1702 cum
1949 1641 2055 1722 pia
2111 1640 2379 1702 aestima-

884 1743 1076 1814 tione,
1121 1760 1265 1803 cum
1308 1740 1765 1823 pra-paratione
1804 1738 2013 1802 cordis
2055 1740 2132 1800 ad
2176 1757 2380 1801 corre-

2482 751 2901 814 substantiam
2941 771 3052 813 seu
3093 750 3476 833 subjectum,
3508 751 3708 812 alium
3748 749 3826 811 ad
3870 767 3974 830 op·

2483 850 2762 930 positum
2807 869 2918 912 seu
2968 849 3313 930 objectum.
3357 849 3599 912 Relatio
3643 856 3858 912 autem
3907 853 3974 907 ut

2483 956 2583 1010 est
2610 966 2842 1010 nomen
2875 950 3168 1012 secundae
3201 948 3592 1022 intentioniS,
3627 948 3838 1010 solum
3869 964 3974 1008 no-

2486 1054 2575 1108 tat
2637 1056 2996 1128 respectum
3060 1065 3172 1110 seu
3230 1046 3671 1110 habitudinem
3728 1046 3808 1108 ad
3866 1044 3974 1108 ob-

2483 1145 2746 1226 jectum.

2568 1245 2916 1326 Utrumque
2945 1253 3160 1306 autem
3199 1263 3420 1307 eorum
3450 1245 3528 1308 de
3557 1263 3686 1326 quo
3716 1243 3980 1325 quaestio

2487 1343 2714 1424 quaerit
2744 1343 2810 1404 in
2851 1344 3156 1406 relatione
3197 1351 3268 1405 ut
3293 1351 3388 1406 est
3429 1343 3652 1425 primae
3692 1343 3980 1405 intentio-

2488 1441 2609 1515 niS‚
2641 1443 2989 1504 attenditur
3020 1462 3213 1524 penes
3253 1451 3613 1525 respectum
3654 1463 3852 1525 quem
3881 1443 3983 1504 ha-

2489 1543 2596 1605 bet
2645 1542 2709 1603 in
2759 1542 2889 1604 Deo
2930 1542 3006 1603 ad
3060 1541 3266 1623 ipsam
3313 1541 3758 1613 substantiam,
3793 1559 3985 1621 super

2489 1660 2681 1724 quam
2735 1641 2824 1703 nil
2875 1640 3046 1702 addit
3101 1641 3288 1709 reale,
3341 1660 3459 1703 nec
3507 1639 3984 1702 accidentaliter

2489 1740 2746 1802 advenit
2804 1739 2882 1801 ei.
2936 1739 3268 1821 Quumque
3330 1737 3773 1820 inseparabilis
3823 1739 3906 1800 sit
3947 1759 3984 1800 a

884 1841 1179 1902 ctionem.
1233 1840 1347 1901 Per
1393 1839 1563 1921 quod
1611 1838 1737 1899 duo
1787 1838 1993 1919 prima
2045 1837 2379 1899 solvuntur
2417 1837 2462 1898 B
2491 1837 2708 1899 divina
2750 1837 3047 1911 essentia,
3080 1856 3197 1899 nec
3237 1837 3320 1900 sit
3360 1856 3503 1918 pars
3541 1842 3649 1898 aut
3687 1836 3984 1898 accidens

886 1939 1153 2019 objecta.
1189 1973 1269 1982 —
1297 1938 1390 1999 Ad
1432 1937 1689 1999 tertium
1733 1937 2173 2018 respondetur,
2209 1936 2378 2018 quod

889 2036 1290 2100 mendacium
1355 2035 1610 2117 proprie
1668 2043 1761 2097 est
1820 2053 1966 2095 cum
2030 2034 2379 2095 intentione

887 2134 1143 2197 fallendi
1196 2143 1305 2196 aut
1354 2133 1689 2196 recedendi
1736 2153 1775 2194 a
1819 2133 2103 2206 veritate,
2136 2121 2379 2214 aliquid

889 2242 1107 2295 contra
1134 2233 1465 2294 veritatem
1505 2232 1717 2293 dicere
1756 2239 1865 2293 aut
1894 2232 2127 2294 sentire
2162 2249 2175 2292 :
2210 2231 2378 2312 quod

888 2331 953 2394 in
994 2331 1293 2413 opinione
1334 2331 1729 2404 scholastica,
1764 2330 2055 2412 quamvis
2094 2347 2378 2402 erronea,

889 2430 1098 2491 locum
1143 2446 1270 2491 non
1312 2427 1520 2490 habet.

981 2527 1289 2608 Denique,
1351 2534 1421 2587 ut
1478 2533 1774 2608 praetacta
1831 2526 1907 2588 de
1967 2526 2382 2589 relationibus

886 2635 949 2689 et
994 2625 1361 2688 notionibus
1410 2625 1641 2686 clarius
1686 2625 2142 2706 intelligantur,
2174 2625 2382 2686 adhuc

890 2744 1079 2788 unam
1126 2742 1319 2805 super
1361 2723 1481 2784 hoc
1525 2724 1939 2804 quaestionem
1987 2723 2274 2785 movebo,

1312 3049 1784 3125 QUAESTIO
1852 3048 1958 3111 VI

1014 3313 1171 3375 Exto
1226 3314 1553 3396 quaeritur,
1608 3315 1738 3379 An
1786 3314 2075 3380 relatio
2127 3315 2212 3380 in
2267 3313 2382 3379 di-

1045 3414 1265 3479 vinis
1323 3413 1433 3479 sit
1490 3413 1887 3480 adsistens
1950 3428 2091 3479 seu
2152 3414 2384 3479 extra

889 3512 1144 3593 affixa,
1176 3514 1311 3579 vel
1352 3514 1619 3594 potius
1658 3528 1848 3579 vere
1890 3512 2292 3578 insistens.

969 3611 1233 3673 Videtur
1280 3612 1449 3693 quod
1499 3612 1704 3674 solum
1754 3611 2015 3672 adsistat
2057 3629 2070 3673 ε
2116 3612 2269 3692 quia
2317 3611 2382 3673 in

892 3718 1201 3793 quantum
1251 3710 1492 3784 relatio,
1526 3710 1789 3792 respicit
1834 3710 2127 3784 alterum,
2163 3718 2382 3791 utpote

892 3809 1338 3872 correlativum
1380 3828 1493 3871 seu
1532 3808 1895 3888 objectum3
1928 3816 1991 3870 et
2023 3809 2129 3884 ita,
2162 3828 2386 3871 secun-

892 3909 1045 3969 dum
1103 3908 1420 3982 Boetium,
1481 3915 1577 3969 est
1635 3906 1801 3967 sicut
1856 3906 2188 3968 adsistens
2252 3907 2384 3969 Imo

893 4006 957 4067 in
1005 4013 1317 4088 quantum
1360 4005 1683 4076 insistenS‚
1715 4004 1943 4066 transit
1986 4005 2052 4066 in
2084 4004 2386 4081 ‚substan-

892 4105 1069 4177 tiam,
1121 4123 1238 4166 nec
1298 4110 1510 4165 manet
1567 4103 1808 4171 relatio,
1862 4111 2049 4185 prout
2106 4103 2171 4164 in
2222 4103 2387 4165 libro

2491 1936 2652 2017 ejuS,
2687 1935 2945 2017 quidam
2989 1936 3285 1998 dixerunt
3323 1955 3463 1998 eam
3506 1936 3801 1997 insistere
3829 1935 3985 1996 divi-

2491 2055 2588 2098 nae
2625 2034 2937 2107 essentiae,
2973 2042 3042 2094 ut
3078 2053 3190 2114 per
3221 2035 3281 2116 ly
3319 2034 3382 2095 in
3417 2035 3790 2097 denotarent
3826 2033 3986 2094 inse·

2492 2133 2838 2215 parabilem
2867 2133 3157 2194 essentias
3187 2151 3260 2195 ac
3285 2132 3608 2195 relationis
3639 2132 3988 2213 conjuncti-

2492 2248 2712 2308 onem3
2738 2250 2851 2312 per
2880 2239 3082 2292 actum
3114 2249 3263 2292 vero
3293 2230 3555 2292 sistendi
3589 2239 3986 2293 removerent

2495 2329 2932 2392 inhaerentiam
2983 2328 3332 2391 accidentis
3380 2347 3452 2390 ac
3503 2328 3718 2408 partis
3757 2328 3834 2389 Et
3882 2328 3985 2389 isti

2492 2428 2768 2490 totaliter
2807 2435 3222 2508 respexerunt
3261 2427 3338 2489 ad
3379 2426 3705 2489 relationis
3745 2426 3990 2488 realita-

2493 2533 2620 2588 tem
2670 2545 2862 2607 quam
2912 2525 3102 2587 habet
3145 2545 3182 2586 a
3225 2544 3340 2588 suo
3389 2524 3824 2588 fundamento.
3864 2525 3988 2587 Alii

2493 2643 2644 2686 vero
2704 2624 3118 2705 respicientes
3177 2624 3254 2685 ad
3312 2623 3622 2686 rationem
3687 2623 3990 2706 praedica-

2495 2724 2692 2785 menti
2725 2727 2813 2783 ad
2841 2726 3126 2802 aliquid,
3157 2723 3326 2805 quod
3359 2730 3428 2783 ut
3457 2724 3602 2795 tale,
3635 2741 3762 2785 non
3793 2723 3994 2804 respi-

2494 2821 2582 2883 cit
2612 2821 2736 2883 nisi
2777 2822 2853 2882 ad
2893 2822 3164 2883 alterum
3206 2840 3316 2883 seu
3357 2821 3530 2883 aliud
3571 2829 3746 2883 extra
3777 2841 3868 2894 se,
3901 2821 3994 2882 di-

2496 2927 2725 2982 xerunt
2772 2921 3143 2983 relationem
3193 2920 3520 2995 adsistere,
3554 2928 3625 2981 ut
3666 2920 3818 3002 quia
3861 2927 3992 2982 tam

2422 3025 2465 3086 C
2496 3039 2640 3103 pars
2683 3019 3038 3081 essentialis
3071 3039 3260 3101 quam
3300 3019 3595 3082 accidens
3631 3019 3992 3081 subintrant

2496 3119 2962 3203 quodammodo
3012 3119 3214 3201 ipsam
3262 3139 3420 3192 rem,
3463 3128 3808 3201 utrumque
3857 3119 3997 3182 illo·

2497 3238 2638 3281 rum
2697 3218 3106 3281 excluderent
3165 3218 3359 3281 verbo
3414 3219 3556 3292 hoc,
3619 3218 3992 3292 adsistendi,

2495 3318 2665 3399 quod
2724 3318 2979 3379 denotat
3035 3316 3291 3398 aliquod
3339 3336 3477 3379 esse
3535 3317 3990 3381 extrinsecum.

2495 3418 2944 3478 Verumtamen
2994 3416 3147 3497 quia
3201 3416 3511 3478 adsistens
3559 3435 3686 3479 non
3735 3416 3996 3497 penitus

2495 3522 2826 3576 amovetur
2853 3513 2932 3575 ab
2966 3531 3041 3575 eo
3072 3514 3175 3575 cui
3205 3514 3606 3595 adsistit‚per
3631 3514 3752 3577 hoc
3783 3515 3996 3596 ipsum

2497 3613 2764 3675 verbnm
2807 3612 3218 3674 insinuabant
3259 3612 3864 3693 inseparabilitatem
3901 3634 4000 3677 re-

2498 3711 2750 3774 lationis
2798 3730 2834 3771 a
2881 3710 3098 3773 divina
3152 3710 3444 3773 essentia.
3496 3712 3729 3773 Verum
3790 3732 3997 3794 quum

2498 3810 2718 3872 relatio
2775 3810 2901 3872 duo
2950 3809 3252 3890 requirat,
3303 3818 3456 3891 puta
3512 3810 3873 3891 subjectum
3929 3812 3998 3873 in

2499 3926 2625 3991 quo
2656 3907 2979 3981 fundatur,
3013 3916 3074 3970 et
3115 3907 3439 3989 objectum
3478 3908 3647 3989 quod
3685 3909 3996 3991 respicit3

2500 4007 2736 4069 idcirco
2779 4014 3044 4087 utraque
3086 4006 3316 4087 positio
3355 4005 3465 4068 illa
3500 4005 3754 4080 defecit,
3786 4008 4002 4090 adspi-

2499 4104 2724 4166 ciendo
2755 4104 2961 4166 solum
2999 4105 3078 4166 ad
3117 4104 3386 4165 alterum
3426 4104 3654 4165 horum
3695 4105 3996 4167 duorum.

893 4222 1010 4266 suo
1068 4204 1144 4265 de
1193 4202 1496 4264 Trinitate
1555 4200 1835 4263 affirmat
1890 4202 2167 4274 BoetiuS‚
2217 4205 2576 4265 com-D—
2633 4202 2792 4263 Hinc
2855 4201 3160 4263 intuendo
3220 4210 3586 4283 utrumque,
3649 4202 3998 4266 dicendum

896 4308 1403 4383 mentatoresque
1433 4300 1575 4381 ejus
1607 4299 1949 4375 GilbertuS‚
1973 4301 2265 4375 ThomaS,
2285 4302 2386 4363 Al-

895 4401 1135 4475 bertuS‚
1176 4418 1248 4460 ac
1291 4398 1421 4460 alii.

983 4598 1077 4660 Ad
1139 4597 1305 4658 istud
1363 4595 1737 4669 Quodlibeto
1796 4596 2019 4677 quinto
2078 4596 2386 4659 Henricus

895 4696 1047 4761 satis
1104 4694 1443 4776 diligenter
1489 4701 1551 4755 et
1608 4693 1921 4775 exquisite
1979 4695 2318 4776 respondet
2370 4714 2383 4757 :

896 4794 1167 4870 Quaestio
1205 4792 1560 4874 (inquiens)
1591 4792 1710 4853 ista
1748 4810 1875 4854 non
1915 4794 2141 4874 quaerit
2180 4793 2257 4855 de
2298 4813 2390 4857 re-

898 4894 1128 4955 latione
1162 4901 1232 4954 ut
1268 4898 1365 4953 est
1396 4908 1627 4953 nomen
1668 4890 1961 4953 secundas
1993 4890 2384 4966 intentioniS,

898 4998 1085 5073 prout
1114 4988 1496 5071 exprimitur
1526 4987 1785 5050 nomine
1821 4988 1941 5050 isto
1977 4988 2220 5063 relatio,
2255 4990 2389 5052 sive

896 5091 973 5152 ad
1022 5088 1299 5170 aliquid3
1344 5088 1453 5149 sed
1506 5094 1691 5168 prout
1739 5094 1835 5147 est
1885 5105 2116 5149 nomen
2166 5089 2389 5170 primae

898 5186 1290 5259 intentioniS,
1324 5194 1390 5247 ut
1425 5186 1790 5267 paternitas,
1826 5184 2076 5260 filiatio,
2102 5194 2221 5248 etc.
2258 5187 2389 5249 Sic-

899 5305 1022 5367 que
1087 5285 1255 5346 circa
1317 5282 1745 5364 significatum
1808 5304 1995 5346 suum
2063 5285 2384 5366 duplicem

2499 4302 2666 4383 quod
2716 4320 2915 4381 quum
2967 4301 3189 4362 relatio
3241 4300 3324 4362 sit
3383 4300 3714 4383 proprium
3769 4304 4000 4383 praedi·

2500 4408 2862 4461 camentum
2905 4418 3166 4461 manens
3206 4398 3271 4460 in
3301 4399 3431 4461 Deo
3471 4400 3822 4461 secundum
3853 4420 4002 4482 pro-

2501 4498 2704 4580 priam
2757 4497 3088 4570 rationem‚
3131 4515 3258 4559 non
3308 4505 3518 4559 tamen
3569 4498 3633 4559 in
3681 4506 4002 4580 quantum

2499 4606 2594 4659 est
2641 4596 2957 4668 accidenS‚
2992 4595 3100 4657 sed
3152 4603 3340 4677 prout
3385 4615 3452 4657 se
3493 4596 3685 4659 habet
3726 4597 3804 4658 ad
3844 4597 4007 4659 alte-

2501 4716 2665 4770 rum,
2701 4696 2787 4757 ita
2829 4696 2998 4776 quod
3048 4695 3113 4756 in
3156 4694 3284 4757 Deo
3327 4703 3422 4757 est
3465 4714 3565 4757 res
3614 4695 3751 4777 ipsa
3793 4696 4008 4759 subsi—

2499 4802 2708 4871 stens3
2749 4794 2899 4855 hinc
2945 4794 3110 4854 sicut
3160 4793 3224 4854 in
3276 4793 3582 4855 creaturis
3631 4794 3849 4856 relatio
3903 4804 4005 4857 est

2501 4911 2600 4954 res
2642 4892 2743 4953 cui
2784 4890 3084 4954 convenit
3125 4909 3263 4953 esse
3302 4891 3483 4952 alteri
3525 4890 3892 4953 inhaerendo
3935 4893 4006 4955 in

2501 4998 2793 5071 respectu
2836 4997 2896 5051 et
2939 4989 3408 5069 comparatione
3448 4990 3525 5051 ad
3565 4989 3759 5063 aliud,
3793 4989 3888 5051 sic
3937 4992 4006 5053 in

2501 5090 2628 5150 Deo
2669 5088 2890 5150 relatio
2930 5088 3008 5149 sit
3052 5107 3152 5149 res
3194 5107 3334 5168 quae
3375 5095 3467 5149 est
3512 5088 3722 5169 ipsum
3755 5107 3900 5150 esse
3939 5090 4006 5151 in

2501 5205 2566 5247 se
2599 5185 3004 5249 subsistendo
3037 5186 3100 5247 in
3131 5192 3420 5266 respectu
3451 5186 3530 5247 ad
3560 5185 3847 5247 alterum.
3872 5187 4012 5250 Sic-

2500 5304 2624 5367 que
2657 5284 3057 5365 respiciendo
3096 5284 3171 5345 ad
3207 5284 3268 5345 id
3300 5283 3467 5365 quod
3509 5290 3600 5345 est
3635 5282 3821 5356 reale,
3857 5284 4010 5348 fun-
