4359 6250
552 2051 598 2090 et
616 2062 652 2092 ι.

839 499 960 567 470

1713 517 1888 564 1.th
1930 517 1950 562 I
1992 514 2475 563 SENTENTIARUH.
2521 533 2601 542 —
2641 513 2795 560 msr.
2841 512 3077 558 XXXVIII

843 699 1022 754 catur
1062 691 1302 755 moveri
1333 711 1370 753 a
1401 689 1672 752 termino
1713 706 1841 751 uno
1879 687 1955 748 ad
1995 686 2216 759 alium,
2251 685 2337 746 ita
2367 684 2416 747 A
2445 685 2527 746 do
2558 683 2864 756 medium,
2898 689 2959 745 et
2990 701 3117 746 non
3160 680 3681 763 pertranseundo,
3714 696 3943 740 secun-

842 791 1012 872 quod
1062 809 1188 854 non
1239 789 1462 852 transit
1511 789 1620 851 sed
1669 787 1943 850 transilit
1990 785 2273 848 medium
2318 801 2333 846 ε

843 890 1132 952 Erratum
1181 897 1297 963 est,
1351 888 1668 970 inquienS,
1720 886 1890 949 circa
1938 893 2180 961 motum
2232 903 2338 944 an-

841 988 1129 1068 gelorum
1199 987 1556 1070 tripliciter.
1628 985 1990 1066 Philosophi
2061 1001 2337 1065 namque

843 1087 1102 1170 quidam
1159 1087 1476 1160 dixerunt,
1530 1084 1698 1166 quod
1748 1083 1955 1165 angeli
2009 1101 2337 1163 nunquam

848 1193 1205 1259 moventur,
1257 1185 1367 1246 sed
1420 1192 1676 1246 movent
1725 1183 2002 1264 sphaeras
2051 1181 2338 1242 volunta-

842 1293 1066 1367 tesque
1136 1283 1488 1346 hominum.
1554 1281 1820 1355 Quidam
1879 1298 2028 1342 vero
2093 1279 2337 1361 opinati

844 1389 1015 1455 sunt,
1057 1383 1222 1463 quod
1275 1381 1534 1462 angelus
1572 1387 1668 1442 est
1705 1379 1896 1442 simul
1938 1377 2002 1439 in
2046 1377 2339 1459 pluribus

845 1479 1023 1552 lociS‚
1077 1486 1139 1540 et
1193 1479 1433 1560 ubique
1486 1479 1536 1540 si
1595 1478 1767 1541 velit.
1824 1477 2130 1540 Dixerunt
2186 1477 2338 1539 item

845 1578 1160 1652 nonnulli,
1205 1578 1373 1659 quod
1417 1577 1678 1658 angelus
1727 1576 1818 1639 sic
1862 1576 2036 1638 venit
2081 1577 2158 1638 de
2212 1575 2340 1638 fine

846 1677 1059 1757 spatii,
1087 1677 1255 1758 quod
1286 1693 1413 1738 non
1445 1675 1673 1736 transit
1703 1674 2008 1746 medium,
2037 1675 2146 1736 sed
2176 1682 2342 1736 tran-

848 1774 1000 1836 silit.
1043 1775 1184 1838 Haec
1231 1774 1356 1836 ille.

2446 785 2599 846 dum
2627 783 2793 867 quod
2822 786 3115 863 operatur
3140 780 3202 842 in
3230 798 3359 843 uno
3386 788 3665 842 extremo
3692 785 3757 840 et
3784 776 3943 838 item

2446 883 2514 945 in
2551 882 2861 956 aliosnon
2902 887 3113 942 tamen
3148 878 3209 940 in
3242 877 3473 952 medio,
3508 876 3609 940 vel
3646 876 3841 938 etiam
3875 875 3939 936 in

2448 981 2680 1053 medio,
2725 987 2913 1062 prout
2950 997 3121 1040 nunc
3160 997 3239 1040 ex
3276 978 3515 1041 Thoma
3552 983 3649 1038 est
3687 993 3941 1037 enarra-

2446 1089 2604 1142 tum.
2650 1079 2812 1141 Huic
2862 1077 3158 1160 positioni
3208 1075 3581 1138 contradicit
3628 1074 3939 1155 AEgidius,

2448 1179 2667 1240 dicens
2709 1197 2833 1241 non
2874 1195 3059 1259 posse
3098 1194 3235 1238 esse
3280 1175 3448 1257 quod
3490 1174 3753 1254 angelus
3794 1191 3945 1255 ope-

2449 1285 2623 1340 retur
2654 1277 2718 1339 in
2752 1293 2879 1338 uno
2918 1281 3223 1348 extremo,
3257 1273 3486 1336 deinde
3519 1273 3579 1334 in
3612 1272 3738 1335 alio
3780 1272 3943 1346 Ιοοο,

2449 1377 2537 1438 ita
2578 1376 2746 1458 quod
2793 1393 2917 1446 non
2958 1382 3255 1456 operetur
3294 1374 3357 1434 in
3401 1371 3608 1434 medio
3643 1380 3753 1435 :et
3798 1371 3945 1443 hoc,

2450 1482 2710 1557 propter
2754 1473 3213 1536 connexionem
3265 1471 3506 1534 ordinis
3550 1470 3832 1532 universi
3884 1477 3949 1531 et

2452 1574 2728 1655 partium
2769 1573 2930 1652 ejus.
2973 1572 3147 1645 Quod
3186 1571 3429 1633 dictum
3472 1569 3711 1632 nullam
3752 1588 3949 1650 appa·

2450 1672 2722 1734 rentiam
2782 1670 3013 1733 habere
3073 1669 3343 1732 videtur.
3398 1663 3545 1732 Non‘
3592 1668 3765 1730 enirn
3828 1668 3948 1729 hoc

2452 1770 2727 1851 pertinet
2768 1770 2845 1832 ad
2890 1768 3178 1831 ordinem
3224 1767 3527 1840 universi,
3574 1773 3642 1829 ut
3683 1765 3949 1847 angelus

928 1874 1260 1936 Durandus
1293 1890 1444 1935 vero
1482 1872 1664 1951 juxta
1695 1872 1952 1934 modum
1985 1890 2111 1954 quo
2150 1872 2342 1953 paulo
2375 1867 2421 1928 B
2450 1877 2750 1950 operetur
2780 1868 2843 1929 in
2886 1867 3172 1950 partibus
3211 1867 3353 1945 ejus
3392 1867 3743 1928 secundum
3784 1865 3953 1928 ordi·

599 1986 818 2039 pisan
846 1979 992 2035 ante
1036 1971 1195 2033 dixit
1238 1971 1531 2051 angelum
1578 1989 1716 2032 esse
1761 1970 1824 2031 in
1873 1970 2033 2042 loco,
2080 1969 2236 2031 dicit
2278 1979 2343 2031 et

847 2070 953 2132 hic
1007 2070 1218 2152 ipsum
1284 2069 1544 2130 moveri.
1612 2069 1730 2130 Sed
1787 2068 1953 2130 sicut
2013 2075 2340 2130 ostensum

791 2199 800 2206 ·
845 2174 963 2242 est,
997 2167 1365 2248 imaginatio
1403 2166 1512 2228 illa
1549 2174 1642 2228 est
1683 2173 1808 2227 tam
1851 2165 2056 2228 aliena
2093 2165 2172 2226 ab
2213 2184 2343 2227 om-

847 2265 914 2329 ni
944 2266 1208 2329 veritate
1238 2272 1300 2327 et
1332 2265 1594 2337 ratione,
1630 2265 1798 2346 quod
1832 2264 2091 2345 indigna
2121 2271 2213 2326 est
2248 2283 2342 2325 re-

845 2364 1069 2444 citari3
1112 2383 1228 2426 nec
1276 2363 1412 2445 ipse
1455 2363 1781 2438 assertive,
1826 2370 1892 2424 ut
1938 2370 2176 2424 tactum
2222 2371 2338 2437 est,

845 2463 1026 2545 ponit
1068 2481 1228 2524 eam.

925 2561 1246 2623 Postremo
1276 2559 1560 2640 AEgidius
1591 2560 1670 2620 de
1703 2560 1843 2632 hoo,
1880 2560 2048 2640 quod
2079 2559 2341 2639 angelus

847 2659 1048 2741 possit
1077 2658 1341 2731 moveri,
1377 2658 1715 2721 concordat
1755 2657 2080 2720 communi
2113 2657 2343 2719 doctri-

846 2777 944 2820 nae
972 2757 1322 2820 doctorum.
1357 2792 1438 2802 -—
1466 2757 1552 2818 De
1583 2756 1703 2818 hoc
1733 2775 1904 2830 vero,
1937 2775 2016 2816 an
2057 2764 2341 2837 oporteat

846 2856 1017 2938 quod
1051 2862 1442 2936 pertranseat
1473 2854 1778 2926 medium,
1811 2852 2145 2936 opiniones
2187 2855 2343 2916 reci-

847 2960 936 3015 tat
964 2953 1252 3025 aliorum,
1287 2959 1349 3014 et
1379 2951 1740 3032 specialiter
1768 2952 2038 3026 Thomae,
2072 2952 2344 3014 volentis

2451 1987 2597 2029 nem
2630 1967 2893 2041 situum,
2928 1985 3045 2028 nec
3077 1967 3142 2026 in
3175 1965 3408 2027 talibus
3446 1964 3951 2026 accidentalibus

2450 2064 2927 2147 operationibus
2957 2064 3375 2145 singularium
3408 2080 3821 2145 personarum
3852 2081 3951 2125 or-

2453 2165 2532 2226 do
2573 2163 2854 2226 universi
2904 2163 3210 2224 consistit.
3256 2163 3511 2226 Certum
3564 2179 3819 2243 quoque
3858 2162 3950 2222 vi-

2452 2265 2656 2336 detur,
2693 2262 2860 2345 quod
2896 2263 3049 2324 dum
3088 2262 3253 2323 Deus
3294 2261 3491 2322 mittit
3528 2260 3827 2341 angelum
3867 2260 3947 2321 de

2454 2361 2614 2424 coelo
2654 2362 2731 2423 ad
2779 2360 3106 2422 hominem
3146 2368 3390 2422 certum
3432 2359 3497 2420 in
3538 2365 3795 2432 terram,
3836 2378 3950 2420 an-

2451 2461 2631 2542 gelus
2664 2460 2770 2521 ille
2803 2477 2927 2522 non
2958 2466 3207 2520 exercet
3239 2458 3671 2540 operationem
3702 2457 3949 2538 specia-

2455 2560 2577 2621 lem
2613 2558 2781 2620 circa
2810 2557 3106 2620 universa
3134 2564 3197 2618 et
3225 2557 3477 2638 singula
3506 2555 3670 2617 infra
3708 2555 3947 2618 coelum

2418 2675 2824 2740 ‚empyreum
2866 2664 2928 2718 et
2970 2663 3197 2717 terram
3240 2662 3553 2717 contenta.
3598 2655 3721 2716 Nec
3762 2672 3953 2734 ange-

2454 2756 2530 2817 lis
2575 2754 2969 2838 quibuslibet
3016 2755 3314 2816 convenit
3358 2751 3783 2816 ministerium
3830 2754 3953 2814 cir·

2455 2873 2528 2916 ca
2557 2859 2977 2935 quaecumque
3008 2852 3396 2932 hujusmodi.
3423 2887 3503 2896 —
3529 2850 3723 2913 Tenet
3752 2851 3947 2913 etiam

2453 2951 2758 3032 AEgidius‚
2811 2951 2981 3034 quod
3036 2951 3298 3033 angelus
3357 2969 3482 3013 non
3538 2958 3829 3013 movetur
3880 2950 3948 3011 in

848 3051 1005 3112 duas
1040 3049 1374 3133 opiniones
1413 3049 1734 3131 oppositas
1771 3056 2078 3131 quantum
2115 3051 2193 3111 ad
2232 3051 2343 3112 ali·
2381 3054 2424 3117 C
2456 3049 2736 3111 instanti.
2771 3049 2905 3111 Imo
2942 3050 3087 3111 dato
3126 3051 3291 3132 quod
3325 3067 3453 3112 non
3484 3049 3777 3111 transiret
3817 3067 3951 3110 me-

850 3149 1004 3232 quid
1073 3148 1406 3211 verificare
1473 3156 1535 3209 et
1603 3149 2004 3222 concordare,
2075 3148 2345 3212 dicendo

849 3246 1020 3329 quod
1061 3247 1322 3328 angelus
1367 3252 1574 3328 potest
1619 3246 1858 3309 moveri
1905 3255 2346 3327 pertranseun-

2454 3148 2655 3222 dium,
2698 3148 2903 3209 adhuc
2954 3165 3079 3210 non
3132 3153 3496 3210 moveretur
3544 3147 3609 3208 in
3660 3146 3949 3219 instanti,

2456 3254 2524 3309 ut
2554 3246 2660 3309 ait.

1573 3669 2483 3781 DISTINCTIO
2606 3670 3233 3781 XXXVIII

1013 4027 1095 4091 A.
1144 4030 1278 4091 Htc
1315 4029 1513 4091 redit
1543 4032 1640 4092 ad
1668 4028 2162 4102 propositum,
2204 4028 2545 4101 repetens
2580 4030 2924 4102 superius
2960 4028 3183 4102 dicta,
3225 4028 3307 4090 ut
3344 4028 3575 4091 addat
3601 4032 3785 4092 alia.

1109 4267 1282 4331 UNC
1323 4284 1476 4347 ergo
1517 4268 1598 4330 ad
1640 4267 2056 4348 propositum
2099 4268 2519 4347 revertenteS,
2564 4268 2773 4348 coepto
2819 4267 3225 4331 insistamus.
3269 4268 3476 4349 Supra
3528 4268 3778 4332 dietum
3826 4274 3958 4350 est,

565 4386 814 4495 „ficem
898 4270 906 4564 Ι
959 4268 1066 4567 Nl
1145 4384 1321 4465 quod
1372 4384 1782 4464 praescientia
1837 4384 1958 4447 Dei
2007 4384 2384 4446 futurorum
2440 4384 2697 4446 tantum
2756 4386 2876 4463 est,
2924 4384 3037 4447 sed
3090 4384 3390 4446 omnium
3442 4386 3577 4447 tam
3624 4386 3957 4450 bonorum

565 4526 582 4544 ·
601 4523 833 4579 praeteritis
1144 4516 1344 4581 quam
1381 4498 1708 4562 malorum
1742 4519 1757 4561 ε
1791 4500 2062 4563 scientia
2099 4517 2253 4562 vero
2286 4500 2387 4563 vel
2418 4500 2737 4581 sapientia
2766 4517 2897 4562 non
2935 4501 3132 4563 modo
3171 4502 3252 4564 de
3283 4497 3585 4581 futuris*,
3608 4502 3721 4565 sed
3752 4504 3959 4567 etiam

855 4619 936 4681 de
974 4614 1409 4699 praesentibus
1447 4617 1514 4678 et
1549 4614 1832 4697 futuris3
1873 4633 1992 4679 nec
2030 4616 2287 4678 tantum
2325 4616 2405 4679 de
2444 4616 2939 4696 temporalibuS‚
2973 4616 3085 4680 sed
3126 4617 3324 4680 etiam
3362 4617 3442 4681 de
3480 4619 3763 4698 aeterniS,
3794 4619 3965 4700 quia

855 4754 926 4799 se
965 4735 1185 4815 ipsum
1225 4732 1408 4794 novit
1450 4732 1650 4795 Deus.
1685 4732 1812 4793 Hic
1851 4732 2058 4793 oritur
2102 4732 2379 4812 quaestio
2418 4749 2548 4794 non
2593 4732 3091 4812 dissimulanda,
3132 4734 3357 4796 utrum
3396 4733 3645 4798 scilicet
3680 4735 3968 4799 scientia

853 4852 958 4916 vel
996 4849 1408 4932 praescientia
1456 4848 1544 4911 sit
1592 4865 1787 4911 causa
1825 4866 2068 4927 rerum,
2111 4866 2195 4910 an
2237 4866 2341 4911 res
2386 4850 2519 4912 sint
2570 4866 2783 4912 causae
2836 4850 3127 4914 scientiae
3180 4849 3283 4912 vel
3336 4851 3763 4931 praescientiae
3798 4852 3959 4915 Dei.

853 4968 1132 5031 Videtur
1167 4966 1346 5030 enim
1391 4964 1802 5047 praescientia
1849 4964 1972 5028 Dei
2019 4982 2216 5027 causa
2263 4982 2405 5028 esse
2448 4982 2676 5028 eorum
2727 4983 2876 5047 quae
2926 4966 2984 5029 ei
3037 4965 3341 5046 subsunt,
3376 4982 3450 5028 ac
3496 4967 3965 5033 necessitatem

855 5083 1198 5148 eveniendi
1230 5083 1324 5145 eis
1363 5082 1573 5144 facere
1609 5101 1622 5141 :
1666 5081 1822 5161 quia
1866 5098 1984 5143 nec
2022 5081 2243 5161 aliqua
2274 5080 2497 5145 futura
2535 5082 2837 5161 fuissent,
2879 5082 3004 5146 nisi
3044 5083 3223 5146 Deus
3266 5100 3342 5146 ea
3385 5083 3793 5165 praescisset3
3832 5102 3969 5149 nee

856 5200 1134 5281 possunt
1169 5215 1298 5259 non
1345 5198 1627 5275 evenire,
1675 5214 1881 5277 quum
1929 5198 2112 5260 Deus
2149 5214 2221 5259 ea
2279 5196 2701 5278 praesciverit.
2746 5198 2814 5261 Si
2852 5199 3069 5261 autern
3112 5198 3521 5279 impossihile
3558 5200 3657 5261 est
3707 5216 3783 5261 ea
3816 5218 3970 5265 non

859 5316 1141 5394 evenire,
1173 5314 1328 5395 quia
1366 5314 1668 5394 praescita
1695 5313 1871 5393 sunt,
1905 5314 2166 5376 videtur
2194 5330 2346 5393 ergo
2380 5314 2521 5395 ipsa
2549 5314 2959 5393 praescientia
2988 5332 3115 5396 qua
3146 5314 3447 5396 praescita
3474 5315 3651 5394 sunt,
3686 5314 3781 5378 eis
3808 5332 3971 5382 esse

4008 1006 4053 1046 p.
4079 995 4187 1042 ⁸63.
4212 991 4261 1032 R·

3970 1059 4015 1096 el.
4038 1069 4079 1097 n.
