4359 6250
885 469 1006 533 390
1782 485 1957 531 Lmen
2000 487 2019 530 ι
2061 483 2544 531 summanum.
2590 503 2671 514 —
2710 485 2864 530 msr.
2909 485 3099 530 xxxvi

896 662 1159 741 electOS‚
1218 677 1386 742 quos
1442 661 1779 724 creaturus
1836 661 1936 722 est
1991 658 2328 740 eligendos
2388 677 2402 717 ε
2465 675 2633 740 quos
2688 657 2920 721 habuit
2974 657 3149 738 apud
3207 657 3666 739 semetipsum,
3721 675 3852 721 non
3915 658 3978 721 in

896 780 1129 842 natura
1175 795 1317 858 sua,
1364 776 1480 840 sed
1529 776 1597 840 in
1644 776 2057 858 praescientia
2104 793 2246 840 sua.
2288 775 2600 838 Nondum
2652 775 2837 837 erant
2893 775 3136 855 quibus
3184 773 3713 855 promittebatur,
3764 776 3874 838 sed
3925 775 3983 838 et

896 895 1023 976 ipsi
1062 893 1372 976 promissi
1412 893 1568 955 sunt
1603 892 1845 974 quibus
1882 891 2408 973 promittebatur.
2449 891 2618 954 Ecce
2655 890 2764 953 hic
2799 891 3020 971 aperte
3056 890 3239 970 dicit,
3272 891 3488 954 Deum
3537 892 3717 972 apud
3761 893 3985 954 semet-

899 1011 1119 1092 ipsum
1173 1011 1410 1075 habere
1456 1011 1699 1074 electos
1748 1011 1898 1072 ante
1950 1007 2299 1086 mundum,
2343 1025 2477 1070 non
2527 1007 2598 1069 in
2646 1007 2880 1069 natura
2929 1024 3073 1087 sua,
3114 1006 3230 1070 sed
3278 1007 3345 1068 in
3393 1007 3808 1088 praescientia
3851 1025 3984 1086 sua,

902 1145 1110 1208 quum
1162 1129 1383 1191 tamen
1434 1127 1577 1207 eJus
1628 1125 2040 1207 praescientia
2087 1140 2221 1189 non
2273 1124 2455 1186 aliud
2499 1123 2587 1186 sit
2634 1140 2835 1204 quam
2887 1123 3032 1204 ejus
3079 1123 3336 1203 natura,
3377 1123 3535 1204 quia
3582 1124 3794 1205 ipsius
3837 1141 3990 1204 prae-

902 1244 1175 1306 scientia
1212 1243 1356 1323 eJus
1394 1245 1493 1307 est
1527 1243 1784 1305 notitia.
1819 1241 2047 1304 Potest
2074 1241 2295 1303 tamen
2333 1239 2414 1302 ad
2444 1240 2686 1304 electos
2719 1239 2970 1320 referri,
3003 1257 3209 1320 quum
3241 1240 3356 1319 ait,
3391 1241 3464 1302 In
3494 1241 3732 1303 natura
3767 1258 3905 1319 sua,
3930 1240 3992 1302 id

904 1363 1005 1423 est
1059 1359 1349 1423 illorum.
1406 1359 1563 1422 Illos
1620 1359 1863 1440 quippe
1912 1356 2145 1419 habuit
2201 1355 2283 1418 ab
2333 1356 2576 1420 aeterno
2603 1345 2606 1348 ⁴
2633 1356 2809 1438 apud
2859 1374 2954 1436 se,
3003 1374 3136 1419 non
3193 1357 3261 1419 in
3314 1358 3550 1418 natura
3605 1356 3736 1434 sui,
3785 1356 3853 1419 id
3901 1357 3995 1419 est

906 1475 1198 1557 illorum,
1234 1477 1391 1558 quia
1426 1476 1721 1539 nondum
1760 1475 1965 1554 erant,
1998 1473 2113 1536 sed
2150 1473 2220 1536 in
2250 1491 2372 1535 sua
2407 1473 2842 1555 praescientia,
2875 1473 3032 1553 quia
3069 1491 3184 1537 eos
3220 1473 3313 1535 ita
3349 1469 3535 1535 n'ovit
3562 1489 3638 1535 ac
3674 1472 3734 1536 si
3763 1473 3989 1536 essent.

969 1781 1047 1843 B.
1100 1782 1360 1845 Utrum
1404 1785 1615 1845 mala
1663 1782 1974 1844 debcant
2019 1783 2168 1843 dici
2213 1794 2368 1842 esse
2415 1783 2494 1842 in
2541 1782 2714 1853 DeO,
2757 1781 2885 1842 ubi
2927 1780 3102 1842 sunt
3148 1781 3403 1842 omnia
3454 1782 3674 1854 bona,
3717 1795 3934 1855 quum

1032 1901 1351 1975 utraque
1378 1900 1529 1962 Sint
1559 1901 1638 1963 in
1665 1901 1833 1971 eju-s·
1864 1899 2280 1974 counitione
2310 1898 2381 1958 et
2402 1898 2880 1970 praescientia
2903 1916 2929 1955 .·
2953 1900 3208 1959 omnia
3240 1900 3444 1960 enim
3478 1898 3868 1974 coenos-cit.

1037 2178 1198 2241 Post
1246 2175 1561 2259 praedicta
1604 2173 1943 2255 quaeritur,
1976 2190 2185 2255 quum
2228 2172 2452 2236 omnia
2487 2172 2791 2235 dicantur
2832 2189 2976 2236 esse
3019 2172 3087 2235 in
3125 2173 3290 2253 De0,
3326 2189 3458 2235 non
3499 2191 3617 2254 per
3659 2172 3999 2236 essentiam

902 2297 1176 2369 naturae,
1218 2293 1336 2357 sed
1386 2309 1503 2373 per
1549 2290 1993 2371 cognitionem
2032 2289 2349 2366 scientiae,
2394 2290 2460 2351 et
2495 2288 2678 2352 Deus
2723 2289 2887 2351 sciat
2933 2290 2997 2352 et
3033 2287 3207 2351 bona
3243 2289 3308 2352 et
3354 2289 3550 2366 mala,
3593 2291 3816 2353 utrum
3853 2305 4001 2351 con-

908 2411 1271 2474 cedendum
1309 2409 1397 2472 sit
1433 2408 1843 2488 simpliciter,
1878 2406 2052 2469 mala
2095 2423 2238 2468 esse
2269 2405 2338 2468 in
2379 2405 2544 2485 Dec,
2585 2404 2724 2476 sive
2754 2421 2898 2468 esse
2935 2405 3004 2467 in
3043 2406 3183 2468 Deo
3221 2423 3338 2486 per
3374 2405 3840 2486 cognitionem.
3874 2404 4003 2468 Scit

908 2528 1085 2592 enim
1126 2526 1307 2589 Deus
1349 2526 1414 2588 et
1452 2524 1647 2588 scivit
1683 2539 1943 2604 semper
1990 2522 2234 2601 omnia,
2269 2522 2401 2584 tam
2442 2520 2616 2585 bona
2652 2538 2854 2601 quam
2891 2521 3087 2600 mala,
3123 2522 3321 2584 etiam
3361 2523 3714 2602 antequam
3755 2522 4002 2598 fierent,

909 2645 974 2706 et
998 2642 1327 2724 praescivit
1366 2641 1449 2704 ab
1486 2642 1729 2704 aeterno
1769 2657 1846 2703 ea
1873 2639 2094 2703 futura
2128 2658 2143 2699 :
2178 2638 2458 2719 ideoque
2495 2654 2704 2718 quum
2736 2637 2958 2700 omnia
2995 2637 3168 2700 bona
3196 2638 3564 2701 dixerimus
3592 2655 3736 2702 esse
3773 2638 3838 2700 in
3863 2638 4004 2701 Deo

908 2760 1177 2840 propter
1209 2757 1629 2840 praesentiam
1669 2755 2087 2836 cognitionis,
2121 2754 2350 2818 eadem
2390 2753 2641 2816 ratione
2679 2753 2940 2816 videtur
2980 2753 3330 2816 dicendum
3382 2753 3610 2817 omnia
3655 2753 3826 2816 mala
3864 2770 4006 2816 esse

912 2875 979 2937 in
1009 2892 1111 2954 e0,
1146 2891 1354 2955 quum
1382 2891 1460 2936 ea
1488 2890 1749 2954 semper
1774 2871 2053 2946 noverit,
2085 2873 2150 2934 et
2176 2887 2294 2952 per
2323 2871 2762 2951 cognitionem
2795 2869 2856 2932 ei
2885 2869 3236 2950 praesentia
3268 2869 3532 2933 fuerint.
3557 2869 4008 2950 Praecognovit

630 3012 693 3054 Au
694 3007 885 3065 gnypo-
915 2993 1093 3056 enim
1139 2992 1322 3055 Deus
1368 2990 1449 3053 ab
1496 2990 1739 3054 aeterno
1787 2988 2110 3069 quosdam
2162 2988 2423 3072 futuros
2471 2987 2703 3064 ma108‚
2746 2988 2811 3050 et
2857 3004 3085 3050 eorum
3139 2987 3485 3066 malitiam,
3525 2988 3602 3050 ut
3650 2987 3744 3049 ait
3786 2987 4008 3066 Augu-

615 3071 869 3185 mua&
916 3108 1155 3188 stinuS,
1197 3107 1549 3188 praescivit,
1582 3105 1699 3169 sed
1738 3123 1872 3169 non
1909 3103 2324 3186 praeparavit
2361 3103 2580 3177 Quum
2623 3119 2776 3184 ergo
2815 3103 3080 3185 peccata
3118 3103 3416 3166 omnium
3463 3102 3650 3183 sciat,
3692 3101 4007 3184 numquid

919 3223 1417 3305 intelligendum
1450 3224 1550 3287 est
1577 3240 1653 3286 ea
1683 3221 1928 3285 includi
1961 3222 2029 3283 in
2060 3220 2173 3285 illa
2211 3220 2632 3301 generalitate
2670 3220 3023 3283 locutionis
3047 3237 3180 3301 qua
3207 3219 3378 3282 dixit
3403 3218 3766 3300 Apostolus
3795 3220 4009 3283 omnia

619 3362 885 3410 ammo.
918 3360 1061 3406 esse
1104 3341 1171 3403 in
1217 3340 1409 3404 Deo?
1456 3341 1558 3402 Ex
1603 3338 1774 3420 ipso,
1816 3338 2054 3418 inquit,
2096 3339 2160 3401 et
2205 3355 2321 3419 per
2366 3337 2586 3417 ipsum
2635 3336 2700 3399 et
2745 3337 2814 3399 in
2861 3337 3006 3417 ipso
3055 3338 3211 3421 sunt
3259 3336 3503 3398 omnia.

1052 3460 1181 3523 Sed
1218 3458 1392 3538 quiS,
1419 3457 1548 3521 nisi
1588 3457 1881 3535 insanus,
1914 3456 2156 3519 dixerit
2193 3455 2368 3518 mala
2403 3471 2546 3517 esse
2585 3454 2653 3516 in
2690 3455 2832 3518 Deo
2853 3454 2884 3516 ἱ)
2922 3454 3044 3517 Illa
3081 3454 3258 3517 enim
3302 3471 3446 3517 esse
3489 3454 3556 3516 in
3595 3454 3735 3518 Deo
3779 3455 4012 3519 intelli-

916 3576 1183 3657 guntur,
1218 3590 1366 3654 quae
1405 3591 1489 3637 ex
1516 3574 1662 3654 ipso
1702 3574 1767 3635 et
1794 3590 1911 3654 per
1938 3572 2159 3653 ipsum
2199 3572 2375 3634 sunt.
2408 3572 2507 3633 Ea
2533 3588 2688 3634 vero
2719 3588 2836 3651 per
2871 3572 3092 3651 ipsum
3131 3572 3287 3635 sunt
3323 3571 3388 3633 et
3415 3588 3498 3633 ex
3537 3570 3708 3651 ipso,
3736 3588 4012 3652 quorum

918 3694 1145 3756 auctor
1186 3693 1326 3773 est;
1371 3692 1487 3755 sed
1524 3708 1657 3754 non
1695 3692 1795 3753 est
1831 3689 2059 3752 auctor
2094 3687 2224 3751 nisi
2263 3687 2586 3750 bonorum
2621 3707 2635 3747 :
2671 3703 2803 3748 non
2847 3704 2998 3767 ergo
3038 3704 3122 3749 ex
3167 3686 3310 3767 ipso
3350 3687 3415 3749 et
3451 3704 3568 3767 per
3607 3686 3828 3766 ipsum
3869 3685 4016 3749 sunt

918 3808 1045 3872 nisi
1085 3807 1283 3873 bona.
1318 3808 1419 3870 Ita
1454 3824 1607 3890 ergo
1647 3823 1779 3868 non
1822 3805 1893 3867 in
1936 3804 2081 3885 ipso
2120 3806 2276 3867 sunt
2320 3803 2449 3867 nisi
2498 3802 2690 3865 bona.
2733 3802 2883 3865 Non
2922 3819 3075 3883 ergo
3123 3802 3297 3865 mala
3333 3802 3402 3864 in
3439 3802 3581 3865 Deo
3629 3802 3786 3865 sunt
3818 3822 3833 3862 :
3867 3802 4014 3882 quia

918 3926 1071 3989 licet
1117 3943 1193 3989 ea
1229 3926 1480 4004 noscat,
1511 3942 1644 3988 non
1694 3924 1915 3986 tamen
1956 3921 2049 3983 ita
2087 3920 2357 3983 omnino
2397 3919 2609 3983 noscit
2653 3921 2728 3981 ut
2763 3918 2955 3982 bona.
2990 3918 3163 3982 Mala
3198 3918 3387 4009 quasi
3425 3918 3507 3982 de
3543 3918 3738 3998 longe
3786 3934 4017 3997 cogno-

631 4062 709 4104 Ρ..
736 4074 892 4112 xxxv...
918 4042 1065 4121 scit,
1114 4042 1189 4104 ut
1237 4040 1329 4103 ait
1378 4040 1707 4120 Propheta
1749 4058 1763 4098 :
1805 4038 1890 4100 Et
1936 4036 2068 4099 alta
2118 4054 2157 4099 a
2203 4036 2396 4116 longe
2453 4034 2812 4115 cognoscit,
2868 4034 2936 4097 id
2993 4035 3093 4098 est
3147 4034 3544 4115 superbiam.
3597 4034 3682 4096 Et
3735 4032 3892 4096 alibi
3938 4031 4018 4095 ad

625 4128 891 4233 ⁶1‘›·.xv.‚14.
919 4157 1135 4221 Deum
1180 4158 1459 4237 loquens
1490 4146 1585 4219 'de
1641 4154 1859 4233 malis,
1902 4154 1995 4216 ait
2035 4171 2050 4213 :
2093 4154 2192 4216 De
2247 4152 2648 4215 absconditis
2703 4151 2838 4215 tuis
2893 4150 3292 4232 adimpletus
3339 4152 3439 4214 est
3486 4151 3712 4214 venter
3767 4166 4012 4213 eorum.

637 4290 803 4345 Auffin
820 4290 890 4333 rs.
921 4272 1112 4345 Quod
1164 4289 1497 4352 exponens
1544 4270 2005 4351 Augustinus:
2041 4266 2469 4347 Abscondita‚
2513 4267 2752 4347 inquit,
2797 4269 3062 4348 peccata
3103 4268 3280 4345 sunt,
3314 4284 3462 4347 quae
3511 4283 3550 4328 a
3595 4266 3847 4329 lumine
3891 4266 4016 4327 tuae

626 4356 757 4405 ’Μ’
781 4357 844 4396 ¹³'
919 4388 1216 4450 veritatis
1252 4387 1760 4450 absconduntur.
1795 4385 1925 4449 Sed
1960 4385 2294 4465 quomodo
2338 4384 2603 4465 peccata
2637 4401 2675 4445 a
2714 4383 2962 4446 lumine
3001 4383 3297 4445 veritatis
3334 4382 3575 4445 divinae
3613 4381 4019 4445 abscondun-

919 4503 1049 4583 tur,
1092 4520 1299 4584 quum
1342 4520 1380 4565 a
1416 4504 1555 4567 Deo
1604 4501 1944 4565 sciantur?
1982 4502 2051 4565 Si
2091 4502 2268 4563 enim
2317 4517 2452 4562 non
2489 4500 2709 4589 sciret,
2748 4500 3083 4579 quomodo
3125 4498 3207 4562 de
3255 4498 3388 4561 illis
3419 4498 3769 4578 jndicaret,
3804 4500 3869 4561 et
3903 4514 4015 4579 pro

621 4634 731 4676 Ρη
802 4634 888 4683 v.-⁷
921 4620 1055 4684 illis
1092 4620 1304 4683 malos
1344 4618 1734 4682 damnaret?
1771 4618 1951 4682 Alibi
1989 4618 2321 4699 Propheta
2357 4616 2564 4679 dicit:
2603 4616 2775 4689 Quia
2816 4632 3027 4695 neque
3070 4615 3153 4678 ab
3191 4616 3438 4678 oriente
3476 4632 3690 4695 neque
3731 4614 3818 4678 ab
3859 4614 4015 4677 occi-

624 4646 891 4854 540⁶&
848 4806 889 4853 ⁶
920 4737 1113 4801 dente
1167 4736 1369 4800 deest.
1418 4734 1611 4808 Quod
1657 4752 1991 4816 exponens
2044 4734 2497 4812 Cassiodorus,
2549 4733 2822 4813 inquit.
2864 4732 3092 4813 Neque
3141 4751 3180 4796 a
3224 4731 3419 4795 bonis
3474 4749 3686 4813 neque
3737 4749 3778 4794 a
3832 4731 4016 4795 malis

621 4864 755 4968 ἰωὴ-
718 4868 873 4915 ...nm
877 4854 1103 4917 deest
1136 4853 1340 4934 Deua,
1373 4852 1489 4917 sed
1538 4850 1847 4915 omnibus
1891 4868 2183 4933 praesens
2219 4851 2286 4914 et
2323 4849 2620 4930 cognitor
2665 4851 2784 4912 est.
2828 4848 3180 4930 Cognoscit
3220 4865 3373 4929 ergo
3416 4848 3597 4911 Deus
3639 4850 3706 4911 et
3740 4847 3914 4911 bona
3957 4849 4016 4910 et

680 4958 690 4969 ’
920 4970 1093 5032 mala
1128 4986 1246 5051 per
1286 4969 1652 5047 scientiam,
1694 4967 1810 5031 sed
1846 4967 2018 5030 bona
2054 4966 2391 5046 cognoscit
2427 4965 2627 5028 etiam
2665 4983 2782 5046 per
2817 4962 3356 5045 approbationem
3395 4964 3461 5027 et
3500 4980 3617 5044 per
3649 4962 4011 5045 beneplaci-

918 5085 1085 5167 tum,
1119 5086 1294 5149 mala
1329 5102 1484 5149 vero
1524 5102 1680 5148 non.
1717 5085 1905 5148 Unde
1952 5082 2384 5148 Cassiodorus
2433 5098 2631 5162 super
2671 5081 3012 5145 Psalmum
3063 5080 3223 5143 dicit
3261 5100 3274 5140 :
3318 5080 3592 5143 Peccata
3637 5078 4010 5143 abscondita

913 5201 1053 5264 Deo
1089 5204 1266 5281 sunt,
1301 5202 1459 5283 quia
1494 5218 1628 5265 non
1664 5202 1872 5281 novit,
1907 5202 1974 5264 id
2006 5202 2129 5281 est,
2160 5217 2294 5263 non
2325 5196 2662 5280 approbat.
2700 5198 2784 5261 Et
2820 5216 2902 5262 ex
2941 5214 3018 5261 eo
3057 5214 3255 5260 sensu
3293 5195 3708 5277 Augustinus
3745 5196 3917 5259 dixit
3943 5212 4011 5258 ea

647 5337 868 5392 ‘epistola
911 5317 1221 5380 abscondi
1266 5334 1305 5379 a
1340 5318 1589 5381 lumine
1629 5316 1773 5380 Dei.
1818 5317 1947 5390 Qui
1986 5316 2188 5380 etiam
2227 5317 2294 5378 in
2331 5310 2543 5379 libro*
2582 5314 2666 5377 ad
2707 5314 3034 5378 Evodium
3075 5313 3369 5376 insinuat
3405 5312 3853 5394 cognitionem
3891 5310 4006 5374 Dei
