4359 6250
1087 508 1170 554 AN
1215 506 1710 556 Pnffinsss'rmflto
1753 509 1846 553 st'r
1887 505 2032 562 QUI)
2073 506 2355 553 canum!
2396 509 2509 553 vm.
2553 507 2899 554 thnnA'rtm

3442 489 3562 554 515

441 695 524 759 go
569 677 1004 759 significatum
1052 681 1206 743 illud
1254 681 1336 742 sit
1379 688 1710 752 aeternum,
1742 686 1807 740 et
1846 676 2029 741 an-A
2061 686 2189 740 tem
2242 679 2305 740 in
2357 680 2625 760 posteris
2676 679 2867 761 primi
2918 680 3219 764 parentiS,
3260 686 3323 740 et
3364 678 3556 740 etiam

445 777 715 840 tecessio
766 779 850 842 sit
899 789 1154 853 aeterna,
1209 781 1550 861 ipsumque
1603 778 1950 861 temporale

443 884 858 940 connotatum
892 879 1083 942 fuerit
1112 878 1193 940 ab
1224 886 1459 941 aeterno
1490 879 1952 948 futurum,con-

442 983 565 1037 stat
597 977 769 1057 quod
809 997 886 1039 ex
925 978 1101 1041 omni
1143 985 1322 1060 parte
1361 976 1830 1059 praedestinatio
1868 975 1952 1037 sit

441 1081 716 1153 aeterna3
759 1094 876 1138 nec
917 1077 1070 1140 ordo
1113 1075 1568 1138 antecessionis
1612 1075 1784 1138 illius
1825 1075 1952 1138 exi-

441 1172 536 1252 git
579 1180 866 1236 extrema
909 1193 1162 1256 semper
1208 1175 1272 1236 in
1316 1182 1481 1236 actu.
1523 1175 1664 1237 Haec
1707 1175 1944 1236 Petrus.

441 1272 731 1335 —Idem
771 1273 1122 1336 Richardus
1165 1291 1238 1336 ac
1281 1272 1410 1334 alii.

547 1467 816 1549 Insuper
873 1487 951 1530 ex
1011 1468 1330 1550 praedictis
1393 1475 1566 1550 patet
1622 1467 1952 1549 responsio

445 1566 819 1648 quaestionis
864 1566 1070 1639 istius,
1108 1567 1204 1628 An
1248 1566 1682 1648 praedestinari
1729 1584 1953 1628 conve-

445 1663 578 1725 niat
620 1663 830 1726 solum
869 1664 1257 1728 hominibus.
1292 1665 1557 1726 Videtur
1588 1663 1752 1745 quod
1796 1681 1947 1737 non,

443 1762 598 1844 quia
641 1763 940 1824 convenit
977 1769 1040 1825 et
1079 1762 1339 1844 angelis.
1375 1761 1588 1844 Aliqui
1629 1761 1802 1824 enim
1846 1781 1952 1822 an·

2059 778 2125 840 in
2170 778 2329 860 ipsc,
2363 778 2713 840 secundum
2755 796 2861 841 eos
2901 781 3012 862 qui
3052 780 3273 841 dicunt
3302 797 3448 840 eum
3490 777 3555 838 in

2057 877 2209 938 solis
2241 875 2635 938 naturalibus
2665 876 2935 956 factum3
2959 885 3021 940 et
3049 877 3401 940 antecessio
3429 894 3562 956 gra-

2058 976 2162 1038 tiae
2193 976 2269 1037 ad
2300 975 2583 1056 gloriam.
2602 976 2672 1038 In
2700 977 2923 1057 angelo
2953 994 3207 1058 quoque
3237 975 3561 1038 invenitur

2058 1074 2410 1136 antecessio
2452 1074 2822 1137 aeternitatis
2870 1075 2947 1137 ad
2997 1082 3308 1148 naturam,
3350 1081 3413 1136 et
3454 1093 3561 1136 an-

2058 1171 2329 1234 tecessio
2364 1179 2606 1234 naturae
2635 1173 2713 1234 ad
2746 1173 3035 1253 gratiam,
3069 1173 3420 1234 secundum
3451 1191 3559 1236 eos

2059 1271 2170 1353 qui
2212 1270 2437 1332 dicunt
2471 1271 2727 1352 angelos
2769 1271 2834 1332 in
2878 1272 3273 1333 naturalibus
3311 1279 3559 1333 tantum

2061 1375 2303 1430 creatos
2348 1387 2362 1431 ε
2405 1369 2756 1430 secundum
2798 1387 2957 1450 quos
3003 1387 3127 1432 non
3178 1368 3301 1431 fuit
3344 1370 3408 1432 in
3455 1389 3562 1432 an·

2060 1465 2221 1546 gelis
2269 1466 2622 1528 antecessio
2669 1467 2886 1548 gratiae
2932 1469 3007 1529 ad
3064 1467 3331 1548 gloriam
3381 1468 3563 1530 dura-

2062 1565 2252 1626 tione.
2307 1564 2669 1626 Secundum
2719 1583 2826 1626 eos
2883 1573 3094 1628 autem
3145 1565 3255 1646 qui
3318 1573 3563 1647 ponunt

2062 1663 2317 1743 angelos
2359 1663 2423 1724 in
2464 1663 2664 1744 gratia
2693 1663 3001 1738 conditOS,
3037 1682 3164 1726 non
3205 1664 3325 1726 fuit
3367 1664 3429 1726 in
3468 1663 3561 1726 eis

2063 1761 2417 1823 secundum
2466 1761 2864 1824 durationem
2923 1762 3275 1825 antecessio
3323 1769 3562 1825 naturae

443 1859 738 1940 gelorum
778 1869 927 1921 sunt
965 1860 1175 1934 electi,
1208 1860 1314 1922 alii
1363 1859 1660 1942 praesciti,
1697 1859 1950 1942 reprobi
1987 1861 2034 1923 B
2063 1859 2140 1920 ad
2185 1859 2473 1939 gratiam,
2516 1859 2625 1922 sed
2668 1861 2883 1940 gratiae
2925 1861 3003 1922 ad
3046 1861 3331 1942 gloriam.
3374 1860 3564 1923 Porro

444 1965 512 2020 et
540 1958 843 2020 damnati.
867 1994 948 2003 —
974 1959 1045 2021 In
1078 1959 1464 2021 contrarium
1497 1967 1614 2032 est,
1642 1959 1792 2039 quia
1818 1958 1950 2038 jam

446 2055 694 2117 dictum
721 2063 838 2128 est,
872 2056 1042 2136 quod
1075 2055 1511 2138 praedestinari
1542 2073 1668 2117 non
1701 2064 1798 2116 est
1829 2054 1952 2116 nisi

447 2153 815 2216 futurorum
859 2163 923 2216 et
966 2155 1248 2217 nondum
1302 2154 1652 2226 beatorum,
1686 2153 1852 2215 sicut
1891 2162 1954 2215 et

451 2253 853 2335 praescientia
892 2253 1219 2316 concernit
1251 2251 1484 2315 futura.
1523 2253 1599 2314 Et
1627 2253 1797 2314 circa
1835 2253 1954 2315 hoc

449 2351 778 2432 quaeritur,
822 2370 903 2412 an
949 2351 1384 2433 praedestinari
1433 2351 1516 2412 sit
1563 2351 1808 2412 entium
1851 2351 1954 2412 vel

451 2449 737 2511 nondum
795 2449 1242 2512 exsistentium
1300 2466 1314 2510 :
1375 2450 1451 2511 ad
1512 2449 1682 2531 quod
1741 2457 1952 2511 tamen

450 2565 527 2609 ex
586 2546 803 2610 verbis
859 2547 1101 2610 Alberti
1168 2545 1536 2629 praehabitis
1596 2547 1792 2609 claret
1855 2566 1954 2608 re-

451 2646 729 2727 sponsio.

530 2743 722 2806 Porro
761 2743 1032 2806 Thomas
1076 2743 1152 2804 ad
1201 2743 1322 2805 ista
1365 2744 1704 2825 respondet
1746 2760 1760 2804 :
1805 2744 1959 2806 Prae-

451 2842 792 2905 destinatio
822 2850 919 2904 est
945 2842 1310 2924 aliquorum
1342 2842 1702 2924 dupliciter.
1722 2841 1952 2914 Primo,

453 2941 616 3004 sicut
651 2941 854 3023 ipsius
885 2940 1038 3003 finis
1067 2949 1131 3003 et
1160 2940 1624 3002 conferentium
1655 2941 1731 3002 ad
1762 2938 1957 3002 finem

2065 1957 2130 2018 in
2173 1957 2422 2020 Christo
2466 1976 2593 2020 non
2638 1957 2761 2020 fuit
2802 1959 3153 2020 antecessio
3195 1957 3564 2021 aeternitatis

2063 2057 2142 2117 ad
2184 2075 2542 2139 personam,
2575 2057 2686 2118 sed
2718 2058 2926 2138 quoad
2968 2065 3255 2120 naturam
3288 2057 3429 2137 ejus
3468 2077 3564 2118 as-

2065 2161 2425 2236 sumptam3
2466 2174 2583 2217 nec
2623 2154 2745 2216 fuit
2785 2155 2851 2216 in
2891 2173 2967 2218 eo
3004 2155 3357 2218 antecessio
3393 2156 3565 2217 illius

2065 2260 2305 2315 naturae
2342 2253 2419 2314 ad
2460 2253 2749 2335 gratiam,
2782 2272 2899 2315 nec
2932 2254 3147 2335 gratiae
3180 2255 3256 2316 ad
3298 2253 3591 2335 gloriam,

2065 2351 2272 2432 quoad
2306 2350 2697 2425 fruitionem,
2721 2351 2832 2412 sed
2862 2351 3069 2413 solum
3099 2352 3303 2433 quoad
3339 2352 3567 2434 impas-

2065 2447 2437 2510 sibilitatem
2477 2449 2705 2512 animae
2743 2457 2805 2511 et
2841 2449 3007 2510 vires
3048 2449 3399 2511 inferiores.
3435 2450 3565 2512 Sic·

2067 2565 2193 2628 que
2260 2547 2729 2629 praedestinatio
2799 2547 3067 2610 diversis
3136 2547 3565 2610 diversimode

2068 2645 2384 2707 convenit.

2147 2743 2629 2806 Praedestinatus
2678 2762 2931 2826 quoque
2981 2744 3323 2827 dupliciter
3372 2742 3567 2806 sumi-

2059 2847 2189 2903 tur.
2223 2842 2434 2904 Primo
2474 2841 2976 2924 participialiter,
3010 2843 3364 2904 secundum
3397 2843 3567 2925 quod

2068 2939 2514 3020 consignificat
2558 2948 2811 3023 tempus
2855 2943 3255 3022 praeteritum'
3291 2963 3305 3006 :
3348 2943 3568 3024 sicque

450 3039 940 3123 adipiscendum
985 3059 1000 3103 ε
1040 3049 1104 3101 et
1148 3039 1235 3100 ita
1282 3039 1518 3101 dicitur
1559 3058 1698 3101 esse
1744 3038 1960 3119 gratiae
1994 3042 2038 3105 G
2067 3037 2443 3100 exsistentes
2509 3039 2573 3100 in
2638 3039 2842 3120 patria
2904 3046 3051 3100 sunt
3116 3040 3566 3123 praedestinati,

452 3158 528 3201 ac
555 3139 795 3219 gloriae.
823 3139 1135 3211 Secundo,
1170 3138 1336 3200 sicut
1364 3156 1587 3201 eorum
1617 3138 1728 3219 qui
1759 3138 1960 3199 finem

454 3246 939 3319 consequuntur
973 3258 986 3301 :
1021 3245 1084 3299 et
1115 3237 1204 3299 ita
1233 3246 1330 3299 est
1359 3237 1648 3299 omnium
1679 3236 1790 3318 qui
1833 3235 1962 3317 glo-

455 3336 617 3397 riam
649 3336 762 3398 Dei
794 3354 910 3418 per
937 3336 1207 3416 gratiam
1238 3335 1699 3417 adipiscuntur.
1719 3334 1965 3396 Utrum-

454 3452 582 3515 que
645 3440 862 3495 autem
924 3451 1003 3495 ex
1065 3432 1326 3496 nomine
1390 3432 1960 3515 praedestinationis

452 3532 664 3614 accipi
705 3539 930 3613 potest.
966 3532 1349 3613 Importatur
1381 3531 1556 3592 enim
1599 3530 1662 3591 in
1704 3531 1962 3592 nomine

455 3629 1036 3712 praedestinationis
1072 3629 1338 3692 directio
1372 3628 1682 3710 quaedam.
1717 3628 1827 3690 Ille
1859 3647 1964 3691 ve-

453 3747 525 3791 ro
579 3728 838 3810 proprie
895 3727 1132 3789 dicitur
1182 3726 1371 3808 dirigi
1421 3726 1488 3787 in
1538 3727 1801 3810 aliquid,
1852 3726 1964 3808 qui

453 3844 584 3889 non
631 3825 825 3887 habet
869 3825 933 3888 in
983 3844 1052 3887 se
1095 3832 1166 3886 ut
1213 3825 1427 3886 tendat
1470 3825 1536 3886 in
1584 3824 1762 3886 illud.
1807 3824 1964 3886 Hinc

453 3924 933 4007 praedestinatio
972 3923 1229 4006 proprie
1270 3923 1531 4005 respicit
1565 3941 1640 3985 ea
1678 3942 1820 4005 quae
1859 3922 1966 3985 ho-

455 4041 564 4085 mo
609 4042 688 4084 ex
733 4022 867 4084 suis
916 4020 1314 4084 naturalibus
1364 4021 1668 4103 consequi
1717 4021 1962 4103 nequit,

457 4128 681 4203 utpote
730 4120 1000 4201 gratiam
1051 4128 1114 4182 et
1156 4120 1444 4200 gloriam.
1488 4120 1747 4202 Propter
1796 4121 1966 4200 quod

2069 3136 2221 3217 quia
2263 3137 2432 3218 quod
2477 3138 2673 3199 semel
2722 3137 3115 3220 praeteritum
3156 3147 3275 3212 est,
3318 3159 3573 3222 semper

2069 3236 2189 3297 erit
2220 3235 2631 3316 praeteritum.
2669 3235 2959 3299 Secundo
2994 3237 3421 3311 nominaliter,
3456 3256 3572 3319 pro

2067 3350 2144 3395 eo
2183 3331 2293 3413 qui
2339 3333 2823 3413 praedestinatur
2858 3352 2871 3396 :
2906 3342 2969 3397 et
3007 3335 3095 3396 ita
3139 3353 3266 3397 non
3307 3342 3573 3416 possunt

2070 3430 2327 3513 proprie
2375 3431 2501 3492 dici
2564 3432 2993 3514 praedestinati
3043 3434 3166 3494 nisi
3218 3433 3572 3495 secundum

2070 3529 2238 3609 quod
2279 3529 2641 3610 diriguntur
2682 3530 2748 3591 in
2787 3531 3328 3593 continuationem
3380 3530 3575 3593 beati-

2070 3627 2347 3705 tudinis3
2406 3628 2578 3710 quod
2634 3636 2847 3691 tamen
2906 3630 3254 3712 improprie
3313 3630 3568 3703 dicitur,

2072 3726 2222 3808 quia
2280 3726 2605 3788 beatitudo
2650 3727 3087 3790 extensionem
3146 3728 3571 3791 successionis

2072 3842 2200 3886 non
2248 3823 2457 3886 habet.
2502 3860 2582 3868 —
2623 3824 2917 3897 Quaedam
2964 3843 3114 3889 vero
3162 3824 3571 3888 definitiones

2075 3922 2645 4005 praedestinationis
2689 3923 2847 3986 datae
2890 3931 3039 3985 sunt
3081 3932 3269 4005 prout
3310 3924 3574 4006 respicit

2073 4028 2307 4083 statum
2338 4021 2484 4084 vitae
2518 4022 2845 4103 praesentis
2880 4041 2953 4083 ac
2992 4022 3271 4084 hominis
3301 4029 3569 4084 tantum.

2072 4120 2452 4182 —Christus
2482 4138 2631 4182 vero
2662 4120 2893 4182 dicitur
2924 4120 3399 4203 praedestinatus
3428 4138 3579 4203 quo·

455 4220 686 4282 asserit
717 4219 1145 4281 Damascenus
1180 4238 1194 4281 :
1229 4218 1700 4281 Praedestinatio
1733 4226 1829 4281 est
1867 4237 1968 4281 eo-
1995 4228 2046 4292 D
2075 4218 2152 4279 ad
2193 4226 2483 4280 naturam
2525 4226 2940 4301 assumptam,
2973 4219 3072 4281 vel
3116 4219 3321 4300 quoad
3368 4236 3579 4301 perso-

456 4336 604 4379 rum
637 4337 781 4399 quae
812 4336 938 4380 non
967 4325 1118 4379 sunt-
1151 4317 1215 4379 in
1245 4316 1449 4380 nobis,
1469 4316 1788 4399 Quidquid
1818 4336 1966 4398 ergo

455 4416 732 4496 gratiam
780 4414 1085 4496 consequi
1136 4433 1263 4477 non
1315 4422 1522 4497 potest
1568 4422 1632 4476 et
1671 4414 1962 4495 gloriam,

457 4514 622 4576 illud
673 4532 800 4576 non
851 4514 1373 4595 praedestinatur3
1415 4531 1637 4575 verum
1692 4512 1781 4573 illi
1835 4521 1967 4575 tan-

458 4620 600 4673 tum
651 4611 1086 4693 praedestinari
1139 4611 1461 4685 dicuntur,
1508 4610 1618 4692 qui
1670 4630 1784 4693 per
1830 4630 1968 4691 gra-

459 4710 617 4772 tiam
650 4711 1056 4772 consecuturi
1088 4716 1237 4771 sunt
1265 4709 1650 4790 gloriam.—
1681 4709 1802 4772 Sed
1833 4710 1968 4772 haec

459 4808 831 4891 praepositio
865 4826 1010 4884 prce
1045 4815 1220 4871 notat
1261 4808 1785 4881 antecessionem,
1828 4827 1969 4889 quae

459 4907 733 4970 diversis
783 4907 1210 4970 diversimode
1270 4907 1586 4970 convenit.
1642 4908 1970 4969 Invenitur

458 5008 637 5069 enim
679 5007 744 5069 in
789 5006 1341 5089 praedestinatione
1371 5006 1652 5068 hominis
1688 5014 1969 5067 anteces-

459 5105 558 5167 sio
599 5104 973 5169 aeternitatis
1016 5105 1095 5167 ad
1141 5113 1455 5178 naturam,
1490 5104 1554 5166 id
1599 5112 1695 5166 est
1738 5104 1815 5165 ad
1859 5104 1972 5165 hu-

462 5222 668 5266 manae
731 5211 975 5267 naturae
1033 5204 1564 5286 productionem,
1619 5202 1972 5265 antecessio

461 5320 720 5385 quoque
767 5301 1064 5365 humanae
1108 5309 1347 5364 naturae
1388 5302 1464 5363 ad
1515 5300 1805 5382 gratiam,
1851 5301 1972 5363 sal-

2077 4337 2223 4380 nam
2270 4318 2622 4380 secundum
2667 4317 2837 4398 quod
2885 4318 2950 4380 in
2996 4318 3107 4381 tali
3158 4326 3383 4381 natura
3428 4317 3575 4379 sub-

2076 4414 2265 4488 sistit,
2316 4414 2480 4475 sicut
2531 4414 2597 4475 in
2646 4414 2833 4477 tertio
2880 4414 3070 4477 habet
3118 4415 3265 4478 dici.
3310 4416 3578 4478 -flaec

2077 4514 2347 4576 Thomas
2383 4514 2449 4574 in
2481 4513 2748 4595 Scripto.
2782 4549 2863 4558 —
2891 4515 3000 4576 His
3040 4534 3153 4597 per
3182 4515 3399 4578 omnia
3428 4533 3576 4577 con-

2078 4619 2306 4675 sonant
2346 4612 2584 4694 scripta
2623 4611 2887 4674 Alberti.

2157 4709 2508 4782 Richardus
2557 4710 2817 4771 demum
2866 4712 3255 4793 respondens
3299 4728 3313 4772 ε
3356 4711 3575 4773 Fuisse

2077 4807 2344 4890 (inquit)
2375 4808 2891 4890 praedestinatum
2932 4826 3060 4871 non
3100 4809 3395 4872 convenit
3425 4809 3577 4871 solis

2081 4906 2471 4981 hominibus,
2497 4906 2607 4968 sed
2636 4914 2699 4968 et
2728 4906 2989 4986 angelis.
3011 4906 3131 4969 Sed
3161 4908 3311 4987 quia
3341 4908 3577 4990 praede-

2081 5004 2303 5067 stinari
2343 5012 2641 5066 connotat
2677 5002 2981 5065 effectum
3031 5004 3095 5066 in
3137 5004 3579 5086 praedestinato

2081 5112 2153 5165 ut
2196 5100 2507 5174 futurum,
2542 5109 2603 5163 et
2647 5101 3081 5182 praedestinari
3122 5102 3205 5163 sit.
3248 5103 3577 5183 praesentis

2081 5200 2413 5281 temporis;
2434 5199 2582 5261 hinc
2607 5200 2813 5261 Beatis
2846 5198 3145 5261 effectum
3176 5200 3581 5282 praedestina·

2082 5298 2277 5361 tionis
2314 5297 2378 5359 in
2406 5298 2609 5379 patria
2632 5297 3015 5360 habentibus
3044 5306 3437 5380 praesentem,
3457 5316 3585 5365 non
