<?xml version="1.0" encoding="UTF-8"?>
<!DOCTYPE html PUBLIC "-//W3C//DTD XHTML 1.0 Transitional//EN"
    "http://www.w3.org/TR/xhtml1/DTD/xhtml1-transitional.dtd">
<html xmlns="http://www.w3.org/1999/xhtml" xml:lang="en" lang="en">
 <head>
  <title>
</title>
<meta http-equiv="Content-Type" content="text/html;charset=utf-8" />
  <meta name='ocr-system' content='tesseract 3.04.00' />
  <meta name='ocr-capabilities' content='ocr_page ocr_carea ocr_par ocr_line ocrx_word'/>
</head>
<body>
  <div class='ocr_page' id='page_1' title='image "./doctorisecstati11unkngoog_0259.png"; bbox 0 0 4359 6250; ppageno 0'>
   <div class='ocr_carea' id='block_1_1' title="bbox 1292 481 3517 550">
    <p class='ocr_par' dir='ltr' id='par_1_1' title="bbox 1292 481 3517 550">
     <span class='ocr_line' id='line_1_1' title="bbox 1292 481 3517 550; baseline -0.001 -1"><span class='ocrx_word' id='word_1_1' title='bbox 1292 505 1377 549; x_wconf 75' lang='lat' dir='ltr'>AN</span> <span class='ocrx_word' id='word_1_2' title='bbox 1421 505 1663 550; x_wconf 71' lang='lat' dir='ltr'>venenu</span> <span class='ocrx_word' id='word_1_3' title='bbox 1704 505 1959 550; x_wconf 74' lang='lat' dir='ltr'>Puerum·</span> <span class='ocrx_word' id='word_1_4' title='bbox 2002 503 2264 549; x_wconf 62' lang='lat' dir='ltr'>ch&#39;run</span> <span class='ocrx_word' id='word_1_5' title='bbox 2307 503 2370 548; x_wconf 78' lang='grc' dir='ltr'>ιΝ</span> <span class='ocrx_word' id='word_1_6' title='bbox 2411 503 2642 549; x_wconf 73' lang='lat' dir='ltr'>mvims</span> <span class='ocrx_word' id='word_1_7' title='bbox 3398 481 3517 546; x_wconf 78' lang='lat'>247</span> 
     </span>
    </p>
   </div>
   <div class='ocr_carea' id='block_1_2' title="bbox 416 639 3517 852">
    <p class='ocr_par' dir='ltr' id='par_1_2' title="bbox 416 639 3517 852">
     <span class='ocr_line' id='line_1_2' title="bbox 420 639 3517 753; baseline 0 -21"><span class='ocrx_word' id='word_1_8' title='bbox 420 687 524 732; x_wconf 90' lang='lat' dir='ltr'>mo</span> <span class='ocrx_word' id='word_1_9' title='bbox 582 670 852 753; x_wconf 89' lang='lat' dir='ltr'>Spiritui</span> <span class='ocrx_word' id='word_1_10' title='bbox 914 670 1145 744; x_wconf 88' lang='lat' dir='ltr'>dicere,</span> <span class='ocrx_word' id='word_1_11' title='bbox 1198 690 1389 752; x_wconf 89' lang='lat' dir='ltr'>quarn</span> <span class='ocrx_word' id='word_1_12' title='bbox 1440 672 1771 752; x_wconf 87' lang='lat' dir='ltr'>cogitando</span> <span class='ocrx_word' id='word_1_13' title='bbox 1825 671 1915 732; x_wconf 85' lang='lat' dir='ltr'>in·</span> <span class='ocrx_word' id='word_1_14' title='bbox 1944 669 1997 732; x_wconf 91' lang='lat' dir='ltr'>A</span> <span class='ocrx_word' id='word_1_15' title='bbox 2026 669 2383 751; x_wconf 85' lang='lat' dir='ltr'>Aliquando</span> <span class='ocrx_word' id='word_1_16' title='bbox 2424 679 2637 734; x_wconf 89' lang='lat' dir='ltr'>autem</span> <span class='ocrx_word' id='word_1_17' title='bbox 2687 639 2961 733; x_wconf 76' lang='lat' dir='ltr'>sumitur</span> <span class='ocrx_word' id='word_1_18' title='bbox 3009 671 3412 733; x_wconf 84' lang='lat' dir='ltr'>notionaliter</span> <span class='ocrx_word' id='word_1_19' title='bbox 3455 679 3517 732; x_wconf 90' lang='lat' dir='ltr'>et</span> 
     </span>
     <span class='ocr_line' id='line_1_3' title="bbox 416 769 3516 852; baseline 0 -22"><span class='ocrx_word' id='word_1_20' title='bbox 416 770 633 848; x_wconf 83' lang='lat' dir='ltr'>tueri3</span> <span class='ocrx_word' id='word_1_21' title='bbox 692 778 757 833; x_wconf 91' lang='lat' dir='ltr'>et</span> <span class='ocrx_word' id='word_1_22' title='bbox 814 771 983 852; x_wconf 88' lang='lat' dir='ltr'>quod</span> <span class='ocrx_word' id='word_1_23' title='bbox 1042 789 1155 852; x_wconf 90' lang='lat' dir='ltr'>per</span> <span class='ocrx_word' id='word_1_24' title='bbox 1210 771 1545 832; x_wconf 83' lang='lat' dir='ltr'>Jeremiam</span> <span class='ocrx_word' id='word_1_25' title='bbox 1607 770 1913 833; x_wconf 88' lang='lat' dir='ltr'>Dominus</span> <span class='ocrx_word' id='word_1_26' title='bbox 2025 776 2318 831; x_wconf 75' lang='lat' dir='ltr'>connotat</span> <span class='ocrx_word' id='word_1_27' title='bbox 2372 769 2675 831; x_wconf 84' lang='lat' dir='ltr'>effectum</span> <span class='ocrx_word' id='word_1_28' title='bbox 2722 771 2785 831; x_wconf 89' lang='lat' dir='ltr'>in</span> <span class='ocrx_word' id='word_1_29' title='bbox 2831 778 3137 843; x_wconf 87' lang='lat' dir='ltr'>creatura,</span> <span class='ocrx_word' id='word_1_30' title='bbox 3173 778 3243 830; x_wconf 89' lang='lat' dir='ltr'>ut</span> <span class='ocrx_word' id='word_1_31' title='bbox 3283 771 3358 832; x_wconf 90' lang='lat' dir='ltr'>ad</span> <span class='ocrx_word' id='word_1_32' title='bbox 3407 769 3516 831; x_wconf 87' lang='lat' dir='ltr'>He-</span> 
     </span>
    </p>
   </div>
   <div class='ocr_carea' id='block_1_3' title="bbox 155 866 3806 1048">
    <p class='ocr_par' dir='ltr' id='par_1_3' title="bbox 155 866 3806 1048">
     <span class='ocr_line' id='line_1_4' title="bbox 173 866 3806 950; baseline 0.004 -34"><span class='ocrx_word' id='word_1_33' title='bbox 173 876 385 928; x_wconf 54' lang='lat' dir='ltr'>nna-1.</span> <span class='ocrx_word' id='word_1_34' title='bbox 414 876 825 942; x_wconf 86' lang='lat' dir='ltr'>contestatur,</span> <span class='ocrx_word' id='word_1_35' title='bbox 874 869 1003 950; x_wconf 86' lang='lat' dir='ltr'>Ego</span> <span class='ocrx_word' id='word_1_36' title='bbox 1052 869 1259 950; x_wconf 85' lang='lat' dir='ltr'>cogito</span> <span class='ocrx_word' id='word_1_37' title='bbox 1309 869 1719 950; x_wconf 84' lang='lat' dir='ltr'>cogitationes</span> <span class='ocrx_word' id='word_1_38' title='bbox 1764 886 1779 928; x_wconf 76' lang='grc' dir='ltr'>ε</span> <span class='ocrx_word' id='word_1_39' title='bbox 1822 868 1911 929; x_wconf 88' lang='lat' dir='ltr'>di·</span> <span class='ocrx_word' id='word_1_40' title='bbox 2024 866 2226 928; x_wconf 76' lang='lat' dir='ltr'>braeos</span> <span class='ocrx_word' id='word_1_41' title='bbox 2281 884 2296 928; x_wconf 74' lang='grc' dir='ltr'>ε</span> <span class='ocrx_word' id='word_1_42' title='bbox 2349 868 2623 929; x_wconf 82' lang='lat' dir='ltr'>Locutus</span> <span class='ocrx_word' id='word_1_43' title='bbox 2678 877 2773 930; x_wconf 89' lang='lat' dir='ltr'>est</span> <span class='ocrx_word' id='word_1_44' title='bbox 2829 868 3012 931; x_wconf 90' lang='lat' dir='ltr'>nobis</span> <span class='ocrx_word' id='word_1_45' title='bbox 3070 870 3134 930; x_wconf 91' lang='lat' dir='ltr'>in</span> <span class='ocrx_word' id='word_1_46' title='bbox 3191 868 3366 931; x_wconf 89' lang='lat' dir='ltr'>Filio.</span> <span class='ocrx_word' id='word_1_47' title='bbox 3421 870 3516 930; x_wconf 88' lang='lat' dir='ltr'>In·</span> <span class='ocrx_word' id='word_1_48' title='bbox 3557 895 3806 949; x_wconf 63' lang='lat' dir='ltr'>fflz„·„‚2,</span> 
     </span>
     <span class='ocr_line' id='line_1_5' title="bbox 155 941 3514 1048; baseline 0.001 -22"><span class='ocrx_word' id='word_1_49' title='bbox 155 941 206 979; x_wconf 74' lang='lat'>¹¹·</span> <span class='ocrx_word' id='word_1_50' title='bbox 410 967 711 1039; x_wconf 86' lang='lat' dir='ltr'>cendum,</span> <span class='ocrx_word' id='word_1_51' title='bbox 746 967 913 1048; x_wconf 92' lang='lat' dir='ltr'>quod</span> <span class='ocrx_word' id='word_1_52' title='bbox 966 968 1261 1048; x_wconf 76' lang='lat' dir='ltr'>cogitatio</span> <span class='ocrx_word' id='word_1_53' title='bbox 1310 967 1399 1029; x_wconf 91' lang='lat' dir='ltr'>ibi</span> <span class='ocrx_word' id='word_1_54' title='bbox 1449 975 1705 1029; x_wconf 75' lang='lat' dir='ltr'>extense</span> <span class='ocrx_word' id='word_1_55' title='bbox 1752 967 1911 1028; x_wconf 86' lang='lat' dir='ltr'>acci-</span> <span class='ocrx_word' id='word_1_56' title='bbox 2023 965 2274 1026; x_wconf 88' lang='lat' dir='ltr'>terdum</span> <span class='ocrx_word' id='word_1_57' title='bbox 2326 966 2601 1027; x_wconf 77' lang='lat' dir='ltr'>sumitur</span> <span class='ocrx_word' id='word_1_58' title='bbox 2649 967 3069 1028; x_wconf 79' lang='lat' dir='ltr'>essentialiter</span> <span class='ocrx_word' id='word_1_59' title='bbox 3112 975 3174 1028; x_wconf 90' lang='lat' dir='ltr'>et</span> <span class='ocrx_word' id='word_1_60' title='bbox 3217 975 3514 1028; x_wconf 82' lang='lat' dir='ltr'>connotat</span> 
     </span>
    </p>
   </div>
   <div class='ocr_carea' id='block_1_4' title="bbox 399 1063 3798 1642">
    <p class='ocr_par' dir='ltr' id='par_1_4' title="bbox 410 1063 3507 1148">
     <span class='ocr_line' id='line_1_6' title="bbox 410 1063 3507 1148; baseline 0 -22"><span class='ocrx_word' id='word_1_61' title='bbox 410 1066 609 1147; x_wconf 80' lang='lat' dir='ltr'>pit-ur,</span> <span class='ocrx_word' id='word_1_62' title='bbox 657 1085 772 1147; x_wconf 91' lang='lat' dir='ltr'>pro</span> <span class='ocrx_word' id='word_1_63' title='bbox 813 1076 959 1128; x_wconf 87' lang='lat' dir='ltr'>actu</span> <span class='ocrx_word' id='word_1_64' title='bbox 1004 1075 1445 1148; x_wconf 89' lang='lat' dir='ltr'>conceptuque</span> <span class='ocrx_word' id='word_1_65' title='bbox 1492 1067 1742 1128; x_wconf 87' lang='lat' dir='ltr'>mentis.</span> <span class='ocrx_word' id='word_1_66' title='bbox 2022 1063 2390 1125; x_wconf 83' lang='lat' dir='ltr'>indistincte</span> <span class='ocrx_word' id='word_1_67' title='bbox 2450 1064 2755 1127; x_wconf 80' lang='lat' dir='ltr'>effectum</span> <span class='ocrx_word' id='word_1_68' title='bbox 2813 1065 3007 1127; x_wconf 91' lang='lat' dir='ltr'>trium</span> <span class='ocrx_word' id='word_1_69' title='bbox 3071 1083 3507 1147; x_wconf 88' lang='lat' dir='ltr'>personarum,</span> 
     </span>
    </p>

    <p class='ocr_par' dir='ltr' id='par_1_5' title="bbox 399 1162 3798 1642">
     <span class='ocr_line' id='line_1_7' title="bbox 486 1162 3762 1246; baseline 0 -20"><span class='ocrx_word' id='word_1_70' title='bbox 486 1165 681 1226; x_wconf 88' lang='lat' dir='ltr'>Sexto</span> <span class='ocrx_word' id='word_1_71' title='bbox 730 1164 976 1246; x_wconf 81' lang='lat' dir='ltr'>quaerit‚</span> <span class='ocrx_word' id='word_1_72' title='bbox 1010 1184 1090 1227; x_wconf 90' lang='lat' dir='ltr'>an</span> <span class='ocrx_word' id='word_1_73' title='bbox 1140 1165 1299 1227; x_wconf 88' lang='lat' dir='ltr'>ratio</span> <span class='ocrx_word' id='word_1_74' title='bbox 1343 1166 1521 1227; x_wconf 90' lang='lat' dir='ltr'>verbi</span> <span class='ocrx_word' id='word_1_75' title='bbox 1575 1166 1908 1228; x_wconf 86' lang='lat' dir='ltr'>conveniat</span> <span class='ocrx_word' id='word_1_76' title='bbox 2020 1162 2186 1223; x_wconf 88' lang='lat' dir='ltr'>sicut</span> <span class='ocrx_word' id='word_1_77' title='bbox 2236 1163 2301 1224; x_wconf 92' lang='lat' dir='ltr'>in</span> <span class='ocrx_word' id='word_1_78' title='bbox 2349 1163 2464 1225; x_wconf 90' lang='lat' dir='ltr'>Job</span> <span class='ocrx_word' id='word_1_79' title='bbox 2515 1181 2528 1224; x_wconf 91' lang='lat'><strong>:</strong></span> <span class='ocrx_word' id='word_1_80' title='bbox 2581 1163 2855 1226; x_wconf 78' lang='lat' dir='ltr'>Locutus</span> <span class='ocrx_word' id='word_1_81' title='bbox 2913 1172 3008 1227; x_wconf 88' lang='lat' dir='ltr'>est</span> <span class='ocrx_word' id='word_1_82' title='bbox 3064 1165 3372 1226; x_wconf 89' lang='lat' dir='ltr'>Dominus</span> <span class='ocrx_word' id='word_1_83' title='bbox 3429 1165 3506 1226; x_wconf 89' lang='lat' dir='ltr'>ad</span> <span class='ocrx_word' id='word_1_84' title='bbox 3562 1189 3644 1234; x_wconf 70' lang='lat'>10⁶</span> <span class='ocrx_word' id='word_1_85' title='bbox 3671 1204 3698 1240; x_wconf 70' lang='lat'>1,</span> <span class='ocrx_word' id='word_1_86' title='bbox 3720 1194 3762 1232; x_wconf 68' lang='lat' dir='ltr'>a.</span> 
     </span>
     <span class='ocr_line' id='line_1_8' title="bbox 404 1261 3507 1342; baseline 0 -17"><span class='ocrx_word' id='word_1_87' title='bbox 404 1262 569 1325; x_wconf 89' lang='lat' dir='ltr'>Filio</span> <span class='ocrx_word' id='word_1_88' title='bbox 613 1271 885 1337; x_wconf 85' lang='lat' dir='ltr'>tantum,</span> <span class='ocrx_word' id='word_1_89' title='bbox 918 1263 1037 1325; x_wconf 92' lang='lat' dir='ltr'>hoc</span> <span class='ocrx_word' id='word_1_90' title='bbox 1082 1271 1198 1336; x_wconf 89' lang='lat' dir='ltr'>est,</span> <span class='ocrx_word' id='word_1_91' title='bbox 1234 1282 1314 1325; x_wconf 88' lang='lat' dir='ltr'>an</span> <span class='ocrx_word' id='word_1_92' title='bbox 1351 1264 1630 1325; x_wconf 83' lang='lat' dir='ltr'>Verbum</span> <span class='ocrx_word' id='word_1_93' title='bbox 1676 1263 1755 1326; x_wconf 88' lang='lat' dir='ltr'>sit</span> <span class='ocrx_word' id='word_1_94' title='bbox 1796 1283 1907 1327; x_wconf 92' lang='lat' dir='ltr'>no·</span> <span class='ocrx_word' id='word_1_95' title='bbox 2018 1261 2226 1323; x_wconf 89' lang='lat' dir='ltr'>Satan.</span> <span class='ocrx_word' id='word_1_96' title='bbox 2275 1261 2632 1342; x_wconf 86' lang='lat' dir='ltr'>Aliquando</span> <span class='ocrx_word' id='word_1_97' title='bbox 2672 1280 2822 1324; x_wconf 80' lang='lat' dir='ltr'>vero</span> <span class='ocrx_word' id='word_1_98' title='bbox 2868 1270 3164 1326; x_wconf 80' lang='lat' dir='ltr'>connotat</span> <span class='ocrx_word' id='word_1_99' title='bbox 3202 1262 3507 1325; x_wconf 80' lang='lat' dir='ltr'>effectum</span> 
     </span>
     <span class='ocr_line' id='line_1_9' title="bbox 404 1361 3502 1444; baseline 0 -22"><span class='ocrx_word' id='word_1_100' title='bbox 404 1381 555 1423; x_wconf 87' lang='lat' dir='ltr'>men</span> <span class='ocrx_word' id='word_1_101' title='bbox 586 1361 918 1443; x_wconf 87' lang='lat' dir='ltr'>personale</span> <span class='ocrx_word' id='word_1_102' title='bbox 949 1361 1049 1422; x_wconf 88' lang='lat' dir='ltr'>vel</span> <span class='ocrx_word' id='word_1_103' title='bbox 1090 1361 1443 1424; x_wconf 82' lang='lat' dir='ltr'>essentiale.</span> <span class='ocrx_word' id='word_1_104' title='bbox 1481 1362 1573 1424; x_wconf 91' lang='lat' dir='ltr'>Ad</span> <span class='ocrx_word' id='word_1_105' title='bbox 1611 1363 1778 1444; x_wconf 91' lang='lat' dir='ltr'>quod</span> <span class='ocrx_word' id='word_1_106' title='bbox 1811 1382 1903 1425; x_wconf 88' lang='lat' dir='ltr'>re·</span> <span class='ocrx_word' id='word_1_107' title='bbox 2015 1361 2496 1441; x_wconf 89' lang='lat' dir='ltr'>appropriatum</span> <span class='ocrx_word' id='word_1_108' title='bbox 2529 1379 2814 1442; x_wconf 75' lang='lat' dir='ltr'>personae</span> <span class='ocrx_word' id='word_1_109' title='bbox 2845 1362 3058 1436; x_wconf 88' lang='lat' dir='ltr'>alicui,</span> <span class='ocrx_word' id='word_1_110' title='bbox 3083 1363 3264 1442; x_wconf 88' lang='lat' dir='ltr'>juxta</span> <span class='ocrx_word' id='word_1_111' title='bbox 3296 1362 3451 1423; x_wconf 93' lang='lat' dir='ltr'>illud</span> <span class='ocrx_word' id='word_1_112' title='bbox 3489 1379 3502 1423; x_wconf 91' lang='lat'>:</span> 
     </span>
     <span class='ocr_line' id='line_1_10' title="bbox 401 1458 3798 1542; baseline 0 -21"><span class='ocrx_word' id='word_1_113' title='bbox 401 1461 826 1541; x_wconf 86' lang='lat' dir='ltr'>spondebitur</span> <span class='ocrx_word' id='word_1_114' title='bbox 855 1461 1098 1522; x_wconf 85' lang='lat' dir='ltr'>statim:</span> <span class='ocrx_word' id='word_1_115' title='bbox 1121 1461 1289 1523; x_wconf 91' lang='lat' dir='ltr'>istud</span> <span class='ocrx_word' id='word_1_116' title='bbox 1322 1461 1554 1542; x_wconf 91' lang='lat' dir='ltr'>quippe</span> <span class='ocrx_word' id='word_1_117' title='bbox 1584 1469 1679 1522; x_wconf 89' lang='lat' dir='ltr'>est</span> <span class='ocrx_word' id='word_1_118' title='bbox 1709 1481 1901 1524; x_wconf 89' lang='lat' dir='ltr'>unum</span> <span class='ocrx_word' id='word_1_119' title='bbox 2014 1459 2149 1520; x_wconf 90' lang='lat' dir='ltr'>Non</span> <span class='ocrx_word' id='word_1_120' title='bbox 2183 1458 2356 1520; x_wconf 90' lang='lat' dir='ltr'>enim</span> <span class='ocrx_word' id='word_1_121' title='bbox 2383 1477 2494 1521; x_wconf 91' lang='lat' dir='ltr'>vos</span> <span class='ocrx_word' id='word_1_122' title='bbox 2526 1460 2678 1522; x_wconf 87' lang='lat' dir='ltr'>estis</span> <span class='ocrx_word' id='word_1_123' title='bbox 2709 1461 2819 1541; x_wconf 93' lang='lat' dir='ltr'>qui</span> <span class='ocrx_word' id='word_1_124' title='bbox 2852 1460 3212 1542; x_wconf 87' lang='lat' dir='ltr'>loquimini,</span> <span class='ocrx_word' id='word_1_125' title='bbox 3232 1461 3340 1522; x_wconf 88' lang='lat' dir='ltr'>sed</span> <span class='ocrx_word' id='word_1_126' title='bbox 3373 1461 3508 1541; x_wconf 88' lang='lat' dir='ltr'>Spi-</span> <span class='ocrx_word' id='word_1_127' title='bbox 3561 1484 3728 1530; x_wconf 55' lang='lat' dir='ltr'>Magea.</span> <span class='ocrx_word' id='word_1_128' title='bbox 3755 1500 3798 1538; x_wconf 80' lang='lat' dir='ltr'>x,</span> 
     </span>
     <span class='ocr_line' id='line_1_11' title="bbox 399 1549 3601 1642; baseline -0 -22"><span class='ocrx_word' id='word_1_129' title='bbox 399 1559 477 1620; x_wconf 92' lang='lat' dir='ltr'>de</span> <span class='ocrx_word' id='word_1_130' title='bbox 524 1559 989 1640; x_wconf 86' lang='lat' dir='ltr'>principalibus</span> <span class='ocrx_word' id='word_1_131' title='bbox 1034 1559 1228 1639; x_wconf 90' lang='lat' dir='ltr'>hujus</span> <span class='ocrx_word' id='word_1_132' title='bbox 1266 1559 1696 1622; x_wconf 79' lang='lat' dir='ltr'>distinctionis</span> <span class='ocrx_word' id='word_1_133' title='bbox 1738 1581 1903 1642; x_wconf 81' lang='lat' dir='ltr'>quae-</span> <span class='ocrx_word' id='word_1_134' title='bbox 2015 1557 2175 1619; x_wconf 88' lang='lat' dir='ltr'>ritus</span> <span class='ocrx_word' id='word_1_135' title='bbox 2221 1557 2419 1619; x_wconf 89' lang='lat' dir='ltr'>Patris</span> <span class='ocrx_word' id='word_1_136' title='bbox 2466 1559 2659 1620; x_wconf 88' lang='lat' dir='ltr'>vestri</span> <span class='ocrx_word' id='word_1_137' title='bbox 2706 1559 2816 1639; x_wconf 92' lang='lat' dir='ltr'>qui</span> <span class='ocrx_word' id='word_1_138' title='bbox 2869 1558 3151 1641; x_wconf 86' lang='lat' dir='ltr'>loquitur</span> <span class='ocrx_word' id='word_1_139' title='bbox 3196 1559 3261 1619; x_wconf 91' lang='lat' dir='ltr'>in</span> <span class='ocrx_word' id='word_1_140' title='bbox 3299 1559 3499 1621; x_wconf 90' lang='lat' dir='ltr'>vobis.</span> <span class='ocrx_word' id='word_1_141' title='bbox 3533 1549 3601 1590; x_wconf 75' lang='lat'>²⁰·</span> 
     </span>
    </p>
   </div>
   <div class='ocr_carea' id='block_1_5' title="bbox 398 1655 3509 1817">
    <p class='ocr_par' dir='ltr' id='par_1_6' title="bbox 398 1655 3509 1817">
     <span class='ocr_line' id='line_1_12' title="bbox 398 1655 3506 1738; baseline 0 -20"><span class='ocrx_word' id='word_1_142' title='bbox 398 1656 560 1718; x_wconf 84' lang='lat' dir='ltr'>sitis.</span> <span class='ocrx_word' id='word_1_143' title='bbox 594 1657 689 1719; x_wconf 84' lang='lat' dir='ltr'>Ad</span> <span class='ocrx_word' id='word_1_144' title='bbox 741 1658 910 1738; x_wconf 92' lang='lat' dir='ltr'>quod</span> <span class='ocrx_word' id='word_1_145' title='bbox 953 1659 1305 1720; x_wconf 88' lang='lat' dir='ltr'>Alexander</span> <span class='ocrx_word' id='word_1_146' title='bbox 1347 1657 1437 1719; x_wconf 87' lang='lat' dir='ltr'>sic</span> <span class='ocrx_word' id='word_1_147' title='bbox 1487 1659 1695 1738; x_wconf 86' lang='lat' dir='ltr'>arguit</span> <span class='ocrx_word' id='word_1_148' title='bbox 1730 1676 1743 1720; x_wconf 92' lang='lat'><strong>:</strong></span> <span class='ocrx_word' id='word_1_149' title='bbox 1777 1659 1901 1720; x_wconf 82' lang='lat' dir='ltr'>An·</span> <span class='ocrx_word' id='word_1_150' title='bbox 2014 1655 2089 1717; x_wconf 88' lang='lat' dir='ltr'>Et</span> <span class='ocrx_word' id='word_1_151' title='bbox 2120 1655 2287 1717; x_wconf 86' lang='lat' dir='ltr'>sicut</span> <span class='ocrx_word' id='word_1_152' title='bbox 2328 1656 2537 1718; x_wconf 84' lang='lat' dir='ltr'>dicere</span> <span class='ocrx_word' id='word_1_153' title='bbox 2576 1657 2888 1737; x_wconf 87' lang='lat' dir='ltr'>accipitur</span> <span class='ocrx_word' id='word_1_154' title='bbox 2919 1657 3124 1719; x_wconf 88' lang='lat' dir='ltr'>modis</span> <span class='ocrx_word' id='word_1_155' title='bbox 3163 1657 3286 1730; x_wconf 89' lang='lat' dir='ltr'>his,</span> <span class='ocrx_word' id='word_1_156' title='bbox 3323 1657 3409 1719; x_wconf 88' lang='lat' dir='ltr'>ita</span> <span class='ocrx_word' id='word_1_157' title='bbox 3445 1665 3506 1718; x_wconf 89' lang='lat' dir='ltr'>et</span> 
     </span>
     <span class='ocr_line' id='line_1_13' title="bbox 2013 1754 3509 1817; baseline 0 -2"><span class='ocrx_word' id='word_1_158' title='bbox 2013 1754 2736 1816; x_wconf 87' lang='lat' dir='ltr'>verbum.-Sumendo</span> <span class='ocrx_word' id='word_1_159' title='bbox 2765 1763 2978 1816; x_wconf 89' lang='lat' dir='ltr'>autem</span> <span class='ocrx_word' id='word_1_160' title='bbox 3010 1755 3222 1816; x_wconf 88' lang='lat' dir='ltr'>dicere</span> <span class='ocrx_word' id='word_1_161' title='bbox 3252 1756 3509 1817; x_wconf 90' lang='lat' dir='ltr'>essenti-</span> 
     </span>
    </p>
   </div>
   <div class='ocr_carea' id='block_1_6' title="bbox 153 5094 1880 5175">
    <p class='ocr_par' dir='ltr' id='par_1_7' title="bbox 153 5094 1880 5175">
     <span class='ocr_line' id='line_1_14' title="bbox 153 5094 1880 5175; baseline 0.002 -20"><span class='ocrx_word' id='word_1_162' title='bbox 153 5098 355 5155; x_wconf 67' lang='lat' dir='ltr'>Pt-m.12.</span> <span class='ocrx_word' id='word_1_163' title='bbox 382 5116 535 5159; x_wconf 86' lang='lat' dir='ltr'>rare.</span> <span class='ocrx_word' id='word_1_164' title='bbox 570 5095 737 5158; x_wconf 83' lang='lat' dir='ltr'>Hinc</span> <span class='ocrx_word' id='word_1_165' title='bbox 769 5112 964 5175; x_wconf 87' lang='lat' dir='ltr'>super</span> <span class='ocrx_word' id='word_1_166' title='bbox 996 5094 1152 5156; x_wconf 91' lang='lat' dir='ltr'>illud</span> <span class='ocrx_word' id='word_1_167' title='bbox 1186 5094 1439 5167; x_wconf 83' lang='lat' dir='ltr'>Psalmi,</span> <span class='ocrx_word' id='word_1_168' title='bbox 1474 5096 1679 5158; x_wconf 90' lang='lat' dir='ltr'>Semel</span> <span class='ocrx_word' id='word_1_169' title='bbox 1713 5098 1880 5158; x_wconf 89' lang='lat' dir='ltr'>locu-</span> 
     </span>
    </p>
   </div>
   <div class='ocr_carea' id='block_1_7' title="bbox 397 1756 1901 1839">
    <p class='ocr_par' dir='ltr' id='par_1_8' title="bbox 397 1756 1901 1839">
     <span class='ocr_line' id='line_1_15' title="bbox 397 1756 1901 1839; baseline 0.002 -23"><span class='ocrx_word' id='word_1_170' title='bbox 397 1757 641 1816; x_wconf 85' lang='lat' dir='ltr'>selrnus</span> <span class='ocrx_word' id='word_1_171' title='bbox 673 1756 739 1817; x_wconf 90' lang='lat' dir='ltr'>in</span> <span class='ocrx_word' id='word_1_172' title='bbox 771 1756 1166 1837; x_wconf 86' lang='lat' dir='ltr'>Monologion</span> <span class='ocrx_word' id='word_1_173' title='bbox 1197 1757 1305 1829; x_wconf 88' lang='lat' dir='ltr'>ait,</span> <span class='ocrx_word' id='word_1_174' title='bbox 1333 1757 1735 1839; x_wconf 62' lang='lat' dir='ltr'>Unaquaeque</span> <span class='ocrx_word' id='word_1_175' title='bbox 1768 1777 1901 1838; x_wconf 89' lang='lat' dir='ltr'>per-</span> 
     </span>
    </p>
   </div>
   <div class='ocr_carea' id='block_1_8' title="bbox 394 1851 3506 1935">
    <p class='ocr_par' dir='ltr' id='par_1_9' title="bbox 394 1851 3506 1935">
     <span class='ocr_line' id='line_1_16' title="bbox 394 1851 3506 1935; baseline 0 -21"><span class='ocrx_word' id='word_1_176' title='bbox 394 1873 552 1916; x_wconf 85' lang='lat' dir='ltr'>sona</span> <span class='ocrx_word' id='word_1_177' title='bbox 600 1854 667 1915; x_wconf 94' lang='lat' dir='ltr'>in</span> <span class='ocrx_word' id='word_1_178' title='bbox 717 1854 953 1916; x_wconf 88' lang='lat' dir='ltr'>divinis</span> <span class='ocrx_word' id='word_1_179' title='bbox 999 1873 1067 1916; x_wconf 92' lang='lat' dir='ltr'>se</span> <span class='ocrx_word' id='word_1_180' title='bbox 1112 1854 1315 1935; x_wconf 90' lang='lat' dir='ltr'>ipsam</span> <span class='ocrx_word' id='word_1_181' title='bbox 1364 1862 1427 1916; x_wconf 87' lang='lat' dir='ltr'>et</span> <span class='ocrx_word' id='word_1_182' title='bbox 1472 1855 1627 1916; x_wconf 85' lang='lat' dir='ltr'>alias</span> <span class='ocrx_word' id='word_1_183' title='bbox 1678 1855 1832 1918; x_wconf 92' lang='lat' dir='ltr'>dicit</span> <span class='ocrx_word' id='word_1_184' title='bbox 1880 1874 1893 1917; x_wconf 77' lang='grc' dir='ltr'>ε</span> <span class='ocrx_word' id='word_1_185' title='bbox 1934 1851 1983 1914; x_wconf 89' lang='grc' dir='ltr'><strong>Β</strong></span> <span class='ocrx_word' id='word_1_186' title='bbox 2010 1853 2194 1914; x_wconf 88' lang='lat' dir='ltr'>aliter</span> <span class='ocrx_word' id='word_1_187' title='bbox 2223 1862 2286 1914; x_wconf 94' lang='lat' dir='ltr'>et</span> <span class='ocrx_word' id='word_1_188' title='bbox 2316 1852 2625 1925; x_wconf 75' lang='lat' dir='ltr'>absolut-e,</span> <span class='ocrx_word' id='word_1_189' title='bbox 2648 1860 2776 1914; x_wconf 87' lang='lat' dir='ltr'>tres</span> <span class='ocrx_word' id='word_1_190' title='bbox 2807 1862 2957 1915; x_wconf 91' lang='lat' dir='ltr'>sunt</span> <span class='ocrx_word' id='word_1_191' title='bbox 2985 1854 3288 1926; x_wconf 81' lang='lat' dir='ltr'>dicenteS,</span> <span class='ocrx_word' id='word_1_192' title='bbox 3316 1853 3378 1915; x_wconf 91' lang='lat' dir='ltr'>id</span> <span class='ocrx_word' id='word_1_193' title='bbox 3410 1861 3506 1916; x_wconf 90' lang='lat' dir='ltr'>est</span> 
     </span>
    </p>
   </div>
   <div class='ocr_carea' id='block_1_9' title="bbox 382 1952 1897 3014">
    <p class='ocr_par' dir='ltr' id='par_1_10' title="bbox 382 1952 1897 3014">
     <span class='ocr_line' id='line_1_17' title="bbox 394 1952 1897 2034; baseline 0 -20"><span class='ocrx_word' id='word_1_194' title='bbox 394 1971 547 2034; x_wconf 87' lang='lat' dir='ltr'>ergo</span> <span class='ocrx_word' id='word_1_195' title='bbox 594 1953 777 2015; x_wconf 87' lang='lat' dir='ltr'>Pater</span> <span class='ocrx_word' id='word_1_196' title='bbox 823 1953 979 2014; x_wconf 88' lang='lat' dir='ltr'>dicit</span> <span class='ocrx_word' id='word_1_197' title='bbox 1021 1971 1110 2026; x_wconf 90' lang='lat' dir='ltr'>se,</span> <span class='ocrx_word' id='word_1_198' title='bbox 1153 1961 1215 2015; x_wconf 94' lang='lat' dir='ltr'>et</span> <span class='ocrx_word' id='word_1_199' title='bbox 1263 1952 1459 2015; x_wconf 91' lang='lat' dir='ltr'>Filius</span> <span class='ocrx_word' id='word_1_200' title='bbox 1504 1953 1660 2015; x_wconf 91' lang='lat' dir='ltr'>dicit</span> <span class='ocrx_word' id='word_1_201' title='bbox 1704 1973 1792 2028; x_wconf 90' lang='lat' dir='ltr'>se,</span> <span class='ocrx_word' id='word_1_202' title='bbox 1834 1962 1897 2016; x_wconf 87' lang='lat' dir='ltr'>et</span> 
     </span>
     <span class='ocr_line' id='line_1_18' title="bbox 394 2051 1895 2132; baseline 0.001 -20"><span class='ocrx_word' id='word_1_203' title='bbox 394 2051 673 2132; x_wconf 86' lang='lat' dir='ltr'>Spiritus</span> <span class='ocrx_word' id='word_1_204' title='bbox 732 2052 999 2113; x_wconf 86' lang='lat' dir='ltr'>Sanctus</span> <span class='ocrx_word' id='word_1_205' title='bbox 1058 2051 1215 2112; x_wconf 89' lang='lat' dir='ltr'>dicit</span> <span class='ocrx_word' id='word_1_206' title='bbox 1272 2070 1357 2112; x_wconf 88' lang='lat' dir='ltr'>se.</span> <span class='ocrx_word' id='word_1_207' title='bbox 1412 2051 1635 2113; x_wconf 86' lang='lat' dir='ltr'>Dicere</span> <span class='ocrx_word' id='word_1_208' title='bbox 1683 2061 1895 2114; x_wconf 89' lang='lat' dir='ltr'>autem</span> 
     </span>
     <span class='ocr_line' id='line_1_19' title="bbox 392 2148 1893 2231; baseline -0.001 -20"><span class='ocrx_word' id='word_1_209' title='bbox 392 2159 489 2211; x_wconf 88' lang='lat' dir='ltr'>est</span> <span class='ocrx_word' id='word_1_210' title='bbox 531 2150 806 2211; x_wconf 80' lang='lat' dir='ltr'>verbum</span> <span class='ocrx_word' id='word_1_211' title='bbox 853 2148 1154 2230; x_wconf 86' lang='lat' dir='ltr'>proferre.</span> <span class='ocrx_word' id='word_1_212' title='bbox 1192 2149 1354 2230; x_wconf 88' lang='lat' dir='ltr'>Ergo</span> <span class='ocrx_word' id='word_1_213' title='bbox 1402 2149 1705 2230; x_wconf 86' lang='lat' dir='ltr'>quaelibet</span> <span class='ocrx_word' id='word_1_214' title='bbox 1755 2169 1893 2231; x_wconf 92' lang='lat' dir='ltr'>per-</span> 
     </span>
     <span class='ocr_line' id='line_1_20' title="bbox 392 2247 1886 2329; baseline 0 -20"><span class='ocrx_word' id='word_1_215' title='bbox 392 2267 547 2309; x_wconf 87' lang='lat' dir='ltr'>sona</span> <span class='ocrx_word' id='word_1_216' title='bbox 597 2247 663 2308; x_wconf 91' lang='lat' dir='ltr'>in</span> <span class='ocrx_word' id='word_1_217' title='bbox 714 2247 933 2310; x_wconf 88' lang='lat' dir='ltr'>divina</span> <span class='ocrx_word' id='word_1_218' title='bbox 982 2247 1221 2329; x_wconf 76' lang='lat' dir='ltr'>profert</span> <span class='ocrx_word' id='word_1_219' title='bbox 1271 2249 1435 2309; x_wconf 85' lang='lat' dir='ltr'>intra</span> <span class='ocrx_word' id='word_1_220' title='bbox 1483 2266 1549 2308; x_wconf 90' lang='lat' dir='ltr'>se</span> <span class='ocrx_word' id='word_1_221' title='bbox 1599 2248 1886 2309; x_wconf 90' lang='lat' dir='ltr'>verbum.</span> 
     </span>
     <span class='ocr_line' id='line_1_21' title="bbox 390 2345 1887 2426; baseline 0 -20"><span class='ocrx_word' id='word_1_222' title='bbox 390 2345 565 2418; x_wconf 87' lang='lat' dir='ltr'>Quod</span> <span class='ocrx_word' id='word_1_223' title='bbox 620 2363 773 2408; x_wconf 83' lang='lat' dir='ltr'>vero</span> <span class='ocrx_word' id='word_1_224' title='bbox 833 2345 1180 2426; x_wconf 88' lang='lat' dir='ltr'>unicuique</span> <span class='ocrx_word' id='word_1_225' title='bbox 1236 2363 1520 2426; x_wconf 82' lang='lat' dir='ltr'>personae</span> <span class='ocrx_word' id='word_1_226' title='bbox 1569 2347 1887 2420; x_wconf 86' lang='lat' dir='ltr'>convenit,</span> 
     </span>
     <span class='ocr_line' id='line_1_22' title="bbox 388 2443 1885 2518; baseline 0.001 -13"><span class='ocrx_word' id='word_1_227' title='bbox 388 2444 820 2507; x_wconf 85' lang='lat' dir='ltr'>essentialiter</span> <span class='ocrx_word' id='word_1_228' title='bbox 866 2444 1101 2505; x_wconf 88' lang='lat' dir='ltr'>dicitur</span> <span class='ocrx_word' id='word_1_229' title='bbox 1150 2444 1213 2505; x_wconf 91' lang='lat' dir='ltr'>in</span> <span class='ocrx_word' id='word_1_230' title='bbox 1265 2443 1517 2505; x_wconf 69' lang='lat' dir='ltr'>divinis</span> <span class='ocrx_word' id='word_1_231' title='bbox 1574 2444 1885 2518; x_wconf 87' lang='lat' dir='ltr'>Secund0,</span> 
     </span>
     <span class='ocr_line' id='line_1_23' title="bbox 388 2542 1888 2614; baseline 0.001 -10"><span class='ocrx_word' id='word_1_232' title='bbox 388 2543 659 2604; x_wconf 81' lang='lat' dir='ltr'>verbum</span> <span class='ocrx_word' id='word_1_233' title='bbox 692 2551 788 2604; x_wconf 92' lang='lat' dir='ltr'>est</span> <span class='ocrx_word' id='word_1_234' title='bbox 827 2542 1053 2604; x_wconf 90' lang='lat' dir='ltr'>notitia</span> <span class='ocrx_word' id='word_1_235' title='bbox 1083 2561 1230 2603; x_wconf 89' lang='lat' dir='ltr'>curn</span> <span class='ocrx_word' id='word_1_236' title='bbox 1264 2559 1501 2614; x_wconf 88' lang='lat' dir='ltr'>amore,</span> <span class='ocrx_word' id='word_1_237' title='bbox 1536 2543 1888 2605; x_wconf 90' lang='lat' dir='ltr'>secundum</span> 
     </span>
     <span class='ocr_line' id='line_1_24' title="bbox 385 2639 1889 2721; baseline 0 -19"><span class='ocrx_word' id='word_1_238' title='bbox 385 2642 817 2721; x_wconf 84' lang='lat' dir='ltr'>Augustinum</span> <span class='ocrx_word' id='word_1_239' title='bbox 861 2641 940 2702; x_wconf 92' lang='lat' dir='ltr'>de</span> <span class='ocrx_word' id='word_1_240' title='bbox 983 2640 1307 2702; x_wconf 87' lang='lat' dir='ltr'>Trinitate.</span> <span class='ocrx_word' id='word_1_241' title='bbox 1345 2639 1463 2701; x_wconf 90' lang='lat' dir='ltr'>Sed</span> <span class='ocrx_word' id='word_1_242' title='bbox 1512 2640 1737 2701; x_wconf 88' lang='lat' dir='ltr'>notitia</span> <span class='ocrx_word' id='word_1_243' title='bbox 1780 2641 1889 2702; x_wconf 89' lang='lat' dir='ltr'>illa</span> 
     </span>
     <span class='ocr_line' id='line_1_25' title="bbox 384 2737 1888 2820; baseline 0 -21"><span class='ocrx_word' id='word_1_244' title='bbox 384 2747 477 2799; x_wconf 88' lang='lat' dir='ltr'>est</span> <span class='ocrx_word' id='word_1_245' title='bbox 520 2738 771 2820; x_wconf 86' lang='lat' dir='ltr'>aliquid</span> <span class='ocrx_word' id='word_1_246' title='bbox 816 2738 1201 2812; x_wconf 85' lang='lat' dir='ltr'>absolutum,</span> <span class='ocrx_word' id='word_1_247' title='bbox 1236 2755 1363 2799; x_wconf 90' lang='lat' dir='ltr'>non</span> <span class='ocrx_word' id='word_1_248' title='bbox 1417 2737 1773 2800; x_wconf 88' lang='lat' dir='ltr'>relativum.</span> <span class='ocrx_word' id='word_1_249' title='bbox 1806 2775 1888 2784; x_wconf 94' lang='lat'>—</span> 
     </span>
     <span class='ocr_line' id='line_1_26' title="bbox 382 2836 1885 2917; baseline 0.001 -21"><span class='ocrx_word' id='word_1_250' title='bbox 382 2837 449 2897; x_wconf 90' lang='lat' dir='ltr'>ln</span> <span class='ocrx_word' id='word_1_251' title='bbox 499 2837 875 2916; x_wconf 89' lang='lat' dir='ltr'>oppositum</span> <span class='ocrx_word' id='word_1_252' title='bbox 919 2843 1013 2897; x_wconf 89' lang='lat' dir='ltr'>est</span> <span class='ocrx_word' id='word_1_253' title='bbox 1051 2837 1443 2915; x_wconf 85' lang='lat' dir='ltr'>Augustinus</span> <span class='ocrx_word' id='word_1_254' title='bbox 1490 2836 1885 2917; x_wconf 90' lang='lat' dir='ltr'>quintodeci-</span> 
     </span>
     <span class='ocr_line' id='line_1_27' title="bbox 384 2933 1885 3014; baseline 0 -18"><span class='ocrx_word' id='word_1_255' title='bbox 384 2953 485 2996; x_wconf 88' lang='lat' dir='ltr'>mo</span> <span class='ocrx_word' id='word_1_256' title='bbox 528 2934 609 2996; x_wconf 92' lang='lat' dir='ltr'>de</span> <span class='ocrx_word' id='word_1_257' title='bbox 649 2933 955 2996; x_wconf 88' lang='lat' dir='ltr'>Trinitate</span> <span class='ocrx_word' id='word_1_258' title='bbox 990 2951 1001 2994; x_wconf 95' lang='lat'><strong>:</strong></span> <span class='ocrx_word' id='word_1_259' title='bbox 1035 2935 1103 2994; x_wconf 88' lang='lat' dir='ltr'>In</span> <span class='ocrx_word' id='word_1_260' title='bbox 1144 2933 1263 2994; x_wconf 87' lang='lat' dir='ltr'>hac</span> <span class='ocrx_word' id='word_1_261' title='bbox 1301 2934 1659 3014; x_wconf 89' lang='lat' dir='ltr'>(inquiens)</span> <span class='ocrx_word' id='word_1_262' title='bbox 1687 2935 1885 2997; x_wconf 89' lang='lat' dir='ltr'>Trini-</span> 
     </span>
    </p>
   </div>
   <div class='ocr_carea' id='block_1_10' title="bbox 380 3031 3781 3113">
    <p class='ocr_par' dir='ltr' id='par_1_11' title="bbox 380 3031 3781 3113">
     <span class='ocr_line' id='line_1_28' title="bbox 380 3031 3781 3113; baseline 0.002 -21"><span class='ocrx_word' id='word_1_263' title='bbox 380 3041 502 3094; x_wconf 86' lang='lat' dir='ltr'>tate</span> <span class='ocrx_word' id='word_1_264' title='bbox 548 3032 711 3093; x_wconf 88' lang='lat' dir='ltr'>nihil</span> <span class='ocrx_word' id='word_1_265' title='bbox 756 3031 990 3093; x_wconf 89' lang='lat' dir='ltr'>dicitur</span> <span class='ocrx_word' id='word_1_266' title='bbox 1027 3031 1307 3093; x_wconf 89' lang='lat' dir='ltr'>Verbum</span> <span class='ocrx_word' id='word_1_267' title='bbox 1350 3033 1473 3094; x_wconf 90' lang='lat' dir='ltr'>nisi</span> <span class='ocrx_word' id='word_1_268' title='bbox 1514 3034 1731 3103; x_wconf 86' lang='lat' dir='ltr'>Filius,</span> <span class='ocrx_word' id='word_1_269' title='bbox 1766 3053 1883 3095; x_wconf 92' lang='lat' dir='ltr'>nec</span> <span class='ocrx_word' id='word_1_270' title='bbox 1923 3035 1966 3098; x_wconf 90' lang='lat' dir='ltr'>C</span> <span class='ocrx_word' id='word_1_271' title='bbox 1997 3050 2159 3102; x_wconf 84' lang='lat' dir='ltr'>eam,</span> <span class='ocrx_word' id='word_1_272' title='bbox 2195 3033 2547 3094; x_wconf 90' lang='lat' dir='ltr'>secundum</span> <span class='ocrx_word' id='word_1_273' title='bbox 2588 3033 2744 3094; x_wconf 90' lang='lat' dir='ltr'>illud</span> <span class='ocrx_word' id='word_1_274' title='bbox 2788 3034 2852 3093; x_wconf 90' lang='lat' dir='ltr'>in</span> <span class='ocrx_word' id='word_1_275' title='bbox 2892 3032 3139 3095; x_wconf 89' lang='lat' dir='ltr'>Psalmo</span> <span class='ocrx_word' id='word_1_276' title='bbox 3175 3050 3188 3094; x_wconf 72' lang='grc' dir='ltr'>ε</span> <span class='ocrx_word' id='word_1_277' title='bbox 3223 3033 3362 3113; x_wconf 90' lang='lat' dir='ltr'>Ipse</span> <span class='ocrx_word' id='word_1_278' title='bbox 3403 3033 3491 3095; x_wconf 90' lang='lat' dir='ltr'>di·</span> <span class='ocrx_word' id='word_1_279' title='bbox 3517 3057 3781 3110; x_wconf 41' lang='lat' dir='ltr'>eumne.</span> 
     </span>
    </p>
   </div>
   <div class='ocr_carea' id='block_1_11' title="bbox 374 3130 1885 4195">
    <p class='ocr_par' dir='ltr' id='par_1_12' title="bbox 378 3130 1885 3704">
     <span class='ocr_line' id='line_1_29' title="bbox 378 3130 1882 3212; baseline 0 -19"><span class='ocrx_word' id='word_1_280' title='bbox 378 3132 621 3194; x_wconf 89' lang='lat' dir='ltr'>donum</span> <span class='ocrx_word' id='word_1_281' title='bbox 680 3131 807 3192; x_wconf 90' lang='lat' dir='ltr'>nisi</span> <span class='ocrx_word' id='word_1_282' title='bbox 865 3130 1138 3212; x_wconf 87' lang='lat' dir='ltr'>Spiritus</span> <span class='ocrx_word' id='word_1_283' title='bbox 1198 3131 1483 3193; x_wconf 89' lang='lat' dir='ltr'>Sanctus.</span> <span class='ocrx_word' id='word_1_284' title='bbox 1546 3131 1882 3193; x_wconf 89' lang='lat' dir='ltr'>Anselmus</span> 
     </span>
     <span class='ocr_line' id='line_1_30' title="bbox 379 3229 1881 3313; baseline 0.001 -21"><span class='ocrx_word' id='word_1_285' title='bbox 379 3249 639 3313; x_wconf 92' lang='lat' dir='ltr'>quoque</span> <span class='ocrx_word' id='word_1_286' title='bbox 700 3230 767 3291; x_wconf 93' lang='lat' dir='ltr'>in</span> <span class='ocrx_word' id='word_1_287' title='bbox 826 3229 1219 3309; x_wconf 86' lang='lat' dir='ltr'>Monologion</span> <span class='ocrx_word' id='word_1_288' title='bbox 1274 3247 1289 3291; x_wconf 74' lang='grc' dir='ltr'><strong><em>ε</em></strong></span> <span class='ocrx_word' id='word_1_289' title='bbox 1340 3230 1592 3303; x_wconf 88' lang='lat' dir='ltr'>Mirum,</span> <span class='ocrx_word' id='word_1_290' title='bbox 1648 3250 1881 3294; x_wconf 89' lang='lat' dir='ltr'>unum-</span> 
     </span>
     <span class='ocr_line' id='line_1_31' title="bbox 379 3328 1883 3412; baseline 0.001 -21"><span class='ocrx_word' id='word_1_291' title='bbox 379 3347 706 3412; x_wconf 87' lang='lat' dir='ltr'>quemque</span> <span class='ocrx_word' id='word_1_292' title='bbox 750 3348 818 3389; x_wconf 88' lang='lat' dir='ltr'>se</span> <span class='ocrx_word' id='word_1_293' title='bbox 862 3336 925 3390; x_wconf 89' lang='lat' dir='ltr'>et</span> <span class='ocrx_word' id='word_1_294' title='bbox 971 3328 1129 3390; x_wconf 89' lang='lat' dir='ltr'>alios</span> <span class='ocrx_word' id='word_1_295' title='bbox 1171 3328 1404 3400; x_wconf 90' lang='lat' dir='ltr'>dicere,</span> <span class='ocrx_word' id='word_1_296' title='bbox 1438 3336 1501 3390; x_wconf 92' lang='lat' dir='ltr'>et</span> <span class='ocrx_word' id='word_1_297' title='bbox 1546 3349 1745 3391; x_wconf 87' lang='lat' dir='ltr'>unum</span> <span class='ocrx_word' id='word_1_298' title='bbox 1790 3348 1883 3392; x_wconf 91' lang='lat' dir='ltr'>so-</span> 
     </span>
     <span class='ocr_line' id='line_1_32' title="bbox 380 3426 1885 3507; baseline 0.001 -18"><span class='ocrx_word' id='word_1_299' title='bbox 380 3428 511 3490; x_wconf 90' lang='lat' dir='ltr'>lum</span> <span class='ocrx_word' id='word_1_300' title='bbox 550 3428 642 3489; x_wconf 88' lang='lat' dir='ltr'>ibi</span> <span class='ocrx_word' id='word_1_301' title='bbox 674 3426 955 3489; x_wconf 87' lang='lat' dir='ltr'>Verbum</span> <span class='ocrx_word' id='word_1_302' title='bbox 986 3445 1123 3488; x_wconf 89' lang='lat' dir='ltr'>esse</span> <span class='ocrx_word' id='word_1_303' title='bbox 1144 3444 1159 3487; x_wconf 91' lang='lat'>:</span> <span class='ocrx_word' id='word_1_304' title='bbox 1180 3428 1347 3507; x_wconf 91' lang='lat' dir='ltr'>quod</span> <span class='ocrx_word' id='word_1_305' title='bbox 1380 3434 1595 3488; x_wconf 87' lang='lat' dir='ltr'>tamen</span> <span class='ocrx_word' id='word_1_306' title='bbox 1625 3428 1885 3491; x_wconf 86' lang='lat' dir='ltr'>nullate-</span> 
     </span>
     <span class='ocr_line' id='line_1_33' title="bbox 380 3524 1881 3607; baseline -0.001 -19"><span class='ocrx_word' id='word_1_307' title='bbox 380 3547 495 3588; x_wconf 89' lang='lat' dir='ltr'>nus</span> <span class='ocrx_word' id='word_1_308' title='bbox 529 3526 662 3587; x_wconf 90' lang='lat' dir='ltr'>dici</span> <span class='ocrx_word' id='word_1_309' title='bbox 696 3532 903 3607; x_wconf 89' lang='lat' dir='ltr'>potest</span> <span class='ocrx_word' id='word_1_310' title='bbox 930 3524 1209 3587; x_wconf 89' lang='lat' dir='ltr'>Verbum</span> <span class='ocrx_word' id='word_1_311' title='bbox 1240 3524 1459 3599; x_wconf 90' lang='lat' dir='ltr'>trium,</span> <span class='ocrx_word' id='word_1_312' title='bbox 1492 3526 1601 3587; x_wconf 90' lang='lat' dir='ltr'>sed</span> <span class='ocrx_word' id='word_1_313' title='bbox 1636 3533 1881 3588; x_wconf 87' lang='lat' dir='ltr'>tantum</span> 
     </span>
     <span class='ocr_line' id='line_1_34' title="bbox 378 3622 1875 3704; baseline 0 -19"><span class='ocrx_word' id='word_1_314' title='bbox 378 3625 573 3685; x_wconf 90' lang='lat' dir='ltr'>unius</span> <span class='ocrx_word' id='word_1_315' title='bbox 622 3641 870 3696; x_wconf 86' lang='lat' dir='ltr'>eorum,</span> <span class='ocrx_word' id='word_1_316' title='bbox 912 3622 1098 3703; x_wconf 87' lang='lat' dir='ltr'>cujus</span> <span class='ocrx_word' id='word_1_317' title='bbox 1146 3631 1242 3684; x_wconf 90' lang='lat' dir='ltr'>est</span> <span class='ocrx_word' id='word_1_318' title='bbox 1292 3622 1488 3685; x_wconf 85' lang='lat' dir='ltr'>Filius</span> <span class='ocrx_word' id='word_1_319' title='bbox 1538 3630 1600 3684; x_wconf 92' lang='lat' dir='ltr'>et</span> <span class='ocrx_word' id='word_1_320' title='bbox 1650 3623 1875 3704; x_wconf 82' lang='lat' dir='ltr'>imago,</span> 
     </span>
    </p>

    <p class='ocr_par' dir='ltr' id='par_1_13' title="bbox 374 3720 1880 4195">
     <span class='ocr_line' id='line_1_35' title="bbox 452 3720 1880 3802; baseline 0 -18"><span class='ocrx_word' id='word_1_321' title='bbox 452 3723 553 3785; x_wconf 82' lang='lat' dir='ltr'>Ad</span> <span class='ocrx_word' id='word_1_322' title='bbox 594 3722 716 3784; x_wconf 90' lang='lat' dir='ltr'>hoc</span> <span class='ocrx_word' id='word_1_323' title='bbox 756 3720 1109 3783; x_wconf 85' lang='lat' dir='ltr'>Alexander</span> <span class='ocrx_word' id='word_1_324' title='bbox 1147 3722 1485 3802; x_wconf 90' lang='lat' dir='ltr'>respondet</span> <span class='ocrx_word' id='word_1_325' title='bbox 1520 3740 1533 3783; x_wconf 75' lang='grc' dir='ltr'>ε</span> <span class='ocrx_word' id='word_1_326' title='bbox 1568 3721 1766 3802; x_wconf 89' lang='lat' dir='ltr'>Loqui</span> <span class='ocrx_word' id='word_1_327' title='bbox 1807 3742 1880 3784; x_wconf 90' lang='lat' dir='ltr'>ac</span> 
     </span>
     <span class='ocr_line' id='line_1_36' title="bbox 378 3818 1875 3901; baseline 0.001 -20"><span class='ocrx_word' id='word_1_328' title='bbox 378 3821 613 3891; x_wconf 81' lang='lat' dir='ltr'>dicere,</span> <span class='ocrx_word' id='word_1_329' title='bbox 666 3818 1111 3900; x_wconf 87' lang='lat' dir='ltr'>multipliciter</span> <span class='ocrx_word' id='word_1_330' title='bbox 1152 3819 1464 3901; x_wconf 89' lang='lat' dir='ltr'>accipitur</span> <span class='ocrx_word' id='word_1_331' title='bbox 1510 3820 1574 3881; x_wconf 93' lang='lat' dir='ltr'>in</span> <span class='ocrx_word' id='word_1_332' title='bbox 1619 3820 1875 3883; x_wconf 90' lang='lat' dir='ltr'>divinis.</span> 
     </span>
     <span class='ocr_line' id='line_1_37' title="bbox 374 3917 1878 4001; baseline 0.001 -22"><span class='ocrx_word' id='word_1_333' title='bbox 374 3918 739 4001; x_wconf 81' lang='lat' dir='ltr'>Aliquando</span> <span class='ocrx_word' id='word_1_334' title='bbox 802 3936 1077 3998; x_wconf 90' lang='lat' dir='ltr'>namque</span> <span class='ocrx_word' id='word_1_335' title='bbox 1135 3917 1290 3978; x_wconf 90' lang='lat' dir='ltr'>dicit</span> <span class='ocrx_word' id='word_1_336' title='bbox 1347 3918 1688 3980; x_wconf 85' lang='lat' dir='ltr'>essentiam</span> <span class='ocrx_word' id='word_1_337' title='bbox 1753 3937 1878 3981; x_wconf 89' lang='lat' dir='ltr'>non</span> 
     </span>
     <span class='ocr_line' id='line_1_38' title="bbox 377 4014 1878 4097; baseline 0.001 -20"><span class='ocrx_word' id='word_1_338' title='bbox 377 4016 783 4078; x_wconf 85' lang='lat' dir='ltr'>connotando</span> <span class='ocrx_word' id='word_1_339' title='bbox 810 4014 1053 4095; x_wconf 90' lang='lat' dir='ltr'>aliquid</span> <span class='ocrx_word' id='word_1_340' title='bbox 1096 4014 1157 4076; x_wconf 92' lang='lat' dir='ltr'>in</span> <span class='ocrx_word' id='word_1_341' title='bbox 1202 4023 1487 4076; x_wconf 86' lang='lat' dir='ltr'>creatura</span> <span class='ocrx_word' id='word_1_342' title='bbox 1520 4032 1533 4075; x_wconf 92' lang='lat'>:</span> <span class='ocrx_word' id='word_1_343' title='bbox 1570 4023 1640 4076; x_wconf 91' lang='lat' dir='ltr'>ut</span> <span class='ocrx_word' id='word_1_344' title='bbox 1678 4036 1878 4097; x_wconf 90' lang='lat' dir='ltr'>quum</span> 
     </span>
     <span class='ocr_line' id='line_1_39' title="bbox 374 4112 1879 4195; baseline 0.001 -20"><span class='ocrx_word' id='word_1_345' title='bbox 374 4115 677 4186; x_wconf 77' lang='lat' dir='ltr'>dicimuS‚</span> <span class='ocrx_word' id='word_1_346' title='bbox 730 4114 908 4175; x_wconf 85' lang='lat' dir='ltr'>Pater</span> <span class='ocrx_word' id='word_1_347' title='bbox 956 4113 1113 4174; x_wconf 89' lang='lat' dir='ltr'>dicit</span> <span class='ocrx_word' id='word_1_348' title='bbox 1163 4132 1275 4174; x_wconf 90' lang='lat' dir='ltr'>seu</span> <span class='ocrx_word' id='word_1_349' title='bbox 1325 4112 1607 4195; x_wconf 84' lang='lat' dir='ltr'>loquitur</span> <span class='ocrx_word' id='word_1_350' title='bbox 1657 4133 1765 4193; x_wconf 92' lang='lat' dir='ltr'>se;</span> <span class='ocrx_word' id='word_1_351' title='bbox 1817 4123 1879 4177; x_wconf 91' lang='lat' dir='ltr'>et</span> 
     </span>
    </p>
   </div>
   <div class='ocr_carea' id='block_1_12' title="bbox 1996 1952 3504 3016">
    <p class='ocr_par' dir='ltr' id='par_1_14' title="bbox 1996 1952 3504 3016">
     <span class='ocr_line' id='line_1_40' title="bbox 2011 1952 3502 2034; baseline 0.001 -22"><span class='ocrx_word' id='word_1_352' title='bbox 2011 1952 2477 2032; x_wconf 86' lang='lat' dir='ltr'>intelligentes:</span> <span class='ocrx_word' id='word_1_353' title='bbox 2509 1969 2781 2031; x_wconf 89' lang='lat' dir='ltr'>quorum</span> <span class='ocrx_word' id='word_1_354' title='bbox 2817 1959 2914 2012; x_wconf 89' lang='lat' dir='ltr'>est</span> <span class='ocrx_word' id='word_1_355' title='bbox 2953 1972 3152 2014; x_wconf 90' lang='lat' dir='ltr'>unum</span> <span class='ocrx_word' id='word_1_356' title='bbox 3194 1953 3502 2034; x_wconf 87' lang='lat' dir='ltr'>intellige-</span> 
     </span>
     <span class='ocr_line' id='line_1_41' title="bbox 2008 2049 3502 2132; baseline 0.001 -22"><span class='ocrx_word' id='word_1_357' title='bbox 2008 2069 2075 2110; x_wconf 93' lang='lat' dir='ltr'>re</span> <span class='ocrx_word' id='word_1_358' title='bbox 2116 2057 2179 2110; x_wconf 92' lang='lat' dir='ltr'>et</span> <span class='ocrx_word' id='word_1_359' title='bbox 2222 2069 2346 2111; x_wconf 89' lang='lat' dir='ltr'>una</span> <span class='ocrx_word' id='word_1_360' title='bbox 2387 2049 2829 2129; x_wconf 83' lang='lat' dir='ltr'>intelligentia,</span> <span class='ocrx_word' id='word_1_361' title='bbox 2864 2057 2928 2112; x_wconf 89' lang='lat' dir='ltr'>et</span> <span class='ocrx_word' id='word_1_362' title='bbox 2962 2069 3074 2130; x_wconf 90' lang='lat' dir='ltr'>per</span> <span class='ocrx_word' id='word_1_363' title='bbox 3106 2068 3502 2132; x_wconf 90' lang='lat' dir='ltr'>consequens</span> 
     </span>
     <span class='ocr_line' id='line_1_42' title="bbox 2008 2147 3504 2230; baseline 0.002 -23"><span class='ocrx_word' id='word_1_364' title='bbox 2008 2166 2208 2209; x_wconf 90' lang='lat' dir='ltr'>unum</span> <span class='ocrx_word' id='word_1_365' title='bbox 2240 2147 2509 2209; x_wconf 90' lang='lat' dir='ltr'>verbum</span> <span class='ocrx_word' id='word_1_366' title='bbox 2541 2147 2962 2209; x_wconf 87' lang='lat' dir='ltr'>essentialiter</span> <span class='ocrx_word' id='word_1_367' title='bbox 2992 2156 3338 2229; x_wconf 88' lang='lat' dir='ltr'>sumptum,</span> <span class='ocrx_word' id='word_1_368' title='bbox 3358 2166 3504 2230; x_wconf 92' lang='lat' dir='ltr'>quo-</span> 
     </span>
     <span class='ocr_line' id='line_1_43' title="bbox 2007 2245 3498 2328; baseline 0.001 -22"><span class='ocrx_word' id='word_1_369' title='bbox 2007 2245 2175 2306; x_wconf 91' lang='lat' dir='ltr'>niam</span> <span class='ocrx_word' id='word_1_370' title='bbox 2235 2245 2644 2326; x_wconf 88' lang='lat' dir='ltr'>intelligentia</span> <span class='ocrx_word' id='word_1_371' title='bbox 2698 2246 3124 2328; x_wconf 87' lang='lat' dir='ltr'>appropriata,</span> <span class='ocrx_word' id='word_1_372' title='bbox 3177 2255 3272 2308; x_wconf 90' lang='lat' dir='ltr'>est</span> <span class='ocrx_word' id='word_1_373' title='bbox 3331 2248 3498 2309; x_wconf 90' lang='lat' dir='ltr'>idem</span> 
     </span>
     <span class='ocr_line' id='line_1_44' title="bbox 2004 2344 3500 2426; baseline 0.002 -22"><span class='ocrx_word' id='word_1_374' title='bbox 2004 2344 2174 2424; x_wconf 92' lang='lat' dir='ltr'>quod</span> <span class='ocrx_word' id='word_1_375' title='bbox 2207 2344 2492 2407; x_wconf 88' lang='lat' dir='ltr'>verbum.</span> <span class='ocrx_word' id='word_1_376' title='bbox 2530 2345 2817 2426; x_wconf 89' lang='lat' dir='ltr'>Denique</span> <span class='ocrx_word' id='word_1_377' title='bbox 2859 2363 3253 2426; x_wconf 82' lang='lat' dir='ltr'>unaquaeque</span> <span class='ocrx_word' id='word_1_378' title='bbox 3283 2345 3500 2408; x_wconf 87' lang='lat' dir='ltr'>divina</span> 
     </span>
     <span class='ocr_line' id='line_1_45' title="bbox 2004 2441 3494 2522; baseline 0.001 -20"><span class='ocrx_word' id='word_1_379' title='bbox 2004 2459 2272 2522; x_wconf 90' lang='lat' dir='ltr'>persona</span> <span class='ocrx_word' id='word_1_380' title='bbox 2316 2441 2491 2513; x_wconf 88' lang='lat' dir='ltr'>dicit,</span> <span class='ocrx_word' id='word_1_381' title='bbox 2526 2441 2587 2503; x_wconf 92' lang='lat' dir='ltr'>id</span> <span class='ocrx_word' id='word_1_382' title='bbox 2627 2449 2723 2503; x_wconf 89' lang='lat' dir='ltr'>est</span> <span class='ocrx_word' id='word_1_383' title='bbox 2765 2441 3023 2514; x_wconf 86' lang='lat' dir='ltr'>indicat,</span> <span class='ocrx_word' id='word_1_384' title='bbox 3068 2460 3136 2503; x_wconf 89' lang='lat' dir='ltr'>se</span> <span class='ocrx_word' id='word_1_385' title='bbox 3178 2449 3240 2503; x_wconf 92' lang='lat' dir='ltr'>et</span> <span class='ocrx_word' id='word_1_386' title='bbox 3283 2443 3494 2514; x_wconf 87' lang='lat' dir='ltr'>aliam,</span> 
     </span>
     <span class='ocr_line' id='line_1_46' title="bbox 2002 2539 3497 2621; baseline 0.001 -20"><span class='ocrx_word' id='word_1_387' title='bbox 2002 2540 2312 2602; x_wconf 88' lang='lat' dir='ltr'>sumendo</span> <span class='ocrx_word' id='word_1_388' title='bbox 2362 2540 2572 2601; x_wconf 88' lang='lat' dir='ltr'>dicere</span> <span class='ocrx_word' id='word_1_389' title='bbox 2631 2539 2940 2612; x_wconf 86' lang='lat' dir='ltr'>absolute,</span> <span class='ocrx_word' id='word_1_390' title='bbox 2996 2548 3182 2620; x_wconf 84' lang='lat' dir='ltr'>prout</span> <span class='ocrx_word' id='word_1_391' title='bbox 3237 2540 3497 2621; x_wconf 91' lang='lat' dir='ltr'>respicit</span> 
     </span>
     <span class='ocr_line' id='line_1_47' title="bbox 2000 2636 3495 2718; baseline 0.001 -20"><span class='ocrx_word' id='word_1_392' title='bbox 2000 2637 2261 2699; x_wconf 91' lang='lat' dir='ltr'>dicibile</span> <span class='ocrx_word' id='word_1_393' title='bbox 2297 2655 2310 2698; x_wconf 73' lang='grc' dir='ltr'>ε</span> <span class='ocrx_word' id='word_1_394' title='bbox 2346 2637 2565 2718; x_wconf 84' lang='lat' dir='ltr'>sicque</span> <span class='ocrx_word' id='word_1_395' title='bbox 2609 2637 2766 2698; x_wconf 87' lang='lat' dir='ltr'>dicit</span> <span class='ocrx_word' id='word_1_396' title='bbox 2809 2656 2876 2698; x_wconf 91' lang='lat' dir='ltr'>se</span> <span class='ocrx_word' id='word_1_397' title='bbox 2922 2645 2984 2699; x_wconf 91' lang='lat' dir='ltr'>et</span> <span class='ocrx_word' id='word_1_398' title='bbox 3023 2636 3212 2699; x_wconf 88' lang='lat' dir='ltr'>aliam</span> <span class='ocrx_word' id='word_1_399' title='bbox 3254 2653 3380 2698; x_wconf 91' lang='lat' dir='ltr'>non</span> <span class='ocrx_word' id='word_1_400' title='bbox 3425 2646 3495 2699; x_wconf 92' lang='lat' dir='ltr'>ut</span> 
     </span>
     <span class='ocr_line' id='line_1_48' title="bbox 2000 2736 3489 2818; baseline 0.001 -22"><span class='ocrx_word' id='word_1_401' title='bbox 2000 2736 2268 2798; x_wconf 90' lang='lat' dir='ltr'>verbum</span> <span class='ocrx_word' id='word_1_402' title='bbox 2315 2738 2651 2818; x_wconf 89' lang='lat' dir='ltr'>prolatum,</span> <span class='ocrx_word' id='word_1_403' title='bbox 2686 2738 2794 2798; x_wconf 92' lang='lat' dir='ltr'>sed</span> <span class='ocrx_word' id='word_1_404' title='bbox 2839 2745 2909 2798; x_wconf 92' lang='lat' dir='ltr'>ut</span> <span class='ocrx_word' id='word_1_405' title='bbox 2952 2755 3088 2798; x_wconf 90' lang='lat' dir='ltr'>rem</span> <span class='ocrx_word' id='word_1_406' title='bbox 3129 2736 3489 2799; x_wconf 89' lang='lat' dir='ltr'>indicatam.</span> 
     </span>
     <span class='ocr_line' id='line_1_49' title="bbox 2000 2833 3490 2924; baseline 0 -28"><span class='ocrx_word' id='word_1_407' title='bbox 2000 2833 2361 2897; x_wconf 87' lang='lat' dir='ltr'>Creaturam</span> <span class='ocrx_word' id='word_1_408' title='bbox 2412 2853 2665 2917; x_wconf 93' lang='lat' dir='ltr'>quoque</span> <span class='ocrx_word' id='word_1_409' title='bbox 2714 2835 2869 2897; x_wconf 88' lang='lat' dir='ltr'>dicit</span> <span class='ocrx_word' id='word_1_410' title='bbox 2921 2836 3088 2897; x_wconf 92' lang='lat' dir='ltr'>Deus</span> <span class='ocrx_word' id='word_1_411' title='bbox 3121 2836 3490 2924; x_wconf 38' lang='lat' dir='ltr'>&#39;secundum</span> 
     </span>
     <span class='ocr_line' id='line_1_50' title="bbox 1996 2934 3492 3016; baseline 0.001 -21"><span class='ocrx_word' id='word_1_412' title='bbox 1996 2934 2320 3016; x_wconf 90' lang='lat' dir='ltr'>duplicem</span> <span class='ocrx_word' id='word_1_413' title='bbox 2381 2954 2658 2997; x_wconf 88' lang='lat' dir='ltr'>sensum.</span> <span class='ocrx_word' id='word_1_414' title='bbox 2713 2935 2944 3008; x_wconf 91' lang='lat' dir='ltr'>Prim0,</span> <span class='ocrx_word' id='word_1_415' title='bbox 2997 2935 3149 3016; x_wconf 88' lang='lat' dir='ltr'>quia</span> <span class='ocrx_word' id='word_1_416' title='bbox 3199 2935 3492 3016; x_wconf 88' lang='lat' dir='ltr'>producit</span> 
     </span>
    </p>
   </div>
   <div class='ocr_carea' id='block_1_13' title="bbox 1992 3130 3491 4196">
    <p class='ocr_par' dir='ltr' id='par_1_15' title="bbox 1994 3130 3491 3408">
     <span class='ocr_line' id='line_1_51' title="bbox 1996 3130 3491 3213; baseline 0.002 -22"><span class='ocrx_word' id='word_1_417' title='bbox 1996 3130 2109 3200; x_wconf 89' lang='lat' dir='ltr'>xit,</span> <span class='ocrx_word' id='word_1_418' title='bbox 2152 3138 2215 3191; x_wconf 91' lang='lat' dir='ltr'>et</span> <span class='ocrx_word' id='word_1_419' title='bbox 2259 3130 2426 3193; x_wconf 85' lang='lat' dir='ltr'>facta</span> <span class='ocrx_word' id='word_1_420' title='bbox 2465 3140 2630 3193; x_wconf 90' lang='lat' dir='ltr'>sunt.</span> <span class='ocrx_word' id='word_1_421' title='bbox 2669 3132 2979 3205; x_wconf 90' lang='lat' dir='ltr'>Secundo,</span> <span class='ocrx_word' id='word_1_422' title='bbox 3015 3132 3164 3213; x_wconf 87' lang='lat' dir='ltr'>quia</span> <span class='ocrx_word' id='word_1_423' title='bbox 3208 3151 3347 3193; x_wconf 88' lang='lat' dir='ltr'>earn</span> <span class='ocrx_word' id='word_1_424' title='bbox 3388 3133 3491 3194; x_wconf 93' lang='lat' dir='ltr'>de-</span> 
     </span>
     <span class='ocr_line' id='line_1_52' title="bbox 1998 3227 3490 3311; baseline 0.002 -22"><span class='ocrx_word' id='word_1_425' title='bbox 1998 3228 2188 3290; x_wconf 83' lang='lat' dir='ltr'>clarat·</span> <span class='ocrx_word' id='word_1_426' title='bbox 2225 3246 2238 3289; x_wconf 91' lang='lat'><strong>:</strong></span> <span class='ocrx_word' id='word_1_427' title='bbox 2274 3227 2493 3309; x_wconf 90' lang='lat' dir='ltr'>sicque</span> <span class='ocrx_word' id='word_1_428' title='bbox 2544 3229 2910 3311; x_wconf 81' lang='lat' dir='ltr'>frequenter</span> <span class='ocrx_word' id='word_1_429' title='bbox 2961 3230 3190 3310; x_wconf 86' lang='lat' dir='ltr'>legitur</span> <span class='ocrx_word' id='word_1_430' title='bbox 3236 3231 3300 3291; x_wconf 93' lang='lat' dir='ltr'>in</span> <span class='ocrx_word' id='word_1_431' title='bbox 3349 3231 3490 3292; x_wconf 86' lang='lat' dir='ltr'>Pro-</span> 
     </span>
     <span class='ocr_line' id='line_1_53' title="bbox 1994 3326 3041 3408; baseline 0.001 -21"><span class='ocrx_word' id='word_1_432' title='bbox 1994 3327 2226 3408; x_wconf 74' lang='lat' dir='ltr'>phe-tis,</span> <span class='ocrx_word' id='word_1_433' title='bbox 2260 3326 2534 3390; x_wconf 88' lang='lat' dir='ltr'>Locutus</span> <span class='ocrx_word' id='word_1_434' title='bbox 2577 3336 2674 3389; x_wconf 90' lang='lat' dir='ltr'>est</span> <span class='ocrx_word' id='word_1_435' title='bbox 2716 3328 3041 3389; x_wconf 88' lang='lat' dir='ltr'>Dominus.</span> 
     </span>
    </p>

    <p class='ocr_par' dir='ltr' id='par_1_16' title="bbox 1992 3425 3484 4196">
     <span class='ocr_line' id='line_1_54' title="bbox 2091 3425 3484 3506; baseline 0.002 -21"><span class='ocrx_word' id='word_1_436' title='bbox 2091 3426 2394 3487; x_wconf 81' lang='lat' dir='ltr'>Praeterea</span> <span class='ocrx_word' id='word_1_437' title='bbox 2443 3425 2670 3506; x_wconf 81' lang='lat' dir='ltr'>quaerit</span> <span class='ocrx_word' id='word_1_438' title='bbox 2719 3425 2888 3486; x_wconf 85' lang='lat' dir='ltr'>circa</span> <span class='ocrx_word' id='word_1_439' title='bbox 2943 3426 3099 3487; x_wconf 91' lang='lat' dir='ltr'>illud</span> <span class='ocrx_word' id='word_1_440' title='bbox 3149 3426 3484 3506; x_wconf 86' lang='lat' dir='ltr'>Augustini</span> 
     </span>
     <span class='ocr_line' id='line_1_55' title="bbox 1993 3522 3483 3604; baseline 0.001 -20"><span class='ocrx_word' id='word_1_441' title='bbox 1993 3523 2467 3604; x_wconf 89' lang='lat' dir='ltr'>quintodecimo</span> <span class='ocrx_word' id='word_1_442' title='bbox 2498 3524 2575 3584; x_wconf 93' lang='lat' dir='ltr'>de</span> <span class='ocrx_word' id='word_1_443' title='bbox 2605 3522 2910 3585; x_wconf 89' lang='lat' dir='ltr'>Trinitate</span> <span class='ocrx_word' id='word_1_444' title='bbox 2936 3524 3152 3585; x_wconf 86' lang='lat' dir='ltr'>:Pater</span> <span class='ocrx_word' id='word_1_445' title='bbox 3181 3530 3483 3603; x_wconf 83' lang='lat' dir='ltr'>tanquam</span> 
     </span>
     <span class='ocr_line' id='line_1_56' title="bbox 1992 3620 3484 3701; baseline 0.001 -20"><span class='ocrx_word' id='word_1_446' title='bbox 1992 3640 2059 3681; x_wconf 91' lang='lat' dir='ltr'>se</span> <span class='ocrx_word' id='word_1_447' title='bbox 2093 3621 2303 3701; x_wconf 90' lang='lat' dir='ltr'>ipsum</span> <span class='ocrx_word' id='word_1_448' title='bbox 2335 3621 2811 3701; x_wconf 80' lang='lat' dir='ltr'>dicens;genuit</span> <span class='ocrx_word' id='word_1_449' title='bbox 2833 3621 3126 3682; x_wconf 87' lang='lat' dir='ltr'>Verbum.</span> <span class='ocrx_word' id='word_1_450' title='bbox 3147 3620 3284 3682; x_wconf 90' lang='lat' dir='ltr'>Non</span> <span class='ocrx_word' id='word_1_451' title='bbox 3315 3622 3484 3682; x_wconf 90' lang='lat' dir='ltr'>enim</span> 
     </span>
     <span class='ocr_line' id='line_1_57' title="bbox 1994 3717 3482 3800; baseline 0.001 -22"><span class='ocrx_word' id='word_1_452' title='bbox 1994 3738 2061 3779; x_wconf 89' lang='lat' dir='ltr'>se</span> <span class='ocrx_word' id='word_1_453' title='bbox 2096 3719 2305 3798; x_wconf 92' lang='lat' dir='ltr'>ipsum</span> <span class='ocrx_word' id='word_1_454' title='bbox 2350 3718 2628 3800; x_wconf 85' lang='lat' dir='ltr'>perfecte</span> <span class='ocrx_word' id='word_1_455' title='bbox 2659 3717 2943 3791; x_wconf 89' lang='lat' dir='ltr'>dixisset,</span> <span class='ocrx_word' id='word_1_456' title='bbox 2978 3719 3030 3780; x_wconf 92' lang='lat' dir='ltr'>si</span> <span class='ocrx_word' id='word_1_457' title='bbox 3073 3718 3286 3780; x_wconf 91' lang='lat' dir='ltr'>minus</span> <span class='ocrx_word' id='word_1_458' title='bbox 3317 3726 3482 3781; x_wconf 91' lang='lat' dir='ltr'>esset</span> 
     </span>
     <span class='ocr_line' id='line_1_58' title="bbox 1996 3817 3484 3899; baseline 0.001 -21"><span class='ocrx_word' id='word_1_459' title='bbox 1996 3818 2060 3879; x_wconf 91' lang='lat' dir='ltr'>in</span> <span class='ocrx_word' id='word_1_460' title='bbox 2103 3818 2262 3880; x_wconf 87' lang='lat' dir='ltr'>Filio</span> <span class='ocrx_word' id='word_1_461' title='bbox 2301 3836 2492 3899; x_wconf 89' lang='lat' dir='ltr'>quam</span> <span class='ocrx_word' id='word_1_462' title='bbox 2529 3817 2599 3877; x_wconf 92' lang='lat' dir='ltr'>in</span> <span class='ocrx_word' id='word_1_463' title='bbox 2643 3836 2711 3879; x_wconf 93' lang='lat' dir='ltr'>se</span> <span class='ocrx_word' id='word_1_464' title='bbox 2753 3818 2909 3899; x_wconf 89' lang='lat' dir='ltr'>ipso.</span> <span class='ocrx_word' id='word_1_465' title='bbox 2946 3818 3035 3879; x_wconf 89' lang='lat' dir='ltr'>Ex</span> <span class='ocrx_word' id='word_1_466' title='bbox 3075 3836 3202 3899; x_wconf 93' lang='lat' dir='ltr'>quo</span> <span class='ocrx_word' id='word_1_467' title='bbox 3231 3818 3484 3879; x_wconf 89' lang='lat' dir='ltr'>videtur</span> 
     </span>
     <span class='ocr_line' id='line_1_59' title="bbox 1993 3917 3477 3998; baseline 0.001 -20"><span class='ocrx_word' id='word_1_468' title='bbox 1993 3917 2160 3998; x_wconf 91' lang='lat' dir='ltr'>quod</span> <span class='ocrx_word' id='word_1_469' title='bbox 2212 3917 2378 3978; x_wconf 89' lang='lat' dir='ltr'>idem</span> <span class='ocrx_word' id='word_1_470' title='bbox 2429 3917 2512 3978; x_wconf 92' lang='lat' dir='ltr'>sit</span> <span class='ocrx_word' id='word_1_471' title='bbox 2559 3938 2626 3979; x_wconf 90' lang='lat' dir='ltr'>se</span> <span class='ocrx_word' id='word_1_472' title='bbox 2676 3917 2907 3991; x_wconf 90' lang='lat' dir='ltr'>dicere,</span> <span class='ocrx_word' id='word_1_473' title='bbox 2942 3918 3112 3998; x_wconf 91' lang='lat' dir='ltr'>quod</span> <span class='ocrx_word' id='word_1_474' title='bbox 3157 3936 3477 3996; x_wconf 87' lang='lat' dir='ltr'>generare.</span> 
     </span>
     <span class='ocr_line' id='line_1_60' title="bbox 1993 4014 3479 4097; baseline 0.001 -22"><span class='ocrx_word' id='word_1_475' title='bbox 1993 4016 2153 4096; x_wconf 88' lang='lat' dir='ltr'>Ergo</span> <span class='ocrx_word' id='word_1_476' title='bbox 2203 4016 2490 4097; x_wconf 90' lang='lat' dir='ltr'>sequitur</span> <span class='ocrx_word' id='word_1_477' title='bbox 2533 4034 2546 4077; x_wconf 90' lang='lat'><strong>:</strong></span> <span class='ocrx_word' id='word_1_478' title='bbox 2591 4036 2657 4078; x_wconf 92' lang='lat' dir='ltr'>se</span> <span class='ocrx_word' id='word_1_479' title='bbox 2709 4016 2920 4096; x_wconf 90' lang='lat' dir='ltr'>ipsum</span> <span class='ocrx_word' id='word_1_480' title='bbox 2969 4014 3249 4097; x_wconf 85' lang='lat' dir='ltr'>perfecte</span> <span class='ocrx_word' id='word_1_481' title='bbox 3298 4016 3479 4089; x_wconf 87' lang='lat' dir='ltr'>dixit,</span> 
     </span>
     <span class='ocr_line' id='line_1_61' title="bbox 1992 4113 3484 4196; baseline 0 -21"><span class='ocrx_word' id='word_1_482' title='bbox 1992 4131 2140 4192; x_wconf 89' lang='lat' dir='ltr'>ergo</span> <span class='ocrx_word' id='word_1_483' title='bbox 2187 4132 2254 4175; x_wconf 92' lang='lat' dir='ltr'>se</span> <span class='ocrx_word' id='word_1_484' title='bbox 2301 4113 2513 4195; x_wconf 88' lang='lat' dir='ltr'>ipsum</span> <span class='ocrx_word' id='word_1_485' title='bbox 2560 4114 2838 4196; x_wconf 87' lang='lat' dir='ltr'>perfecte</span> <span class='ocrx_word' id='word_1_486' title='bbox 2881 4114 3119 4194; x_wconf 89' lang='lat' dir='ltr'>genuit.</span> <span class='ocrx_word' id='word_1_487' title='bbox 3153 4150 3233 4159; x_wconf 88' lang='lat'>—-</span> <span class='ocrx_word' id='word_1_488' title='bbox 3261 4114 3484 4177; x_wconf 89' lang='lat' dir='ltr'>Dicen-</span> 
     </span>
    </p>
   </div>
   <div class='ocr_carea' id='block_1_14' title="bbox 378 4210 3486 4294">
    <p class='ocr_par' dir='ltr' id='par_1_17' title="bbox 378 4210 3486 4294">
     <span class='ocr_line' id='line_1_62' title="bbox 378 4210 3486 4294; baseline 0 -20"><span class='ocrx_word' id='word_1_489' title='bbox 378 4219 587 4274; x_wconf 84' lang='lat' dir='ltr'>tamen</span> <span class='ocrx_word' id='word_1_490' title='bbox 626 4211 1088 4291; x_wconf 87' lang='lat' dir='ltr'>cointelligitur</span> <span class='ocrx_word' id='word_1_491' title='bbox 1128 4210 1217 4271; x_wconf 90' lang='lat' dir='ltr'>ibi</span> <span class='ocrx_word' id='word_1_492' title='bbox 1256 4210 1472 4292; x_wconf 88' lang='lat' dir='ltr'>aliquo</span> <span class='ocrx_word' id='word_1_493' title='bbox 1515 4213 1701 4274; x_wconf 92' lang='lat' dir='ltr'>modo</span> <span class='ocrx_word' id='word_1_494' title='bbox 1731 4213 1877 4275; x_wconf 87' lang='lat' dir='ltr'>Ver·</span> <span class='ocrx_word' id='word_1_495' title='bbox 1911 4217 1962 4279; x_wconf 89' lang='lat' dir='ltr'>D</span> <span class='ocrx_word' id='word_1_496' title='bbox 1991 4212 2166 4284; x_wconf 91' lang='lat' dir='ltr'>dum,</span> <span class='ocrx_word' id='word_1_497' title='bbox 2202 4213 2368 4292; x_wconf 92' lang='lat' dir='ltr'>quod</span> <span class='ocrx_word' id='word_1_498' title='bbox 2401 4230 2527 4273; x_wconf 91' lang='lat' dir='ltr'>non</span> <span class='ocrx_word' id='word_1_499' title='bbox 2557 4214 2864 4294; x_wconf 87' lang='lat' dir='ltr'>sequitur.</span> <span class='ocrx_word' id='word_1_500' title='bbox 2892 4213 3097 4286; x_wconf 87' lang='lat' dir='ltr'>Quum</span> <span class='ocrx_word' id='word_1_501' title='bbox 3129 4213 3300 4275; x_wconf 91' lang='lat' dir='ltr'>enim</span> <span class='ocrx_word' id='word_1_502' title='bbox 3335 4214 3486 4275; x_wconf 89' lang='lat' dir='ltr'>dici-</span> 
     </span>
    </p>
   </div>
   <div class='ocr_carea' id='block_1_15' title="bbox 377 4307 1882 5079">
    <p class='ocr_par' dir='ltr' id='par_1_18' title="bbox 377 4307 1882 5079">
     <span class='ocr_line' id='line_1_63' title="bbox 377 4307 1875 4391; baseline 0.002 -19"><span class='ocrx_word' id='word_1_503' title='bbox 377 4310 553 4383; x_wconf 86' lang='lat' dir='ltr'>bum,</span> <span class='ocrx_word' id='word_1_504' title='bbox 586 4310 893 4391; x_wconf 88' lang='lat' dir='ltr'>quoniam</span> <span class='ocrx_word' id='word_1_505' title='bbox 935 4307 1391 4390; x_wconf 85' lang='lat' dir='ltr'>cointelligitur</span> <span class='ocrx_word' id='word_1_506' title='bbox 1436 4310 1875 4391; x_wconf 88' lang='lat' dir='ltr'>intelligentia,</span> 
     </span>
     <span class='ocr_line' id='line_1_64' title="bbox 377 4408 1882 4490; baseline 0.003 -21"><span class='ocrx_word' id='word_1_507' title='bbox 377 4428 517 4490; x_wconf 78' lang='lat' dir='ltr'>quae</span> <span class='ocrx_word' id='word_1_508' title='bbox 557 4408 723 4470; x_wconf 86' lang='lat' dir='ltr'>Filio</span> <span class='ocrx_word' id='word_1_509' title='bbox 768 4408 1234 4489; x_wconf 89' lang='lat' dir='ltr'>appropriatur.</span> <span class='ocrx_word' id='word_1_510' title='bbox 1284 4408 1455 4470; x_wconf 90' lang='lat' dir='ltr'>Istud</span> <span class='ocrx_word' id='word_1_511' title='bbox 1506 4410 1743 4471; x_wconf 86' lang='lat' dir='ltr'>etenim</span> <span class='ocrx_word' id='word_1_512' title='bbox 1793 4411 1882 4473; x_wconf 92' lang='lat' dir='ltr'>di-</span> 
     </span>
     <span class='ocr_line' id='line_1_65' title="bbox 377 4506 1877 4588; baseline 0.002 -21"><span class='ocrx_word' id='word_1_513' title='bbox 377 4526 539 4576; x_wconf 83' lang='lat' dir='ltr'>cere,</span> <span class='ocrx_word' id='word_1_514' title='bbox 586 4524 718 4568; x_wconf 90' lang='lat' dir='ltr'>non</span> <span class='ocrx_word' id='word_1_515' title='bbox 766 4514 859 4567; x_wconf 90' lang='lat' dir='ltr'>est</span> <span class='ocrx_word' id='word_1_516' title='bbox 908 4506 1032 4568; x_wconf 92' lang='lat' dir='ltr'>nisi</span> <span class='ocrx_word' id='word_1_517' title='bbox 1082 4506 1458 4587; x_wconf 88' lang='lat' dir='ltr'>intelligere,</span> <span class='ocrx_word' id='word_1_518' title='bbox 1490 4508 1671 4588; x_wconf 86' lang='lat' dir='ltr'>juxta</span> <span class='ocrx_word' id='word_1_519' title='bbox 1720 4509 1877 4571; x_wconf 93' lang='lat' dir='ltr'>illud</span> 
     </span>
     <span class='ocr_line' id='line_1_66' title="bbox 378 4603 1878 4685; baseline 0.002 -20"><span class='ocrx_word' id='word_1_520' title='bbox 378 4603 713 4666; x_wconf 81' lang='lat' dir='ltr'>Anselmi:</span> <span class='ocrx_word' id='word_1_521' title='bbox 758 4604 918 4676; x_wconf 87' lang='lat' dir='ltr'>Quid</span> <span class='ocrx_word' id='word_1_522' title='bbox 962 4612 1055 4665; x_wconf 89' lang='lat' dir='ltr'>est</span> <span class='ocrx_word' id='word_1_523' title='bbox 1101 4622 1357 4665; x_wconf 88' lang='lat' dir='ltr'>summo</span> <span class='ocrx_word' id='word_1_524' title='bbox 1402 4605 1665 4685; x_wconf 87' lang='lat' dir='ltr'>Spiritui</span> <span class='ocrx_word' id='word_1_525' title='bbox 1712 4608 1878 4668; x_wconf 91' lang='lat' dir='ltr'>dice-</span> 
     </span>
     <span class='ocr_line' id='line_1_67' title="bbox 380 4700 1881 4784; baseline 0.002 -21"><span class='ocrx_word' id='word_1_526' title='bbox 380 4720 464 4777; x_wconf 87' lang='lat' dir='ltr'>re,</span> <span class='ocrx_word' id='word_1_527' title='bbox 504 4702 639 4763; x_wconf 86' lang='lat' dir='ltr'>nisi</span> <span class='ocrx_word' id='word_1_528' title='bbox 682 4700 1015 4782; x_wconf 87' lang='lat' dir='ltr'>cogitando</span> <span class='ocrx_word' id='word_1_529' title='bbox 1067 4702 1348 4764; x_wconf 70' lang='lat' dir='ltr'>intueri?</span> <span class='ocrx_word' id='word_1_530' title='bbox 1388 4703 1742 4784; x_wconf 91' lang='lat' dir='ltr'>Aliquando</span> <span class='ocrx_word' id='word_1_531' title='bbox 1790 4706 1881 4766; x_wconf 90' lang='lat' dir='ltr'>di-</span> 
     </span>
     <span class='ocr_line' id='line_1_68' title="bbox 380 4800 1876 4883; baseline 0.002 -20"><span class='ocrx_word' id='word_1_532' title='bbox 380 4820 519 4864; x_wconf 86' lang='lat' dir='ltr'>cere</span> <span class='ocrx_word' id='word_1_533' title='bbox 564 4800 850 4882; x_wconf 84' lang='lat' dir='ltr'>sumitur</span> <span class='ocrx_word' id='word_1_534' title='bbox 896 4800 1323 4875; x_wconf 89' lang='lat' dir='ltr'>notionaliter‚</span> <span class='ocrx_word' id='word_1_535' title='bbox 1359 4810 1427 4863; x_wconf 88' lang='lat' dir='ltr'>ut</span> <span class='ocrx_word' id='word_1_536' title='bbox 1478 4822 1676 4883; x_wconf 89' lang='lat' dir='ltr'>quum</span> <span class='ocrx_word' id='word_1_537' title='bbox 1723 4805 1876 4866; x_wconf 91' lang='lat' dir='ltr'>dici-</span> 
     </span>
     <span class='ocr_line' id='line_1_69' title="bbox 382 4897 1875 4979; baseline 0.001 -17"><span class='ocrx_word' id='word_1_538' title='bbox 382 4920 521 4962; x_wconf 90' lang='lat' dir='ltr'>mus</span> <span class='ocrx_word' id='word_1_539' title='bbox 554 4918 570 4962; x_wconf 89' lang='lat'>:</span> <span class='ocrx_word' id='word_1_540' title='bbox 606 4899 791 4961; x_wconf 87' lang='lat' dir='ltr'>Pater</span> <span class='ocrx_word' id='word_1_541' title='bbox 839 4897 1119 4979; x_wconf 90' lang='lat' dir='ltr'>loquitur</span> <span class='ocrx_word' id='word_1_542' title='bbox 1158 4899 1458 4961; x_wconf 91' lang='lat' dir='ltr'>Verbum.</span> <span class='ocrx_word' id='word_1_543' title='bbox 1502 4900 1657 4962; x_wconf 90' lang='lat' dir='ltr'>Nam</span> <span class='ocrx_word' id='word_1_544' title='bbox 1709 4903 1875 4964; x_wconf 90' lang='lat' dir='ltr'>idem</span> 
     </span>
     <span class='ocr_line' id='line_1_70' title="bbox 378 4995 1879 5079; baseline 0.001 -19"><span class='ocrx_word' id='word_1_545' title='bbox 378 5007 472 5060; x_wconf 85' lang='lat' dir='ltr'>est</span> <span class='ocrx_word' id='word_1_546' title='bbox 514 4999 769 5061; x_wconf 87' lang='lat' dir='ltr'>Patrem</span> <span class='ocrx_word' id='word_1_547' title='bbox 812 4995 1092 5058; x_wconf 87' lang='lat' dir='ltr'>Verbum</span> <span class='ocrx_word' id='word_1_548' title='bbox 1137 4997 1442 5079; x_wconf 85' lang='lat' dir='ltr'>proferre,</span> <span class='ocrx_word' id='word_1_549' title='bbox 1485 4999 1652 5079; x_wconf 91' lang='lat' dir='ltr'>quod</span> <span class='ocrx_word' id='word_1_550' title='bbox 1697 5019 1879 5079; x_wconf 86' lang='lat' dir='ltr'>gene-</span> 
     </span>
    </p>
   </div>
   <div class='ocr_carea' id='block_1_16' title="bbox 1985 4310 3486 4965">
    <p class='ocr_par' dir='ltr' id='par_1_19' title="bbox 1985 4310 3486 4965">
     <span class='ocr_line' id='line_1_71' title="bbox 1990 4310 3486 4385; baseline 0.003 -14"><span class='ocrx_word' id='word_1_551' title='bbox 1990 4319 2114 4385; x_wconf 90' lang='lat' dir='ltr'>tur,</span> <span class='ocrx_word' id='word_1_552' title='bbox 2150 4310 2429 4372; x_wconf 81' lang='lat' dir='ltr'>Perfecte</span> <span class='ocrx_word' id='word_1_553' title='bbox 2470 4331 2538 4373; x_wconf 90' lang='lat' dir='ltr'>se</span> <span class='ocrx_word' id='word_1_554' title='bbox 2580 4312 2760 4385; x_wconf 87' lang='lat' dir='ltr'>dixit,</span> <span class='ocrx_word' id='word_1_555' title='bbox 2795 4312 3105 4374; x_wconf 91' lang='lat' dir='ltr'>sumendo</span> <span class='ocrx_word' id='word_1_556' title='bbox 3139 4312 3349 4374; x_wconf 88' lang='lat' dir='ltr'>dicere</span> <span class='ocrx_word' id='word_1_557' title='bbox 3379 4331 3486 4375; x_wconf 91' lang='lat' dir='ltr'>no-</span> 
     </span>
     <span class='ocr_line' id='line_1_72' title="bbox 1988 4409 3485 4493; baseline 0.003 -23"><span class='ocrx_word' id='word_1_558' title='bbox 1988 4409 2330 4483; x_wconf 88' lang='lat' dir='ltr'>tionaliter‚</span> <span class='ocrx_word' id='word_1_559' title='bbox 2367 4428 2588 4471; x_wconf 90' lang='lat' dir='ltr'>sensus</span> <span class='ocrx_word' id='word_1_560' title='bbox 2631 4418 2725 4472; x_wconf 89' lang='lat' dir='ltr'>est</span> <span class='ocrx_word' id='word_1_561' title='bbox 2765 4412 2934 4493; x_wconf 92' lang='lat' dir='ltr'>quod</span> <span class='ocrx_word' id='word_1_562' title='bbox 2973 4410 3388 4492; x_wconf 91' lang='lat' dir='ltr'>exprimendo</span> <span class='ocrx_word' id='word_1_563' title='bbox 3418 4431 3485 4474; x_wconf 92' lang='lat' dir='ltr'>se</span> 
     </span>
     <span class='ocr_line' id='line_1_73' title="bbox 1990 4507 3485 4591; baseline 0.003 -24"><span class='ocrx_word' id='word_1_564' title='bbox 1990 4507 2211 4589; x_wconf 89' lang='lat' dir='ltr'>genuit</span> <span class='ocrx_word' id='word_1_565' title='bbox 2253 4507 2376 4569; x_wconf 89' lang='lat' dir='ltr'>sibi</span> <span class='ocrx_word' id='word_1_566' title='bbox 2429 4508 2760 4589; x_wconf 85' lang='lat' dir='ltr'>aequalem,</span> <span class='ocrx_word' id='word_1_567' title='bbox 2803 4526 2930 4570; x_wconf 90' lang='lat' dir='ltr'>non</span> <span class='ocrx_word' id='word_1_568' title='bbox 2981 4528 3048 4571; x_wconf 91' lang='lat' dir='ltr'>se</span> <span class='ocrx_word' id='word_1_569' title='bbox 3098 4509 3332 4591; x_wconf 86' lang='lat' dir='ltr'>ipsum,</span> <span class='ocrx_word' id='word_1_570' title='bbox 3374 4510 3485 4572; x_wconf 91' lang='lat' dir='ltr'>sed</span> 
     </span>
     <span class='ocr_line' id='line_1_74' title="bbox 1990 4606 3480 4688; baseline 0.002 -21"><span class='ocrx_word' id='word_1_571' title='bbox 1990 4606 2266 4668; x_wconf 89' lang='lat' dir='ltr'>similem</span> <span class='ocrx_word' id='word_1_572' title='bbox 2301 4606 2725 4688; x_wconf 89' lang='lat' dir='ltr'>producendo.</span> <span class='ocrx_word' id='word_1_573' title='bbox 2761 4608 2977 4687; x_wconf 89' lang='lat' dir='ltr'>Itaque</span> <span class='ocrx_word' id='word_1_574' title='bbox 3009 4608 3074 4668; x_wconf 89' lang='lat' dir='ltr'>in</span> <span class='ocrx_word' id='word_1_575' title='bbox 3103 4608 3281 4670; x_wconf 89' lang='lat' dir='ltr'>Patre</span> <span class='ocrx_word' id='word_1_576' title='bbox 3313 4608 3480 4670; x_wconf 92' lang='lat' dir='ltr'>idem</span> 
     </span>
     <span class='ocr_line' id='line_1_75' title="bbox 1990 4704 3483 4786; baseline 0 -20"><span class='ocrx_word' id='word_1_577' title='bbox 1990 4712 2085 4767; x_wconf 90' lang='lat' dir='ltr'>est</span> <span class='ocrx_word' id='word_1_578' title='bbox 2134 4726 2199 4767; x_wconf 88' lang='lat' dir='ltr'>se</span> <span class='ocrx_word' id='word_1_579' title='bbox 2252 4704 2534 4786; x_wconf 87' lang='lat' dir='ltr'>proferre</span> <span class='ocrx_word' id='word_1_580' title='bbox 2583 4714 2644 4768; x_wconf 94' lang='lat' dir='ltr'>et</span> <span class='ocrx_word' id='word_1_581' title='bbox 2692 4724 3014 4786; x_wconf 88' lang='lat' dir='ltr'>generare,</span> <span class='ocrx_word' id='word_1_582' title='bbox 3053 4708 3162 4768; x_wconf 93' lang='lat' dir='ltr'>sed</span> <span class='ocrx_word' id='word_1_583' title='bbox 3213 4725 3338 4768; x_wconf 90' lang='lat' dir='ltr'>non</span> <span class='ocrx_word' id='word_1_584' title='bbox 3385 4713 3483 4768; x_wconf 92' lang='lat' dir='ltr'>est</span> 
     </span>
     <span class='ocr_line' id='line_1_76' title="bbox 1990 4802 3476 4885; baseline -0.001 -20"><span class='ocrx_word' id='word_1_585' title='bbox 1990 4804 2157 4865; x_wconf 92' lang='lat' dir='ltr'>idem</span> <span class='ocrx_word' id='word_1_586' title='bbox 2203 4804 2268 4865; x_wconf 93' lang='lat' dir='ltr'>in</span> <span class='ocrx_word' id='word_1_587' title='bbox 2307 4804 2483 4865; x_wconf 86' lang='lat' dir='ltr'>Patre</span> <span class='ocrx_word' id='word_1_588' title='bbox 2520 4823 2587 4865; x_wconf 93' lang='lat' dir='ltr'>se</span> <span class='ocrx_word' id='word_1_589' title='bbox 2626 4802 2911 4883; x_wconf 82' lang='lat' dir='ltr'>proferre</span> <span class='ocrx_word' id='word_1_590' title='bbox 2951 4810 3014 4865; x_wconf 91' lang='lat' dir='ltr'>et</span> <span class='ocrx_word' id='word_1_591' title='bbox 3052 4821 3119 4865; x_wconf 92' lang='lat' dir='ltr'>se</span> <span class='ocrx_word' id='word_1_592' title='bbox 3156 4822 3476 4885; x_wconf 86' lang='lat' dir='ltr'>generare.</span> 
     </span>
     <span class='ocr_line' id='line_1_77' title="bbox 1985 4902 2666 4965; baseline -0.004 0"><span class='ocrx_word' id='word_1_593' title='bbox 1985 4939 2066 4947; x_wconf 96' lang='lat'><strong>—</strong></span> <span class='ocrx_word' id='word_1_594' title='bbox 2107 4903 2252 4965; x_wconf 78' lang='lat' dir='ltr'>Haec</span> <span class='ocrx_word' id='word_1_595' title='bbox 2295 4902 2666 4964; x_wconf 87' lang='lat' dir='ltr'>Alexander.</span> 
     </span>
    </p>
   </div>
   <div class='ocr_carea' id='block_1_17' title="bbox 2068 5096 3482 5176">
    <p class='ocr_par' dir='ltr' id='par_1_20' title="bbox 2068 5096 3482 5176">
     <span class='ocr_line' id='line_1_78' title="bbox 2068 5096 3482 5176; baseline 0.002 -18"><span class='ocrx_word' id='word_1_596' title='bbox 2068 5097 2373 5158; x_wconf 80' lang='lat' dir='ltr'>Praeterea</span> <span class='ocrx_word' id='word_1_597' title='bbox 2415 5096 2492 5157; x_wconf 88' lang='lat' dir='ltr'>ad</span> <span class='ocrx_word' id='word_1_598' title='bbox 2533 5097 2948 5176; x_wconf 85' lang='lat' dir='ltr'>quaestionem</span> <span class='ocrx_word' id='word_1_599' title='bbox 2991 5098 3176 5171; x_wconf 88' lang='lat' dir='ltr'>hanc,</span> <span class='ocrx_word' id='word_1_600' title='bbox 3214 5099 3308 5161; x_wconf 95' lang='lat' dir='ltr'>An</span> <span class='ocrx_word' id='word_1_601' title='bbox 3347 5118 3482 5161; x_wconf 88' lang='lat' dir='ltr'>ver-</span> 
     </span>
    </p>
   </div>
   <div class='ocr_carea' id='block_1_18' title="bbox 381 5192 3486 5276">
    <p class='ocr_par' dir='ltr' id='par_1_21' title="bbox 381 5192 3486 5276">
     <span class='ocr_line' id='line_1_79' title="bbox 381 5192 3486 5276; baseline 0.002 -22"><span class='ocrx_word' id='word_1_602' title='bbox 381 5201 478 5257; x_wconf 89' lang='lat' dir='ltr'>tus</span> <span class='ocrx_word' id='word_1_603' title='bbox 526 5204 623 5257; x_wconf 90' lang='lat' dir='ltr'>est</span> <span class='ocrx_word' id='word_1_604' title='bbox 674 5194 869 5265; x_wconf 79' lang='lat' dir='ltr'>Deus,</span> <span class='ocrx_word' id='word_1_605' title='bbox 920 5192 1008 5253; x_wconf 87' lang='lat' dir='ltr'>ait</span> <span class='ocrx_word' id='word_1_606' title='bbox 1057 5192 1275 5255; x_wconf 88' lang='lat' dir='ltr'>Glossa</span> <span class='ocrx_word' id='word_1_607' title='bbox 1318 5211 1331 5254; x_wconf 91' lang='lat'><strong>:</strong></span> <span class='ocrx_word' id='word_1_608' title='bbox 1377 5194 1585 5255; x_wconf 90' lang='lat' dir='ltr'>Semel</span> <span class='ocrx_word' id='word_1_609' title='bbox 1636 5195 1879 5257; x_wconf 90' lang='lat' dir='ltr'>locutus</span> <span class='ocrx_word' id='word_1_610' title='bbox 1992 5195 2145 5257; x_wconf 90' lang='lat' dir='ltr'>bum</span> <span class='ocrx_word' id='word_1_611' title='bbox 2178 5195 2424 5256; x_wconf 88' lang='lat' dir='ltr'>dicatur</span> <span class='ocrx_word' id='word_1_612' title='bbox 2457 5196 2522 5256; x_wconf 93' lang='lat' dir='ltr'>in</span> <span class='ocrx_word' id='word_1_613' title='bbox 2552 5196 2680 5257; x_wconf 90' lang='lat' dir='ltr'>Deo</span> <span class='ocrx_word' id='word_1_614' title='bbox 2711 5196 3147 5276; x_wconf 87' lang='lat' dir='ltr'>personaliter,</span> <span class='ocrx_word' id='word_1_615' title='bbox 3170 5216 3250 5258; x_wconf 91' lang='lat' dir='ltr'>an</span> <span class='ocrx_word' id='word_1_616' title='bbox 3280 5217 3486 5261; x_wconf 91' lang='lat' dir='ltr'>essen-</span> 
     </span>
    </p>
   </div>
   <div class='ocr_carea' id='block_1_19' title="bbox 382 5289 1876 5373">
    <p class='ocr_par' dir='ltr' id='par_1_22' title="bbox 382 5289 1876 5373">
     <span class='ocr_line' id='line_1_80' title="bbox 382 5289 1876 5373; baseline -0.001 -18"><span class='ocrx_word' id='word_1_617' title='bbox 382 5300 472 5355; x_wconf 91' lang='lat' dir='ltr'>est</span> <span class='ocrx_word' id='word_1_618' title='bbox 502 5294 693 5365; x_wconf 81' lang='lat' dir='ltr'>DeuS‚</span> <span class='ocrx_word' id='word_1_619' title='bbox 730 5290 887 5372; x_wconf 87' lang='lat' dir='ltr'>quia</span> <span class='ocrx_word' id='word_1_620' title='bbox 917 5289 1207 5352; x_wconf 89' lang='lat' dir='ltr'>Verbum.</span> <span class='ocrx_word' id='word_1_621' title='bbox 1233 5292 1614 5355; x_wconf 79' lang='lat' dir='ltr'>aeternaliter</span> <span class='ocrx_word' id='word_1_622' title='bbox 1640 5294 1876 5373; x_wconf 88' lang='lat' dir='ltr'>genuit.</span> 
     </span>
    </p>
   </div>
   <div class='ocr_carea' id='block_1_20' title="bbox 1990 5292 3485 5374">
    <p class='ocr_par' dir='ltr' id='par_1_23' title="bbox 1990 5292 3485 5374">
     <span class='ocr_line' id='line_1_81' title="bbox 1990 5292 3485 5374; baseline 0.004 -21"><span class='ocrx_word' id='word_1_623' title='bbox 1990 5293 2245 5367; x_wconf 87' lang='lat' dir='ltr'>tialiter,</span> <span class='ocrx_word' id='word_1_624' title='bbox 2279 5293 2548 5356; x_wconf 87' lang='lat' dir='ltr'>Thomas</span> <span class='ocrx_word' id='word_1_625' title='bbox 2580 5294 2916 5374; x_wconf 90' lang='lat' dir='ltr'>respondet</span> <span class='ocrx_word' id='word_1_626' title='bbox 2942 5292 3156 5357; x_wconf 88' lang='lat' dir='ltr'>:Circa</span> <span class='ocrx_word' id='word_1_627' title='bbox 3185 5295 3306 5358; x_wconf 87' lang='lat' dir='ltr'>hoc</span> <span class='ocrx_word' id='word_1_628' title='bbox 3336 5306 3485 5359; x_wconf 90' lang='lat' dir='ltr'>sunt</span> 
     </span>
    </p>
   </div>
  </div>
 </body>
</html>
