4359 6250
79 1471 312 1519 Luc-nx.
323 1475 342 1512 ί
353 1473 406 1513 3.

139 1669 358 1712 Mouk-

77 1749 194 1783 ατ,
225 1736 308 1775 27.

85 3047 116 3139 B1
137 3046 322 3090 Thess.
345 3060 400 3098 v,

1628 490 1711 535 AN
1754 489 2010 536 camus
2053 488 2373 544 MINUATUR

3475 468 3551 531 61

439 666 655 748 rumpi
693 683 709 727 ε
741 683 871 728 non
911 664 1082 746 quod
1113 660 1386 726 venialia
1425 660 1732 742 quamdiu
1771 658 1941 721 infra
1970 658 2021 721 A
2053 657 2220 720 ctiva
2282 675 2471 719 causa
2530 656 2679 719 mali
2743 656 2968 738 culpas,
3030 656 3139 718 sed
3199 655 3370 737 quod
3431 672 3545 736 per

441 765 679 827 limites
719 782 870 826 suos
915 770 1191 834 manent,
1239 759 1460 824 tollant
1497 759 1791 841 gratuita,
1829 758 1937 819 sed

438 865 749 945 quoniam
780 862 1191 925 vehementer
1220 859 1575 932 debilitant,
1607 858 1942 920 remittunt

435 981 515 1024 ac
547 962 853 1024 minuunt
883 979 978 1032 ea,
997 967 1060 1022 et
1089 959 1165 1021 ad
1198 957 1484 1031 mortale,
1506 975 1632 1039 quo
1663 967 1941 1018 corrum-

439 1069 706 1144 puntur,
741 1061 1107 1142 disponunt.
1141 1059 1307 1121 Deus
1353 1057 1612 1130 etenim,
1645 1054 1940 1138 quamvis

438 1161 776 1222 caritatem
837 1157 1154 1231 infundat,
1212 1165 1424 1219 tamen
1480 1156 1558 1217 ad
1620 1155 1736 1218 hoc
1799 1173 1938 1216 eam

439 1258 632 1322 nobis
687 1257 992 1331 infundit,
1053 1263 1124 1317 ut
1182 1255 1344 1318 bene
1409 1262 1663 1318 utamur
1719 1254 1936 1315 eadem

439 1365 510 1418 et
561 1356 974 1438 proficiamus
1024 1374 1138 1438 per
1179 1356 1385 1437 ipsam
1427 1362 1617 1436 atque
1662 1352 1728 1414 in
1779 1352 1936 1433 ipsa,

439 1455 984 1536 quemadmodum
1029 1453 1098 1515 in
1139 1452 1483 1534 Evangelio
1518 1469 1532 1512 :
1565 1449 1941 1530 Negotiami-

439 1553 536 1628 ni,
575 1553 802 1635 inquit,
835 1552 986 1614 dum
1017 1552 1225 1614 venio.
1261 1551 1436 1614 Unde
1476 1558 1540 1612 et
1569 1551 1646 1612 de
1667 1548 1939 1611 talentis

439 1652 765 1714 concessis
802 1651 998 1732 exigit
1029 1651 1302 1712 lucrum.
1338 1650 1512 1723 Quod
1542 1649 1594 1710 si
1629 1649 1714 1709 ita
1743 1647 1941 1728 egeri-

437 1769 614 1823 muS‚
638 1750 886 1822 crescit,
911 1749 1236 1830 vigoratur
1264 1755 1328 1809 et
1360 1754 1626 1827 augetur
1656 1746 1722 1807 in
1753 1745 1937 1808 nobis

437 1848 674 1910 caritas
703 1847 836 1921 Dei,
868 1847 1068 1928 gratia
1105 1854 1168 1909 et
1196 1847 1400 1908 virtus
1439 1845 1648 1908 omnis
1688 1842 1934 1922 infusa;
1973 1845 2020 1907 B
2052 1843 2483 1924 Omnipotenti
2520 1859 2533 1902 ε
2568 1842 2769 1915 Quare
2814 1858 2928 1903 nos
2966 1857 3176 1902 errare
3215 1839 3425 1903 fecisti
3466 1841 3543 1902 de
3572 1849 3836 1902 Ianum.

433 1947 492 2009 si
548 1965 699 2009 vero
744 1945 1134 2028 negligentes
1192 1944 1526 2018 fuerimus,
1581 1951 1933 2025 tepescunt,

433 2045 876 2118 remittuntur,
912 2045 1331 2126 languescunt
1359 2049 1422 2105 et
1463 2043 1840 2105 minuuntur
1871 2040 1936 2102 in

432 2143 652 2217 nobiS‚
691 2145 856 2206 sicut
900 2151 964 2206 et
1013 2143 1407 2225 experientia
1452 2143 1653 2205 docet.
1701 2141 1833 2203 lmo
1882 2138 1936 2201 si

431 2243 672 2304 caritas
703 2242 770 2304 in
799 2261 866 2303 se
899 2242 1038 2324 ipsa
1065 2260 1245 2323 aeque
1271 2241 1520 2303 intensa
1555 2246 1838 2302 maneret
1871 2237 1935 2299 in

431 2341 540 2402 his
573 2341 685 2422 qui
719 2359 915 2422 prope
946 2341 1198 2402 ruinam
1229 2347 1400 2414 sunt,
1433 2339 1499 2401 in
1530 2356 1710 2420 aeque
1740 2337 1936 2400 fortes

429 2447 806 2521 erumperet
832 2446 1034 2513 actuS‚
1071 2438 1195 2501 levi
1228 2439 1454 2500 saltem
1489 2436 1808 2518 celerique
1841 2455 1938 2499 co—

431 2545 618 2610 natu,
637 2546 700 2599 et
731 2537 1004 2599 venialia
1033 2544 1262 2598 cuncta
1293 2543 1714 2608 consumeret,
1737 2553 1937 2616 quum

432 2637 524 2698 sit
575 2636 926 2718 spiritualis
972 2635 1140 2717 ignis
1181 2642 1244 2697 et
1292 2636 1495 2698 virtus
1542 2633 1939 2716 expeditissi-

437 2755 548 2798 me
588 2753 798 2817 agenS.
834 2735 1090 2797 Eisdem
1132 2735 1342 2816 itaque
1371 2733 1672 2814 gradibus
1711 2731 1938 2794 caritas

437 2834 678 2896 crescit
705 2843 770 2896 et
807 2833 1138 2907 decrescit,
1172 2832 1520 2894 remittitur
1547 2839 1612 2893 et
1649 2837 1933 2911 augetur.

437 2934 708 3014 Propter
733 2932 905 3015 quod
934 2950 1126 3014 super
1157 2931 1314 2993 illud
1354 2931 1543 3012 primi
1575 2931 1654 2993 ad
1684 2929 1942 2992 Thessa-

2049 756 2349 818 accidens
2378 764 2473 817 est
2504 775 2693 818 causa
2720 755 3162 817 diminutionis
3195 754 3379 816 istius
3410 769 3552 834 pro-

2052 863 2194 938 pter
2233 855 2615 917 demeritum
2658 863 2966 928 nostrum,
3000 854 3065 916 in
3107 860 3418 936 quantum
3458 854 3553 915 di-

2053 954 2329 1016 minutio
2362 954 2481 1016 ista
2510 961 2605 1016 est
2636 953 2875 1016 malum
2905 971 3128 1035 poenae.
3152 953 3281 1016 Nec
3313 953 3550 1015 mirum

2051 1053 2104 1114 si
2175 1053 2269 1114 sic
2338 1051 2416 1114 fit
2479 1071 2669 1115 causa
2729 1052 3175 1114 diminutionis
3244 1050 3546 1124 caritatiS,

2054 1170 2257 1233 quum
2301 1151 2393 1213 sic
2436 1151 2520 1213 sit
2562 1170 2751 1213 causa
2792 1151 3173 1214 omnimodae
3216 1149 3550 1212 subtracti·-

2050 1251 2193 1313 onis
2225 1250 2779 1331 corruptionisque
2810 1249 2951 1330 eJus
2976 1267 2989 1310 :
3015 1267 3224 1322 causa,
3258 1249 3543 1330 inquam,

2051 1347 2454 1430 permissiva,
2488 1347 2784 1409 desinens
2826 1365 3222 1421 conservare,
3256 1346 3423 1408 sicut
3450 1354 3549 1408 est

2051 1466 2241 1509 causa
2298 1446 2735 1509 obdurationis
2784 1454 2848 1507 et
2895 1444 3361 1518 obstinationiS‚
3411 1463 3549 1526 gra-

2051 1545 2205 1607 tiam
2239 1564 2364 1609 non
2395 1544 2750 1626 praestando
2785 1561 2799 1605 :
2833 1543 3369 1625 quemadmodum
3400 1562 3549 1605 nau-

2050 1653 2112 1706 ta
2151 1663 2265 1728 per
2304 1663 2485 1706 suam
2524 1643 2877 1706 absentiam
2918 1640 3123 1704 fertur
3164 1661 3354 1704 causa
3396 1661 3547 1705 nau-

2051 1743 2255 1825 fragii.
2288 1744 2473 1805 Juxta
2510 1761 2702 1824 quem
2744 1741 3001 1804 modum
3044 1741 3324 1823 loquitur
3353 1741 3544 1804 Isaias

2053 1941 2172 2004 viis
2221 1941 2369 2014 tuiS‚
2404 1940 2713 2002 indurasti
2758 1940 2947 2002 corda
2988 1947 3202 2002 nostra
3241 1958 3321 2001 ne
3367 1939 3547 2002 time-

2051 2059 2265 2102 remus
2308 2041 2409 2101 te?
2450 2039 2569 2102 Sed
2612 2046 2789 2100 actus
2828 2038 3097 2101 venialis
3144 2039 3385 2121 peccati
3430 2057 3543 2101 seu

2048 2138 2297 2200 veniale
2329 2137 2393 2198 in
2432 2137 2777 2200 omissione
2819 2137 3193 2210 consistenS,
3226 2143 3323 2198 est
3356 2155 3547 2199 causa

2049 2236 2424 2319 dispositiva
2462 2244 2521 2298 et
2566 2235 2890 2298 meritoria
2930 2235 3373 2298 diminutionis
3416 2235 3546 2298 isti·

2050 2355 2142 2397 us.
2188 2335 2305 2409 Qui
2346 2335 2519 2396 enim
2556 2334 2950 2415 negligenter
2987 2341 3049 2395 et
3092 2334 3314 2396 leviter
3356 2333 3546 2396 habet

2048 2453 2137 2508 se,
2190 2433 2476 2506 ridendo,
2534 2431 2877 2495 fabulando
2932 2440 3043 2494 aut
3099 2432 3296 2494 simili
3356 2432 3545 2494 modo

2049 2530 2383 2592 venialiter
2424 2529 2808 2604 excedend0‚
2850 2547 3110 2611 prorsus
3156 2537 3435 2592 meretur
3474 2535 3544 2592 ut

2049 2628 2214 2690 Deus
2247 2628 2432 2691 modo
2474 2633 2773 2709 praetacto
2812 2627 3138 2690 caritatem
3179 2628 3246 2691 in
3286 2627 3425 2710 ipso
3454 2627 3546 2688 di·-

2051 2727 2295 2788 minuat
2330 2744 2344 2787 :
2376 2726 2544 2807 quod
2576 2733 2639 2787 et
2678 2726 2843 2787 Deus
2880 2725 3230 2788 altissimus
3266 2726 3543 2806 justissi-

2051 2845 2152 2888 me
2200 2825 2345 2906 agit.
2390 2824 2517 2886 Nec
2567 2823 2772 2886 ullum
2804 2832 2917 2886 est
2962 2823 3255 2898 dubium,
3302 2825 3433 2888 imo
3480 2833 3544 2887 et

2050 2923 2635 3007 experimentaliter
2678 2931 2944 2997 constat,
2978 2925 3149 3005 quod
3198 2924 3389 2987 homo
3430 2924 3542 3006 qui

439 3030 826 3104 lonicenseS,
858 3031 1024 3092 Deus
1065 3030 1240 3112 pacis
1279 3028 1636 3092 sanctificet
1675 3046 1786 3091 vos
1827 3045 1940 3109 per
1975 3027 2018 3092 C
2052 3041 2179 3086 non
2216 3030 2311 3084 est
2349 3021 2661 3084 sollicitus
2700 3021 2938 3102 jugiter
2967 3021 3241 3084 venialia
3281 3022 3540 3096 evitare,

435 3130 684 3204 omnia,
738 3129 1022 3211 loquitur
1071 3128 1288 3193 Glossa
1339 3146 1355 3190 ε
1406 3127 1616 3191 Gratia
1665 3126 1939 3210 Spiritus

437 3228 663 3293 Sancti
713 3241 854 3309 quae
910 3228 1054 3290 data
1099 3235 1198 3290 est
1248 3226 1431 3289 nobis
1479 3226 1544 3289 in
1593 3226 1935 3307 Baptism0,

437 3336 737 3391 servetur
795 3326 1038 3408 integra
1085 3334 1149 3389 et
1209 3326 1595 3407 incorrupta,
1649 3343 1729 3387 ne
1783 3324 1940 3386 vitio

433 3430 664 3487 nostro
691 3431 755 3485 et
784 3422 1192 3485 immunditia
1220 3429 1663 3503 corrumpatur
1690 3428 1799 3483 aut
1829 3419 1942 3482 mi·

431 3529 679 3585 nuatur
717 3522 818 3585 vel
859 3521 1115 3603 fugetur
1148 3538 1162 3583 ε
1196 3521 1348 3603 quia
1389 3521 1544 3582 dum
1582 3520 1711 3601 agit
1748 3520 1940 3583 homo

429 3640 588 3703 quae
629 3619 762 3683 odit
803 3619 1076 3701 Spiritus
1120 3620 1408 3693 Sanctus,
1453 3618 1693 3681 recedit
1735 3617 1813 3680 ab
1862 3635 1939 3681 eo

425 3720 645 3801 gratia
671 3719 813 3800 ejus
843 3719 1121 3801 penituS,
1151 3726 1262 3781 aut
1295 3717 1624 3780 minuitur.
1645 3718 1738 3781 Ad
1768 3717 1937 3800 quod

429 3818 844 3901 probandum
885 3824 1144 3899 possent
1184 3817 1400 3880 multae
1438 3816 1842 3879 auctoritates
1876 3823 1940 3878 et
1995 3883 2002 3895 ,

429 3917 720 3980 rationes
768 3915 998 3978 adduci
1051 3932 1066 3976 :
1119 3935 1275 3997 quas
1323 3914 1619 3978 brevitati
1677 3916 1937 3977 studens

429 4016 692 4088 omitto,
724 4014 875 4096 quia
903 4021 966 4075 et
1007 4014 1120 4076 has
1151 4031 1292 4076 reor
1329 4013 1649 4076 sufficere.
1686 4014 1937 4076 Etenim

433 4122 694 4178 certum
733 4122 830 4175 cst
871 4113 1043 4195 quod
1086 4112 1252 4174 sicut
1301 4112 1562 4175 mortale
1607 4118 1937 4194 peccatum

2047 3121 2285 3204 grande
2336 3120 2574 3204 patitur
2622 3119 3077 3184 detrimentum
3136 3121 3545 3185 illuminatio-

2049 3222 2149 3282 nis
2196 3220 2429 3283 divinae
2478 3239 2551 3282 ac
2602 3219 2924 3302 profectus
2970 3220 3204 3283 interni
3249 3238 3263 3282 :
3307 3221 3545 3283 idcirco

2048 3318 2222 3381 enim
2265 3326 2394 3381 'tam
2440 3320 2628 3401 pauci
2672 3320 2749 3381 ad
2793 3320 3251 3402 perfectionem
3296 3328 3358 3383 et
3408 3339 3546 3383 san·-

2049 3416 2332 3479 ctitatem
2384 3418 2771 3499 pertingunt.
2808 3454 2888 3465 —
2917 3419 3156 3483 Deinde
3205 3439 3406 3503 quum
3455 3420 3546 3482 di-

2049 3516 2237 3591 citur,
2269 3517 2440 3599 quod
2472 3518 2740 3580 cessatio
2766 3518 2846 3580 ab
2884 3527 3031 3581 actu
3062 3537 3189 3582 non
3219 3528 3317 3582 est
3356 3537 3544 3581 causa

2048 3614 2495 3679 diminutionis
2536 3615 2742 3689 istiuS,
2774 3624 2837 3678 et
2873 3617 3044 3698 quod
3084 3616 3358 3679 firmitas
3389 3618 3545 3679 cari—

2049 3714 2197 3776 tatis
2238 3732 2366 3777 non
2409 3721 2506 3776 est
2547 3732 2624 3776 ex
2673 3714 2918 3776 actibus
2969 3716 3239 3795 nostris3
3268 3716 3400 3797 jam
3454 3734 3546 3777 re-

2049 3830 2355 3894 sponsum
2394 3820 2511 3887 est,
2544 3813 2712 3895 quod
2758 3813 3025 3876 cessatio
3066 3815 3148 3876 ab
3190 3814 3433 3896 agendo
3478 3822 3541 3877 et

2048 3912 2312 3975 omissio
2375 3911 2707 3974 venialiter
2771 3910 3133 3993 culpabilis,
3195 3920 3292 3975 est
3353 3931 3544 3976 causa

2051 4010 2376 4073 meritoria
2424 4018 2488 4073 et
2534 4010 2909 4093 dispositiva
2966 4010 3411 4074 diminutionis
3462 4009 3544 4073 is·

2049 4109 2176 4171 tius
2211 4126 2226 4171 :
2263 4108 2392 4171 imo
2432 4108 2701 4171 cessatio
2741 4107 2821 4171 ab
2864 4116 3009 4171 actu
3052 4110 3164 4191 qui
3208 4110 3376 4173 cadit
3423 4109 3544 4173 sub

431 4221 542 4277 est
594 4230 768 4274 mera
813 4211 1063 4274 aversio
1105 4210 1184 4273 ab
1230 4210 1454 4273 ultimo
1498 4210 1651 4285 fine,
1695 4211 1788 4273 sic
1839 4231 1940 4273 ve·
1968 4208 2018 4268 D
2051 4216 2389 4290 praecepto,
2440 4215 2537 4269 est
2585 4207 2795 4270 taliter
2853 4226 3041 4271 causa
3092 4210 3543 4273 destructionis

435 4311 618 4375 niale
645 4318 742 4373 est
768 4309 1124 4391 obliquatio
1151 4309 1365 4391 aliqua
1391 4307 1474 4370 ab
1503 4310 1728 4372 eodem
1753 4327 1768 4371 ι
1792 4310 1942 4373 alio-

437 4409 560 4492 qui
623 4425 750 4470 non
806 4408 1174 4488 disponeret
1232 4424 1348 4468 nec
1411 4406 1771 4489 frequentia
1828 4426 1941 4469 sua

436 4508 827 4590 perduceret
867 4506 947 4568 ad
992 4505 1275 4567 mortale.

521 4604 822 4669 Rationes
865 4621 1120 4687 quoquc
1164 4611 1383 4667 contra
1432 4603 1815 4685 positionem
1867 4603 1942 4667 is-

431 4714 576 4768 tam
610 4704 905 4777 inductae,
941 4711 1376 4766 monstrantur
1406 4703 1698 4766 invalidae
1731 4711 1795 4766 et
1824 4705 1943 4768 sol-

431 4810 688 4867 vuntur
717 4801 1022 4865 facillime
1058 4819 1071 4862 :
1107 4809 1175 4863 ut
1207 4820 1408 4884 quum
1438 4802 1708 4865 Thomas
1739 4810 1803 4864 et
1830 4803 1941 4865 alii

429 4904 691 4975 dicunt,
739 4901 940 4965 Causa
988 4900 1433 4963 diminutionis
1483 4901 1763 4964 caritatis
1813 4920 1942 4965 non

431 5008 654 5085 potest
692 5000 860 5063 sumi
899 5018 978 5061 ex
1018 5006 1193 5081 parte
1232 4999 1367 5073 Dei,
1401 5018 1608 5081 neque
1647 5019 1724 5062 ex
1765 5010 1941 5082 parte

429 5110 624 5165 actus
662 5101 898 5180 nostri;
931 5100 1076 5163 dico
1114 5100 1284 5182 quod
1327 5099 1605 5161 sumitur
1643 5118 1720 5163 ex
1765 5108 1941 5182 parte

431 5202 580 5275 Dei,
613 5208 678 5263 et
723 5199 918 5263 etiam
960 5217 1038 5261 ex
1087 5208 1264 5280 parte
1305 5204 1484 5260 actus
1534 5200 1732 5262 nostri
1767 5217 1780 5261 :
1815 5218 1942 5262 non

431 5300 618 5387 quod
666 5301 832 5363 Deus
878 5298 1193 5381 gloriosus
1238 5303 1303 5359 et
1350 5305 1608 5360 sanctus
1662 5298 1745 5360 sit
1789 5297 1943 5361 effe-

2051 4306 2351 4369 caritatiS.
2387 4306 2695 4369 Similiter
2724 4308 2889 4382 dioc,
2923 4309 3093 4389 quod
3132 4317 3310 4371 actus
3342 4310 3542 4372 nostri

2052 4404 2203 4467 boni
2234 4413 2297 4467 et
2327 4404 2614 4468 custodia
2643 4406 2872 4479 cordiS,
2904 4406 3237 4487 diligentia
3264 4416 3327 4469 et
3358 4426 3543 4471 cona-

2051 4510 2154 4565 tus
2197 4502 2599 4585 proficiendi,
2633 4511 2783 4566 sunt
2817 4504 3141 4567 meritoria
3178 4514 3243 4567 et
3280 4506 3546 4589 disposi-

2051 4602 2183 4665 tiva
2222 4621 2413 4665 causa
2452 4602 2773 4684 profectus
2814 4612 2877 4665 et
2915 4604 3321 4669 radicationis
3354 4614 3543 4687 atque

2053 4702 2313 4783 maj0ris
2371 4702 2696 4764 firmitatis
2745 4710 2809 4763 et
2855 4705 3178 4784 augmenti
3239 4704 3538 4768 caritatis.

2053 4802 2227 4865 Unde
2259 4800 2571 4863 Eusebius
2612 4808 2999 4863 contestatur
3033 4819 3046 4865 :
3081 4803 3398 4876 Quantum
3428 4822 3542 4868 nos

2051 4899 2538 4983 apposuerimus
2577 4899 2655 4961 ad
2691 4899 3087 4980 diligentiam
3126 4909 3190 4963 et
3218 4910 3539 4977 conatum,

2053 5007 2300 5061 tantum
2344 4999 2509 5061 Deus
2551 5006 2831 5082 apponet
2871 4999 2949 5061 ad
2986 5000 3253 5081 gratiam
3292 5008 3357 5062 et
3404 5018 3543 5083 pro-

2053 5100 2311 5162 fectum.
2347 5100 2494 5160 ldeo
2523 5099 2829 5161 Dominus
2859 5099 2945 5162 ait
2984 5118 3098 5181 per
3126 5098 3486 5162 Zachariam
3522 5118 3537 5162 :

2055 5197 2512 5262 convertimini
2550 5198 2627 5259 ad
2669 5217 2791 5272 mc,
2825 5206 2888 5261 et
2926 5206 3255 5262 convertar
3292 5201 3370 5261 ad
3404 5217 3535 5263 vos.
3582 5216 3827 5274 laem-,a

2051 5295 2320 5360 Jacobus
2350 5312 2603 5377 quoque
2636 5295 2957 5377 apostolus
2982 5312 2996 5357 τ
3021 5295 3541 5383 Appropinquate
3568 5319 3834 5373 motans.
