4359 6250
1293 488 1492 533 m'mm
1536 487 1599 533 ῘΝ
1642 486 1759 531 ΠΕΟ
1801 485 1958 531 VERE
1999 485 2092 531 sn·
2133 485 2436 541 NUMERUS,
2474 484 2600 531 R'rc.

3382 464 3498 529 177

393 660 746 734 ponuntur,
793 675 832 718 a
879 675 1026 738 qua,
1077 676 1154 719 ex
1202 677 1348 738 qua,
1399 675 1512 739 per
1563 674 1782 737 quam,
1828 656 1892 717 in
1922 654 1974 716 A
2007 653 2236 716 dividit
2281 670 2617 735 personam
2660 672 2697 715 a
2740 670 3009 736 persona
3055 652 3495 725 essentialiter,

391 770 541 831 qua,
573 758 638 813 et
667 752 746 813 ad
777 773 972 834 quam
1000 755 1216 817 omnia
1244 763 1414 827 sunt,
1437 762 1501 816 et
1531 755 1894 817 coordinata

393 856 566 921 sunt,
599 858 664 911 et
717 861 994 915 manent.
1032 852 1206 927 Quod
1256 861 1319 915 et
1363 853 1612 935 Algazel
1664 853 1730 915 in
1779 872 1894 915 sua

391 946 826 1030 metaphysica
869 952 1088 1031 tangit.
1122 986 1205 995 —
1231 951 1464 1024 Quarto
1507 951 1742 1013 dicitur
1779 969 1892 1012 nu-

393 1062 614 1107 merus
655 1064 734 1109 ex
775 1055 954 1128 parte
997 1049 1088 1111 rei
1133 1057 1500 1123 numeratio,
1535 1049 1888 1111 secundum

389 1143 552 1223 quid
599 1152 663 1205 et
709 1162 838 1207 non
887 1146 1287 1228 simpliciter,
1339 1147 1586 1209 scilicet
1637 1153 1890 1209 causata

391 1240 724 1321 pluralitas
763 1263 802 1306 a
840 1244 1269 1326 distinguente
1313 1264 1720 1327 quocumque
1761 1264 1889 1308 mo-

386 1338 478 1399 do
517 1356 532 1399 :
575 1343 1112 1421 quemadmodum
1162 1344 1353 1406 etiam
1402 1343 1679 1405 dicimus
1727 1363 1886 1425 pun-

387 1443 568 1499 ctum
619 1438 684 1501 in
735 1440 946 1503 medio
995 1441 1494 1513 continuantem,
1548 1460 1686 1505 esse
1736 1442 1882 1515 duo,

386 1537 696 1616 quoniam
745 1544 816 1599 ut
862 1538 1112 1601 duobus
1161 1540 1404 1601 utimur
1449 1556 1548 1614 e0‚
1590 1539 1886 1603 videlicet

384 1640 464 1693 ut
510 1633 642 1695 fine
685 1642 750 1696 et
793 1643 865 1697 ut
907 1637 1262 1719 principi03
1297 1645 1588 1700 centrum
1631 1655 1884 1719 quoque

387 1730 458 1791 in
497 1731 742 1795 circulo
783 1733 1062 1797 dicimus
1103 1754 1243 1797 esse
1287 1736 1489 1798 multa
1531 1735 1598 1797 in
1641 1736 1883 1798 ratione

2005 753 2149 815 ideo
2198 770 2326 815 non
2376 752 2757 834 simpliciter
2804 751 2958 814 facit
3005 751 3433 833 pluralitatem
3480 768 3493 813 :

2004 869 2154 931 ergo
2202 870 2319 913 nec
2377 851 2755 931 simpliciter
2802 850 2955 912 facit
3010 850 3331 912 binarium
3388 856 3499 911 aut

2004 950 2373 1011 ternarium.
2414 949 2587 1011 Unde
2631 949 2926 1030 quamvis
2974 948 3039 1011 in
3082 948 3320 1010 divinis
3368 948 3497 1009 sint

2003 1046 2143 1110 duae
2204 1064 2511 1129 personae,
2574 1064 2700 1109 non
2762 1054 2973 1109 tamen
3033 1046 3372 1123 binarius3
3432 1051 3497 1107 et

2001 1146 2293 1227 quamvis
2324 1146 2407 1207 sit
2437 1145 2527 1207 ibi
2558 1144 2882 1227 pluralitas
2913 1162 3345 1226 personarum,
3366 1160 3493 1206 non

2001 1250 2213 1305 tamen
2247 1244 2607 1306 multitudo.
2644 1244 2885 1305 Idcirco
2916 1260 3039 1305 non
3071 1241 3315 1305 aestimo
3346 1259 3492 1304 con-

2001 1342 2379 1414 cedendum,
2415 1342 2583 1423 quod
2626 1360 2825 1403 unum
2860 1342 2925 1402 in
2965 1341 3202 1402 divinis
3234 1342 3317 1403 sit
3348 1360 3491 1423 pars

1999 1439 2271 1501 duorum
2331 1440 2521 1501 etiam
2573 1439 2869 1512 discreta,
2920 1440 3086 1501 sicut
3141 1438 3349 1501 unitas
3396 1446 3493 1500 est

2001 1555 2145 1617 pars
2176 1538 2409 1599 binarii
2441 1537 2542 1599 vel
2582 1537 2841 1599 ternarii
2876 1555 2890 1597 ε
2926 1538 3227 1619 quoniam
3270 1556 3491 1599 nume-

2000 1654 2108 1697 rus
2147 1655 2341 1717 quem
2386 1636 2563 1699 notio
2606 1637 2739 1697 sive
2784 1635 3005 1698 relatio
3050 1636 3178 1716 agit
3222 1635 3286 1697 in
3332 1636 3491 1697 divi-

1999 1733 2122 1808 niS,
2186 1751 2311 1796 non
2371 1742 2469 1796 est
2524 1733 2903 1816 simpliciter
2960 1753 3285 1795 numerus.
3348 1734 3493 1796 Haec

387 1829 720 1911 principii,
764 1832 830 1892 in
872 1840 1183 1913 quantum
1227 1834 1444 1896 multae
1488 1833 1670 1896 lineae
1715 1851 1885 1913 egre-
1921 1834 1968 1895 B
1999 1832 2313 1895 Albertus.

385 1926 654 1990 diuntur
684 1929 763 1991 ab
793 1947 872 1992 eo
899 1931 978 1991 ad
1017 1930 1618 1994 circumferentiam.
1655 1932 1883 2013 Sicque

383 2044 728 2105 personam
786 2048 902 2091 sua
960 2029 1344 2110 proprietate
1397 2030 1762 2092 distinctam
1821 2037 1886 2091 et

381 2124 898 2201 determinatam,
960 2127 1236 2189 dicimus
1298 2147 1488 2190 unam
1526 2146 1543 2206 ;
1602 2135 1665 2191 et
1728 2128 1883 2190 duas

383 2240 690 2303 personas
718 2224 1074 2299 distinctaS,
1101 2226 1316 2307 plures
1341 2244 1355 2287 t
1378 2233 1568 2307 atque
1599 2227 1718 2288 hoc
1749 2226 1884 2288 solo

383 2322 578 2385 modo
605 2341 914 2386 numerus
945 2324 1216 2405 positive
1245 2332 1340 2386 est
1382 2326 1446 2387 in
1478 2324 1736 2399 diviniS‚
1773 2325 1882 2386 tali

379 2420 654 2501 originis
685 2422 1090 2504 proprietate.
1113 2423 1191 2484 Et
1219 2423 1286 2486 in
1315 2423 1435 2487 hac
1466 2425 1713 2487 numeri
1744 2442 1886 2487 con-

381 2519 770 2582 sideratione
817 2520 1177 2584 diminutus
1223 2530 1320 2583 est
1366 2522 1678 2603 Magister,
1728 2541 1882 2605 quo-

381 2619 562 2680 niam
623 2618 743 2681 iste
803 2637 1110 2682 numerus
1167 2637 1296 2683 non
1352 2629 1448 2684 est
1505 2621 1884 2704 simpliciter

381 2735 718 2791 numeruS,
745 2718 856 2780 sed
888 2736 1194 2780 numerus
1225 2719 1508 2801 quidam,
1533 2738 1724 2801 quem
1755 2720 1884 2800 agit

379 2814 746 2895 proprietas
811 2814 1245 2878 determinans
1306 2824 1369 2879 et
1430 2817 1829 2898 distinguens
1863 2835 1880 2897 ;

380 2918 922 2995 numeratumque
972 2912 1084 2975 illo
1126 2932 1413 2989 numero,
1445 2922 1543 2977 est
1591 2932 1877 2996 persona.

377 3008 530 3072 Haec
573 3009 890 3073 Albertus.

465 3107 754 3190 Denique
786 3108 956 3172 idem
987 3109 1216 3174 Doctor
1244 3130 1437 3192 supra
1473 3110 1881 3174 distinctione

377 3207 808 3270 nonadecima
845 3209 924 3270 de
962 3209 1080 3271 bac
1121 3210 1258 3291 ipsa
1297 3210 1519 3272 scribit
1565 3211 1829 3273 materia
1862 3229 1876 3274 ε

377 3305 878 3368 Concedendum
908 3314 1025 3381 est,
1058 3309 1226 3390 quod
1258 3309 1400 3372 duae
1429 3328 1541 3370 seu
1580 3317 1708 3371 tres
1739 3327 1879 3391 per-

374 3421 555 3467 sonae
587 3404 652 3466 in
683 3405 919 3467 divinis
949 3413 1098 3468 sunt
1131 3407 1347 3488 plures
1383 3426 1576 3489 quam
1611 3427 1756 3481 una,
1793 3407 1878 3470 lo-

373 3502 639 3584 quendo
685 3503 764 3566 de
811 3522 1081 3567 numero
1127 3524 1320 3587 quem
1376 3505 1529 3568 facit
1578 3505 1668 3568 ibi
1720 3506 1875 3568 rela-

372 3601 508 3680 tio;
543 3609 756 3664 tamen
799 3621 928 3664 una
967 3620 1095 3665 non
1137 3611 1234 3665 est
1277 3622 1422 3686 pars
1459 3605 1731 3667 duarum
1768 3612 1876 3666 aut

373 3700 602 3775 trium,
634 3719 756 3763 nec
797 3701 1008 3764 unitas
1039 3701 1150 3764 illa
1187 3709 1282 3764 est
1321 3720 1466 3784 pars
1498 3703 1728 3765 binarii
1767 3703 1878 3765 ali-

373 3797 592 3878 cujus.
626 3798 804 3871 Quod
835 3805 1027 3880 patet,
1061 3800 1214 3881 quia
1245 3799 1310 3862 in
1341 3799 1752 3862 inferioribus
1783 3807 1880 3864 est

375 3895 594 3958 forma
639 3895 1076 3959 substantialis
1124 3897 1651 3979 uniuscujusque,
1694 3898 1878 3979 cujus

371 4001 564 4056 actus
605 4002 703 4058 est
747 4013 886 4057 rem
934 3995 998 4058 in
1049 4013 1116 4058 se
1165 3995 1526 4070 terminare,
1560 4003 1750 4078 atque
1795 3997 1877 4059 ab

369 4093 526 4154 aliis
574 4111 889 4174 separare,
937 4094 1004 4156 in
1051 4094 1287 4176 quibus
1336 4113 1462 4156 non
1509 4102 1607 4157 est
1653 4096 1872 4158 eadem

2078 1931 2319 1993 Rursus
2366 1931 2594 2012 quaerit
2642 1931 2904 2005 ibidem,
2940 1939 3153 1993 utrum
3203 1949 3488 2013 personae

1997 2028 2309 2091 differunt
2352 2047 2637 2092 numero.
2674 2030 2935 2092 Videtur
2978 2030 3147 2111 quod
3186 2030 3299 2105 sic,
3334 2048 3488 2111 quo-

1996 2127 2170 2189 niam
2220 2146 2487 2190 numero
2535 2128 3006 2201 discernuntur,
3053 2146 3171 2191 nec
3221 2146 3348 2190 una
3394 2136 3489 2190 est

1994 2224 2134 2287 alia.
2158 2261 2240 2271 —
2268 2226 2693 2289 Damascenus
2724 2244 2978 2308 quoque
3007 2226 3289 2289 affirmat
3318 2225 3487 2309 quod

1994 2322 2361 2386 differentia
2392 2342 2581 2386 causa
2609 2331 2705 2386 est
2742 2325 3013 2386 numeri.
3050 2325 3255 2398 Quum
3295 2324 3489 2405 igitur

1994 2421 2297 2483 differant
2327 2422 2406 2484 ab
2448 2422 2747 2496 invicem,
2783 2422 3036 2485 videtur
3063 2423 3233 2504 quod
3268 2442 3489 2484 nume-

1995 2536 2083 2581 ro.
2127 2554 2208 2564 —
2246 2520 2505 2595 Iterum,
2558 2538 2685 2583 non
2737 2520 3047 2583 differunt
3093 2538 3323 2602 genere
3370 2540 3487 2583 nec

1996 2620 2233 2699 specie,
2278 2636 2427 2699 ergo
2471 2636 2755 2681 numero.

2077 2716 2170 2777 Ad
2204 2717 2373 2798 quod
2404 2717 2764 2799 respondet,
2798 2718 2969 2799 quod
3009 2735 3137 2781 non
3176 2717 3487 2779 differunt

1995 2833 2264 2878 numero
2303 2816 2414 2898 qui
2458 2816 2542 2877 sit
2586 2816 2965 2897 simpliciter
3004 2835 3331 2889 numerus,
3375 2816 3487 2878 sed

1995 2913 2308 2976 differunt
2336 2932 2603 2977 numero
2634 2914 3013 2978 relationum
3048 2935 3162 2978 seu
3193 2932 3488 2997 persona-

1919 3014 1962 3077 C
1997 3031 2140 3075 rum
2190 3030 2204 3074 :
2252 3014 2423 3094 quod
2472 3031 2599 3076 non
2656 3021 2751 3075 est
2800 3013 3181 3096 simpliciter
3226 3012 3490 3077 differre

1996 3131 2284 3186 numero,
2309 3112 2611 3194 quoniam
2645 3112 2847 3176 'forma
2876 3113 3167 3176 dividens
3198 3113 3265 3176 in
3294 3133 3491 3196 quan-

1995 3217 2130 3271 tum
2163 3210 2477 3284 dividenS,
2514 3229 2703 3272 causa
2732 3219 2827 3273 est
2856 3213 3128 3274 numeri.
3161 3247 3243 3257 --
3270 3212 3493 3285 Quam-

1991 3308 2089 3370 vis
2139 3326 2290 3388 ergo
2339 3326 2623 3391 personae
2670 3309 2749 3370 ab
2798 3309 3076 3372 invicem
3123 3311 3489 3372 discernan-

1991 3413 2116 3480 tur,
2171 3424 2299 3468 non
2359 3414 2569 3468 tamen
2629 3408 2883 3490 proprie
2942 3407 3274 3481 differunt,
3332 3409 3485 3490 quia

1991 3521 2120 3567 non
2168 3503 2405 3566 habent
2452 3504 2885 3584 differentias;
2928 3506 3036 3568 sed
3082 3525 3195 3588 per
3240 3506 3486 3569 relatio-

1990 3621 2104 3664 nes
2162 3602 2649 3682 distinguuntur
2698 3621 2712 3664 :
2764 3604 2933 3685 quod
2992 3621 3119 3666 non
3177 3611 3273 3666 est
3334 3603 3481 3666 sub—

1989 3700 2368 3762 stantialiter
2396 3700 2839 3774 diversificari,
2863 3720 3070 3783 neque
3102 3701 3481 3783 simpliciter

1989 3799 2330 3861 numerari.
2367 3800 2510 3861 Ideo
2540 3800 2793 3881 proprie
2826 3799 3163 3880 loquendo,
3199 3817 3327 3862 non
3361 3798 3481 3862 dis-

1989 3895 2205 3958 serunt
2250 3914 2505 3977 genere,
2551 3916 2669 3959 nec
2717 3897 2950 3979 specie,
2994 3917 3113 3960 nec
3162 3916 3429 3961 numero
3465 3915 3479 3959 :

1989 3996 2293 4077 quoniam
2363 3995 2473 4057 illa
2539 3995 2770 4059 divisio
2832 3995 3044 4058 locum
3114 3996 3305 4058 habet
3370 3996 3482 4058 ubi

1988 4113 2295 4156 numerus
2361 4093 2650 4176 sequitur
2708 4094 3307 4176 multiplicationem
3368 4113 3483 4158 seu

369 4209 654 4254 numero
682 4191 906 4254 forma.
931 4191 1045 4256 Per
1070 4199 1287 4254 actum
1318 4193 1511 4273 igitur
1541 4193 1724 4255 illum
1757 4192 1878 4256 for·
1908 4195 1957 4256 D
1989 4193 2374 4255 divisionem
2432 4193 2742 4257 essentiae.
2796 4195 2865 4255 ln
2920 4195 3211 4276 personis
3267 4201 3481 4257 autem

373 4308 490 4352 ma
543 4289 702 4352 facit
759 4307 895 4352 rem
952 4307 1090 4353 esse
1138 4308 1354 4364 unam,
1405 4297 1468 4352 et
1513 4298 1611 4353 est
1667 4292 1878 4354 unitas

370 4389 543 4470 ejus.
609 4388 944 4470 Quumque
1003 4389 1276 4450 unitates
1333 4388 1603 4451 duarum
1662 4408 1876 4452 rerum

372 4494 736 4568 sequantur
779 4485 1013 4550 formas
1057 4486 1524 4561 substantiale5‚
1559 4504 1685 4550 non
1729 4496 1879 4550 sunt

373 4603 514 4646 una
541 4601 662 4646 nec
695 4603 898 4646 unum
931 4603 946 4647 :
980 4585 1126 4648 ideo
1163 4585 1373 4647 unitas
1407 4585 1601 4666 hujus
1640 4587 1878 4649 unitas-

371 4701 510 4766 que
553 4683 730 4745 illius
779 4683 1015 4765 pariter
1055 4691 1348 4765 sumptae,
1382 4684 1653 4746 reddunt
1701 4685 1877 4747 bina-

371 4783 577 4854 rium,
609 4789 674 4844 et
709 4789 836 4844 tres
876 4782 1246 4844 ternarium.
1279 4782 1351 4844 In
1390 4781 1626 4845 divinis
1664 4790 1879 4845 autem

368 4880 660 4943 essentia
690 4896 820 4943 non
851 4879 1079 4942 dividit
1110 4881 1221 4942 sed
1252 4881 1464 4962 potius
1496 4881 1636 4943 unit
1665 4899 1880 4962 perso-

369 4997 497 5042 nas
531 4995 546 5040 ε
585 4978 731 5041 ideo
769 4978 978 5042 unitas
1020 4996 1306 5061 personae
1344 4987 1415 5041 ut
1452 4986 1549 5041 est
1585 4995 1875 5061 persona,

369 5095 508 5141 non
540 5083 642 5140 est
669 5077 964 5140 essentia.
999 5078 1119 5140 Sed
1151 5078 1326 5140 notio
1354 5097 1466 5140 seu
1505 5077 1726 5139 relatio
1755 5077 1879 5138 dis-

366 5176 622 5258 tinguit
651 5193 976 5258 personas,
1009 5183 1074 5238 et
1101 5193 1444 5238 numerum
1481 5175 1634 5237 facit
1664 5174 1730 5237 in
1761 5175 1875 5237 eis.

367 5277 682 5340 Attamen
733 5275 1038 5357 quoniam
1095 5275 1271 5338 notio
1315 5283 1426 5337 aut
1474 5274 1694 5337 relatio
1753 5290 1880 5336 non

637 5409 704 5462 Τ.
739 5408 822 5461 20.

1989 4291 2281 4354 essentiae
2340 4291 2548 4354 unitas
2608 4298 2987 4373 perseverat.
3038 4327 3119 4338 -
3173 4293 3317 4356 Haec
3374 4293 3480 4355 Al·

1990 4389 2229 4451 bertus.

2071 4487 2422 4551 Concordat
2463 4487 2790 4550 Udalricus
2834 4488 2901 4550 in
2945 4488 3207 4552 Summa
3252 4507 3366 4551 sua
3416 4489 3481 4550 in

1991 4586 2285 4669 pluribus
2329 4586 2505 4660 lociS‚
2542 4587 2893 4668 praesertim
2933 4587 3000 4648 in
3039 4587 3267 4650 ultimo
3309 4587 3483 4650 tertii

1992 4684 2140 4746 libri
2183 4683 2482 4766 capitulo.

2072 4783 2375 4844 Praeterea
2413 4781 2683 4845 Thomas
2728 4782 2832 4844 hic
2874 4783 3100 4845 asserit
3134 4801 3148 4844 :
3182 4784 3486 4856 Quemad-
3582 4775 3589 4784 ’

1993 4880 2255 4942 modum
2299 4881 2559 4943 unitatis
2608 4882 2770 4943 ratio
2808 4881 3099 4944 consistit
3142 4882 3207 4943 in
3255 4881 3481 4944 indivi-

1993 4979 2193 5051 sione,
2245 4977 2337 5039 sic
2396 4978 2555 5041 ratio
2612 4979 2865 5041 numeri
2920 4997 2994 5040 ac
3053 4979 3483 5041 multitudinis

1995 5075 2287 5138 consistit
2338 5075 2403 5136 in
2454 5075 2769 5138 divisione
2825 5075 3313 5137 distinctioneve
3370 5075 3484 5136 ali-

1993 5192 2136 5255 qua.
2153 5173 2329 5234 Unde
2360 5191 2435 5235 ea
2462 5191 2605 5254 quae
2634 5173 2991 5236 invenimus
3020 5172 3227 5234 divisa
3254 5173 3491 5255 simpli·

1995 5272 2172 5344 citer,
2208 5271 2482 5333 dicimus
2532 5271 2731 5333 multa
2772 5270 3190 5352 simpliciter3
3236 5279 3301 5334 et
3343 5291 3485 5354 quae

3178 5404 3240 5457 12
