4359 6250
612 2394 745 2438 Hilar.
775 2397 829 2440 de

575 2457 800 2510 ‘ri-intuto.

575 2522 649 2564 lib.
680 2537 752 2574 ιιι,
782 2537 826 2566 n.

576 2588 642 2628 2³.

574 2648 843 2704 Aug.deTri-

574 2712 726 2761 nitate,
762 2714 838 2757 lib.

572 2793 615 2828 v,
636 2792 681 2822 n.
698 2783 738 2822 6.

884 471 1004 536 234
1784 497 1959 542 maan
2000 498 2020 542 1
2062 496 2547 542 semi-:munem
2593 516 2673 525 —
2713 497 2866 543 msr.
2913 497 3082 543 xxvii

884 680 1053 724 sonae
1102 664 1293 725 habet
1340 684 1407 727 se
1452 666 1629 747 quasi
1683 685 1796 747 per
1846 667 2106 728 modum
2157 665 2379 727 distin·
2407 666 2454 726 A
2489 665 2574 727 tia
2604 674 2700 726 est
2729 673 2790 726 et
2822 665 3224 746 singularitas
3261 666 3571 747 qua-dam,
3603 683 3730 725 non
3765 671 3986 725 autem

881 760 1175 841 guibilis3
1226 763 1447 826 relatio
1504 772 1739 838 autem,
1788 784 1929 845 quae
1979 765 2235 845 propria
2282 772 2378 825 est
2489 763 2728 826 ratione
2779 783 2904 845 qua
2952 771 3048 825 est
3095 763 3371 826 essentia
3419 763 3613 843 hujus
3655 762 3755 823 vel
3807 762 3988 823 illius

882 877 1189 939 personae,
1254 881 1368 943 per
1430 863 1689 926 modum
1749 863 2254 945 distinguentis3
2313 872 2377 925 et
2487 879 2792 942 personae.
2856 863 2984 924 Hoc
3043 880 3319 943 namque
3381 879 3506 923 non
3564 860 3861 922 convenit
3921 859 3986 920 ei

880 977 1170 1039 persona,
1232 981 1347 1043 per
1404 961 1662 1024 modum
1721 962 2025 1024 distincti.
2080 962 2256 1025 Unde
2314 969 2378 1024 et
2487 960 2611 1021 nisi
2653 978 2766 1040 per
2803 960 3175 1023 relationem
3214 960 3280 1021 in
3321 977 3388 1021 se
3417 958 3746 1020 fundatam
3783 977 3798 1020 ε
3832 957 3992 1039 quia

879 1057 1031 1120 alibi
1064 1059 1219 1121 dicit
1250 1060 1821 1142 Henricus,quinto
1852 1061 2150 1122 videlicet
2179 1062 2378 1134 Quod·
2488 1076 2601 1139 per
2648 1059 2768 1120 hoc
2820 1058 2988 1139 quod
3037 1058 3259 1120 relatio
3307 1057 3498 1119 habet
3545 1075 3685 1118 esse
3733 1065 3796 1117 et
3838 1054 3990 1117 sun-

880 1154 1076 1218 libeto
1117 1174 1130 1217 :
1176 1157 1244 1217 In
1290 1158 1417 1220 Deo
1460 1157 1647 1219 realis
1698 1158 1921 1220 relatio
1963 1157 2268 1220 fundatur
2309 1157 2372 1220 in
2485 1158 2618 1220 dari
2662 1159 2726 1219 in
2758 1159 3052 1233 essentia,
3088 1159 3278 1221 simul
3313 1157 3642 1220 constituit
3673 1155 3988 1218 rationem

877 1254 1172 1329 essentia,
1207 1255 1447 1317 ratione
1490 1274 1616 1336 qua
1659 1256 2011 1317 secundum
2056 1275 2122 1318 se
2165 1274 2376 1318 essen·
2483 1257 2817 1340 suppositi.

1748 1708 2577 1820 DISTINCTIO
2684 1710 3100 1819 XXVII

962 2063 1043 2124 A.
1080 2067 1187 2126 An
1226 2068 1521 2127 easdem
1552 2064 2057 2138 proprietates
2093 2067 2472 2140 asstynent
2497 2066 2945 2141 Auens-tinus
2981 2066 3051 2126 et
3079 2067 3443 2140 Hilarium
3479 2067 3551 2127 et
3587 2079 3690 2128 an
3728 2067 3890 2128 tstoe

1337 2183 1489 2244 sint
1516 2197 1674 2257 quoe
1702 2182 2074 2256 dicuntur,
2094 2184 2546 2256 paternitas,
2574 2183 2645 2243 et
2668 2184 2962 2256 filiatw,
2991 2183 3064 2243 et
3084 2185 3488 2255 process-w.

1180 2520 1357 2600 quod
1394 2519 1589 2582 Pater
1626 2536 1885 2599 semper
1922 2521 2021 2582 est
2057 2519 2275 2598 Pater,
2318 2522 2382 2583 et
2417 2521 2631 2584 Filius
2677 2539 2936 2602 semper
2976 2524 3074 2584 est
3115 2521 3352 2600 Filius,
3384 2522 3518 2583 sint
3554 2520 3684 2584 illae
3725 2521 3982 2584 eaedem

1179 2635 1608 2716 proprietates
1638 2651 1803 2714 quas
1830 2636 2244 2716 Augustinus
2273 2637 2578 2718 superius
2611 2638 2938 2716 distinxit,
2961 2637 3186 2700 dicens
3215 2637 3554 2718 proprium
3587 2654 3730 2699 esse
3759 2637 3986 2700 Patris

868 2752 1045 2832 quod
1082 2752 1311 2832 genuit
1348 2751 1615 2830 Filium,
1658 2753 1724 2813 et
1760 2753 2099 2832 proprium
2138 2753 2291 2814 Filii
2330 2754 2508 2834 quod
2554 2755 2816 2834 genitus
2855 2756 2953 2816 est
2989 2771 3028 2815 a
3065 2755 3280 2833 Patre,
3322 2755 3384 2815 et
3423 2753 3710 2834 Spiritus
3751 2754 3981 2816 Sancti

866 2869 1045 2950 quod
1086 2868 1169 2931 ab
1210 2869 1488 2948 utroque
1526 2867 1853 2948 procedit3
1894 2885 1971 2930 ac
2008 2868 2264 2947 deinde,
2307 2871 2531 2932 utrum
2569 2872 2634 2932 et
2673 2871 2816 2934 istae
2854 2871 2987 2933 sint
3024 2871 3154 2934 illae
3195 2887 3342 2951 quae
3384 2870 3714 2944 dicuntur,
3757 2871 3984 2950 pater-

864 2986 1059 3064 nitas,
1110 2983 1366 3060 filiatio,
1426 2983 1780 3063 processio.
1832 2983 2111 3046 Videtur
2165 2986 2342 3064 quod
2397 3002 2530 3047 non
2587 2987 2720 3048 sint
2775 2987 3021 3050 eaedem
3077 2987 3509 3067 proprietates
3564 3003 3730 3065 quas
3782 2986 3984 3066 ponit

862 3100 1180 3181 HilariuS,
1212 3101 1277 3163 et
1314 3098 1443 3163 illae
1488 3117 1652 3181 quas
1690 3101 1877 3182 ponit
1913 3100 2349 3182 Augustinus,
2395 3101 2464 3165 Si
2505 3102 2681 3165 enim
2721 3081 2968 3167 eaedern
3010 3103 3187 3183 sunt,
3231 3101 3406 3165 idem
3449 3101 3548 3164 est
3591 3118 3743 3182 ergo
3787 3101 3978 3166 Patri

862 3236 1004 3281 esse
1054 3217 1342 3295 Patrem,
1394 3218 1459 3279 et
1506 3218 1811 3297 genuisse
1857 3217 2103 3280 Filium
2147 3238 2161 3278 :
2206 3218 2382 3297 quod
2433 3219 2662 3299 utique
2710 3219 2979 3299 quidam
3027 3219 3411 3283 concedunt.
3453 3217 3523 3281 Si
3573 3220 3794 3281 autem
3843 3218 3976 3281 hoc

862 3338 983 3414 est,
1017 3335 1122 3397 cui
1162 3350 1313 3414 ergo
1354 3333 1661 3396 convenit
1696 3335 1771 3395 ut
1808 3333 1895 3396 sit-
1931 3334 2146 3413 Pat-er,
2178 3335 2240 3397 ei
2271 3335 2577 3397 convenit
2611 3336 2916 3415 genuisse
2945 3335 3192 3397 Filium
3226 3354 3240 3395 :
3275 3335 3509 3396 natura
3545 3351 3698 3414 ergo
3741 3334 3976 3397 divina

861 3451 916 3513 si
969 3451 1164 3512 Pater
1214 3451 1335 3527 est,
1375 3450 1603 3530 genuit
1653 3448 1937 3531 Filium3
1991 3450 2047 3511 si
2096 3467 2251 3512 vero
2298 3467 2427 3511 non
2480 3450 2728 3531 genuit,
2762 3450 2957 3514 Pater
3006 3468 3139 3514 non
3189 3453 3308 3513 est.
3352 3450 3480 3513 Sed
3527 3450 3678 3530 quis
3728 3450 3976 3513 audeat

860 3567 1097 3647 dicere,
1137 3568 1253 3630 aut
1299 3566 1475 3647 quod
1524 3566 1665 3646 ipsa
1710 3566 1938 3646 genuit
1976 3565 2246 3646 Filium,
2288 3567 2402 3629 aut
2439 3566 2616 3647 quod
2665 3566 2808 3647 ipsa
2844 3567 3038 3630 Pater
3083 3584 3214 3629 non
3263 3566 3396 3630 sit?
3433 3566 3503 3629 Si
3552 3568 3770 3629 autem
3821 3566 3976 3647 ipsa

860 3684 1054 3747 Pater
1102 3686 1224 3762 est,
1264 3700 1383 3746 nec
1432 3682 1679 3745 Filium
1730 3682 1980 3763 genuit,
2022 3700 2154 3745 non
2204 3683 2304 3745 est
2351 3700 2502 3763 ergo
2557 3682 2734 3745 idem
2783 3683 3021 3764 dicere,
3072 3683 3324 3764 aliquid
3379 3701 3522 3747 esse
3578 3684 3839 3746 Patrem
3901 3686 3976 3747 et

859 3800 1123 3883 gignere
1168 3800 1437 3863 Filium.
1482 3802 1565 3862 Et
1612 3800 1702 3861 ita
1748 3816 1880 3861 non
1930 3800 2190 3863 videtur
2234 3817 2366 3863 una
2413 3799 2772 3879 eademque
2819 3818 2962 3863 esse
3009 3800 3396 3881 proprietas,

876 2400 1237 2700 HIC
1281 2403 1485 2483 quaeri
1526 2405 1763 2484 potest,
1798 2405 2017 2466 utrum
2060 2405 2492 2484 proprietates
2531 2422 2694 2485 quas
2733 2405 3027 2467 Hilarius
3071 2422 3270 2486 supra
3306 2405 3690 2484 assignavit,
3724 2405 3985 2468 scilicet

1302 4034 1377 4096 B.
1431 4035 1853 4107 Responsio,
1905 4035 2031 4094 ubi
2078 4034 2394 4095 ostendit
2439 4038 2735 4096 easdem
2781 4049 2935 4097 esse
2977 4036 3507 4109 proprietates.

990 4250 1092 4311 Ad
1143 4248 1321 4329 quod
1374 4247 1514 4309 sine
1568 4244 1951 4327 praejudicio
2004 4243 2287 4306 aliorum
2336 4243 2644 4321 dicimuS,
2687 4243 2860 4323 quod
2920 4243 3180 4306 easdem
3230 4245 3660 4325 proprietates
3707 4250 3976 4312 notavit

857 4369 1151 4446 uterque,
1182 4364 1333 4427 licet
1368 4363 1649 4425 diversis
1686 4360 1925 4423 verbis.
1968 4360 2159 4433 Quod
2197 4361 2372 4423 enim
2411 4358 2706 4421 Hilarius
2742 4360 2855 4439 ait,
2891 4360 2982 4422 ita
3020 4359 3297 4440 intelligi
3336 4361 3528 4425 debet
3560 4384 3574 4423 :
3607 4365 3968 4446 Proprium

856 4482 1069 4547 Patris
1111 4484 1232 4561 est,
1274 4480 1451 4561 quod
1489 4494 1749 4558 semper
1795 4477 1990 4539 Pater
2027 4478 2147 4555 est,
2193 4476 2260 4537 id
2308 4477 2428 4555 est,
2470 4476 2836 4557 proprietas
2872 4476 3088 4539 Patris
3139 4478 3259 4555 est,
3301 4495 3431 4558 qua
3473 4497 3732 4562 semper
3768 4482 3975 4547 Pater

855 4600 974 4664 est.
1018 4598 1289 4678 Semper
1328 4612 1479 4659 vero
1533 4593 1726 4656 Pater
1774 4595 1894 4671 est,
1937 4593 2093 4673 quia
2129 4592 2661 4673 semper'genuit
2701 4592 2969 4655 Filium.
3007 4594 3104 4654 Ita
3153 4594 3218 4655 et
3263 4595 3602 4676 proprium
3643 4597 3795 4659 Filii
3835 4602 3970 4679 est,

854 4716 1031 4797 quod
1081 4730 1339 4793 semper
1382 4710 1593 4773 Filius
1640 4712 1761 4788 est,
1795 4709 1863 4771 id
1915 4710 2035 4787 est,
2075 4708 2440 4789 proprietas
2489 4707 2642 4770 Filii
2683 4709 2804 4788 est,
2847 4725 2978 4788 qua
3027 4726 3286 4789 semper
3327 4710 3539 4775 Filius
3587 4715 3706 4776 est.
3747 4714 3975 4779 Filius

853 4850 1007 4895 vero
1046 4846 1307 4910 semper
1344 4829 1465 4904 est,
1503 4826 1661 4907 quia
1695 4842 1955 4906 semper
1990 4824 2252 4904 genitus
2296 4826 2414 4887 est.
2453 4826 2625 4904 Ergo
2663 4824 3027 4906 proprietas
3063 4841 3196 4905 qua
3230 4824 3425 4889 Pater
3461 4827 3656 4892 Pater
3696 4832 3820 4911 est,
3861 4835 3976 4896 est

854 4949 1011 5030 quia
1057 4962 1317 5025 semper
1360 4943 1622 5024 genuit3
1665 4944 1730 5004 et
1767 4942 1908 5005 haec
1953 4941 2179 5004 eadem
2229 4940 2470 5004 dicitur
2515 4941 2873 5021 paternitas
2916 4940 3021 5004 vel
3068 4943 3422 5021 generatio,
3463 4944 3549 5006 Et
3593 4949 3976 5028 proprietas

854 5078 984 5142 qua
1021 5058 1233 5121 'Filius
1278 5072 1538 5135 semper
1575 5056 1673 5116 est
1709 5053 1944 5131 Filius,
1986 5053 2085 5115 est
2132 5053 2288 5132 quia
2331 5070 2589 5133 semper
2635 5054 2898 5133 genitus
2935 5054 3034 5115 est
3071 5071 3108 5115 a
3153 5053 3383 5135 Patre3
3425 5057 3490 5119 et
3537 5056 3679 5120 haec
3729 5060 3970 5124 eadem

854 5176 1094 5239 dicitur
1144 5172 1399 5250 filiatio,
1440 5170 1544 5233 vel
1592 5170 1914 5251 genitura,
1966 5169 2069 5231 vel
2118 5170 2452 5249 nativitas,
2499 5170 2603 5232 vel
2659 5171 2866 5251 orig0,
2907 5171 3010 5234 vel
3061 5172 3483 5236 nascibilitas.
3527 5174 3634 5237 Sic
3681 5178 3746 5239 et
3803 5196 3974 5259 pro-

858 5292 1101 5374 prietas
1145 5306 1276 5371 qua
1313 5287 1599 5369 Spiritus
1637 5286 1920 5349 Sanctus
1968 5287 2068 5349 est
2110 5286 2396 5367 Spiritus
2433 5286 2712 5351 Sanctus
2752 5288 2855 5351 vel
2901 5288 3173 5368 donum,
3203 5290 3304 5353 est
3348 5290 3506 5371 quia
3543 5294 3842 5372 procedit
3879 5296 3978 5362 ab
