4359 6250
859 475 980 544 408

1491 494 1556 542 ΙΝ
1594 495 1817 542 LIBRUM
1858 497 1878 542 1
1921 493 2404 542 SENTEN'NARUH.
2447 509 2531 524 ·-
2568 494 2723 540 msT.
2768 495 3009 558 mvn,
3042 496 3267 552 QUAEST.
3312 495 3335 542 1

859 665 941 728 ab
980 665 1090 731 illa
1127 673 1374 742 natura,
1411 673 1482 730 ut
1521 675 1671 730 sunt
1707 667 1930 748 primae
1968 665 2354 729 intentiones
2386 665 2437 729 Α
2468 685 2595 730 non
2624 676 2719 730 est
2748 667 2873 730 alia
2903 669 3064 731 ratio
3095 668 3267 731 illius
3305 667 3542 750 speciei
3582 667 3965 750 simpliciter

859 764 1110 846 generis
1152 783 1226 827 ac
1276 764 1676 840 differentiae,
1711 773 1780 827 ut
1821 765 2116 827 animalis
2159 771 2222 828 et
2265 785 2359 828 ra-

859 864 1114 927 tionalis
1147 864 1213 927 in
1243 865 1540 944 homine3
1572 864 1672 927 vel
1704 864 1854 946 quia
1891 882 2081 946 opere
2111 864 2357 946 agentis

861 963 1166 1025 naturalis
1211 981 1326 1026 seu
1376 962 1874 1044 supernaturalis
1923 963 2245 1044 productae
2291 963 2356 1024 in

860 1081 999 1124 esse
1050 1062 1114 1124 in
1157 1070 1385 1124 natura
1432 1061 1633 1143 ipsius
1677 1062 1968 1125 essentiae
2011 1061 2354 1144 specificae‚

859 1160 1382 1242 quemadmodum
1416 1160 1737 1222 individua
1767 1167 2056 1222 contenta
2085 1159 2199 1223 sub
2226 1179 2361 1241 spe-

861 1260 980 1334 cie,
1020 1267 1092 1322 ut
1130 1260 1350 1322 Petrus
1389 1268 1451 1321 et
1491 1259 1720 1321 Paulus
1759 1259 1880 1322 sub
1916 1259 2194 1322 homine.
2240 1260 2357 1322 Res

859 1367 1072 1421 autem
1103 1358 1180 1420 de
1213 1365 1484 1440 utroque
1517 1357 1849 1420 modorum
1881 1357 2172 1430 istorum,
2208 1357 2359 1439 quia

859 1456 1337 1520 accidentaliter
1367 1464 1517 1518 sunt
1549 1456 1609 1518 id
1642 1456 1805 1537 quod
1837 1462 1986 1518 sunt
2015 1456 2359 1518 secundum

860 1575 928 1617 se
958 1562 1022 1617 et
1049 1555 1126 1616 ad
1159 1573 1248 1628 se,
1285 1554 1428 1616 ideo
1470 1554 1635 1628 dieo,
1670 1556 1839 1636 quod
1881 1563 2104 1617 neutra
2136 1574 2356 1617 earum

858 1652 1050 1716 habet
1090 1653 1296 1715 ideam
1342 1653 1407 1714 in
1449 1653 1594 1716 Deo.
1632 1653 1708 1714 Et
1753 1653 2112 1734 specialiter
2156 1672 2357 1734 genus

857 1771 931 1814 ac
973 1752 1338 1814 differentia
1378 1752 1665 1833 proprias
1707 1769 1835 1814 non
1879 1751 2115 1814 habent
2161 1752 2353 1826 ideaS,

2465 772 2528 827 et
2578 765 3055 829 individuorum
3100 766 3221 829 sub
3274 766 3431 849 ipsa,
3465 773 3535 828 ut
3576 766 3860 829 hominis
3902 775 3965 830 et

2465 865 2640 927 illius
2671 865 2951 928 hominis
2983 883 2998 927 ε
3032 885 3229 947 quare
3259 884 3378 928 nec
3406 865 3531 928 alia
3570 865 3731 940 idea,
3768 873 3835 928 ut
3871 873 3967 928 est

2465 963 2707 1026 dictum
2757 963 2835 1026 de
2882 963 3143 1044 angelis,
3188 999 3273 1010 —
3316 963 3380 1026 Si
3432 981 3581 1026 vero
3628 964 3712 1026 sit
3760 963 3963 1026 forma

2467 1082 2594 1124 una
2640 1062 2918 1125 secundo
2965 1063 3173 1136 mod0,
3206 1062 3300 1125 sic
3338 1079 3466 1125 non
3504 1070 3600 1124 est
3636 1063 3763 1124 alia
3806 1063 3966 1126 ratio

2467 1159 2669 1242 ipsius
2710 1160 2930 1223 sormae
2970 1179 3082 1222 seu
3123 1160 3361 1244 speciei
3403 1167 3473 1222 ut
3512 1161 3867 1223 secundum
3898 1180 3965 1224 se

2466 1277 2540 1321 ac
2582 1259 2963 1340 simpliciter
3004 1259 3436 1333 consideratae,
3470 1267 3533 1320 et
3577 1267 3645 1320 ut
3690 1259 3757 1321 in
3810 1259 3967 1322 indi-

2466 1357 2678 1420 viduis
2718 1366 3011 1440 sumptae-‚
3046 1357 3169 1420 nisi
3214 1357 3421 1439 qualis
3464 1364 3558 1420 est
3600 1356 3967 1420 differentia

2469 1455 2689 1519 formae
2736 1457 2801 1518 in
2852 1464 2980 1518 toto
3030 1456 3423 1536 homogeneo
3462 1464 3525 1518 et
3568 1456 3635 1518 in
3682 1456 3969 1538 partibus

2468 1554 2619 1616 suis,
2657 1554 2882 1617 Omnia
2909 1554 3082 1617 enim
3124 1553 3423 1617 habentia
3461 1552 3732 1616 sormam
3770 1555 3968 1616 conti-

2470 1653 2731 1715 nuitatis
2762 1652 2831 1714 in
2862 1651 3146 1726 materia,
3170 1659 3478 1734 quantum
3512 1659 3609 1714 est
3635 1672 3715 1715 ex
3747 1660 3971 1715 natura

2473 1751 2753 1814 materiae
2791 1758 2855 1812 et
2891 1750 3113 1815 formae
3152 1750 3590 1814 continuitatis
3634 1759 3783 1813 nata
3824 1758 3971 1813 sunt

860 1850 1013 1932 quia
1052 1867 1180 1911 non
1219 1849 1440 1910 dicunt
1483 1848 1607 1910 nisi
1651 1867 1786 1911 rem
1830 1850 2118 1912 eamdem
2163 1869 2355 1931 quam
2396 1850 2443 1912 B
2475 1869 2673 1911 unum
2706 1849 3081 1912 continuum
3114 1850 3465 1912 secundum
3498 1869 3835 1911 numerum
3866 1849 3973 1912 sie·

858 1948 1104 2030 species
1140 1964 1156 2009 2
1189 1945 1498 2008 differunt
1538 1947 1710 2010 enim
1755 1947 1962 2009 solum
2003 1948 2356 2010 secundum

863 2046 1173 2108 rationem
1205 2045 1507 2126 completi
1547 2053 1610 2106 et
1644 2045 2032 2127 incompleti.
2068 2046 2214 2108 Idea
2250 2065 2359 2107 au-

861 2151 991 2207 tem
1027 2161 1154 2207 non
1185 2152 1279 2206 est
1312 2143 1472 2205 ratio
1502 2143 1625 2205 nisi
1658 2143 1746 2205 rei
1779 2143 1899 2206 suh
1931 2145 2172 2206 ratione
2204 2163 2362 2207 com-

863 2243 1020 2326 pleti
1073 2243 1138 2304 in
1183 2249 1407 2304 natura
1447 2250 1510 2303 et
1553 2242 1876 2304 essentia:
1910 2262 2051 2323 quae
2093 2260 2220 2305 non
2265 2251 2361 2306 est

861 2341 988 2404 nisi
1030 2342 1094 2404 in
1138 2341 1350 2423 specie
1390 2341 1869 2422 specialissima.
1907 2341 2215 2404 Similiter
2254 2360 2359 2404 ne-

862 2459 987 2523 que
1042 2439 1369 2502 individua
1416 2438 1537 2501 sub
1587 2439 1822 2521 specie,
1857 2457 1931 2501 eo
1978 2440 2147 2521 quod
2197 2439 2362 2502 nihil

864 2540 955 2602 rei
996 2539 1237 2601 addunt
1279 2557 1472 2620 super
1509 2538 1851 2600 essentiam
1896 2538 2134 2620 speciei
2178 2540 2255 2601 ad
2298 2539 2361 2600 id

864 2638 1031 2719 quod
1083 2643 1180 2699 est
1222 2637 1389 2698 reale
1435 2636 1502 2698 in
1551 2636 1710 2718 ipsa,
1743 2637 1878 2699 sive
1921 2635 2114 2698 suerit
2157 2636 2363 2700 forma

866 2743 1137 2810 tantum,
1163 2735 1329 2798 sicut
1359 2735 1424 2797 in
1453 2734 1695 2815 angelis
1724 2734 1881 2815 (non
1911 2735 2084 2797 enim
2115 2744 2211 2796 est
2241 2735 2364 2796 alia

865 2836 1024 2898 ratio
1061 2833 1348 2897 formalis
1386 2833 1594 2914 angeli
1637 2833 2019 2915 simpliciter
2051 2841 2115 2896 et
2154 2834 2362 2914 angeli

863 2935 1080 3014 hujuS,
1114 2933 1264 3015 quia
1304 2949 1430 2994 non
1468 2930 1782 2993 differunt
1821 2931 1944 2992 nisi
1985 2932 2151 2994 sicut
2190 2932 2363 2994 inde-

2472 1948 2525 2009 ri
2567 1966 2581 2010 ε
2624 1948 3161 2030 quemadmodum
3212 1947 3422 2011 omnis
3468 1967 3633 2030 aqua
3681 1957 3830 2011 nata
3877 1956 3971 2012 est

2470 2065 2609 2110 esse
2654 2066 2779 2109 una
2818 2066 3002 2129 aqua.

2540 2145 2657 2208 Sed
2694 2145 2812 2207 ista
2841 2144 3172 2208 individua
3201 2145 3451 2207 diversa
3482 2145 3787 2225 contingit
3816 2164 3973 2208 com-

2472 2263 2693 2326 parare
2724 2245 2802 2306 ad
2834 2243 3103 2306 formam
3144 2243 3525 2325 simpliciter
3553 2244 3797 2325 duplici
3840 2263 3971 2307 mo-

2472 2344 2553 2405 do
2588 2361 2602 2404 :
2637 2361 2765 2405 uno
2798 2343 3005 2415 mode,
3032 2349 3101 2404 ut
3130 2341 3510 2424 simpliciter
3538 2349 3635 2405 est
3671 2341 3875 2405 torma
3907 2344 3973 2406 in

2474 2441 2775 2520 materia3
2816 2441 2942 2503 alio
2987 2440 3194 2514 modo,
3228 2448 3298 2502 ut
3340 2448 3488 2502 nata
3526 2450 3622 2503 est
3662 2460 3805 2504 esse
3848 2450 3976 2505 tota

2475 2540 2540 2602 in
2590 2559 2717 2602 una
2766 2539 3029 2602 materia
3075 2557 3361 2601 numero.
3396 2539 3462 2602 Si
3506 2538 3715 2621 primo
3760 2541 3973 2613 modo,

2474 2640 2567 2701 sic
2596 2639 2695 2720 (ut
2726 2638 2933 2720 prius)
2963 2655 3086 2700 non
3119 2646 3215 2699 est
3244 2637 3367 2700 alia
3407 2638 3565 2700 ratio
3603 2638 3807 2720 ipsius
3838 2659 3977 2722 spe-

2475 2737 2597 2800 ciei
2629 2757 2741 2799 seu
2772 2736 2993 2799 formae
3024 2735 3461 2798 continuitatis
3502 2736 3885 2819 simpliciter
3914 2747 3977 2801 et

2476 2836 2951 2899 individuorum
2984 2834 3105 2896 sub
3144 2835 3302 2916 ipsa,
3336 2834 3503 2896 sicut
3540 2855 3657 2898 nec
3693 2837 3977 2899 hominis

2474 2943 2585 2996 aut
2631 2933 2838 3014 angeli
2888 2941 2951 2995 et
3000 2933 3477 2996 individuorum
3525 2934 3647 2995 sub
3698 2934 3855 3016 ipsis
3908 2943 3979 2997 ut

867 3031 1279 3096 terminatum
1319 3036 1381 3092 et
1420 3029 1965 3110 determinatum),
1999 3030 2133 3092 sive
2169 3030 2365 3092 fuerit
2395 3029 2439 3093 C
2476 3033 2596 3096 sub
2640 3041 2771 3096 toto
2816 3031 3158 3095 universali
3196 3049 3210 3094 :
3244 3051 3439 3113 quare
3482 3051 3601 3094 nec
3642 3032 3766 3095 alia
3812 3033 3970 3096 idea.

869 3131 1296 3214 compositum
1345 3148 1423 3193 ex
1472 3128 1677 3191 forma
1722 3137 1912 3211 atque
1963 3130 2247 3205 materia,
2297 3138 2366 3192 ut

868 3232 933 3295 in
977 3228 1433 3312 corporalibus,

949 3329 1285 3393 Individua
1314 3344 1465 3390 vero
1496 3346 1638 3409 quae
1678 3334 1824 3389 sunt
1855 3326 1975 3390 sub
2011 3327 2117 3389 tali
2151 3328 2365 3409 specie

869 3426 1296 3510 compositum
1343 3425 1588 3507 aliquid
1636 3444 1713 3487 ex
1756 3424 1960 3487 forma
1998 3432 2060 3487 et
2105 3426 2367 3487 materia

869 3527 1262 3608 designante,
1310 3532 1459 3587 sunt
1508 3523 1573 3585 in
1622 3522 1864 3605 duplici
1914 3542 2162 3604 genere.
2208 3524 2365 3587 Nam

871 3625 1163 3708 quaedam
1221 3631 1317 3685 est
1377 3622 1584 3684 forma
1650 3621 1995 3685 materialis
2061 3623 2367 3703 specifica

871 3724 991 3787 sub
1036 3742 1162 3805 qua
1201 3722 1415 3803 plures
1459 3721 1811 3783 secundum
1852 3738 2193 3782 numerum
2238 3739 2365 3784 non

869 3831 1020 3887 sunt
1057 3828 1220 3905 aptae
1259 3820 1404 3883 fieri
1443 3840 1568 3881 una
1605 3820 1956 3882 secundum
2000 3838 2362 3892 numerum,

873 3941 993 3985 nec
1049 3927 1307 3983 econtra
1358 3935 1372 3979 t
1427 3926 1496 3980 ut
1547 3923 1643 3979 est
1699 3916 1904 3980 forma
1961 3917 2241 3980 hominis
2300 3916 2367 3979 in

874 4028 1182 4103 quantum
1225 4018 1434 4079 homo.
1471 4015 1764 4089 Quaedam
1803 4033 1956 4078 vero
1995 4024 2089 4078 est
2135 4016 2202 4077 in
2242 4035 2369 4097 qua

874 4118 1091 4202 plures
1122 4116 1473 4179 secundum
1507 4133 1846 4177 numerum
1883 4122 2046 4178 natae
2075 4122 2223 4177 sunt
2253 4115 2367 4177 fie-

2474 3170 2555 3180 --
2575 3134 2637 3196 Si
2670 3134 2950 3196 secundo
2980 3132 3183 3206 modo,
3209 3132 3301 3194 sic
3332 3132 3538 3194 adhuc
3568 3151 3697 3195 non
3726 3142 3823 3195 est
3850 3134 3977 3196 alia

2476 3232 2635 3295 ratio
2694 3231 2916 3294 formae
2978 3229 3417 3293 continuitatis
3474 3230 3856 3312 simpliciter
3912 3239 3979 3293 et

2477 3330 2753 3413 partium
2788 3336 3227 3392 contentarum
3259 3327 3379 3390 sub
3411 3327 3551 3411 ipsa
3582 3336 3649 3389 ut
3686 3329 3810 3390 sub
3844 3338 3979 3393 toto
4038 3386 4045 3393 .

2477 3429 2766 3511 integrali
2802 3447 2816 3491 :
2850 3446 3045 3510 quare
3085 3446 3201 3489 nec
3245 3427 3369 3489 alia
3412 3427 3570 3489 idea.
3611 3428 3819 3510 Atque
3862 3448 3981 3511 per

2478 3530 2649 3592 hunc
2713 3528 2974 3591 modum
3038 3525 3289 3587 numeri
3349 3526 3427 3587 de
3484 3526 3981 3607 praedicamento

2481 3625 2853 3709 quantitatis
2905 3624 3230 3706 propriam
3281 3642 3407 3685 non
3458 3624 3695 3685 habent
3744 3624 3981 3699 ideam,

2480 3725 2589 3789 sed
2622 3724 2830 3787 solum
2872 3722 3045 3785 illam
3089 3741 3229 3803 quae
3270 3728 3366 3783 est
3403 3720 3623 3785 sormae
3662 3722 3984 3785 continui-

2478 3824 2625 3888 tatis
2684 3823 2749 3884 in
2813 3841 2938 3904 qua
2998 3820 3269 3883 unitates
3328 3820 3579 3881 numeri
3635 3820 3985 3903 aliquando

2480 3928 2658 3984 erant
2690 3920 3092 3994 continuatae,
3115 3926 3225 3981 aut
3254 3925 3415 3981 natae
3445 3925 3625 3980 erant
3654 3918 3993 3981 continua-

2482 4020 2537 4081 ri
2575 4026 2885 4101 quantum
2923 4026 3020 4080 est
3057 4036 3135 4079 ex
3176 4026 3400 4079 natura
3443 4016 3721 4080 materiae
3758 4024 3821 4079 et
3854 4018 3989 4081 for-

2484 4138 2603 4182 mae
2633 4116 3092 4189 continuitatis,
3129 4116 3279 4178 licet
3316 4133 3443 4179 non
3483 4116 3726 4177 ratione
3764 4116 3990 4179 ulteri-

874 4219 930 4281 ri
961 4235 1087 4279 una
1117 4214 1468 4277 secundum
1500 4231 1862 4288 numerum,
1896 4219 1959 4275 et
1988 4231 2365 4275 econverso:
2401 4220 2449 4281 D
2481 4214 2607 4275 oris
2649 4213 2889 4289 formae,
2935 4222 3003 4275 ut
3046 4213 3461 4276 humanitatis
3502 4222 3611 4275 aut
3652 4213 3987 4277 asininita-

876 4316 1005 4378 imo
1047 4312 1264 4377 omnia
1307 4330 1447 4394 quae
1490 4318 1635 4373 nata
1681 4318 1829 4373 sunt
1873 4311 2046 4372 illam
2096 4311 2367 4374 formam

877 4412 1280 4497 participare,
1323 4416 1468 4473 nata
1515 4415 1661 4471 sunt
1701 4408 1846 4471 fieri
1891 4428 2092 4471 unum
2143 4429 2367 4473 secun-

876 4512 1028 4574 dum
1078 4526 1442 4581 numerum,
1487 4514 1551 4569 et
1597 4505 1738 4582 hoc,
1785 4516 2096 4588 quantum
2146 4516 2244 4570 est
2290 4528 2367 4571 ex

875 4616 1054 4693 parte
1084 4605 1362 4669 materiae
1390 4605 1692 4686 illiusque
1722 4605 1941 4668 sormae
1976 4623 1990 4668 ε
2025 4614 2094 4668 ut
2124 4614 2218 4669 est
2247 4607 2370 4670 for-

876 4728 981 4771 ma
1038 4704 1344 4770 continui.
1401 4701 1626 4767 Omnia
1685 4723 1959 4786 namque
2018 4706 2369 4787 corporalia

875 4826 988 4871 seu
1019 4803 1318 4868 habentia
1348 4802 1620 4865 sormam
1662 4802 2102 4865 continuitatis
2144 4804 2210 4865 in
2243 4823 2368 4867 ma-

872 4906 1052 4981 teria,
1106 4908 1416 4986 quantum
1467 4908 1563 4963 est
1609 4920 1688 4963 ex
1737 4910 1913 4983 parte
1975 4902 2256 4965 materiae
2306 4910 2368 4965 et

873 5005 1094 5067 formae
1152 4999 1589 5064 continuitatis
1635 5000 1816 5082 (quia
1871 4999 2161 5080 ejusdem
2220 5009 2368 5063 sunt

874 5101 1134 5165 rationis
1165 5100 1234 5163 in
1262 5097 1592 5179 omnibus)
1621 5105 1765 5160 nata
1804 5106 1953 5160 sunt
1989 5116 2128 5161 esse
2166 5118 2365 5160 unum

873 5200 1248 5263 continuum
1277 5198 1630 5261 secundum
1661 5215 2020 5259 numerum.
2055 5232 2134 5242 —
2165 5198 2228 5259 Si
2260 5217 2367 5259 au-

875 5306 1005 5360 tem
1046 5297 1130 5360 sit
1166 5295 1370 5359 forma
1408 5296 1616 5379 primo
1657 5295 1865 5370 mod0,
1899 5294 1990 5357 sic
2029 5295 2129 5376 (ut
2160 5296 2368 5377 prius)

2481 4313 2581 4375 tis.
2624 4313 2940 4376 Numerus
2984 4312 3224 4374 etenim
3270 4312 3524 4394 proprie
3575 4312 3805 4385 dictuS,
3846 4331 3985 4375 non

2480 4419 2576 4473 est
2609 4411 2733 4473 nisi
2776 4411 3118 4473 multitudo
3158 4429 3234 4473 ex
3274 4409 3514 4472 unitate
3551 4410 3828 4491 profusa,
3864 4430 3989 4492 per

2480 4509 2859 4573 divisionem
2910 4508 3155 4571 scilicet
3206 4507 3515 4581 continui,
3570 4516 3785 4591 utpote
3826 4509 3987 4589 ejus

2479 4609 2650 4691 quod
2706 4608 3047 4689 aliquando
3105 4606 3345 4670 exstitit
3408 4606 3531 4668 sub
3590 4625 3717 4668 una
3772 4605 3989 4670 forma

2480 4706 2940 4780 continuitatis,
2972 4706 3074 4768 vel
3105 4705 3447 4787 aliquando
3478 4712 3696 4767 natum
3726 4704 3848 4766 fuit
3880 4725 3991 4769 ex-

2478 4806 2700 4869 sistere
2741 4812 3051 4886 quantum
3090 4812 3187 4866 est
3225 4804 3303 4866 de
3344 4812 3568 4865 natura
3608 4803 3887 4867 materiae
3920 4812 3991 4868 et

2477 4905 2698 4968 sormae
2742 4902 3201 4975 continuitatis,
3243 4901 3536 4984 quamvis
3576 4900 3796 4964 formae
3836 4901 3989 4967 aliae

2476 5001 2851 5065 disserentes
2901 5000 3113 5083 specie
3158 4999 3279 5062 sub
3320 4998 3542 5061 eadem
3585 4999 3987 5075 dividantur,

2477 5118 2947 5181 numerumque
2978 5099 3365 5161 constituant
3396 5097 3743 5160 formarum
3774 5116 3993 5161 essen·

2479 5199 2713 5262 tialiter
2740 5196 3179 5261 differentium
3225 5195 3344 5258 sub
3380 5194 3585 5257 forma
3622 5197 3986 5271 communi,

2480 5315 2607 5359 non
2648 5306 2865 5377 autem
2901 5314 3241 5358 numerum
3283 5294 3665 5376 simpliciter
3703 5294 3782 5355 de
3823 5313 3991 5375 prae-
