4359 6250
876 483 996 553 476

1485 505 1550 550 IN
1590 504 1812 550 LIBRUM
1854 504 1874 551 1
1917 463 2399 551 snmssn'rlARUM.
2446 506 2527 534 -ἶ
2567 503 2720 550 DlST.
2767 501 3041 566 xxxvm3
3086 503 3309 559 QUAEST.
3356 502 3379 550 1

877 675 1294 758 dispositione
1335 694 1350 740 ε
1398 695 1671 761 quorum
1717 677 1966 740 nullum
2015 677 2369 740 secundum
2401 674 2453 739 Α
2488 675 2675 739 modo
2718 694 2843 738 non
2886 674 3041 738 dicit
3084 694 3340 740 causam
3374 694 3392 756 ;
3439 676 3545 740 sed
3592 677 3799 759 quoad
3846 695 3982 740 rem

877 795 1058 838 suam
1106 776 1430 858 propriam
1480 777 1790 840 rationem
1835 776 2062 840 fuisset
2107 775 2170 837 in
2218 776 2367 849 Deo,

875 875 930 936 si
975 883 1246 955 ponatur
1292 883 1579 937 creatura
1626 893 1752 938 non
1803 893 1942 937 esse
1990 893 2108 936 nec
2155 873 2371 936 sutura

874 973 1094 1036 fuisse.
1117 1009 1199 1018 —
1221 973 1381 1036 Hinc
1412 973 1477 1035 in
1510 975 1638 1036 Deo
1665 991 1794 1036 non
1827 981 1921 1036 est
1953 973 2209 1056 proprie
2241 990 2370 1034 me-

876 1073 1079 1135 moria
1123 1072 1610 1154 praeteritorum,
1663 1070 1955 1154 quamvis
2007 1071 2165 1134 sciat
2214 1090 2369 1153 prae-

797 1241 800 1244 ,
875 1171 1081 1245 terita,
1116 1170 1282 1232 sicut
1315 1171 1382 1232 in
1417 1189 1493 1234 eo
1525 1177 1620 1233 est
1654 1170 1816 1234 visio
1857 1169 2266 1252 praesentium
2308 1177 2371 1232 et

877 1269 1274 1352 praescientia
1305 1269 1706 1334 futurorum:
1732 1269 1882 1352 quia
1914 1269 2221 1332 memoria
2254 1268 2369 1330 im-

876 1367 1072 1452 plicat
1129 1369 1558 1432 conditionem
1618 1368 1923 1450 temporis
1981 1386 2106 1431 non
2161 1367 2369 1430 solum

877 1467 1045 1530 cirea
1089 1467 1436 1548 cognitum,
1469 1469 1578 1530 sed
1623 1468 1815 1530 etiam
1857 1467 2026 1530 circa
2069 1466 2372 1547 cognitio-

876 1585 1046 1640 nem,
1093 1566 1245 1648 quia
1291 1573 1388 1628 est
1437 1585 1584 1628 cum
1635 1565 2162 1628 determinatione
2213 1584 2369 1647 prae-

874 1665 1043 1727 teriti
1087 1666 1410 1746 temporis.

955 1765 1042 1826 De
1079 1764 1198 1826 bac
1239 1783 1306 1826 re
1342 1783 1562 1827 rursus
1601 1765 1666 1826 in
1705 1764 1929 1827 eodem
1970 1763 2158 1837 libro,
2202 1763 2370 1844 capi-

876 1862 1010 1925 tulo
1056 1862 1202 1936 alio,
1255 1863 1479 1925 scribit
1527 1863 1854 1926 Udalricus
1902 1880 1916 1925 ε

875 1960 986 2022 Dei
1021 1961 1343 2042 significat
1381 1961 1714 2023 scientiam
1750 1961 1891 2041 ejus
1927 1961 1992 2023 in
2027 1960 2250 2023 ordine
2290 1961 2365 2021 ad

875 2057 1108 2120 futura.
1143 2060 1287 2122 Ideo
1327 2058 1491 2121 sicut
1532 2059 1767 2141 duplex
1804 2068 1902 2121 est
1936 2059 2047 2122 Dei
2079 2058 2364 2133 scientia,

876 2156 1141 2232 scilicet,
1193 2157 1505 2240 simplicis
1564 2158 1803 2221 notitiae
1851 2165 1912 2220 et
1969 2157 2369 2239 approbatio-

875 2255 1017 2334 nis;
1060 2255 1151 2317 sic
1199 2255 1542 2338 dupliciter
1589 2257 1918 2320 ordinatur
1967 2255 2370 2338 praescientia

873 2354 951 2416 ad
986 2353 1218 2416 sutura.
1255 2354 1318 2416 Si
1353 2354 1523 2418 enim
1563 2354 1882 2436 significet
1922 2354 2214 2418 ordinem
2249 2355 2368 2416 sci-

873 2452 1060 2514 entiae
1107 2452 1422 2535 simplicis
1466 2453 1707 2516 notitiae
1749 2453 1827 2515 ad
1875 2453 2032 2515 illud
2077 2453 2365 2515 futurum

872 2551 1042 2633 quod
1087 2551 1251 2613 Deus
1292 2551 1499 2614 solnm
1545 2551 1653 2613 tali
1698 2552 1965 2615 scientia
2010 2552 2207 2626 novit,
2248 2552 2368 2614 hoc

873 2667 1000 2712 non
1030 2657 1127 2712 est
1157 2649 1278 2712 nisi
1314 2650 1572 2712 malum.
1607 2651 1764 2713 Nam
1797 2650 2090 2732 quamvis
2122 2650 2367 2732 simpli-

875 2749 931 2811 ci
983 2749 1208 2811 notitia
1251 2749 1410 2810 sciat-
1464 2750 1656 2811 etiam
1707 2750 1921 2812 omnia
1969 2769 2110 2831 quae
2161 2749 2369 2813 facere

873 2855 1079 2929 potest
1123 2866 1240 2910 nec
1283 2847 1494 2920 faciet,
1527 2868 1727 2929 quum
1771 2849 1890 2911 ista
1933 2866 2060 2911 non
2103 2849 2233 2910 sint
2275 2848 2370 2911 su-

875 2953 1035 3019 tura,
1089 2946 1228 3009 ideo
1276 2965 1403 3009 non
1452 2946 1853 3027 significatur
1901 2946 1990 3009 ibi
2041 2946 2164 3008 nisi
2216 2945 2403 3009 ordo'

873 3045 1223 3107 durationis
1277 3064 1290 3108 :

873 3144 1240 3207 aeternitatis
1290 3146 1590 3227 praeeedit
1637 3146 1800 3207 mala
1845 3145 2077 3219 futura,
2127 3154 2189 3207 et
2240 3164 2364 3208 non

873 3241 1274 3322 significatur
1317 3242 1405 3304 ibi
1450 3244 1603 3306 ordo
1646 3262 1852 3307 causae
1893 3244 1971 3306 ad
2016 3251 2364 3306 causatum.

874 3342 938 3405 Si
990 3360 1141 3405 vero
1197 3341 1519 3423 significet
1577 3341 1865 3405 ordinem
1927 3344 2211 3406 scientiae
2256 3344 2366 3405 Dei

875 3441 1256 3523 beneplaciti
1297 3441 1374 3503 ad
1421 3441 1527 3503 illa
1574 3441 1786 3503 futura
1829 3461 1970 3525 quae
2014 3443 2123 3503 tali
2170 3443 2370 3504 scien-

874 3540 963 3601 tia
996 3540 1172 3602 novit
1205 3541 1393 3613 DeuS,
1428 3540 1522 3602 sic
1561 3541 1958 3622 praescientia
1991 3560 2118 3603 non
2159 3542 2365 3604 solum

873 3638 1030 3700 dicit
1058 3638 1346 3702 ordinem
1379 3638 1752 3713 durationis,
1786 3640 1896 3701 sed
1927 3640 2118 3701 etiam
2163 3658 2368 3701 causae

871 3738 949 3801 ad
987 3744 1337 3811 causatum,
1376 3738 1527 3819 quia
1563 3738 1704 3800 talis
1740 3738 2006 3801 scientia
2043 3746 2138 3800 est
2180 3757 2370 3801 causa

873 3836 1199 3899 scitorum.
1234 3836 1408 3909 Quod
1440 3854 1591 3899 vero
1620 3836 1840 3899 asserit
1875 3836 2196 3918 OrigeneS‚
2230 3837 2367 3899 Non

874 3941 1209 4017 propterea
1245 3934 1489 4016 aliquid
1525 3934 1720 4009 venit,
1756 3935 1908 4017 quia
1942 3937 2106 3998 Deus
2142 3936 2259 3997 scit
2298 3935 2368 3997 il-

875 4033 985 4095 lud
1021 4050 1036 4095 ε
1075 4032 1560 4114 intelligendum
1605 4040 1700 4095 est
1746 4034 1822 4096 de
1869 4034 2051 4096 malis
2095 4042 2362 4096 tantum.

874 4132 966 4194 Ex
1004 4132 1104 4193 his
1145 4130 1346 4194 oritur
1385 4130 1698 4194 dubitatio
1738 4132 2134 4212 gravissima,
2168 4132 2371 4215 philo-

2483 775 2929 856 signisicatam,
2976 775 3133 837 dicit
3174 795 3429 838 causam
3476 793 3491 838 ε
3538 782 3983 839 verumtamen

2484 892 2611 937 non
2637 893 2892 956 semper
2914 875 3203 955 designat
3228 893 3482 938 causam
3510 882 3799 958 respectu
3826 895 3985 958 prae-

2484 973 2627 1036 sciti
2668 973 2803 1036 sive
2840 973 3059 1037 futuri.
3095 974 3404 1036 Futurum
3444 993 3719 1056 namque
3760 974 3827 1036 in
3866 975 3981 1036 tri-

2484 1072 2637 1154 plici
2688 1072 3055 1135 differentia
3098 1081 3193 1136 est
3246 1093 3261 1138 :
3314 1092 3460 1136 nam
3508 1073 3827 1155 quoddam
3880 1082 3981 1136 est

2484 1172 2669 1251 cujus
2709 1173 2874 1234 Deus
2912 1180 3009 1234 est
3050 1178 3181 1234 tota
3220 1191 3432 1247 causa,
3480 1181 3548 1234 ut
3588 1191 3661 1235 ea
3703 1193 3847 1255 quae
3889 1173 3983 1235 di-

2484 1279 2653 1334 recte
2684 1278 3013 1350 creantur3
3040 1272 3352 1353 quaedam,
3376 1289 3646 1353 quorum
3677 1278 3807 1334 tota
3836 1291 3984 1334 cau-

2482 1390 2551 1432 sa
2608 1378 2703 1432 est
2751 1377 3061 1444 creatura,
3114 1377 3267 1452 puta
3314 1371 3607 1434 voluntas
3658 1378 3868 1433 creata
3914 1378 3986 1433 et

2481 1468 2815 1542 defectiva,
2850 1477 2919 1530 ut
2949 1468 3133 1547 vitia3
3161 1469 3472 1551 quaedam,
3505 1486 3779 1552 quorum
3811 1471 3982 1532 Deus

2480 1575 2543 1630 et
2583 1575 2869 1630 creatura
2903 1575 3053 1629 sunt
3084 1567 3276 1630 simul
3312 1587 3523 1639 eausa,
3557 1575 3627 1630 ut
3658 1569 3983 1631 naturales

2480 1666 2774 1740 effectus,
2810 1684 3003 1748 opera
3036 1684 3291 1749 quoque
3326 1667 3591 1729 moralia
3624 1687 3638 1730 :
3672 1667 3981 1748 quoniam

2482 1767 2647 1828 Deus
2688 1772 3061 1847 cooperatur
3100 1773 3421 1828 creaturae.
3457 1765 3819 1828 Secundum
3856 1766 3981 1829 boe

1970 1861 2369 1926 Praescientia
2406 1866 2453 1928 B
2482 1884 2632 1946 ergo
2663 1863 3147 1945 intelligendum
3178 1872 3295 1937 est,
3329 1865 3497 1946 quod
3530 1873 3818 1946 respectu
3856 1866 3983 1947 pri-

2484 1964 2569 2025 mi
2603 1964 2825 2038 futuri,
2849 1961 3144 2026 videlicet
3176 1965 3267 2026 rei
3304 1971 3550 2037 creatae,
3581 1964 3983 2045 praescientia

2480 2061 2591 2125 Dei
2636 2071 2733 2124 est
2767 2069 2893 2125 tota
2930 2079 3153 2141 eausa3
3186 2070 3481 2144 respectu
3520 2079 3671 2125 vero
3710 2063 3979 2125 secundi

2480 2159 2703 2234 futuri,
2752 2167 2969 2242 utpote
3020 2159 3172 2222 mali
3221 2161 3447 2243 culpa»,
3495 2161 3660 2223 Deus
3710 2177 3841 2223 nou
3884 2169 3984 2222 est

2481 2278 2671 2321 causa
2728 2266 2878 2332 tota,
2931 2277 3049 2321 nec
3105 2277 3439 2332 concausa,
3490 2259 3793 2341 quoniam
3852 2259 3981 2321 tale

2483 2359 2721 2422 malum
2768 2377 2893 2420 non
2939 2358 3131 2420 habet
3176 2357 3431 2440 proprie
3474 2377 3729 2420 causam
3776 2356 3985 2420 effici-

2480 2465 2715 2530 entem,
2760 2457 2868 2519 sed
2910 2457 3316 2519 deficientem
3353 2475 3367 2518 ε
3400 2464 3497 2519 est
3539 2464 3749 2519 tamen
3789 2475 3985 2519 causa

2483 2556 2633 2620 boni
2670 2554 2965 2636 oppositi.
3005 2556 3318 2637 Respectu
3351 2564 3564 2617 autem
3598 2555 3771 2618 tertii
3807 2554 3982 2617 futu-

2482 2656 2557 2728 ri,
2591 2662 2686 2717 est
2718 2673 2925 2729 eausa,
2960 2654 3069 2716 sed
3108 2673 3234 2717 non
3274 2662 3419 2717 tota.
3455 2655 3631 2728 Quod
3668 2655 3719 2716 si
3761 2655 3984 2717 divina

2481 2754 2882 2838 pree-scientia
2931 2761 3219 2816 sumatur
3268 2754 3330 2816 in
3382 2773 3497 2817 sua
3541 2754 3979 2835 generalitate,

2482 2873 2735 2936 semper
2782 2853 3082 2936 importat
3125 2853 3465 2934 quamdam
3516 2853 3979 2927 causalitatem,

2482 2953 2591 3016 sed
2641 2970 2766 3014 non
2816 2969 3071 3032 semper
3117 2958 3411 3033 respectu
3460 2951 3759 3033 praesciti,
3804 2951 3983 3013 vide·

1343 3045 1494 3128 quia
1549 3045 1817 3108 scientia
1869 3046 1978 3108 Dei
2036 3047 2367 3108 duratione
2403 3051 2446 3114 C
2483 3053 2632 3114 licet
2675 3069 2874 3132 quum
2921 3049 3078 3112 illud
3120 3056 3216 3112 est
3262 3050 3523 3112 malum.

2560 3152 2653 3215 Ad
2687 3151 2845 3213 illud
2876 3167 3047 3224 ver0,
3081 3149 3174 3212 An
3206 3149 3423 3213 divina
3462 3150 3861 3232 praescientia
3898 3152 3989 3214 sit

2482 3257 2735 3313 causata
2783 3269 2819 3311 a
2868 3248 3081 3323 rebuS,
3124 3248 3466 3329 respondet
3511 3268 3525 3313 :
3574 3248 3841 3323 Quidam
3890 3250 3987 3311 di-

2482 3357 2733 3423 xerunt,
2770 3348 2939 3430 quod
2986 3366 3175 3409 causa
3218 3346 3562 3429 dupliciter
3602 3347 3859 3423 dicitur,
3888 3350 3987 3411 vi-

2480 3448 2710 3510 delicet
2770 3446 3026 3529 proprie
3083 3454 3276 3527 atque
3335 3446 3779 3508 communiter.
3834 3448 3987 3510 Pro-

2480 3548 2640 3629 prie,
2692 3546 2860 3628 quod
2909 3545 3015 3607 dat
3061 3544 3241 3607 alteri
3290 3564 3429 3606 esse
3473 3564 3487 3607 :
3530 3546 3750 3627 sicque
3799 3546 3989 3609 nullo

2482 3646 2669 3708 modo
2701 3663 2800 3706 res
2832 3650 3101 3707 causatae
3130 3651 3235 3705 aut
3269 3644 3759 3725 praescitae,sunt
3789 3664 3991 3707 causa

2480 3744 2712 3807 divinae
2742 3742 3177 3825 prm-scientiar.
3206 3742 3496 3806 Secundo
3525 3743 3759 3805 dicitur
3790 3763 3991 3807 causa

2482 3844 2542 3905 id
2595 3842 2731 3905 sine
2780 3858 2908 3924 quo
2955 3860 3054 3904 res
3103 3860 3229 3904 non
3278 3848 3394 3915 est,
3435 3842 3603 3922 quod
3645 3850 3748 3904 est
3790 3860 3992 3906 causa

2480 3943 2619 4005 sine
2668 3959 2794 4023 qua
2851 3958 2978 4002 non
3034 3958 3048 4001 ε
3102 3940 3321 4021 sicque
3374 3941 3525 4021 quia
3582 3941 3993 4022 praescientia

2481 4058 2609 4103 non
2638 4047 2735 4102 est
2764 4038 2889 4100 nisi
2929 4057 3029 4100 res
3070 4038 3197 4100 sint
3227 4037 3478 4111 futurae,
3511 4058 3609 4101 res
3652 4039 3789 4121 ipsa
3828 4056 3991 4122 prae-

2480 4137 2763 4200 scientiae
2820 4155 3009 4199 causa
3066 4146 3181 4198 est.
3244 4137 3363 4199 Sed
3425 4136 3725 4218 quoniam
3786 4157 3993 4202 causa

875 4230 1092 4312 sophis
1150 4230 1587 4311 theologisque
1654 4231 2036 4304 communis,
2098 4232 2371 4313 qualiter
2400 4235 2450 4297 D
2482 4254 2735 4316 semper
2778 4234 3065 4315 designat
3112 4233 3665 4297 honorabilitatem
3714 4243 3777 4297 et
3822 4237 3993 4299 emi-

874 4328 1274 4411 praescientia
1332 4328 1440 4390 Dei
1503 4346 1630 4391 non
1690 4329 1972 4411 imponat
2023 4330 2213 4393 rebus
2264 4351 2370 4393 ne·

875 4427 1233 4489 cessitatem
1270 4444 1284 4488 :
1319 4427 1397 4488 de
1439 4446 1564 4508 quo
1604 4427 1770 4489 infra
1808 4428 2072 4490 dicetur.
2108 4464 2186 4473 —
2228 4430 2371 4491 Haec

873 4525 1220 4591 UdalricuS.
1256 4526 1373 4600 Qui
1413 4527 1478 4588 in
1521 4526 1640 4589 ista
1679 4526 2086 4590 distinctione
2129 4529 2373 4609 praesci-

872 4625 1062 4689 entiae
1101 4624 1234 4699 Dei,
1268 4625 1521 4688 videtur
1553 4626 1750 4706 magis
1781 4626 2134 4689 Alexandro
2176 4646 2368 4708 quam

871 4724 1133 4789 Alberto
1177 4723 1478 4786 alludere.

953 4824 1220 4904 Insuper
1275 4822 1714 4885 Bonaventura
1776 4823 1854 4885 ad
1924 4823 2043 4885 ista
2110 4843 2370 4907 respon-

874 4922 1031 4983 dens
1084 4938 1101 4983 t
1156 4920 1578 4995 Praescientia,
1636 4920 1746 4995 ait,
1807 4922 2369 5003 praecognitionem

875 5019 1075 5082 futuri
1125 5020 1430 5100 designat.
1480 5019 1588 5081 Est
1634 5018 1847 5102 itaque
1894 5020 2238 5102 dupliciter
2284 5023 2369 5086 lo-

876 5117 987 5199 qui
1032 5118 1108 5179 de
1153 5117 1550 5199 praescientia
1598 5136 1613 5181 :
1661 5117 1890 5199 prime,
1938 5126 2248 5200 quantum
2294 5121 2371 5183 ad

877 5234 1012 5277 rem
1053 5214 1521 5295 significatam3
1561 5215 1863 5289 secundo,
1901 5224 2090 5298 prout
2129 5217 2375 5298 signifi—

875 5319 1056 5374 catur
1106 5331 1220 5394 per
1265 5332 1499 5380 nomen
1550 5313 1728 5375 illud.
1780 5313 1856 5376 Et
1912 5315 2033 5378 hoc
2093 5317 2374 5380 secundo

2481 4334 2762 4397 nentiam
2792 4333 3133 4417 quamdam
3174 4340 3468 4415 respectu
3496 4334 3637 4416 ejus
3666 4335 3853 4415 cnjus
3884 4346 3995 4399 est

2483 4452 2692 4504 causa,
2726 4433 2869 4496 ideo
2900 4449 3025 4494 non
3058 4431 3309 4494 videtur
3338 4432 3499 4495 bene
3528 4450 3774 4507 sonare,
3804 4437 3993 4516 quod

2484 4550 2583 4594 res
2622 4532 2870 4594 dicatur
2907 4549 3095 4593 causa
3134 4529 3273 4592 sine
3311 4549 3436 4613 qua
3473 4549 3601 4594 non
3641 4533 3995 4613 praescien-

2485 4630 2588 4693 tiae
2619 4630 2750 4691 Dei.
2784 4628 2913 4691 Nee
2952 4629 3111 4691 illud
3151 4628 3341 4692 solvit
3371 4629 3810 4693 auctoritatem
3844 4630 3993 4695 Ori-

2482 4728 2684 4809 geniS,
2718 4727 3019 4809 quoniam
3066 4726 3201 4809 ipsc
3245 4735 3433 4808 negat
3474 4744 3866 4791 conversam.
3904 4768 3999 4779 —-

2480 4827 2641 4890 Hinc
2671 4825 3035 4899 dicendum,
3069 4826 3237 4908 quod
3268 4834 3362 4888 est
3395 4845 3650 4888 eausam
3688 4827 3997 4910 accipere

2482 4925 2833 4987 secundum
2887 4923 3203 5006 triplicem
3260 4924 3542 4997 modum,
3592 4932 3833 5007 utpote,
3892 4948 3997 4991 se-

2482 5023 2763 5085 cundum
2806 5022 3113 5085 rationem
3145 5023 3421 5096 essendi,
3450 5024 3803 5086 secundum
3835 5027 3999 5089 rati-

2484 5140 2671 5185 onem
2704 5120 3132 5203 consequendi
3166 5139 3276 5184 seu
3310 5120 3648 5197 inserendi,
3671 5129 3735 5184 et
3764 5141 4003 5188 secun-

2483 5220 2637 5281 dum
2688 5219 2995 5282 rationem
3046 5218 3318 5283 dicendi.
3363 5220 3579 5302 ltaque
3627 5221 4000 5287 secundum

2483 5317 2793 5380 rationem
2852 5317 3126 5392 essendi,
3184 5316 3581 5399 praescientia
3638 5324 3735 5380 est
3792 5336 4003 5384 causa
