4359 6250
883 452 960 517 16

877 641 1144 703 Sanctus
1185 658 1330 704 mox
1367 641 1670 703 excitaret
1710 640 1986 702 liberum
2027 637 2367 700 arbitrium
2401 634 2451 698 Α
2478 635 2661 716 juxta
2692 635 2849 697 illud
2884 653 2898 698 :
2934 636 3101 698 Deus
3142 635 3369 698 caritas
3409 644 3523 697 est.
3559 635 3790 698 Omnes
3820 652 3973 716 quo·
4001 646 4266 698 Ilvam-m

874 740 952 801 ad
1004 739 1402 802 meritorium
1450 747 1683 800 actum.
1729 774 1810 783 —
1858 739 2144 818 Insuper,
2198 735 2367 818 quod

874 837 1098 898 Scotus
1147 837 1304 899 dicit
1353 838 1660 919 Spiritum
1712 837 2014 899 Sanctum
2057 851 2198 895 esse
2246 831 2368 894 for-

877 953 1045 996 mam
1076 936 1409 1010 virtutum,
1436 934 1727 1016 quamvis
1758 951 1980 994 verum
2012 939 2108 993 est
2137 932 2215 993 (16
2248 929 2369 992 for-

877 1053 980 1095 ma
1020 1033 1381 1096 efficienter
1419 1032 1994 1114 exemplariterque
2030 1030 2365 1101 formante,

874 1132 996 1193 hoc
1054 1140 1267 1194 tamen
1326 1149 1452 1194 non
1512 1130 1758 1193 sufficit
1813 1129 1964 1191 huic
2019 1127 2366 1211 proposit0,

876 1231 1028 1310 quia
1055 1237 1302 1311 oportet
1333 1230 1399 1291 in
1430 1230 1641 1291 anima
1671 1247 1810 1290 esse
1841 1246 2034 1288 unam
2065 1227 2367 1288 virtutem

877 1344 1240 1407 supremam
1275 1326 1626 1388 formaliter
1655 1325 2092 1398 inhaerentem,
2116 1341 2259 1404 quae
2288 1322 2370 1382 sit

877 1432 1231 1487 ceterarum
1271 1425 1582 1487 virtutum
1623 1423 1854 1485 motrix
1893 1421 2201 1493 formaliS,
2233 1438 2369 1482 ver-

877 1532 1002 1597 tex,
1037 1525 1168 1585 vita
1209 1530 1271 1586 et
1314 1523 1520 1586 forma
1563 1522 1842 1584 interior.

956 1621 1306 1684 introducit
1334 1623 1594 1685 demum
1625 1621 1847 1683 Scotus
1879 1619 2048 1681 circa
2077 1618 2368 1700 quaestio-

878 1737 1024 1781 nem
1055 1719 1218 1781 hanc
1251 1717 1480 1779 multas
1511 1716 1926 1779 difficultates
1949 1716 2049 1796 (ut
2078 1713 2369 1796 apparet)

1530 471 1592 516 IN
1633 469 1856 516 LIBRUM
1899 471 1920 514 1
1963 466 2447 514 SENTENTIARUU.
2493 484 2574 493 -
2614 467 2767 511 ΒΙὸΤ.
2814 465 2985 526 xv113
3030 466 3251 521 QUAEST.
3300 467 3321 510 1

2481 751 2605 815 que
2654 741 2900 815 ponunt
2956 732 3237 815 aliquam
3286 733 3613 796 caritatem
3671 740 3971 807 creatam,

2480 849 2623 911 quae
2668 839 2875 912 potest
2924 832 3091 893 suini
3142 830 3485 912 dupliciter
3534 850 3547 894 :
3596 831 3825 913 primo,
3860 847 3977 912 pro

2480 936 2625 990 actu
2666 947 2793 1010 quo
2834 928 3161 1010 diligimus
3194 930 3417 1004 Deum,
3454 937 3515 990 et
3556 930 3718 992 hanc
3752 947 3975 992 omnes

2482 1028 2879 1106 concedunt3
2912 1026 3011 1089 vel
3054 1045 3170 1110 pro
3212 1027 3457 1102 habitu,
3490 1036 3555 1089 et
3595 1027 3758 1090 hanc
3790 1034 3978 1108 negat

2480 1125 2790 1205 Magister.
2827 1126 3009 1188 Ponit
3046 1127 3219 1189 enim
3256 1125 3425 1189 libro
3463 1127 3765 1201 secundo,
3805 1125 3975 1208 quod

2478 1224 2680 1304 gratia
2726 1225 3071 1287 exsistente
3121 1225 3187 1286 in
3232 1225 3507 1287 essentia
3552 1225 3804 1298 animae,
3848 1241 3975 1286 non

2479 1330 2765 1404 oporteat
2806 1322 3087 1404 aliquem
3137 1340 3373 1404 ponere
3420 1323 3713 1385 habitum
3760 1322 3827 1384 in
3871 1341 3978 1385 vo—

2482 1419 2743 1495 luntate,
2778 1421 3096 1483 mediante
3141 1438 3268 1503 quo
3317 1421 3611 1483 eliciatur
3656 1429 3837 1482 actus
3887 1420 3976 1482 di-

2482 1519 2772 1581 lectionis
2822 1519 3181 1583 meritoriae.
3224 1556 3305 1565 —
3352 1520 3590 1582 Deinde
3641 1519 3973 1581 Durandus

2479 1617 2650 1678 circa
2680 1618 2801 1680 hoc
2843 1618 3023 1699 ponit
3058 1618 3429 1700 opinionem
3463 1617 3690 1699 AEgidii
3730 1625 3794 1679 et
3832 1617 3971 1698 ejus

2480 1715 2719 1777 motiva
2765 1715 2898 1795 jam
2945 1724 3131 1789 tacta,
3171 1724 3235 1777 et
3282 1715 3635 1778 efficaciter
3676 1715 3973 1798 reprobat

878 1836 1323 1899 supervacuas,
1370 1816 1672 1889 curiosaS,
1725 1814 1961 1896 quibus
2011 1813 2362 1887 immorari,
2403 1812 2451 1874 B
2480 1829 2593 1892 ea3
2642 1820 2706 1875 et
2743 1813 2919 1876 addit
2954 1831 2968 1875 :
3011 1813 3305 1897 Operatio
3343 1814 3494 1876 sciri
3533 1813 3687 1876 facit
3724 1832 3838 1876 seu
3879 1833 3975 1875 ar-

877 1916 1078 1996 magis
1127 1916 1381 1978 videtur
1436 1913 1662 1976 fractio
1709 1913 1936 1994 capitis
1988 1920 2051 1974 et
2103 1911 2368 1992 impedi-

879 2022 1166 2076 mentum
1205 2012 1582 2086 devotionis,
1626 2030 1818 2093 quam
1862 2009 2197 2091 occupatio
2240 2008 2369 2071 fru-

877 2119 1113 2174 ctuosa.
1148 2148 1226 2158 --
1271 2113 1576 2174 Praeterea
1622 2110 1798 2182 dicit,
1850 2109 2020 2191 quod
2067 2127 2186 2170 nec
2235 2108 2368 2170 sola

877 2211 1126 2285 caritas,
1169 2229 1286 2272 nec
1329 2209 1462 2273 sola
1511 2208 1802 2271 voluntas
1851 2207 1932 2269 sit
1973 2207 2365 2288 principium

875 2309 1228 2371 elicitivum
1266 2315 1444 2371 actus
1483 2297 1842 2370 dilectionis
1881 2325 1995 2368 seu
2027 2305 2366 2368 meritoriae

875 2409 1142 2471 actionis
1184 2425 1200 2469 :
1245 2415 1306 2469 et
1351 2407 1416 2468 in
1459 2407 1580 2470 hoc
1629 2405 1753 2487 ipsi
1796 2405 2142 2468 consentio.
2177 2404 2368 2466 Addit

876 2525 1152 2588 quoque,
1203 2506 1373 2588 quod
1420 2505 1713 2568 voluntas
1764 2523 1914 2566 cum
1963 2504 2223 2566 caritate
2272 2511 2367 2564 est

874 2605 1064 2668 totale
1114 2605 1504 2687 principium
1553 2612 1730 2665 actus
1781 2601 2090 2664 meritorii
2133 2619 2147 2662 :
2196 2601 2367 2682 quod

875 2703 1168 2785 quamvis
1217 2702 1431 2784 aliquo
1491 2701 1679 2763 modo
1735 2707 1926 2783 queat
1975 2699 2227 2779 salvari,
2282 2699 2367 2762 lo-

874 2803 1127 2884 quendo
1184 2801 1482 2864 videlicet
1540 2800 1618 2863 de
1676 2800 1961 2861 interiori
2023 2799 2361 2880 principiO,

874 2909 1082 2982 potest
1127 2908 1340 2962 tamen
1397 2907 1461 2960 et
1511 2898 1892 2980 impugnari,
1944 2898 2095 2979 quia
2153 2915 2367 2959 neces-

2478 1911 2616 1991 guit
2663 1910 2955 1974 formam.
3006 1912 3296 1975 Caritatis
3338 1920 3553 1974 autem
3596 1911 3835 1994 duplex
3877 1920 3974 1974 est

2478 2009 2762 2089 operatio
2814 2026 2828 2070 :
2882 2009 3110 2090 prima,
3156 2009 3485 2072 hominem
3535 2009 3797 2071 reddere
3847 2009 3975 2070 Deo

2479 2124 2741 2184 carum3
2785 2107 3065 2169 secunda
3110 2116 3206 2170 est
3255 2107 3528 2188 dirigere
3577 2126 3690 2169 seu
3728 2108 3806 2169 ad
3848 2125 3977 2169 me-

2480 2203 2771 2266 ritorium
2808 2213 3023 2267 actum
3064 2205 3395 2287 perficere.
3430 2205 3789 2268 Videndum
3824 2222 3975 2286 ergo

2478 2310 2738 2384 propter
2775 2322 2968 2385 quam
3008 2304 3453 2385 operationum
3486 2303 3752 2366 istarum
3792 2320 3974 2386 opor-

2477 2407 2605 2462 teat
2648 2419 2885 2482 ponere
2929 2402 3259 2464 caritatem
3302 2411 3578 2464 creatam
3623 2403 3691 2465 in
3734 2401 3966 2464 anima.

2479 2497 2555 2560 Et
2582 2499 2835 2561 videtur
2863 2500 3035 2582 quod
3064 2518 3193 2562 non
3223 2508 3483 2582 propter
3512 2501 3806 2582 primam,
3828 2517 3973 2582 quo-

2478 2597 2651 2658 niam
2711 2598 2901 2660 homo
2958 2605 3165 2680 potest
3227 2599 3355 2662 Deo
3411 2617 3549 2661 esse
3599 2617 3783 2661 carus
3830 2599 3969 2661 sine

2479 2695 2737 2756 caritate
2778 2696 2990 2776 ipsum
3032 2695 3414 2759 informante
3450 2713 3463 2757 :
3496 2696 3801 2778 quoniam
3839 2714 3971 2759 om-

2477 2813 2557 2856 ne
2607 2794 2846 2856 donum
2895 2794 3006 2855 Dei
3056 2795 3367 2857 exsistens
3415 2795 3481 2856 in
3530 2794 3790 2857 homine
3830 2811 3971 2877 pro-

2477 2892 2646 2954 cedit
2691 2911 2730 2953 a
2777 2893 3038 2954 caritate
3087 2912 3215 2974 qua
3270 2894 3436 2955 Deus
3494 2893 3705 2975 primo
3761 2893 3971 2974 diligit

795 3037 800 3042 ·
875 2999 1040 3061 sario
1089 2997 1411 3061 concurrit
1457 3006 1647 3078 atque
1707 2996 2052 3078 requiritur
2099 2994 2364 3057 actualis
2403 2991 2447 3055 C
2478 2990 2804 3053 hominem
2857 3008 2870 3052 :
2924 2990 3102 3072 prius
3158 3007 3309 3072 ergo
3364 3009 3587 3053 sumus
3639 2991 3767 3054 Deo
3815 2991 3967 3066 cari,

875 3098 1071 3160 motio
1100 3105 1164 3159 et
1193 3095 1489 3179 specialis
1520 3094 1881 3177 cooperatio
1912 3093 2187 3176 Spiritus
2219 3093 2367 3156 San-

874 3197 978 3258 cti.
1015 3196 1288 3258 Ulterius
1318 3194 1494 3267 dicit,
1530 3194 1699 3276 quod
1730 3193 2020 3255 voluntas
2060 3202 2156 3255 est
2197 3195 2366 3275 prin-

875 3294 1140 3377 cipalior
1168 3312 1358 3356 causa
1388 3301 1682 3374 respectu
1722 3300 1921 3365 actuS,
1956 3292 2184 3354 caritas
2214 3310 2365 3354 vero

873 3399 1166 3473 respectu
1227 3392 1438 3453 meriti
1495 3400 1559 3452 et
1614 3390 2068 3471 acceptationis
2122 3410 2134 3453 :
2194 3390 2363 3471 quod

872 3490 1086 3552 forsan
1124 3491 1306 3570 juxta
1345 3490 1607 3552 modum
1653 3508 1841 3551 suum
1889 3488 2209 3569 loquendi,
2245 3488 2365 3550 for-

874 3588 1125 3650 maliter
1165 3597 1370 3670 potest
1407 3589 1677 3651 admitti.
1712 3587 1953 3650 Asserit
1984 3587 2157 3660 item,
2194 3587 2359 3667 quod

872 3696 1097 3750 neutra
1137 3706 1472 3749 causarum
1516 3687 1780 3749 istarum
1823 3686 2056 3767 accipit
2100 3686 2362 3747 causali—

870 3794 1064 3850 tatem
1093 3787 1174 3850 ab
1205 3787 1348 3861 alia,
1385 3786 1470 3848 ita
1500 3785 1670 3867 quod
1698 3803 1817 3846 1166
1851 3783 2140 3845 voluntas
2170 3783 2362 3844 habet

869 3887 1303 3949 causalitatem
1333 3886 1410 3947 ad
1442 3883 1834 3965 operandum
1865 3902 1902 3943 a
1933 3882 2214 3955 caritate,
2243 3900 2360 3943 nec

867 3984 1240 4046 econtrario.
1304 3982 1479 4055 Quod
1549 3988 1936 4043 monstratur
1994 3997 2355 4054 erroneum,

868 4101 1067 4163 quum
1100 4089 1343 4143 certum
1378 4081 1459 4142 sit
1489 4079 1880 4142 voluntatem
1910 4098 1948 4139 a
1978 4078 2237 4140 caritate
2270 4079 2360 4140 in-

2476 3108 2669 3171 quam
2703 3090 2931 3153 caritas
2968 3089 3152 3154 nobis
3194 3089 3569 3153 infundatur
3606 3089 3688 3153 ab
3727 3107 3821 3154 eo.
3856 3091 3971 3172 Igi-

2476 3197 2581 3250 tur
2629 3198 2889 3271 propter
2937 3190 3282 3252 secundam
3331 3190 3611 3252 caritatis
3660 3190 3971 3271 operatio·

2476 3306 2624 3349 nem
2667 3297 2916 3369 oportet
2958 3305 3195 3370 ponere
3236 3288 3529 3350 habitum
3578 3288 3855 3351 caritatis
3902 3289 3967 3350 in

2475 3386 2821 3459 voluntate,
2869 3386 3165 3448 videlicet
3210 3387 3289 3448 ad
3339 3387 3835 3468 promerendum
3878 3386 3967 3449 vi-

2474 3491 2604 3546 tam
2635 3492 2935 3547 aeternam
2974 3486 3052 3546 de
3093 3485 3425 3566 condigno,
3462 3484 3551 3546 Ex
3584 3486 3762 3567 puris
3794 3504 3965 3547 nam-

2475 3602 2599 3664 que
2642 3582 3036 3645 naturalibus
3078 3602 3203 3645 non
3246 3603 3589 3657 meremur,
3622 3584 3847 3646 saltem
3888 3586 3964 3647 de

2477 3681 2812 3761 condigno,
2861 3682 3154 3763 quamvis
3204 3682 3282 3744 de
3333 3699 3631 3762 congruo,
3680 3682 3965 3764 Denique

2477 3799 2676 3861 quum
2736 3780 3009 3861 Spiritus
3067 3780 3332 3843 Sanctus
3386 3788 3637 3845 moveat
3684 3781 3968 3844 volunta-

2473 3884 2604 3939 tem
2634 3879 2713 3940 ad
2744 3879 3145 3941 meritorium
3174 3886 3411 3954 actum,
3444 3880 3565 3942 hoc
3594 3886 3689 3941 est
3720 3878 3821 3941 vel
3852 3897 3967 3961 per

2474 3977 2735 4038 modum
2774 3976 3012 4057 objecti
3052 3978 3288 4058 cogniti
3328 3986 3597 4052 tantum,
3631 3978 3732 4040 vel
3772 3979 3966 4040 etiam

2472 4094 2586 4155 per
2634 4075 2894 4137 modum
2943 4076 3210 4157 agentis,
3263 4076 3631 4139 inclinantis
3681 4076 3967 4140 volunta-

867 4179 1091 4241 clinari
1135 4187 1198 4241 et
1239 4178 1438 4251 affici,
1472 4177 1788 4239 vivificari
1832 4185 2022 4257 atque
2066 4176 2356 4239 idoneam
2391 4180 2440 4241 D
2469 4182 2599 4235 tem
2632 4174 2697 4235 in
2728 4173 3054 4255 objectum
3084 4176 3175 4237 sic
3207 4176 3551 4256 cognitum.
3586 4176 3723 4238 Non
3754 4175 3964 4257 primo

866 4278 1011 4342 fieri
1069 4278 1147 4339 ad
1206 4276 1686 4359 producendum
1746 4275 2102 4338 meritorios
2155 4283 2356 4350 actuS,

865 4385 928 4439 et
975 4377 1053 4438 ad
1100 4376 1487 4439 movendum
1537 4373 1974 4455 imperialiter,
2009 4371 2361 4435 efficaciter

865 4470 1292 4537 ac'meritorie
1329 4474 1484 4536 alias
1521 4472 1691 4535 vires
1731 4490 1804 4533 ac
1835 4471 2101 4533 virtutes
2139 4471 2217 4532 ad
2258 4491 2357 4533 ac-

865 4583 967 4636 tus
1012 4592 1159 4637 suos
1195 4591 1207 4635 :
1241 4573 1318 4635 ad
1364 4592 1504 4654 quae
1548 4571 1686 4633 51116
1725 4571 1983 4632 caritate
2022 4578 2118 4631 est
2160 4570 2358 4651 impo-

865 4682 1023 4736 tens.
1082 4673 1320 4736 Caritas
1371 4690 1625 4754 quoque
1679 4689 1878 4752 quum
1933 4670 2015 4732 sit
2061 4670 2355 4731 accidens

863 4772 1173 4835 voluntati
1197 4780 1498 4853 tanquam
1526 4770 1816 4851 proximo
1847 4768 2137 4847 subjecto
2166 4768 2357 4832 1111116-

863 4891 1030 4945 16115,
1065 4870 1516 4934 fulcimentum
1557 4876 1618 4930 et
1648 4868 1887 4950 aliquid
1921 4867 2178 4949 vigoris,
2214 4885 2356 4929 con-

862 4970 1238 5035 servationis
1277 4978 1340 5031 et.
1380 4969 1689 5031 efficaciae
1730 4969 1991 5030 sortitur
2029 4967 2109 5029 ab
2155 4986 2250 5041 ea,
2294 4975 2356 5029 et

859 5070 1085 5150 juvant
1115 5088 1182 5131 se
1220 5069 1496 5129 invicem
1528 5075 2074 5148 cooperanturque
2108 5073 2348 5127 mut-un.

941 5170 1020 5231 At
1066 5186 1217 5230 vero
1262 5167 1594 5229 Durandus
1629 5183 1642 5226 :
1677 5165 1930 5236 OmneS‚
1976 5164 2206 5245 inquit,
2250 5182 2355 5245 po-

863 5275 1024 5328 nunt
1068 5266 1394 5328 caritatem
1439 5265 1808 5337 increatam,
1843 5282 1985 5344 quae
2029 5262 2194 5323 Deus
2233 5270 2349 5335 est,

2472 4272 2679 4345 modo,
2724 4273 2875 4354 quia
2922 4274 3016 4335 sic
3060 4283 3272 4336 movet
3313 4274 3705 4336 voluntatem
3748 4274 3813 4335 in
3858 4292 3964 4335 na-

2467 4371 2657 4433 turali
2706 4370 3068 4446 dilectione,
3120 4390 3262 4453 quae
3312 4388 3439 4434 non
3492 4380 3588 4433 est
3636 4371 3961 4434 meritoria

2469 4470 2545 4531 de
2587 4470 2900 4551 condigno
2935 4488 2947 4531 :
2985 4488 3135 4551 ergo
3173 4471 3472 4533 secundo.
3507 4470 3957 4532 Verumtamen

2468 4568 2638 4629 circa
2684 4569 2819 4632 haec
2878 4569 3080 4631 multa
3136 4569 3361 4631 scribit
3408 4568 3763 4641 DuranduS,
3816 4588 3958 4651 quae

2467 4666 2599 4728 suis
2643 4667 2799 4729 locis
2842 4667 3283 4729 discutientur.

2546 4766 2756 4839 Porro,
2818 4768 2987 4847 quod
3044 4768 3132 4829 ait
3189 4767 3514 4829 hominem
3574 4783 3759 4848 posse
3818 4786 3957 4829 esse

2468 4866 2594 4927 Deo
2643 4883 2859 4926 carum
2910 4866 3045 4927 sine
3094 4866 3351 4927 caritate
3403 4865 3469 4927 in
3516 4866 3653 4946 ipso
3698 4865 3957 4927 homine

2466 4964 2828 5037 exsistente,
2856 4981 2980 5026 non
3014 4965 3263 5026 videtur
3291 4964 3454 5026 bene
3484 4982 3729 5038 sonare,
3756 4984 3956 5046 quum

2465 5064 2775 5145 scriptum
2808 5063 2909 5137 sit,
2935 5063 3082 5125 Sine
3112 5062 3242 5125 fide
3276 5061 3673 5143 impossibile
3701 5070 3799 5123 est
3829 5062 3958 5144 pla·
3984 5086 4128 5131 near.
4148 5094 4265 5141 ns.

2466 5181 2607 5225 cere
2649 5163 2777 5224 Deo
2821 5180 2833 5223 :
2878 5179 3028 5243 ergo
3066 5180 3184 5225 nec
3224 5162 3361 5223 sine
3402 5160 3680 5223 caritate.
3718 5160 3793 5221 Et
3823 5179 3957 5222 rur-

2465 5281 2572 5324 sus
2614 5262 2703 5324 ait
2746 5262 3071 5343 Scriptura
3104 5278 3117 5321 :
3162 5260 3495 5323 Neminem
3540 5258 3750 5341 diligit
3787 5259 3953 5322 Deus
3980 5282 4268 5340 smmum.
