4359 6250
135 2087 190 2129 1⁸.
201 2100 306 2137 mu,
320 2089 380 2129 ¹7.

129 2385 312 2434 Ριιυιι,
321 2387 382 2427 19.

159 2582 306 2624 Ena.

131 2659 192 2690 vlt.
210 2660 294 2688 xlv.

129 2710 248 2752 Dent.
261 2724 304 2759 ιι,
315 2711 380 2751 30.

591 527 681 574 AN
723 527 842 574 nso
883 527 1226 574 convamn
1264 526 1549 584 Quosnm
1590 525 1946 572 narnoaAna
1987 525 2063 572 m·
2101 526 2445 583 oanumnn,
2480 525 2555 570 ΕΤ
2598 526 2743 582 Qum
2784 525 2921 572 suvr
2962 524 3151 572 Aci-cs
3194 525 3311 572 1s·r1
3390 505 3513 572 523

481 699 750 760 Videtur
784 697 954 780 quod
994 715 1121 759 non
1161 696 1542 760 conveniant
1570 695 1720 768 Deo,
1753 711 1906 776 quo-
1935 690 1987 753 A
2017 694 2382 775 praescitum
2422 701 2485 756 et
2523 694 2927 774 ordinatum3
2970 693 3120 757 hinc
3153 694 3515 777 reprobatio

405 796 579 859 niam
611 814 740 859 non
781 804 878 859 est
919 813 1332 878 personarum
1363 802 1658 876 acceptor
1687 794 1852 856 Deus
1887 812 1900 857 :

405 915 608 978 quum
640 914 793 977 ergo
824 895 998 957 nulla
1027 894 1266 957 fuerint
1299 894 1523 956 merita
1559 901 1669 955 aut
1697 893 1906 955 deme-

404 995 525 1056 rita
552 995 892 1056 hominum
923 1001 1067 1056 ante
1101 992 1322 1054 mundi
1360 991 1902 1063 constitutionem,

405 1093 662 1155 videtur
710 1092 880 1174 quod
937 1091 1018 1153 ab
1075 1098 1311 1154 aeterno
1368 1108 1496 1152 non
1542 1089 1907 1172 reprobavit

405 1210 608 1252 unum
661 1211 792 1273 prae
839 1190 984 1253 alio.
1028 1190 1106 1252 Et
1147 1189 1199 1250 si
1245 1189 1512 1262 dicatur,
1554 1189 1724 1270 quod
1763 1188 1906 1252 ideo

407 1308 611 1351 unum
652 1309 784 1370 prae
821 1288 948 1351 alio
978 1287 1364 1370 reprobavit,
1396 1287 1547 1369 quia
1585 1287 1776 1348 unius
1814 1287 1906 1349 vi-

403 1387 493 1449 tia
527 1388 730 1469 magis
760 1405 954 1468 quam
983 1386 1245 1448 alterius
1275 1385 1733 1468 praecognovit3
1767 1403 1910 1448 con-

404 1494 502 1547 tra
531 1485 655 1548 hoc
695 1494 792 1548 est
830 1485 997 1568 quod
1040 1485 1386 1567 temporale
1427 1503 1552 1546 non
1592 1492 1684 1546 est
1717 1502 1908 1546 causa

404 1583 627 1646 aeterni
673 1603 688 1646 :
731 1601 882 1664 ergo
929 1591 1210 1665 peccata,
1252 1603 1394 1664 quae
1430 1582 1600 1644 fiunt
1641 1583 1706 1644 in
1755 1589 1908 1644 tem·
1947 1643 1956 1652 ,

407 1700 584 1764 pore,
659 1699 787 1744 non
860 1681 1120 1744 fuerunt
1187 1700 1375 1743 causa
1445 1681 1908 1761 reprobationis

405 1786 680 1842 aeternae.
725 1815 808 1824 —
855 1779 1179 1852 Praeterea,
1231 1777 1564 1841 obduratio
1611 1784 1707 1840 est
1752 1779 1907 1861 quid

407 1878 712 1940 vitiosum

408 1976 743 2038 virtutum.

484 2075 556 2136 In
599 2074 988 2136 contrarium
1028 2082 1125 2135 est
1163 2072 1321 2136 illud
1359 2074 1534 2136 Isaiae-
1569 2095 1582 2138 :
1618 2075 1906 2149 Domine,

408 2192 605 2254 quare
657 2191 772 2235 nos
820 2191 1030 2234 errare
1081 2171 1288 2234 fecisti
1342 2173 1420 2234 de
1462 2172 1584 2236 viis
1632 2173 1780 2247 tuis,
1816 2173 1908 2236 in-

410 2271 649 2334 durasti
683 2291 792 2334 cor
823 2280 1108 2334 nostrum
1144 2291 1223 2334 ne
1256 2273 1628 2334 timeremus
1660 2277 1765 2335 te?
1803 2275 1908 2336 At-

410 2389 534 2451 que
570 2369 633 2432 in
665 2369 912 2432 Psalmo
945 2388 958 2431 :
992 2369 1336 2433 Declinasti
1375 2370 1632 2432 semitas
1663 2379 1908 2434 nostras

409 2487 446 2529 a
495 2469 598 2530 via
649 2477 772 2530 tua.
829 2469 905 2530 Et
954 2468 1107 2530 item
1157 2469 1327 2549 quod
1379 2469 1566 2531 toties
1623 2469 1784 2531 dixit
1829 2471 1910 2533 ad

329 2596 384 2632 w.
411 2567 666 2649 Moysen
712 2585 726 2629 :
772 2567 901 2647 Ego
941 2566 1252 2629 indurabo
1292 2585 1401 2629 cor
1439 2567 1797 2630 Pharaonis,
1832 2569 1910 2630 Et

409 2665 884 2728 Deuteronomii
913 2666 1193 2727 secundo
1219 2683 1230 2728 :
1256 2665 1581 2727 lnduravit
1606 2666 1908 2729 Dominus

409 2763 576 2825 Deus
606 2770 756 2825 tuus
789 2781 896 2826 cor
927 2763 1135 2826 Schon
1175 2763 1340 2844 regis
1372 2763 1904 2838 Amorrhaeorum,

407 2869 470 2923 et
507 2861 964 2924 obfirmaverat
1003 2862 1302 2945 spiritum
1342 2861 1505 2942 ejuS,
1540 2869 1608 2924 ut
1639 2864 1910 2926 tradere-

407 2968 513 3022 tur
555 2959 621 3022 in
669 2979 894 3022 manus
940 2967 1097 3022 tuas.
1391 2947 1400 2954 ⁰

484 3157 579 3221 Ad
619 3158 755 3221 haec
795 3158 1066 3220 Thomas
1105 3159 1444 3240 respondet
1481 3177 1495 3220 ε
1529 3158 1909 3241 Reprobatio

406 3257 578 3319 addit
621 3255 787 3317 ultra
831 3256 1295 3338 praescientiam
1343 3257 1650 3319 rationem
1699 3258 1906 3339 provi-

403 3356 657 3419 dentiae.
701 3356 908 3430 Quum
952 3354 1124 3417 enim
1170 3355 1568 3437 providentia
1610 3356 1692 3417 sit
1736 3374 1905 3419 com-

401 3455 678 3517 muniter
747 3453 1061 3529 omnium,
1121 3453 1483 3535 specialiter
1540 3463 1750 3517 tamen
1809 3465 1906 3519 est

399 3551 811 3614 rationalium
869 3558 1327 3625 creaturarum,
1379 3571 1520 3633 quae
1577 3553 1794 3633 gratiae
1842 3562 1904 3616 et

393 3650 616 3731 gloriae
660 3656 811 3711 sunt
850 3667 1132 3729 capaces,
1170 3650 1246 3711 Et
1284 3650 1584 3730 quoniam
1619 3659 1906 3715 creatura

395 3746 772 3828 hujusmodi
804 3765 843 3808 a
871 3746 1322 3809 consecutione
1360 3748 1568 3809 ultimi
1609 3748 1762 3811 sinis
1795 3768 1903 3832 po-

393 3854 520 3908 test
561 3844 842 3907 deficere
879 3862 956 3906 ex
997 3844 1188 3927 culpa
1227 3843 1538 3925 ejusdem,
1575 3846 1715 3909 ideo
1745 3867 1781 3909 a
1810 3848 1904 3909 di-

393 3943 547 4005 vina
605 3942 1010 4024 providentia
1067 3941 1427 4005 ordinatum
1487 3952 1582 4005 εει
1632 3951 1702 4006 ιιι
1760 3944 1901 4007 talis

393 4042 688 4104 defectus
749 4040 814 4103 in
875 4040 1117 4103 bonum
1176 4040 1358 4102 cedat
1402 4040 1689 4122 justitian,
1747 4044 1898 4105 dum

393 4140 606 4221 culpae
645 4137 986 4200 adhibetur
1025 4156 1235 4220 poena,
1281 4147 1344 4201 et
1388 4138 1770 4203 inordinatio
1814 4141 1904 4203 vi-

2017 799 2112 854 est
2152 792 2359 854 solum
2402 794 2799 874 praescientia
2838 793 3064 876 culpae,
3108 812 3234 855 non
3274 812 3463 856 causa
3497 812 3511 856 ε

2017 898 2114 952 εει
2159 897 2367 952 tamen
2417 909 2545 953 non
2589 891 2796 954 solum
2844 892 3243 974 praescientia
3287 892 3513 975 culpm,

2018 988 2128 1050 sed
2177 988 2373 1050 etiam
2423 1008 2612 1053 causa
2661 1010 2864 1073 poenae
2915 1010 3029 1072 per
3087 1010 3277 1072 quam
3329 992 3519 1075 culpa

2018 1089 2365 1151 ordinatur.
2401 1125 2481 1134 —-
2511 1091 2726 1171 Itaque
2759 1089 3118 1172 reprobatio
3158 1089 3269 1152 illa
3301 1091 3519 1153 divina

2019 1205 2144 1249 non
2176 1187 2353 1249 addit
2382 1187 2625 1269 aliquid
2656 1208 2735 1251 ex
2766 1197 2941 1270 parte
2974 1188 3293 1271 reprobati
3325 1207 3520 1269 supra

2018 1285 2507 1367 praescientiam,
2543 1287 2693 1368 quia
2733 1287 2823 1348 nil
2864 1294 3081 1350 causat
3123 1286 3188 1349 in
3228 1287 3367 1369 ipso
3405 1306 3519 1370 per

2021 1384 2190 1466 quod
2222 1384 2427 1447 malus
2459 1384 2614 1464 fiat3
2647 1385 2757 1448 sed
2797 1385 2973 1447 addit
3010 1385 3252 1467 aliquid
3292 1404 3516 1448 secun-

2020 1482 2172 1544 dum
2224 1483 2535 1546 rationem
2583 1503 2659 1545 ex
2710 1492 2887 1565 parte
2936 1484 3048 1546 Dei
3092 1483 3512 1566 reprobantiS,

2020 1581 2319 1644 videlicet
2386 1582 2777 1644 voluntatem
2851 1583 3093 1645 ordinis
3167 1601 3370 1665 poenae
3437 1582 3517 1644 ad

2021 1679 2296 1761 culpam.

2099 1778 2403 1841 Praeterea
2434 1778 2767 1842 obduratio
2798 1779 3119 1841 interdum
3159 1779 3395 1842 dicitur
3422 1798 3521 1842 ac·

769 1897 782 1940 :
836 1895 961 1939 non
1015 1885 1110 1938 est
1164 1895 1314 1957 ergo
1369 1896 1406 1938 a
1457 1877 1726 1940 Domino
1782 1878 1909 1940 Deo
1942 1879 1991 1942 B
2023 1883 2122 1937 tus
2165 1877 2509 1938 voluntatis
2553 1877 2885 1940 obstinata}
2927 1877 2990 1939 in
3031 1878 3210 1952 vitio,
3245 1878 3349 1940 cui
3382 1897 3518 1960 per-

2020 1974 2314 2036 tinaciter
2372 1975 2637 2038 inhaeret
2688 1995 2701 2040 ε
2754 1976 2973 2058 sicque
3022 1977 3187 2039 Deus
3247 1995 3373 2040 non
3422 1985 3520 2039 est

2021 2091 2211 2135 causa
2240 2073 2700 2148 obdurationiS,
2719 2075 2885 2136 sicut
2914 2093 3033 2137 nec
3062 2083 3243 2138 actus
3274 2075 3518 2158 peccati

2018 2179 2331 2252 quantum
2362 2173 2439 2234 ad
2470 2173 2611 2252 ejus
2643 2171 3133 2246 deformitatem,
3158 2175 3267 2235 sed
3301 2175 3511 2236 homo.

2019 2270 2343 2332 Interdum
2412 2270 2748 2332 obduratio
2817 2271 3174 2353 appellatur
3246 2272 3519 2354 privatio

2018 2368 2257 2449 gratiae,
2308 2389 2450 2451 quae
2496 2375 2575 2431 et‘
2606 2369 2945 2432 excaecatio
3001 2370 3253 2432 dicitur.
3305 2372 3518 2434 Homi-

2020 2486 2166 2529 nem
2216 2475 2427 2528 autem
2473 2485 2686 2529 carere
2728 2467 2931 2548 gratia
2966 2486 3045 2529 ex
3084 2468 3334 2532 duobus
3373 2488 3519 2533 con-

2019 2563 2256 2645 tingit:
2295 2572 2427 2626 tum
2472 2564 2774 2647 quoniam
2823 2565 2959 2648 ipse
3004 2583 3131 2629 non
3177 2567 3315 2628 vult
3359 2567 3518 2630 reci—

2020 2682 2193 2745 pere,
2230 2670 2363 2725 tum
2398 2664 2700 2745 quoniam
2730 2664 2896 2726 Deus
2927 2683 3054 2727 non
3085 2663 3368 2727 infundit
3398 2685 3517 2728 nec

2019 2762 2159 2823 vult
2224 2762 2491 2842 gratiam
2552 2762 2755 2845 ipsam
2816 2762 3173 2826 infundere.
3237 2763 3515 2836 Quorum

2019 2861 2289 2922 duorum
2326 2859 2443 2922 iste
2474 2868 2571 2922 est
2598 2861 2767 2934 ord0,
2794 2868 2863 2922 ut
2892 2862 3245 2924 secundum
3278 2881 3405 2925 non
3436 2864 3519 2926 sit

2019 2959 2144 3021 nisi
2194 2977 2270 3021 ex
2320 2959 2759 3042 suppositione
2807 2959 3001 3042 primi
3054 2979 3067 3022 :
3118 2960 3268 3042 quia
3319 2982 3519 3043 quum

1945 3059 1988 3123 C
2019 3057 2188 3119 Deus
2219 3057 2309 3119 nil
2340 3057 2496 3120 velit
2524 3058 2649 3120 nisi
2682 3057 2943 3134 bonum,
2977 3066 3040 3121 et
3069 3058 3265 3123 istum
3306 3079 3520 3125 carere

2019 3156 2221 3237 gratia
2250 3174 2377 3218 non
2420 3157 2502 3218 sit
2543 3157 2783 3219 bonum
2826 3157 2891 3219 in
2932 3176 3022 3232 se,
3055 3159 3165 3221 sed
3206 3160 3412 3222 solum
3454 3160 3521 3223 in

2020 3261 2330 3336 quantum
2363 3255 2663 3337 indignus
2704 3264 2799 3317 est
2840 3275 2979 3318 eam
3021 3258 3254 3320 habere
3294 3278 3371 3321 ex
3413 3278 3521 3321 ne·-

2018 3353 2325 3435 gligentia
2377 3373 2492 3415 sua
2540 3362 2603 3415 et
2652 3355 2890 3436 culpa3
2942 3355 3035 3417 sic
3090 3356 3377 3419 absolute
3437 3358 3523 3421 lo-

2021 3451 2295 3533 quendo,
2339 3451 2547 3533 prima
2590 3470 2780 3514 causa
2822 3453 3015 3534 hujus
3064 3455 3358 3519 carentiae
3406 3474 3518 3519 seu

2019 3550 2329 3624 defectuS‚
2381 3558 2478 3613 est
2531 3569 2605 3613 ex
2666 3558 2843 3632 parte
2902 3551 3203 3626 hominiS,
3254 3572 3380 3616 non
3440 3573 3519 3617 ex

2020 3656 2197 3730 parte
2229 3647 2364 3721 Dei,
2400 3647 2523 3709 nisi
2564 3668 2640 3710 ex
2681 3649 3138 3731 suppositione.
3174 3651 3249 3712 Et
3288 3651 3375 3714 ita
3414 3671 3519 3714 vo-

2019 3754 2198 3808 catur
2242 3764 2431 3807 causa
2466 3746 2927 3821 excaecationis,
2970 3746 3415 3812 obstinationis
3453 3758 3518 3813 et

2018 3843 2463 3917 indurationiS,
2524 3862 2649 3906 non
2718 3844 3029 3907 malitiam
3088 3845 3511 3922 immittendO,

2017 3942 2127 4005 sed
2174 3942 2442 4023 gratiam
2490 3959 2617 4003 non
2666 3944 3020 4024 praestando
3064 3961 3079 4005 :
3120 3964 3263 4027 quae
3313 3966 3515 4028 quum

2016 4059 2144 4104 non
2194 4048 2529 4123 praestetur
2580 4040 2658 4102 de
2706 4040 3101 4113 necessitate,
3155 4044 3264 4105 sed
3315 4045 3516 4109 libere

2018 4140 2081 4202 in
2115 4141 2243 4202 Deo
2272 4148 2367 4203 est
2397 4159 2537 4202 eam
2572 4139 2883 4221 impertiri
2916 4149 2979 4202 et
3009 4160 3137 4205 non
3168 4142 3513 4225 impertiri3

395 4237 473 4299 tii
503 4243 920 4319 recuperatur
949 4254 1063 4318 per
1093 4236 1551 4299 ordinationem
1576 4237 1726 4319 justi
1761 4260 1902 4321 sup-
1933 4247 1982 4308 D
2015 4238 2100 4299 ita
2141 4238 2284 4319 ejus
2325 4238 2494 4321 quod
2540 4246 2637 4300 est
2687 4256 2813 4301 non
2864 4238 3203 4321 impertiri,
3240 4242 3376 4324 ipse
3418 4251 3515 4306 est

399 4334 602 4418 plicii.
637 4334 784 4396 Ideo
815 4333 982 4395 sicut
1017 4334 1417 4416 providentia
1455 4336 1566 4398 Dei
1608 4345 1901 4419 respectu

395 4432 553 4496 boni
610 4431 830 4513 gratiae
885 4440 947 4493 et
1004 4432 1221 4513 gloriae
1287 4452 1434 4495 cum
1506 4435 1902 4516 praescientia

395 4538 690 4603 eventus,
744 4537 1008 4592 vocatur
1056 4531 1568 4611 praedestinati03
1619 4533 1712 4595 sic
1761 4552 1902 4617 pro-

393 4628 682 4693 videntia
721 4628 836 4691 Dei
883 4637 1176 4711 respectu
1229 4630 1377 4692 mali
1429 4632 1707 4713 oppositi
1753 4652 1900 4695 cum

393 4726 801 4811 praescientia
849 4726 1158 4801 defectuS,
1208 4728 1570 4810 reprobatio
1617 4731 1901 4793 nomina-

392 4835 517 4888 tur.
572 4826 650 4888 Et
699 4824 1002 4907 quoniam
1054 4825 1293 4888 bonum
1345 4828 1632 4909 subjacet
1692 4830 1900 4911 provi-

392 4924 628 4987 dentiae
669 4924 780 4986 Dei
825 4930 1129 5005 tanquam
1175 4934 1503 4988 causatum
1549 4935 1612 4990 et
1656 4928 1904 4991 ordina-

392 5032 532 5085 tum
564 5023 647 5085 ab
676 5042 772 5096 ea,
802 5022 947 5086 ideo
978 5023 1451 5105 praedestinatio
1480 5025 1683 5087 fertur
1713 5045 1902 5088 causa

391 5121 612 5203 gratiae
641 5128 704 5184 ct
733 5119 968 5203 gloriae.
1005 5121 1126 5183 Sed
1159 5122 1462 5203 quoniam
1495 5123 1736 5185 malum
1768 5124 1900 5186 cul-

396 5239 494 5301 pae
544 5237 674 5282 non
727 5217 1016 5299 subjacet
1065 5219 1482 5301 providentiae
1540 5221 1770 5284 divinae
1830 5230 1902 5284 ut

395 5317 719 5381 intentum
748 5324 812 5380 et
843 5325 1192 5393 causatum,
1217 5318 1326 5380 sed
1358 5319 1566 5382 solum
1596 5327 1898 5401 tanquam

2011 4336 2227 4419 aliquo
2261 4338 2448 4400 modo
2479 4356 2668 4400 causa
2697 4356 2774 4399 ex
2805 4357 2919 4399 sua
2943 4338 3210 4420 justitia.
3244 4341 3511 4414 Quidam

2011 4454 2162 4497 vero
2193 4435 2437 4509 dicunt,
2472 4436 2641 4517 quod
2680 4436 2845 4498 Deus
2886 4445 2982 4499 est
3020 4456 3211 4502 causa
3246 4440 3515 4503 obdura-

2013 4532 2225 4608 tionis,
2261 4534 2428 4596 sicut
2458 4542 2682 4597 natura
2710 4542 2806 4597 est
2837 4555 3027 4599 causa
3057 4538 3308 4619 quietis.
3336 4540 3510 4614 Quod

2014 4630 2351 4695 manifeste
2395 4642 2490 4695 est
2532 4626 2788 4709 falsum,
2831 4636 3135 4717 quoniam
3179 4637 3361 4719 quies
3405 4658 3512 4701 na-

2011 4731 2233 4793 turalis
2264 4740 2357 4793 est
2392 4731 2542 4794 finis
2575 4741 2784 4795 motus
2826 4735 3153 4809 naturalis,
3188 4743 3249 4797 et
3288 4756 3403 4819 per
3444 4757 3511 4800 se

2011 4828 2257 4892 intenta
2304 4850 2341 4891 a
2389 4838 2615 4892 natura
2666 4848 2679 4892 :
2735 4832 2902 4913 quod
2965 4832 3043 4895 de
3094 4832 3511 4899 obduratione

2011 4936 2303 5010 respectu
2364 4928 2779 4991 Providentiae
2829 4929 2957 4991 dici
3017 4948 3143 4994 non
3194 4932 3379 4994 valet.
3430 4968 3513 4977 —

2010 5026 2229 5108 Itaque
2278 5024 2611 5088 obduratio
2660 5034 2731 5087 ut
2778 5034 2874 5088 est
2925 5046 3134 5109 poena‚
3186 5029 3514 5092 reducitur

2012 5125 2078 5187 in
2122 5124 2557 5187 causalitatem
2603 5124 2907 5199 divinam,
2955 5144 3082 5189 non
3128 5127 3369 5191 ratione
3407 5129 3511 5191 de·—

2011 5222 2237 5285 fectus.
2273 5221 2477 5295 Quum
2513 5239 2665 5284 vero
2706 5223 3029 5298 asseritur,
3067 5225 3234 5306 quod
3268 5226 3506 5289 malum

2013 5339 2219 5403 poenae
2248 5328 2343 5382 est
2373 5339 2410 5382 a
2439 5321 2588 5394 Dec,
2615 5319 3103 5403 intelligendum
3133 5331 3225 5387 est
3264 5325 3341 5386 de
3374 5344 3507 5390 ma-
