4359 6250
628 1383 841 1438 Pei-gius,

576 1445 762 1488 Libellus
796 1445 843 1487 fi-

576 1508 663 1558 dei,
684 1521 782 1562 pars
806 1507 839 1556 1,

572 1583 617 1614 ιι.
635 1575 675 1622 5,
689 1575 730 1620 6,
748 1573 787 1614 7.

644 3282 837 3327 numm.

569 3348 625 3391 de
650 3346 753 3389 Fide
773 3359 841 3389 οι·-

574 3411 687 3453 ῑΙιοά.
701 3410 772 3452 lib.
786 3423 840 3461 ιιι,

868 440 985 504 194
1593 461 1657 507 ιΝ
1700 461 1920 507 [manu
1962 462 1981 506 1
2024 461 2507 508 snnrsxriancu.
2552 478 2633 489 —
2676 461 2826 508 nisr.
2875 463 2997 507 xxv
3040 462 3246 508 summ

1376 687 1465 751 M.
1513 691 2093 755 Auctoritatwus
2135 691 2586 755 sanctorum
2633 691 2946 753 ostendit
2992 694 3182 765 quod
3229 690 3449 753 dimit.

998 892 1190 967 Quod
1225 898 1447 960 autem
1479 897 1841 960 secundum
1875 895 2311 959 substantiam
2341 896 2618 974 dicatur,
2652 896 2717 958 et
2745 895 2942 957 etiam
2981 895 3330 958 essentiam
3373 892 3726 974 aliquando
3767 891 3983 973 signi-

868 1008 1041 1088 ficet,
1082 1028 1282 1092 supra
1324 1029 1405 1076 ex
1442 1011 1637 1076 dictis
1673 1011 2029 1094 Augustini
2066 1013 2289 1092 aperte
2335 1011 2767 1074 ostendimus.
2809 1009 3002 1083 Quod
3038 1026 3193 1073 vero
3231 1026 3349 1090 pro
3388 1008 3730 1090 hypostasi
3776 1009 3984 1088 atque

867 1126 1265 1206 proprietate
1329 1129 1709 1208 accipiatur,
1769 1127 2270 1191 auctoritatibus
2335 1128 2725 1191 Sanctorum
2785 1127 3040 1190 ostendi
3105 1127 3384 1207 oportet,
3439 1144 3523 1189 ne
3579 1125 3984 1206 conjecturis

868 1242 1109 1306 nostris
1170 1243 1421 1324 aliquid
1478 1245 1623 1306 ausi
1677 1245 1891 1307 dicere
1950 1244 2313 1307 videamur.
2375 1244 2473 1307 De
2529 1243 2654 1306 hoc
2708 1242 3158 1322 Hieronymus
3209 1243 3280 1304 in
3333 1241 3764 1322 Expositione
3819 1240 3980 1304 fidei

866 1356 1205 1421 catholicae
1244 1358 1327 1421 ad
1362 1357 1661 1439 Alipium
1701 1362 1766 1423 et
1802 1359 2253 1440 Augustinum
2293 1359 2639 1440 episcopos
2678 1359 2770 1421 ita
2806 1358 2899 1420 ait
2942 1378 2956 1417 ε
2997 1358 3142 1421 Non
3184 1358 3282 1420 est
3318 1373 3588 1437 prorsus
3625 1356 3868 1437 aliquis
3907 1357 3980 1417 in

865 1471 1184 1536 Trinitate
1227 1473 1490 1554 graduS,
1533 1474 1829 1555 nihilque
1874 1475 2051 1556 quod
2098 1475 2375 1538 inferius
2421 1475 2808 1556 superiusve
2845 1474 2976 1537 dici
3022 1474 3268 1554 possit3
3309 1473 3424 1536 sed
3461 1474 3600 1535 tota
3645 1473 3984 1535 Divinitas

868 1589 972 1652 sui
1002 1589 1399 1670 perfectione
1438 1591 1713 1671 aequalis
1750 1592 1871 1670 est,
1905 1591 1980 1653 ut
2020 1591 2313 1671 exceptis
2349 1589 2688 1654 vocabulis
2726 1608 2873 1670 quae
2912 1590 3378 1670 proprietatem
3420 1588 3713 1651 indicant
3749 1605 3985 1668 perso·

867 1722 1125 1784 narum,
1159 1706 1481 1788 quidquid
1510 1706 1592 1770 de
1628 1723 1761 1770 una
1788 1723 2067 1788 persona
2103 1707 2367 1787 dicitur,
2399 1707 2480 1771 de
2516 1706 2728 1770 tribus
2757 1707 2968 1788 possit
3005 1705 3391 1786 dignissime
3420 1705 3722 1786 intelligi.
3756 1703 3983 1784 Atque

866 1821 942 1883 ut
991 1820 1405 1885 confutantes
1452 1823 1711 1902 Arium,
1771 1840 1972 1886 unam
2029 1822 2460 1904 eamdemque
2515 1822 2856 1885 Trinitatis
2911 1822 3196 1884 dicimus
3251 1839 3395 1886 esse
3459 1823 3810 1886 essentiam
3869 1822 3982 1884 vel

866 1934 1325 2016 substantiam,
1377 1941 1443 2001 et
1496 1939 1712 2003 Deum
1770 1956 1979 2002 unum
2038 1939 2106 2002 in
2158 1938 2370 2002 tribus
2426 1939 2725 2020 personis
2782 1937 3097 2018 fatemur3
3157 1938 3249 2000 ita
3303 1939 3499 2002 etiam
3563 1938 3978 2018 impietatem

866 2051 1134 2116 Sabellii
1189 2053 1613 2133 declinanteS,
1660 2055 1793 2118 tres
1846 2071 2161 2136 personas
2218 2071 2562 2135 expressas
2612 2053 2738 2117 sub
2786 2054 3182 2135 proprietate
3240 2053 3711 2134 distinguimus
3765 2072 3781 2114 ε
3838 2071 3978 2116 non

866 2168 1087 2249 ipsum
1128 2168 1254 2232 sibi
1293 2168 1579 2250 Patrem,
1614 2188 1747 2233 non
1784 2171 2005 2252 ipsum
2044 2169 2172 2233 sibi
2213 2170 2484 2250 Filium,
2517 2186 2652 2232 non
2689 2170 2911 2251 ipsum
2947 2169 3074 2232 sibi
3116 2170 3436 2251 Spiritum
3475 2169 3790 2234 Sanctum
3829 2188 3980 2234 esse

866 2285 1189 2366 dicentes3
1242 2286 1358 2350 sed
1405 2285 1603 2350 aliam
1641 2286 1880 2366 Patris,
1920 2287 2120 2350 aliam
2167 2286 2346 2366 Filii,
2389 2285 2588 2348 aliam
2631 2285 2916 2367 Spiritus
2957 2286 3178 2349 Sancti
3228 2303 3370 2349 esse
3407 2303 3779 2367 personam.
3821 2286 3978 2349 Non

866 2401 1044 2464 enim
1074 2401 1345 2465 nomina
1375 2402 1859 2480 tantummodo,
1894 2403 2011 2466 sed
2038 2403 2238 2466 etiam
2276 2403 2624 2465 nominum
2661 2401 3114 2483 proprietates,
3145 2402 3213 2464 id
3251 2402 3353 2466 est
3387 2418 3721 2483 ρει-301183,
3754 2403 3858 2466 vel
3899 2405 3980 2465 ut

866 2517 1079 2581 Graeci
1126 2519 1528 2600 exprimunt,
1569 2521 1984 2600 hypostaseS,
2033 2518 2100 2581 id
2138 2521 2240 2582 est
2280 2517 2764 2594 subsistentiae,
2806 2517 3214 2581 confitemur.
3257 2518 3394 2581 Nec
3441 2518 3635 2581 Pater
3671 2517 3826 2580 Filii
3867 2519 3972 2582 vel

864 2631 1151 2713 Spiritus
1178 2633 1399 2698 Sancti
1437 2651 1785 2715 personam
1819 2633 2171 2716 aliquando
2207 2633 2520 2712 excludit,
2551 2649 2674 2695 nec
2709 2632 2922 2696 Filius
2959 2650 3078 2695 nec
3115 2632 3401 2714 Spiritus
3439 2633 3716 2696 Sanctus
3752 2633 3976 2696 Patris

864 2764 1106 2812 nomen
1151 2766 1630 2832 personamque
1676 2751 1940 2831 recipit3
1982 2750 2099 2813 sed
2144 2751 2340 2813 Pater
2385 2767 2645 2831 semper
2691 2750 2907 2829 Pater,
2945 2752 3022 2812 ·et
3069 2750 3280 2812 Filius
3327 2767 3586 2831 semper
3629 2750 3865 2830 Filius,
3909 2753 3977 2812 et

864 2861 1151 2943 Spiritus
1187 2863 1464 2927 Sanctus
1504 2881 1765 2945 semper
1801 2865 2085 2946 Spiritus
2122 2865 2424 2928 Sanctus,
2462 2864 2690 2944 Itaque
2728 2863 3095 2927 substantia
3131 2881 3340 2927 unum
3377 2865 3554 2944 sunt,
3595 2865 3712 2928 sed
3749 2881 3976 2945 perso-

864 2979 969 3040 nis
998 2995 1073 3040 ac
1101 2978 1483 3042 nominibus
1518 2980 2033 3061 distinguuntur.
2068 2982 2234 3043 Ecce
2273 2980 2380 3042 hic
2412 2981 2633 3060 aperte
2664 2980 2823 3042 dicit
2853 2981 3323 3061 Hieronymus,
3355 2982 3788 3063 proprietates
3827 2999 3972 3044 esse

865 3110 1202 3174 personaS,
1237 3094 1303 3157 et
1336 3111 1649 3176 personas
1687 3112 1831 3158 esse
1868 3094 2348 3158 subsistentias.
2385 3093 2572 3157 Unde
2601 3093 3026 3157 manifestum
3058 3096 3132 3160 fit
3164 3096 3340 3177 quod
3369 3095 3685 3175 diximuS,
3719 3097 3974 3160 scilicet

867 3227 1164 3290 personae
1201 3212 1469 3273 nomine
1506 3211 1859 3292 significari
1900 3213 1964 3273 et
1995 3210 2407 3291 hypostasim
2447 3212 2512 3273 et
2534 3210 3024 3291 proprietatem.
3056 3212 3344 3275 Joannes
3380 3212 3578 3276 etiam
3616 3212 3972 3277 Damasce-

867 3342 995 3390 nus
1031 3342 1343 3407 personas
1382 3326 1542 3389 dicit
1572 3344 1713 3391 esse
1742 3327 2155 3408 hypostases,
2192 3328 2257 3389 et
2286 3343 2396 3389 eas
2433 3326 2593 3388 dicit
2619 3327 2824 3405 enteS,
2857 3326 2950 3388 ita
2979 3327 3286 3407 inquiens
3319 3348 3333 3387 ε
3371 3328 3446 3391 In
3476 3329 3734 3393 Deitate
3763 3346 3966 3394 unam

866 3443 1171 3504 naturam
1209 3441 1620 3522 confitemur,
1664 3444 1729 3506 et
1766 3444 1897 3505 tres
1934 3442 2326 3522 hypostases
2363 3442 2724 3505 secundum
2762 3442 3102 3505 veritatem
3146 3444 3351 3523 entes,
3385 3444 3453 3505 id
3490 3446 3589 3507 est
3625 3462 3964 3525 personas.

2387 3671 2438 3731 A
2466 3669 2672 3731 solent
2704 3670 2966 3743 moveri,
3003 3670 3300 3733 videlieet
3334 3689 3349 3733 ε
3384 3691 3527 3754 quae
3556 3673 3639 3735 sit
3669 3673 3966 3739 definitio

2466 3784 2773 3847 personae,
2789 3774 2848 3828 et
2881 3768 3148 3848 qualiter
3177 3768 3259 3830 sit
3288 3769 3730 3852 intelligenda3
3753 3780 3968 3835 utrum

2469 3864 2628 3926 ratio
2684 3881 2968 3945 personae
3015 3865 3284 3928 univoce
3344 3870 3679 3931 conveniat
3726 3871 3966 3935 divinis

2469 3963 2778 4045 personis,
2813 3972 3028 4026 utrum
3073 3965 3342 4029 univoce
3386 3976 3706 4049 competat
3751 3988 3968 4052 perso-

2469 4061 2567 4121 nis
2601 4061 2895 4123 increatis
2926 4069 2988 4123 et
3029 4063 3256 4126 creatis
3276 4082 3293 4142 3
3329 4072 3544 4127 utrum
3582 4086 3854 4149 persona
3883 4071 3968 4132 sit

1014 4154 1086 4217 IC
1129 4173 1349 4216 rursus
1398 4154 1658 4217 discutit
1705 4162 1768 4217 et
1815 4163 2152 4226 scrutatur,
2202 4156 2357 4236 quid
2469 4176 2703 4220 nomen
2763 4159 2985 4240 primae
3045 4168 3155 4222 aut
3212 4165 3507 4227 secundae
3568 4166 3961 4231 intentionis

1036 4260 1099 4315 et
1141 4252 1415 4333 qualiter
1456 4252 1809 4333 accipiatur
1853 4253 1919 4314 in
1968 4253 2201 4316 divinis
2251 4272 2359 4316 no·
2468 4257 2802 4338 Multaeque
2837 4257 3074 4319 similes
3108 4260 3490 4339 quaestiones
3521 4282 3662 4344 quae
3693 4266 3798 4327 hic
3831 4284 3970 4348 pos-

864 4368 1011 4413 men
1054 4367 1361 4431 personae,
1397 4350 1551 4431 quid
1596 4350 1939 4430 significet,
1971 4359 2034 4414 et
2082 4351 2358 4433 qualiter
2467 4361 2609 4415 sent
2637 4354 2889 4427 adduci,
2915 4355 2980 4415 in
3013 4357 3326 4436 praetactis
3357 4366 3506 4420 sunt
3538 4360 3693 4422 locis
3725 4361 3968 4425 discus-

862 4448 1251 4530 exponendae
1294 4466 1367 4510 ac
1418 4446 1845 4527 intelligendae
1890 4449 2016 4510 sint
2064 4449 2354 4531 quaedam
2469 4472 2571 4514 sae.
2607 4452 2894 4534 Insuper,
2927 4472 3007 4515 an
3053 4460 3175 4515 tres
3217 4474 3503 4535 personae
3543 4459 3789 4539 possint
3834 4461 3962 4524 dici

860 4546 1176 4609 orationes
1222 4545 1287 4607 in
1328 4546 1561 4627 quibus
1606 4546 1727 4608 hoc
1766 4564 2019 4619 nornen,
2063 4564 2353 4629 persona,
2467 4556 2594 4612 tres
2645 4569 2766 4624 reS‚
2799 4558 2862 4612 et
2909 4550 3112 4614 nihilo
3162 4552 3376 4616 minus
3427 4574 3551 4618 una
3601 4575 3722 4631 νος,
3768 4577 3966 4640 supra

861 4644 1224 4707 continetur
1270 4661 1284 4705 :
1332 4652 1395 4706 et
1443 4644 1741 4719 breviter,
1793 4652 2103 4725 quantum
2149 4646 2352 4727 capi0,
2467 4647 2984 4710 distinctionibus
3015 4650 3235 4731 primis
3265 4652 3460 4733 hujus
3491 4655 3833 4719 voluminis
3863 4675 3966 4721 co-

859 4751 989 4806 tota
1033 4742 1359 4805 distinctio
1409 4742 1526 4805 ista
1568 4741 1925 4804 virtualiter
1971 4744 2358 4805 sententiali-
2469 4746 2644 4827 piose
2692 4753 2755 4807 et
2803 4746 2968 4809 clare
3017 4756 3352 4811 tractatum
3400 4760 3518 4825 est,
3569 4763 3632 4815 et
3690 4756 3967 4835 qualiter

857 4848 1082 4922 terque
1126 4839 1474 4921 praehabita
1514 4848 1607 4902 est
1648 4860 1859 4922 supra,
1896 4842 2248 4921 praesertim
2291 4842 2354 4904 in
2394 4842 2440 4904 B
2469 4844 2592 4905 sint
2646 4864 2843 4906 unum
2894 4864 3006 4907 ens
3056 4854 3119 4908 et
3168 4855 3293 4910 tres
3345 4856 3540 4912 entes,
3594 4851 3836 4917 Idcirco
3883 4855 3964 4917 de

858 4938 1265 5001 distinctione
1308 4938 1674 4999 immediate
1715 4940 2130 5019 praecedente,
2163 4948 2356 5021 atque
2469 4942 2766 5003 omnibus
2807 4942 2965 5015 istis,
3001 4945 3426 5026 prolixitatem
3457 4954 3520 5009 et
3554 4949 3964 5031 superfluita-

858 5036 925 5097 in
984 5035 1092 5097 illa
1149 5055 1290 5117 quae
1351 5035 1555 5117 ipsam
1610 5035 1975 5099 immediate
2031 5039 2352 5119 praecedit.
2467 5048 2596 5102 tem
2629 5041 2854 5112 vitanS,
2879 5049 3265 5123 pertranseo,
3285 5052 3346 5106 et
3375 5045 3455 5106 ad
3483 5046 3964 5113 distinctionem

859 5133 1039 5196 Circa
1069 5153 1225 5215 quas
1258 5142 1439 5197 motae
1469 5142 1531 5197 et
1561 5134 1989 5197 determinatae
2020 5143 2164 5197 sunt
2195 5156 2360 5218 quae·
2469 5138 2838 5201 vicesimam
2869 5148 3133 5213 sextam,
3171 5142 3233 5203 in
3265 5162 3392 5225 qua
3429 5145 3688 5226 pelagus
3719 5154 3816 5209 est
3845 5148 3968 5211 dir-

860 5230 1095 5293 stiones
1130 5250 1271 5312 quae
1308 5231 1475 5294 circa
1514 5232 1685 5293 hunc
1720 5232 1929 5294 locum
1962 5242 2219 5314 possent
2250 5243 2359 5296 aut
2466 5236 2850 5311 ficultatum,
2896 5240 3146 5301 accedo.

1437 3729 1794 3795 SUMMA

900 3912 1505 3968 DlSTlNCTlONIS
1556 3912 1962 3968 VlCESlMAE
2014 3912 2324 3977 QUINTAE
