4359 6250
840 492 962 559 620
1766 509 1941 555 Lmen
1982 510 2003 553 1
2044 506 2526 554 sumi-:munem
2571 524 2653 535 —-
2691 506 2844 551 msr.
2891 505 3032 551 xtvt

844 688 961 752 sed
1007 688 1099 751 ita
1144 686 1509 767 intelligere
1558 684 1737 766 quod
1786 683 2105 765 script-um
2158 686 2280 762 est,
2320 682 2483 743 Vult
2529 698 2758 745 omnes
2805 681 3110 745 homines
3159 680 3377 744 salvos
3426 680 3593 756 fieri,
3635 681 3952 761 tanquam

844 804 1191 883 diceretur,
1232 802 1489 867 nullum
1534 802 1873 865 hominem
1911 800 2169 863 salvum
2209 798 2348 862 fieri
2388 798 2517 861 nisi
2554 814 2752 878 quem
2791 797 3050 860 salvum
3087 797 3227 861 fieri
3271 797 3412 877 ipse
3450 796 3738 860 voluerit
3770 816 3784 857 ε
3817 812 3953 858 non

843 920 1020 1001 quod
1066 920 1292 983 nullus
1326 920 1413 982 sit
1450 918 1799 981 hominum
1837 916 1967 979 nisi
2015 932 2210 996 quem
2253 914 2512 978 salvum
2551 914 2691 977 fieri
2733 914 2914 991 velit,
2948 914 3062 979 sed
3101 914 3279 996 quod
3310 915 3535 978 nullus
3571 916 3687 979 fiat
3727 916 3954 979 salvus

842 1035 973 1099 nisi
1021 1053 1217 1116 quem
1267 1034 1427 1099 velit
1474 1033 1750 1114 salvari3
1801 1034 1866 1097 et
1920 1035 2066 1097 ideo
2124 1034 2455 1115 rogandus
2513 1033 2612 1095 est
2667 1034 2740 1095 ut
2791 1031 2970 1112 velit,
3022 1033 3180 1113 quia
3231 1050 3494 1097 necesse
3549 1034 3651 1096 est
3696 1034 3836 1097 fieri
3895 1034 3954 1098 si

815 1152 1146 1237 vvoluerit.
1188 1153 1337 1216 Non
1386 1154 1486 1215 est
1532 1153 1709 1214 enim
1757 1151 2117 1214 credendus
2164 1150 2600 1231 Omnipotens
2647 1148 2898 1229 aliquid
2935 1148 3224 1212 voluisse
3267 1148 3432 1229 fieri,
3475 1149 3652 1231 quod
3701 1150 3952 1213 sactum

550 1280 715 1324 Joann.
733 1284 811 1333 ι,9.

554 4639 815 4690 Rom.1x,l⁹.

596 5101 703 5156 Aug.
736 5100 820 5144 Eu·

554 5163 821 5208 clairid.c.96.

842 1287 977 1332 non
1014 1269 1121 1332 sit.
1158 1269 1267 1332 Sic
1305 1269 1503 1331 etiam
1543 1267 1933 1348 intelligitur
1970 1267 2157 1346 illud,
2193 1266 2533 1329 Illuminat
2570 1282 2836 1328 omnem
2873 1265 3212 1329 hominem
3250 1266 3622 1329 venientem
3667 1265 3735 1327 in
3771 1265 3953 1329 hune

841 1386 1167 1449 mundum
1202 1404 1216 1446 τ
1250 1402 1383 1447 non
1420 1386 1575 1466 quia
1611 1384 1835 1447 nullus
1872 1383 2224 1445 hominum
2263 1383 2361 1446 est
2390 1383 2504 1463 qui
2543 1398 2676 1444 non
2715 1380 3299 1462 illuminetur,·sed
3328 1382 3486 1463 quia
3519 1384 3650 1446 nisi
3689 1382 3772 1446 ab
3802 1383 3950 1465 ipso

842 1501 1066 1563 nullus
1121 1501 1555 1563 illuminatur.
1599 1499 1827 1563 Potest
1878 1501 1943 1562 et
1988 1500 2118 1561 alio
2176 1499 2374 1562 modo
2434 1498 2599 1561 illud
2652 1497 2955 1579 intelligi,
3009 1498 3168 1562 dum
3224 1500 3445 1563 tamen
3505 1500 3764 1564 eredere
3811 1518 3948 1563 non

842 1634 1177 1697 cogamur,
1210 1615 1744 1697 omnipotentem
1792 1616 2041 1697 aliquid
2089 1616 2229 1680 fieri
2275 1616 2586 1694 voluisse,
2629 1613 3006 1696 factumque
3053 1632 3184 1678 non
3232 1632 3396 1679 esse.
3441 1615 3569 1689 Qui
3607 1616 3748 1679 sine
3786 1616 3946 1679 ullis

842 1733 1385 1814 ambiguitatibus
1428 1734 1600 1796 sieut
1647 1734 1715 1794 in
1767 1733 1929 1795 eoelo
1972 1733 2038 1794 et
2084 1733 2152 1795 in
2201 1734 2394 1811 terra,
2437 1731 2608 1793 siout
2653 1730 2912 1793 Veritas
2959 1732 3197 1811 cantat,
3239 1730 3462 1793 omnia
3507 1749 3944 1813 quaeeumque

843 1849 1056 1913 voluit
1112 1849 1287 1929 feeit,
1339 1849 1631 1931 profecto
1684 1849 1893 1911 faeere
1940 1866 2073 1911 non
2122 1848 2334 1911 voluit
2379 1863 2812 1929 quaeeumque
2862 1864 2992 1909 non
3051 1847 3225 1910 fecit.
3269 1882 3353 1895 —
3403 1848 3505 1909 Ex
3559 1848 3667 1910 his
3719 1851 3944 1929 aperte

845 1967 1231 2047 ostenditur,
1275 1966 1452 2047 quod
1488 1966 1669 2029 Deus
1716 1984 1793 2029 ea
1828 1966 2165 2029 voluntate
2205 1983 2350 2046 quae
2393 1964 2532 2045 ipse
2580 1967 2701 2043 est,
2741 1981 2875 2026 non
2913 1964 3055 2027 vult
3101 1964 3352 2045 aliquid
3400 1965 3540 2029 fieri
3589 1965 3765 2046 quod
3809 1982 3944 2028 non

844 2084 981 2163 fiat,
1022 2101 1234 2164 neque
1280 2100 1413 2146 non
1459 2083 1599 2146 fieri
1647 2083 1825 2165 quod
1872 2082 2005 2145 fiat.

1314 2325 1396 2387 D.
1458 2327 1717 2389 Utrum
1761 2330 1970 2389 mala
2022 2328 2153 2387 Dei
2199 2325 2576 2388 voluntate
2618 2326 2828 2398 nant,
2873 2339 2973 2387 an
3020 2338 3100 2386 eo
3151 2324 3467 2386 nolente.

978 2542 1266 2622 Ideoque
1305 2558 1511 2621 quum
1558 2539 1833 2619 constet,
1868 2538 2091 2601 omnia
2131 2537 2303 2600 bona
2345 2556 2493 2619 quae
2531 2538 2720 2616 fiunt,
2763 2536 2908 2617 ejus
2943 2536 3086 2599 fieri
3121 2535 3483 2616 voluntate,
3516 2554 3664 2617 quae
3703 2538 3760 2601 si
3803 2538 3950 2601 fieri

843 2658 1072 2737 nollet,
1107 2656 1480 2720 nullatenus
1516 2655 1778 2736 fierent3
1820 2656 1992 2718 recte
2031 2654 2240 2735 quaeri
2279 2653 2468 2733 solet,
2501 2655 2726 2717 utrum
2765 2654 2830 2716 et
2865 2652 3039 2715 mala
3077 2652 3298 2716 omnia
3336 2670 3484 2733 quae
3525 2653 3714 2733 fiunt,
3749 2654 3816 2717 id
3847 2656 3951 2718 est

844 2774 1130 2855 peecata,
1163 2772 1287 2836 Dei
1328 2772 1489 2835 fiant
1534 2771 1895 2848 voluntate,
1936 2787 2019 2833 an
2066 2769 2328 2834 nolente
2375 2786 2452 2833 eo
2499 2769 2679 2833 fiant.

854 2902 858 2905 ·
978 2887 1191 2968 Super
1244 2887 1368 2950 hoe
1427 2887 1671 2950 diversi
1730 2887 1911 2949 varia
1966 2886 2346 2965 sentienteS,
2395 2885 2524 2949 sibi
2575 2884 3014 2948 contradicere
3071 2884 3518 2947 inveniuntur.
3569 2884 3704 2948 Alii
3764 2886 3948 2949 enim

846 3004 1097 3081 dicunt,
1131 3003 1308 3084 quod
1346 3005 1528 3068 Deus
1570 3002 1713 3065 vult
1750 3004 1924 3066 mala
1959 3020 2101 3067 esse
2140 3003 2243 3065 vel
2289 3002 2455 3081 fieri,
2487 3019 2618 3065 non
2657 3004 2878 3065 tamen
2914 2999 3059 3063 vult
3095 3000 3290 3063 mala.
3324 3000 3460 3063 Alii
3499 3018 3654 3063 vero
3691 3001 3948 3082 dieunt,

846 3118 1025 3200 quod
1075 3137 1193 3183 nee
1244 3119 1387 3184 vult
1438 3119 1611 3183 mala
1662 3139 1804 3183 esse
1859 3138 1979 3184 nee
2026 3119 2191 3183 fieri.
2245 3120 2319 3182 In
2372 3120 2497 3183 hoe
2544 3120 2763 3183 tamen
2813 3118 3211 3182 conveniunt
3257 3121 3321 3182 et
3370 3118 3440 3181 hi
3487 3118 3555 3182 et
3599 3118 3722 3200 illi,
3767 3121 3951 3200 quod

847 3236 1075 3317 utique
1132 3236 1439 3316 fatentur,
1480 3238 1695 3301 Deum
1747 3237 1921 3300 mala
1970 3254 2103 3299 non
2146 3237 2336 3300 velle.
2385 3237 2660 3316 Utrique
2709 3253 2864 3299 vero
2919 3235 3286 3299 rationibus
3337 3237 3403 3299 et
3446 3237 3952 3301 auctoritatibus

845 3351 1221 3415 innituntur
1266 3353 1346 3415 ad
1394 3352 1819 3415 muniendam
1868 3369 2057 3415 suam
2104 3353 2556 3416 assertionem.

1193 3587 1271 3649 E.
1330 3589 1571 3654 Quare
1617 3588 1868 3650 dicunt
1914 3590 2241 3661 quidam,
2296 3589 2526 3648 Deum
2572 3591 2756 3649 velle
2799 3591 3009 3650 mala
3058 3602 3212 3650 esse
3257 3591 3374 3649 vel
3415 3589 3604 3658 fieri.

982 3802 1112 3876 Qui
1168 3801 1346 3865 enim
1400 3801 1651 3881 dieunt,
1701 3801 1917 3863 Deum
1973 3799 2147 3862 mala
2204 3799 2370 3862 velle
2428 3817 2570 3863 esse
2622 3800 2725 3863 vel
2779 3800 2944 3880 fieri,
2985 3817 3174 3863 suam
3223 3800 3330 3864 his
3375 3801 3592 3864 modis
3637 3801 3956 3864 muniunt

843 3919 1298 3982 intentionem.
1350 3917 1421 3981 Si
1474 3917 1674 3996 enim,
1725 3916 2057 3996 inquiunt,
2108 3915 2283 3978 mala
2334 3933 2466 3977 non
2522 3933 2664 3980 esse
2710 3915 2814 3979 vel
2868 3933 3000 3978 non
3051 3917 3191 3980 fieri
3245 3916 3462 3995 vellet,
3513 3916 3696 3980 nullo
3747 3918 3953 3981 modo

845 4035 1064 4098 essent
1101 4034 1205 4098 vel
1242 4034 1472 4097 fierent
1506 4052 1520 4093 :
1555 4032 1711 4113 quia
1748 4031 1805 4094 si
1844 4031 1988 4093 vult
2027 4048 2105 4094 ea
2138 4049 2272 4094 non
2313 4049 2456 4094 esse
2498 4030 2602 4095 vel
2644 4048 2776 4094 non
2817 4031 2982 4111 fieri,
3025 4033 3091 4096 et
3132 4049 3264 4096 non
3307 4033 3526 4113 potest
3561 4033 3629 4095 id
3669 4031 3948 4114 efficere,

844 4151 1098 4214 scilieet
1130 4151 1208 4213 ut
1242 4167 1375 4213 non
1411 4150 1546 4213 sint
1579 4149 1681 4213 vel
1722 4166 1853 4211 non
1891 4149 2073 4228 fiant,
2106 4148 2433 4210 voluntati
2473 4148 2617 4229 ejus
2655 4150 2721 4212 et
2755 4147 3066 4229 potentiae
3109 4147 3361 4228 aliquid
3401 4149 3669 4229 resistit,
3711 4150 3778 4212 et
3813 4167 3953 4212 non

846 4267 946 4330 est
988 4266 1427 4347 omnipotenS,
1463 4266 1619 4346 quia
1665 4282 1797 4328 non
1844 4265 2061 4345 potest
2107 4281 2302 4327 omne
2352 4265 2531 4345 quod
2578 4265 2742 4346 vult,
2775 4265 2891 4329 sed
2937 4265 3268 4345 impotens
3313 4266 3436 4343 est,
3474 4265 3668 4328 sicuti
3716 4266 3781 4329 et
3823 4283 3956 4329 nos

846 4398 1102 4458 sumus,
1142 4381 1257 4462 qui
1295 4381 1473 4461 quod
1510 4381 1842 4460 volumus,
1876 4381 2268 4460 quandoque
2305 4397 2439 4442 non
2477 4380 2794 4443 valemus.
2829 4380 2957 4444 Sed
2994 4379 3151 4461 quia
3188 4381 3606 4461 omnipotens
3643 4382 3743 4444 est
3777 4382 3844 4443 et
3882 4381 3958 4444 in

846 4496 1029 4560 nullo
1068 4496 1419 4577 impotenS,
1455 4497 1705 4558 eertum
1744 4498 1865 4576 est,
1898 4514 2029 4559 non
2068 4514 2262 4576 posse
2299 4496 2439 4559 fieri
2471 4495 2644 4559 mala
2679 4495 2784 4560 vel
2822 4514 2964 4559 esse
3000 4496 3130 4559 nisi
3167 4512 3245 4559 eo
3281 4496 3564 4559 volente.
3600 4497 3954 4570 Quomodo

849 4613 1026 4676 enim
1064 4611 1273 4675 invito
1303 4629 1379 4675 eo
1412 4612 1475 4675 et
1504 4610 1764 4675 nolente
1801 4613 2024 4692 posset
2052 4611 2136 4675 ab
2162 4612 2386 4693 aliquo
2420 4613 2668 4675 malum
2699 4612 2862 4692 fieri,
2891 4629 3097 4692 quum
3127 4613 3442 4693 scriptum
3475 4613 3586 4692 sit,
3604 4612 3953 4676 Voluntati

848 4729 992 4811 ejus
1029 4729 1182 4809 quis
1220 4725 1531 4791 resistet?
1570 4727 1781 4807 Supra
1818 4727 2016 4790 etiam
2054 4728 2224 4790 dixit
2261 4726 2696 4809 AugustinuS,
2729 4727 2886 4808 quia
2922 4745 3184 4792 neeesse
3223 4730 3322 4792 est
3358 4728 3498 4791 fieri
3535 4728 3593 4791 si
3635 4727 3948 4791 voluerit.

846 4846 975 4910 Sed
1019 4844 1165 4908 vult
1212 4843 1385 4907 mala
1431 4843 1595 4923 fieri,
1638 4843 1753 4905 aut
1794 4861 1926 4905 non
1971 4844 2133 4907 fieri.
2168 4844 2240 4907 Si
2281 4843 2425 4906 vult
2471 4861 2603 4907 non
2647 4844 2811 4924 fieri,
2853 4862 2984 4907 non
3034 4843 3237 4924 fiunt3
3285 4844 3454 4907 fiunt
3493 4845 3714 4908 autem
3749 4863 3764 4905 ε
3801 4845 3955 4908 vult

850 4980 1003 5043 ergo
1046 4960 1208 5024 fieri.
1251 4960 1443 5038 Item,
1484 4958 1734 5021 honum
1786 4959 1885 5022 est
1932 4959 2105 5022 mala
2155 4977 2298 5022 esse
2347 4961 2448 5022 vel
2499 4960 2641 5023 fieri
2689 4979 2703 5020 :
2751 4959 2999 5040 alioqui
3049 4976 3310 5022 summe
3355 4959 3569 5022 bonus
3617 4976 3753 5023 non
3799 4978 3958 5040 per-

852 5079 1141 5142 mitteret
1184 5095 1260 5141 ea
1300 5075 1463 5139 fieri.
1508 5075 1695 5138 Unde
1732 5075 2147 5156 Augustinus
2189 5075 2257 5138 in
2301 5076 2679 5140 Enehiridio
2723 5095 2738 5136 :
2780 5075 3100 5150 Quamvis
3141 5091 3218 5137 ea
3265 5073 3538 5156 (inquit)
3577 5091 3725 5155 quae
3773 5076 3958 5139 mala

851 5195 1027 5271 sunt,
1061 5192 1131 5253 in
1170 5192 1491 5272 quantum
1540 5191 1715 5254 mala
1754 5193 1931 5270 sunt,
1972 5208 2105 5254 non
2143 5192 2298 5254 sunt
2335 5191 2543 5271 bona3
2575 5193 2796 5254 tamen
2829 5191 2903 5253 ut
2937 5207 3069 5252 non
3113 5190 3330 5253 solum
3369 5189 3564 5270 bona,
3595 5189 3710 5253 sed
3747 5189 3958 5254 etiam

852 5308 987 5370 sint
1023 5309 1087 5370 et
1124 5306 1320 5385 mala,
1354 5307 1603 5370 bonum
1642 5307 1762 5372 est.
1786 5307 1957 5370 Nam
1995 5307 2123 5371 nisi
2159 5307 2331 5372 esset
2364 5308 2489 5371 hoc
2530 5308 2802 5384 bonum,
2835 5309 2910 5372 ut
2947 5307 3164 5372 essent
3200 5307 3266 5370 et
3300 5305 3498 5384 mala,
3527 5305 3713 5370 nullo
3751 5307 3961 5371 modo
