4359 6250
630 1072 691 1116 ne
710 1070 880 1114 Coelest.

645 1135 721 1178 ier.
734 1148 827 1190 cap.
840 1147 866 1174 ιι

907 468 1027 532 270

1528 487 1591 531 1N
1632 486 1854 532 LIBRUM
1896 487 1915 531 1
1958 485 2440 531 SENTENTIARUM.
2484 503 2564 512 ·—·
2607 487 2758 530 Dts'r.
2804 486 3037 547 xxvt113
3081 487 3303 542 QUAEST.
3351 487 3396 532 11

910 656 1312 736 negationem
1346 653 1941 727 insinuaret‚adhuc
1973 653 2189 734 aliquo
2221 653 2409 714 modo
2439 651 2489 713 A
2521 659 2587 714 ut
2628 652 2879 733 genitus
2921 653 3192 716 refertur
3229 656 3306 717 ad
3347 653 3722 736 genitorem,
3759 653 3848 715 ita
3886 672 4008 716 non

910 755 1155 816 Patrem
1189 752 1569 824 notificaret,
1584 753 1937 831 Augustino
1967 752 2218 814 dicente
2239 750 2408 812 :Non

914 853 1163 914 modica
1222 870 1366 933 pars
1417 850 1658 912 notitia}
1710 851 1819 911 Dei
1870 858 1985 924 est,
2040 851 2204 912 scire
2254 848 2407 930 quid

912 952 1079 1012 Deus
1110 968 1237 1013 non
1268 950 1369 1012 sit.
1405 950 1539 1011 Imo
1570 949 1922 1010 secundum
1952 947 2244 1009 divinum
2275 947 2414 1009 Dio-

913 1049 1191 1132 nysium,
1246 1048 1462 1109 divina
1510 1048 1724 1108 verius
1776 1047 2103 1128 magisque
2152 1044 2410 1127 proprie

870 1163 881 1175 ·
912 1148 1319 1209 innotescunt
1364 1145 1547 1208 nobis
1594 1145 1660 1206 in
1699 1145 1831 1207 vita
1866 1145 1982 1206 hac
2023 1163 2137 1226 per
2174 1145 2410 1225 negati—

910 1265 1011 1319 va,
1056 1265 1247 1327 quam
1300 1263 1412 1326 per
1462 1245 1754 1326 positiva.
1798 1279 1878 1288 —
1911 1244 2004 1305 Ad
2054 1243 2407 1304 secundum

912 1362 1288 1425 responsum
1330 1349 1445 1416 est,
1478 1343 1781 1425 quoniam
1824 1341 2179 1422 ingenitum
2221 1349 2282 1403 et
2318 1341 2410 1402 in-

910 1442 1217 1504 nascibile
1250 1441 1468 1503 multis
1502 1440 1705 1503 modis
1735 1447 2099 1514 sumuntur,
2125 1449 2188 1502 et
2219 1446 2408 1522 prout

910 1549 1057 1604 sunt
1098 1541 1273 1603 notio
1316 1559 1387 1601 ac
1434 1541 1785 1621 proprietas
1826 1539 2045 1613 Patris,
2090 1557 2216 1601 non
2260 1556 2406 1601 con-

910 1640 1177 1702 veniunt
1224 1639 1487 1720 Spiritui
1534 1638 1779 1701 Sanct0.

1348 1963 1821 2037 QUAESTIO
1892 1967 1969 2028 II

1033 2231 1291 2293 Ecundo
1314 2229 1753 2312 principaliter
1772 2229 2097 2310 quaeritur,
2112 2228 2404 2295 ‘Utrum

1058 2330 1471 2408 ingenitus
1528 2343 1670 2395 seu
1728 2327 2233 2394 innascibilis
2290 2326 2404 2392 di-

908 2431 1143 2495 catur
1190 2429 1625 2494 secundum
1676 2427 2217 2493 substantiam
2266 2425 2404 2492 vel

907 2528 1340 2593 secundum
1386 2526 1890 2592 relationem.

990 2627 1107 2689 Sed
1149 2626 1228 2687 ad
1272 2625 1437 2686 istud
1470 2642 1547 2684 ex
1578 2623 1765 2685 dictis
1798 2630 1970 2704 patet
2000 2621 2233 2684 solutio
2267 2639 2281 2683 z
2318 2629 2404 2682 ta-

910 2745 1057 2788 men
1087 2723 1327 2806 aliquid
1359 2722 1611 2804 plenius
1644 2729 1849 2803 potest
1879 2739 2071 2802 super
2101 2721 2222 2782 hoc
2253 2720 2400 2782 dici.

988 2924 1204 3004 ltaque
1251 2921 1693 2983 Bonaventura
1732 2919 2073 3000 respondet
2115 2936 2128 2981 :
2174 2919 2406 2982 Omnes

2517 752 2770 832 genitus
2819 753 2896 813 ad
2947 770 3073 814 non
3124 753 3496 832 genitorem.
3551 753 3671 814 Sed
3729 771 3848 814 nec
3896 753 4013 814 hoc

2520 857 2727 931 potest
2767 850 3018 922 salvari,
3053 851 3203 931 quia
3246 869 3375 913 non
3416 851 3668 931 genitus
3709 859 3820 912 aut
3862 851 4017 912 dici-

2520 953 2624 1007 tur
2660 947 2740 1008 ad
2785 947 3265 1029 principiatum‚
3301 956 3410 1010 aut
3449 949 3527 1010 ad
3568 948 3966 1030 principium
3999 965 4012 1010 :

2519 1044 2575 1105 si
2622 1045 2701 1106 ad
2752 1046 3230 1127 principiatum‚
3283 1065 3434 1127 ergo
3494 1054 3787 1128 respectu
3845 1046 4016 1108 illius

2520 1161 2646 1204 non
2711 1151 2918 1224 potest
2979 1143 3106 1206 dici
3172 1146 3292 1207 hoc
3350 1163 3605 1218 nomen,
3670 1144 4012 1225 ingenituS,

2520 1260 2719 1322 quum
2749 1242 3000 1322 genitus
3032 1243 3280 1304 dicatur
3311 1242 3375 1304 in
3410 1251 3700 1324 respectu
3731 1242 3812 1305 ad
3845 1242 4016 1324 prin-

2521 1340 2786 1422 cipium,
2839 1349 2902 1402 et
2959 1340 3126 1403 idem
3187 1341 3620 1422 significatum
3680 1341 3764 1403 sit
3817 1341 4017 1403 nomi-

2521 1438 2711 1501 nibus
2753 1439 2951 1520 geniti
3001 1448 3192 1522 atque
3247 1440 3536 1520 ingeniti,
3584 1439 3846 1521 solaque
3896 1439 4014 1501 dir-

2521 1537 2727 1600 ferant
2776 1537 3126 1619 negatione.
3179 1539 3341 1619 Ergo
3390 1557 3650 1600 necesse
3699 1545 3796 1600 est
3845 1539 4014 1619 quod

2519 1639 2839 1719 ingenitus
2884 1639 3130 1700 dicatur
3175 1648 3464 1720 respectu
3507 1638 3812 1720 principii
3847 1655 3861 1699 :
3899 1639 4014 1700 sic·

2519 1757 2642 1818 que
2691 1737 2870 1799 Pater
2919 1745 3261 1818 poneretur
3312 1737 3545 1800 habere
3598 1736 4008 1818 principium.

2441 1833 2598 1896 Β-
2627 1836 2786 1898 Hinc
2835 1837 3059 1898 tertius
3113 1836 3336 1899 modus
3386 1836 3639 1898 dicendi
3692 1843 3810 1909 est,
3843 1835 4012 1916 quod

2520 1935 2840 2016 ingenitus
2872 1942 3056 2016 prout
3088 1942 3182 1996 est
3213 1935 3387 1997 notio
3417 1934 3638 2008 Patris,
3672 1934 3828 1996 dicit
3861 1934 4012 1995 rela-

2517 2033 2756 2095 tionem
2788 2033 3016 2114 partim
3049 2033 3360 2114 privative
3401 2033 3762 2115 partimque
3797 2033 4010 2114 positi-

2517 2151 2613 2194 ve.
2642 2131 2886 2194 Idcirco
2915 2133 3288 2208 notandum,
3315 2133 3467 2214 quia
3503 2140 3572 2194 ut
3602 2133 3692 2194 ait
3720 2132 4011 2212 Augusti-

2517 2231 2844 2304 nuS,idem
2873 2237 2968 2292 est
2999 2230 3318 2311 ingenitus
3349 2237 3411 2292 et
3441 2249 3568 2293 non
3597 2230 4012 2311 genitus.Non

2515 2329 2767 2410 genitus
2797 2336 3011 2390 autem
3043 2329 3380 2410 tripliciter
3409 2328 3617 2411 accipi
3648 2336 3880 2410 potest,
3901 2328 4015 2390 sic-

2518 2433 2588 2487 ut
2627 2445 2754 2488 non
2793 2426 3033 2500 album,
3068 2426 3368 2507 quoniam
3412 2433 3619 2508 potest
3657 2445 3798 2488 esse
3839 2444 4014 2506 nega·

2516 2526 2605 2587 tio
2637 2524 2703 2586 in
2743 2543 2996 2606 genere,
3033 2525 3133 2587 vel
3173 2532 3350 2586 extra
3386 2543 3610 2606 genuS,
3647 2524 3746 2586 vel
3779 2524 4010 2606 partim

2518 2624 2583 2685 in
2626 2643 2857 2704 genere
2898 2632 2960 2686 et
3003 2624 3238 2706 partim
3279 2632 3456 2686 extra
3495 2642 3718 2704 genus.
3769 2611 4013 2704 I'ngeni·

2519 2729 2619 2784 tus
2659 2723 2833 2784 enim
2873 2723 3170 2804 importat
3207 2722 3495 2785 ordinem
3529 2723 3591 2783 in
3625 2723 3870 2784 ratione
3911 2741 4013 2802 ge-

2517 2821 2686 2882 neris
2738 2807 2987 2894 remoti,
3040 2829 3102 2882 et
3151 2821 3441 2882 ordinem
3490 2821 3569 2882 ad
3621 2820 4011 2902 principium

2518 2919 2582 2979 in
2629 2919 2868 2980 ratione
2915 2919 3211 3000 proximi,
3245 2937 3318 2981 ac
3363 2919 3558 2981 etiam
3597 2919 3890 2981 ordinem
3933 2926 4016 2980 ta—

911 3021 977 3082 in
1008 3021 1128 3082 hoc
1172 3019 1561 3081 conveniunt
1600 3018 1769 3098 quod
1812 3017 2130 3097 ingenitus
2172 3017 2408 3079 dicitur
2437 3018 2479 3081 C
2519 3018 2642 3078 lem
2696 3035 2809 3098 per
2853 3018 3110 3080 modum
3157 3026 3398 3080 naturae
3443 3017 3506 3078 in
3551 3017 3793 3080 ratione
3843 3035 4013 3081 com-

909 3119 1257 3183 secundum
1291 3116 1807 3190 relationem,sed
1839 3115 2230 3179 differenter.
2249 3115 2402 3178 Nam

910 3218 1170 3300 quidam
1229 3216 1546 3290 dixerunt,
1599 3215 1767 3296 quod
1828 3214 2148 3295 ingenitus
2197 3216 2403 3277 solum

911 3316 1065 3378 dicit
1116 3313 1440 3376 relationis
1490 3312 1933 3394 privationem,
1982 3313 2173 3393 idque
2223 3312 2406 3374 suffi-

911 3433 1053 3477 cere
1101 3414 1179 3475 ad
1237 3413 1358 3474 hoc
1407 3411 1576 3493 quod
1636 3410 1881 3472 dicatur
1930 3411 2335 3473 notionaliter
2387 3428 2401 3473 ε

912 3513 1064 3594 quia
1106 3510 1381 3593 privatio
1419 3517 1627 3593 potest
1664 3528 1803 3571 esse
1846 3508 2238 3591 principium
2279 3510 2405 3572 dis-

796 3610 805 3617 ’
908 3610 1241 3692 tinguendi
1283 3617 1346 3671 et
1390 3608 1849 3681 innotescendi,
1884 3608 2049 3669 sicut
2092 3608 2231 3670 ovis
2277 3626 2404 3671 non

909 3710 1154 3791 signata
1183 3708 1594 3788 distinguitur
1623 3726 1659 3767 a
1687 3706 1963 3787 signata3
1986 3706 2236 3787 negatio
2266 3724 2408 3788 quo-

910 3828 1035 3891 que
1081 3807 1238 3871 dicit
1281 3806 1699 3878 nobilitatem,
1735 3805 1901 3867 sicut
1946 3822 2070 3867 non
2117 3806 2247 3885 regi
2295 3824 2405 3867 no-

910 3906 1123 3968 bilitas
1152 3912 1249 3967 est
1279 3904 1341 3966 in
1376 3922 1542 3985 rege,
1562 3909 1626 3965 et
1656 3920 1784 3965 non
1815 3901 2059 3964 causari
2095 3902 2159 3964 in
2193 3921 2402 3977 causa,

908 4024 983 4065 ac
1042 4021 1169 4065 non
1222 4002 1486 4084 produci
1536 4002 1601 4063 in
1654 4001 2061 4083 producente.
2116 4000 2238 4063 Sed
2288 4000 2408 4063 ista

909 4102 1129 4183 opinio
1174 4109 1337 4162 stare
1379 4118 1506 4163 non
1547 4099 1733 4172 valet,
1768 4100 1919 4180 quia
1960 4118 2116 4180 pura
2157 4099 2408 4179 negatio

2517 3115 2759 3198 pletivi.
2796 3115 2859 3178 Si
2891 3134 3040 3196 ergo
3082 3116 3402 3198 ingenitus
3443 3115 3524 3178 sit
3555 3116 3809 3197 negatio
3838 3125 4015 3179 extra

2514 3234 2737 3297 genuS,
2773 3214 2865 3277 sic
2899 3215 3134 3277 dicitur
3164 3216 3518 3296 ingenitum
3549 3216 3722 3297 quod
3754 3234 3882 3278 non
3915 3236 4018 3297 ge-

2515 3322 2793 3387 neratur,
2829 3333 2946 3376 nec
2987 3314 3177 3375 etiam
3220 3313 3408 3377 babet
3449 3314 3737 3376 ordinem
3779 3321 3889 3376 aut
3921 3334 4016 3376 re-

2518 3411 2816 3475 lationem
2844 3430 2857 3473 :
2883 3420 2946 3473 et
2975 3412 3066 3473 sic
3099 3412 3250 3474 dicit
3285 3432 3442 3495 pure
3473 3412 3922 3494 privationem,
3955 3421 4018 3474 et

2516 3511 2752 3573 dicitur
2781 3511 2859 3573 de
2889 3511 3199 3589 essentia3
3233 3529 3350 3573 nec
3391 3511 3625 3573 dicitur
3659 3512 4016 3573 secundum

2516 3608 2958 3683 substantiam,
2991 3628 3200 3690 neque
3229 3609 3581 3671 secundum
3614 3610 4014 3683 relationem,

2516 3725 2592 3769 eo
2621 3709 2790 3789 quod
2821 3708 3030 3770 solum
3063 3707 3333 3789 privatio
3373 3708 3472 3769 sit.
3507 3708 3648 3769 Alio
3681 3708 3871 3770 modo
3905 3726 4018 3789 po-

2518 3812 2636 3867 test
2683 3805 3003 3886 ingenitus
3051 3824 3190 3867 esse
3240 3805 3489 3885 negatio
3539 3805 3603 3866 in
3652 3824 3908 3886 genere,
3953 3812 4018 3867 et

2519 3911 2778 3965 vocatur
2827 3904 3181 3985 ingenitum
3239 3904 3412 3985 quod
3469 3920 3598 3965 non
3646 3911 4013 3983 generatur,

2517 4002 2708 4064 habet
2757 4010 2968 4065 tamen
3012 4002 3302 4065 ordinem
3345 4021 3458 4064 seu
3509 4001 3885 4066 relationem
3935 4002 4018 4065 ad

2519 4100 2909 4183 principium
2946 4119 2959 4163 ε
2996 4102 3216 4183 sicque
3259 4102 3415 4164 dicit
3460 4101 3832 4165 relationem
3877 4101 4022 4163 abs-

912 4218 1039 4261 non
1080 4198 1431 4279 distinguit.
1468 4198 1726 4279 Negatio
1768 4216 2041 4278 namque
2083 4197 2407 4259 relationis
2438 4204 2487 4265 D
2519 4206 2818 4279 tractam3
2852 4217 2979 4262 non
3007 4207 3220 4262 tamen
3261 4218 3340 4261 ex
3371 4200 3490 4263 hoc
3532 4200 3688 4261 dicit
3719 4200 4020 4262 nobilita-

911 4298 990 4359 de
1020 4296 1295 4359 essentia
1325 4296 1593 4373 dicitur;
1628 4316 1744 4358 nec
1784 4296 1941 4358 dicit
1979 4294 2403 4369 nobilitatem,

912 4396 1065 4476 quia
1106 4394 1314 4455 omnis
1358 4392 1657 4455 nobilitas
1700 4394 1857 4455 dicit
1899 4394 2139 4475 aliquid
2193 4394 2409 4476 positi-

913 4512 1085 4556 vum.
1107 4528 1187 4536 —
1208 4491 1330 4553 Alii
1363 4509 1511 4573 ergo
1541 4492 1859 4565 dixerunt,
1885 4493 2053 4573 quod
2086 4492 2406 4573 ingenitus

911 4591 1149 4654 dicitur
1178 4589 1437 4652 relative
1475 4609 1549 4652 ac
1581 4590 1873 4673 positive,
1907 4590 2058 4671 quia
2098 4590 2407 4672 privando

911 4707 1103 4752 unam
1156 4688 1548 4762 relationem,
1594 4688 1772 4770 ponit
1812 4688 2003 4750 aliam
2048 4705 2060 4749 :
2104 4688 2406 4770 quemad-

912 4789 1173 4851 modum
1236 4786 1546 4869 inaequale
1597 4787 1906 4868 privando
1954 4786 2401 4867 aequalitatem,

911 4887 1087 4970 ponit
1141 4886 1513 4949 relationem
1569 4884 1661 4946 illi
1721 4884 2099 4968 oppositam.
2158 4885 2260 4946 Sic
2313 4886 2406 4946 in—

909 4986 1162 5066 genitus
1226 4984 1536 5067 privando
1600 4984 1973 5051 relationem
2030 4983 2107 5045 ad
2165 4984 2406 5063 genito—

912 5103 1069 5159 rem,
1112 5083 1292 5166 ponit
1337 5083 1706 5146 relationem
1750 5082 2110 5166 oppositam
2153 5083 2232 5144 ad
2276 5100 2404 5145 non

910 5184 1281 5263 genitorem.
1318 5183 1393 5244 Et
1442 5182 1561 5245 boc
1611 5182 1833 5243 dicunt
1881 5180 2156 5243 sensisse
2193 5182 2404 5263 Augu-

912 5282 1175 5357 stinum,
1209 5280 1375 5343 libro
1410 5281 1489 5343 de
1529 5280 1832 5343 Trinitate
1870 5280 2190 5343 dicentem
2226 5297 2239 5342 τ
2275 5280 2404 5343 Sic-

2519 4304 2666 4359 tem.
2703 4298 2778 4359 Et
2823 4298 2915 4359 sic
2957 4298 3254 4361 convenit
3293 4298 3557 4379 Spiritui
3601 4300 3849 4369 Sancto,
3885 4317 4019 4361 non

2519 4403 2730 4457 tamen
2771 4404 2866 4458 est
2909 4397 3101 4459 notio.
3138 4396 3347 4458 Tertio
3392 4396 3580 4458 modo
3624 4404 3831 4477 potest
3875 4416 4022 4458 esse

2519 4493 2768 4575 negatio
2817 4494 3284 4576 quodammodo
3335 4494 3398 4555 in
3448 4512 3702 4575 genere,
3747 4502 3812 4555 et
3861 4512 4024 4576 quo-

2519 4592 2856 4655 dammodo
2898 4598 3074 4654 extra
3115 4610 3335 4673 genuS.
3373 4592 3603 4673 Sicque
3645 4592 4024 4655 nominatur

2519 4690 2873 4771 ingenitum
2915 4690 3084 4772 quod
3130 4708 3256 4753 non
3298 4699 3657 4771 generatur,
3693 4690 3886 4753 habet
3930 4700 4022 4753 ta·

2519 4808 2664 4851 men
2709 4790 2998 4851 ordinem
3046 4806 3171 4853 non
3215 4790 3292 4851 ad
3334 4789 3726 4872 principium
3765 4789 3846 4853 de
3887 4808 4024 4873 quo

2517 4889 2620 4961 sit,
2673 4888 2782 4951 sed
2831 4889 2910 4950 ad
2958 4888 3414 4971 principiatum
3465 4907 3577 4950 seu
3629 4889 4024 4969 productum

2518 4987 2600 5049 ab
2651 4985 2788 5068 ipso
2824 5004 2837 5048 :
2881 4987 3102 5069 sicque
3151 4987 3308 5048 dicit
3349 4985 3771 5061 nobilitatem,
3810 4994 3876 5048 et
3925 4995 4028 5050 est

2516 5085 2691 5148 notio
2717 5085 2934 5148 Patris.
2973 5122 3046 5131 —
3077 5086 3310 5147 Verum
3339 5085 3645 5167 quoniam
3685 5085 4026 5166 ingenitus

2514 5182 2593 5246 de
2623 5183 2867 5247 ratione
2905 5183 3006 5245 sui
3041 5180 3320 5245 nominis
3351 5199 3478 5245 non
3507 5182 3760 5245 videtur
3788 5182 4024 5247 dicere

2516 5280 2641 5343 nisi
2683 5279 3106 5363 privationem
3149 5280 3249 5343 vel
3295 5278 3696 5361 negationem
3743 5298 4020 5362 genera-
