4359 6250
568 1759 721 1809 queat.
745 1760 783 1799 l.

540 2458 584 2499 p.
604 2444 740 2494 5⁹0A‚
758 2444 806 2487 B.

836 468 958 534 606

1506 487 1571 533 IN
1610 486 1831 532 unium
1874 486 1894 531 1
1936 483 2418 531 anrnNrtAnuu.
2462 501 2543 511 -·-
2582 485 2736 531 nlsr.
2781 484 2938 549 xu'3
2982 485 3205 542 QUAEST.
3253 487 3272 532 1

838 655 1005 719 nicat
1070 657 1417 720 bonitatem
1480 676 1659 718 suam
1725 656 1899 720 omni
1964 655 2151 716 modo
2210 652 2419 735 qqu
2447 652 2516 714 ln
2565 653 2693 716 Deo
2734 661 2944 715 autem
2991 661 3088 717 est
3131 674 3382 717 summa
3435 654 3706 717 felicitas
3752 662 3958 736 atque

838 756 1297 818 communicari
1342 763 1593 837 potest:
1627 756 1811 817 aliter
1850 754 2022 816 enim
2062 761 2230 815 esset
2272 752 2336 813 in

837 872 914 917 eo
944 855 1205 929 invidia,
1240 873 1440 935 quum
1482 872 1608 917 non
1647 852 2040 915 diffunderet
2069 858 2132 913 et
2163 869 2335 913 com-

839 953 1193 1016 municaret
1246 954 1489 1015 bonum
1547 952 1717 1034 quod
1777 951 1979 1034 possit
2036 951 2173 1013 sine
2232 949 2330 1011 sui

836 1050 1220 1114 detrimento
1265 1050 1699 1133 multiplicari.
1735 1050 1878 1112 Haec
1920 1048 2115 1111 verba
2150 1047 2332 1110 Udal-

836 1149 954 1212 rici
1000 1168 1127 1213 non
1172 1150 1334 1212 bene
1376 1167 1601 1212 sonare
1642 1149 1962 1220 videntur,
2008 1147 2157 1228 quia
2199 1147 2333 1208 haec

836 1247 993 1309 dicit
1028 1248 1105 1310 de
1142 1248 1719 1310 communicatione
1761 1245 2060 1308 bonitatis
2101 1244 2335 1307 divinae

834 1346 913 1408 ad
954 1353 1151 1420 extra,
1186 1366 1327 1428 quae
1368 1346 1568 1408 libera
1611 1345 1732 1407 fuit
1772 1354 1835 1407 et
1874 1350 1991 1417 est,
2026 1352 2085 1405 et
2127 1342 2336 1425 potuit

836 1445 1002 1507 Deus
1036 1464 1176 1508 esse
1210 1446 1346 1507 sine
1378 1464 1469 1507 ea.
1504 1445 1631 1508 Nec
1668 1445 1775 1506 illa
1814 1442 2336 1507 communicatio-

836 1562 916 1605 ne
960 1543 1039 1606 ad
1082 1550 1259 1605 extra
1300 1543 1731 1605 communicat
1774 1543 1939 1603 Deus
1984 1540 2332 1604 bonitatem

836 1661 1017 1704 suam
1057 1642 1233 1704 omni
1274 1642 1463 1704 modo
1502 1659 1631 1722 quo
1668 1647 1875 1722 potest
1906 1637 2335 1701 communica-

836 1740 890 1801 ri
934 1760 948 1805 ε
991 1740 1143 1822 quia
1189 1747 1259 1801 ut
1302 1739 1683 1822 praecedenti
1735 1740 1935 1821 patuit
1979 1737 2333 1800 distinctio-

2443 751 2833 832 jucunditaS,
2867 771 3017 834 ergo
3050 753 3360 815 voluntas.
3387 753 3614 826 Tertia,
3650 753 3952 815 voluntas

2446 856 2540 911 est
2590 870 2784 931 penes
2837 870 3025 933 quam
3091 853 3368 914 maxime
3416 853 3648 914 residet
3694 851 3954 932 justitia

2447 956 2510 1010 et
2565 950 2851 1029 aequitas
2913 949 3064 1031 quia
3120 950 3370 1031 justitia
3427 968 3554 1012 non
3613 950 3787 1012 aliud
3847 956 3956 1011 est

2449 1066 2637 1128 quam
2684 1048 2996 1111 rectitudo
3040 1049 3383 1112 voluntatis
3419 1068 3434 1113 :
3469 1056 3726 1131 propter
3769 1048 3952 1129 quod

2447 1164 2572 1207 non
2616 1145 2915 1208 habentia
2955 1147 3368 1223 voluntatem,
3402 1166 3529 1211 non
3574 1150 3721 1209 su'nt
3758 1165 3954 1228 capa-

2445 1244 2544 1305 cia
2577 1244 2862 1325 justitiae.
2898 1246 3064 1307 Deus
3103 1253 3316 1309 autem
3357 1246 3754 1326 justissimus
3793 1252 3892 1306 est
3929 1264 3946 1308 :

2443 1360 2595 1423 ergo
2641 1342 2830 1405 habet
2878 1344 3293 1407 voluntatem.
3345 1344 3596 1418 Quarta,
3646 1344 3952 1405 voluntas

2445 1449 2540 1503 est
2579 1441 2678 1504 vis
2724 1462 2918 1525 penes
2961 1462 3152 1525 quam
3198 1444 3550 1525 praescrtim
3593 1443 3954 1507 attenditur

2446 1538 2790 1603 liberalitas
2823 1559 3113 1603 summa:
3139 1541 3484 1604 liberalitas
3516 1560 3789 1623 namque
3819 1540 3954 1602 ori-

2445 1646 2548 1699 tur
2587 1658 2663 1700 ex
2703 1657 2938 1714 amore,
2973 1640 3084 1721 qui
3125 1648 3304 1702 actus
3341 1647 3436 1703 est
3469 1640 3833 1704 voluntatiS.
3872 1640 3950 1701 ln

2444 1737 2571 1798 Deo
2609 1744 2822 1799 autem
2873 1746 2970 1799 est
3012 1756 3248 1820 ponere
3295 1758 3614 1801 summam
3667 1737 3954 1799 liberali-

836 1858 938 1912 ne,
992 1840 1157 1901 Deus
1216 1839 1526 1921 potuisset
1582 1845 1645 1900 et
1697 1845 1908 1919 posset
1965 1837 2172 1897 adhuc
2231 1853 2331 1896 res
2368 1832 2661 1909 Btatem,
2707 1836 2858 1917 quia
2903 1837 3009 1898 dat
3058 1836 3357 1899 omnibus
3415 1836 3778 1909 affluenter,
3831 1855 3948 1899 nc-

835 1938 1045 2000 facere
1090 1937 1384 2001 meliores
1424 1956 1617 2019 quam
1664 1935 1835 2010 fecit,
1871 1936 1933 1996 in
1975 1934 2331 1996 accidenta-

838 2035 1009 2098 libus
1068 2036 1333 2115 saltem3
1383 2043 1573 2118 atque
1633 2033 2132 2097 innumerabiles
2195 2052 2334 2114 spe-

837 2134 969 2197 cies
1003 2134 1531 2197 intellectualium
1572 2133 2071 2197 substantiarum
2108 2131 2334 2193 conde-

838 2250 905 2294 re
938 2240 1203 2315 poterat,
1236 2252 1392 2315 quas
1433 2250 1559 2295 non
1598 2231 1881 2294 condidit
1910 2249 2028 2293 nec
2067 2228 2326 2291 creabit.

837 2332 1182 2413 Ipsumque
1222 2331 1595 2394 universum
1634 2329 1849 2411 aliquo
1880 2329 2067 2391 modo
2102 2326 2331 2388 melius

836 2429 1047 2492 facere
1078 2429 1283 2511 quivit
1314 2448 1504 2510 quam
1549 2427 1721 2502 fecit,
1756 2435 1825 2489 ut
1858 2426 2049 2489 etiam
2089 2444 2165 2487 ex
2198 2444 2333 2487 ver-

837 2527 937 2589 bis
967 2526 1208 2590 Alberti
1239 2535 1565 2589 ostensum
1598 2533 1712 2588 est.
1748 2526 1881 2588 Imo
1912 2525 2118 2586 adhuc
2150 2523 2334 2605 plura

836 2626 1133 2688 universa
1187 2624 1397 2687 facere
1446 2631 1680 2706 posset,
1732 2641 2041 2705 suamque
2092 2621 2334 2683 bonita-

834 2733 963 2787 tem
1004 2723 1370 2806 praeclarius
1408 2742 1481 2785 ac
1516 2721 1939 2803 multiplicius
1979 2718 2333 2783 communi-

835 2841 976 2884 care
1016 2840 1089 2885 ac
1130 2820 1558 2903 multiplicare
1600 2820 1666 2881 in
1706 2819 1916 2881 rebuS.
1950 2818 2078 2881 Nec
2118 2825 2330 2879 tamen

833 2920 1091 2983 invidiae
1122 2927 1326 3002 potest
1356 2918 1630 2981 adscribi
1664 2919 1833 3000 quod
1868 2917 1953 2978 ita
1988 2934 2114 2979 non
2153 2914 2326 2990 facit,

2443 1953 2567 2014 que
2610 1934 2997 2017 improperat
3039 1956 3053 1999 ε
3095 1953 3244 2015 ergo
3292 1943 3355 1997 et
3393 1954 3674 1997 amorem
3723 1954 3797 1998 ac
3837 1954 3952 1997 vo-

2443 2032 2770 2095 luntatem.
2823 2069 2905 2078 —
2959 2035 3094 2095 Imo
3145 2034 3438 2096 voluntas
3496 2034 3948 2116 propriissime

2443 2132 2740 2193 convenit
2768 2132 2914 2194 Deo.
2945 2133 3014 2194 In
3047 2132 3230 2195 nobis
3263 2132 3522 2214 quidem
3553 2140 3649 2195 est
3679 2151 3791 2214 per
3820 2132 3952 2194 dif-

2443 2228 2776 2292 ferentiam
2817 2250 2854 2291 a
2893 2230 3246 2293 substantia
3283 2238 3346 2292 et
3384 2230 3464 2294 ab
3496 2238 3665 2305 actu,
3700 2249 3815 2313 per
3845 2232 3948 2293 di-

2442 2327 2739 2389 stantiam
2770 2346 3024 2411 quoque
3053 2348 3090 2390 a
3119 2328 3286 2407 fine3
3318 2329 3384 2391 in
3415 2330 3544 2391 Deo
3572 2337 3783 2391 autem
3823 2348 3952 2411 per

2442 2426 2875 2489 omnimodam
2923 2426 3420 2490 indifferentiam
3471 2428 3720 2501 horum,
3764 2428 3952 2491 vide-

2444 2526 2590 2587 licet
2639 2524 3030 2601 substantiae,
3082 2526 3360 2599 virtutiS,
3409 2535 3588 2589 actus
3634 2545 3709 2589 ac
3757 2525 3944 2589 finis,

2441 2623 2684 2685 Idcirco
2716 2623 2777 2684 in
2811 2623 2938 2686 Deo
2967 2631 3065 2685 est
3096 2644 3220 2686 una
3250 2632 3313 2686 et
3344 2624 3758 2686 invariabilis,
3791 2625 3950 2688 Haec

2441 2723 2900 2785 Bonaventura.

2519 2822 2806 2902 Insuper,
2857 2822 2936 2884 ad
2996 2821 3058 2883 id
3117 2823 3285 2905 quod
3344 2822 3638 2904 superius
3693 2828 3946 2884 tactum

2440 2926 2555 2992 est,
2590 2919 2856 2992 scilicet,
2899 2938 2978 2981 an
3022 2920 3188 2981 Deus
3231 2921 3313 2982 sit
3353 2919 3772 2993 omnivolenS‚
3813 2920 3949 2982 sic-

833 3018 1000 3081 sicut
1029 3037 1147 3081 nec
1179 3018 1435 3081 invidiae
1474 3017 1597 3079 fuit
1628 3017 1798 3100 quod
1842 3034 1940 3078 res
1978 3014 2058 3077 ab
2094 3022 2330 3077 {eterno
2366 3022 2408 3085 C
2444 3024 2510 3079 ut
2560 3025 2654 3079 est
2703 3018 3106 3100 omnipotens
3153 3028 3345 3101 atque
3392 3019 3800 3092 omniscienS‚
3851 3020 3950 3081 ita

832 3137 958 3181 non
1004 3116 1351 3200 produxit:
1388 3116 1517 3179 imo
1559 3115 1611 3178 si
1656 3115 1817 3178 nihil
1863 3121 2156 3187 creasset,
2202 3132 2328 3177 non

834 3223 1049 3299 posset
1089 3214 1365 3278 adscribi
1416 3214 1693 3288 invidiae,
1736 3233 1937 3296 quum
1987 3213 2121 3295 ipse
2166 3212 2328 3274 nulli

832 3314 915 3376 sit
952 3313 1219 3386 debitor,
1253 3332 1373 3374 nec
1413 3312 1682 3374 naturali
1721 3311 2120 3374 emanatione
2161 3329 2364 3384 crea-‚

831 3421 948 3474 tor.
1002 3413 1137 3474 Imo
1184 3411 1352 3472 sicut
1400 3429 1477 3472 ex
1526 3409 2011 3472 rationabilibus
2071 3407 2328 3471 motivis

832 3510 1144 3572 mundum
1195 3508 1454 3583 creavit,
1499 3527 1617 3571 nec
1666 3508 1880 3590 aliqua
1927 3508 2324 3579 necessitate,

830 3609 939 3672 sed
999 3608 1327 3671 liberrima
1377 3608 1741 3685 voluntate3
1792 3607 1883 3668 sic
1930 3626 2008 3668 ex
2058 3605 2328 3668 rationa-

832 3709 1070 3772 bilibus
1124 3709 1377 3772 motivis
1426 3716 1671 3791 poterat
1713 3727 1862 3770 eum
1912 3725 2039 3770 non
2088 3725 2324 3781 creare,

832 3815 1021 3890 prout
1077 3807 1457 3889 praecedenti
1515 3805 1923 3868 distinctione
1982 3812 2079 3866 est
2126 3805 2329 3866 decla-

832 3915 1062 3970 ratum.

914 4006 1217 4068 Prae'terea
1253 4005 1694 4066 Bonaventura
1726 4021 1739 4065 ε
1774 4003 2199 4074 Voluntatem,
2236 4002 2328 4064 in-

832 4104 995 4184 quit,
1048 4103 1112 4164 in
1170 4103 1300 4165 Deo
1356 4121 1495 4164 esse
1556 4101 1937 4183 ponendam,
1987 4101 2330 4163 ostendunt

2441 3116 2780 3198 respondet
2815 3137 2828 3180 :
2862 3116 3134 3191 Quaestio
3178 3116 3298 3180 ista
3339 3117 3681 3200 dupliciter
3727 3126 3947 3200 potest

2441 3215 2734 3296 intelligi,
2777 3216 2930 3298 quia
2979 3216 3040 3299 ly
3083 3237 3269 3277 omne
3312 3224 3519 3299 potest
3557 3216 3765 3278 facere
3805 3218 3946 3278 dis-

2443 3313 2858 3376 tributionem
2917 3313 3321 3397 simpliciter,
3374 3323 3438 3377 et
3497 3323 3566 3377 ut
3621 3333 3811 3377 nunc.
3871 3317 3945 3378 Si

2441 3411 2592 3474 facit
2635 3412 3152 3475 distributionem
3201 3413 3580 3495 simpliciter
3623 3421 3938 3495 quantum

2441 3511 2518 3573 ad
2566 3518 2778 3573 actum
2827 3520 2891 3572 et
2938 3511 3251 3586 habitum,
3295 3513 3386 3574 sic
3426 3519 3687 3574 vocatur
3733 3513 3950 3574 omni-

2440 3609 2681 3682 vo1ens,
2714 3609 2864 3692 quia
2897 3610 3035 3671 vult
3071 3629 3261 3672 omne
3299 3609 3580 3672 volibile,
3616 3610 3678 3672 Si
3719 3619 3944 3673 autem

2439 3708 2766 3770 distribuit
2811 3716 2880 3769 ut
2929 3727 3121 3781 nunc,
3166 3715 3317 3770 tunc
3365 3708 3600 3771 dicitur
3646 3709 3946 3772 omnivo-

2441 3807 2598 3880 lenS,
2633 3807 2784 3888 quia
2822 3807 2958 3869 vult
2990 3825 3179 3869 omne
3217 3806 3507 3869 volitum.
3543 3807 3618 3868 Et
3658 3807 3723 3868 in
3764 3814 3944 3870 utro-

2442 3923 2564 3985 que
2606 3923 2795 3966 sensu
2837 3903 3026 3966 habet
3057 3904 3435 3985 falsitatem3
3473 3905 3583 3967 sed
3625 3905 3690 3966 in
3731 3905 3944 3967 scien-

2442 4001 2529 4064 tia
2585 4021 2658 4064 ac
2718 4003 3000 4084 potentia
3056 4002 3247 4064 habet
3299 4003 3363 4064 in
3414 4011 3683 4084 utroque
3741 4021 3940 4066 sensu

2440 4101 2792 4162 veritatem.
2846 4101 3088 4163 Idcirco
3135 4101 3516 4182 simpliciter
3563 4101 3947 4164 conceditur

834 4209 1105 4284 quatuor
1142 4201 1435 4264 rationeS.
1470 4201 1698 4274 Prima,
1733 4199 1883 4281 quia
1913 4199 2205 4262 voluntas
2236 4206 2331 4261 est
2362 4204 2411 4265 D
2441 4200 2610 4280 quod
2653 4199 2737 4261 sit
2775 4199 3180 4281 omnipotens
3223 4208 3288 4261 et
3329 4199 3740 4274 omniscienS,
3781 4200 3948 4262 sim-

835 4300 995 4361 illud
1027 4317 1222 4382 penes
1252 4299 1421 4381 quod
1459 4299 1622 4360 inter
1652 4305 1861 4360 creata
1894 4297 2127 4359 residet
2156 4316 2328 4359 sum-

836 4417 941 4460 ma
991 4404 1290 4479 potestaS,
1322 4406 1513 4478 atque
1560 4397 1625 4458 in
1676 4414 1869 4477 regno
1917 4395 2146 4459 animae
2196 4413 2326 4457 om-

836 4496 1029 4559 nibus
1078 4497 1393 4577 praesidet,
1439 4515 1557 4558 nec
1606 4496 1664 4558 ei
1715 4495 1928 4578 aliqua
1979 4501 2185 4575 potest
2232 4495 2330 4556 vis

835 4596 1169 4677 imperare.
1205 4595 1365 4656 Hinc
1409 4601 1653 4656 constat
1695 4594 1863 4676 quod
1907 4593 2329 4674 omnipotenti

835 4694 1279 4756 universorum
1332 4691 1671 4774 principio,
1716 4691 1903 4772 cujus
1942 4699 2038 4752 est
2082 4691 2330 4753 cunctis

834 4791 1202 4873 praecipere,
1249 4788 1579 4873 potissime
1631 4795 1966 4870 competat.
2015 4788 2326 4862 Secunda,

835 4891 985 4972 quia
1024 4890 1315 4952 voluntas
1358 4895 1454 4949 est
1494 4886 1558 4948 in
1604 4905 1729 4968 qua
1778 4886 2068 4949 consistit
2110 4887 2330 4968 praeci-

835 5007 964 5071 pua
992 4995 1054 5050 et
1084 5007 1335 5050 summa
1367 4986 1657 5067 voluptas
1696 4985 1830 5047 sive
1861 4984 2130 5046 felicitas
2165 5005 2179 5048 ε
2217 4997 2329 5047 un-

835 5088 913 5149 de
953 5086 1175 5149 beatus
1216 5091 1511 5147 censetur
1550 5084 1662 5166 qui
1702 5082 1891 5144 habet
1931 5100 2119 5145 omne
2160 5084 2329 5164 quod

834 5186 1009 5265 vult3
1052 5204 1170 5247 nec
1214 5183 1453 5266 aliquid
1503 5181 1872 5256 delectatur,
1916 5180 2041 5243 nisi
2091 5181 2330 5243 habens

834 5285 1225 5350 voluntatem
1276 5290 1387 5345 aut
1433 5280 1675 5363 aliquid
1734 5280 1947 5343 simile
1994 5281 2327 5345 voluntati.

2441 4298 2694 4379 pliciter
2722 4316 2873 4360 vero
2903 4306 3168 4378 negatur
3196 4299 3365 4380 quod
3398 4298 3480 4360 sit
3509 4298 3936 4361 omnivolenS.

2521 4395 2714 4476 Cujus
2774 4396 2932 4458 ratio
2990 4405 3106 4472 est,
3158 4396 3310 4479 quia
3366 4396 3584 4459 divina
3641 4396 3944 4458 voluntas

2440 4495 2738 4576 importat
2780 4513 3034 4556 causam
3081 4494 3415 4568 actualem,
3461 4494 3741 4576 potentia
3779 4513 3946 4558 vero

2439 4593 2746 4655 abstrahit
2775 4613 2812 4655 a
2842 4593 3083 4656 ratione
3123 4593 3501 4655 actualitatis
3535 4603 3598 4655 et
3629 4593 3805 4675 ponit
3839 4613 3944 4656 ra-

2439 4691 2677 4753 tionem
2720 4691 3108 4754 habitualem
3153 4711 3380 4764 causae,
3414 4691 3680 4753 scientia
3715 4700 3940 4756 autem

2439 4789 2747 4852 abstrahit
2793 4809 2829 4852 a
2885 4790 3127 4852 ratione
3187 4790 3541 4871 utriusque.
3595 4790 3942 4872 Quumque

2440 4889 2606 4950 Deus
2646 4907 2774 4950 non
2814 4889 2896 4950 sit
2932 4889 3196 4951 actualis
3235 4907 3424 4950 causa
3461 4889 3748 4950 omnium
3787 4909 3944 4971 quae

2439 4986 2648 5048 facere
2679 4993 2886 5068 potest
2913 5005 2986 5047 ac
3018 4986 3202 5060 velle,
3239 4986 3380 5048 ideo
3418 4985 3585 5048 sicut
3615 5005 3742 5050 non
3779 4987 3946 5050 facit

2440 5104 2629 5147 omne
2659 5083 2943 5158 volibile,
2979 5084 3066 5146 ita
3105 5104 3221 5147 nec
3255 5084 3393 5146 vult
3422 5103 3612 5147 omne
3647 5084 3937 5150 volibile,

2442 5183 2518 5245 Et
2547 5183 2698 5265 quia
2727 5183 3010 5265 potentia
3045 5182 3355 5246 abstrahit
3384 5201 3420 5244 a
3450 5183 3692 5246 ratione
3719 5191 3942 5246 actua-

2446 5281 2663 5357 litatis,
2711 5281 2852 5344 ideo
2900 5281 3135 5344 dicitur
3183 5301 3310 5347 non
3368 5282 3575 5345 solum
3637 5291 3944 5366 respectu

3989 1864 4184 1908 Jacob-
4209 1879 4242 1914 ι,
4301 1898 4314 1907 .
