4359 6250
819 510 906 555 AN
949 509 1262 557 mc‘rtoNsss
1305 508 1664 555 NUMERALES
1707 508 1770 553 IN
1812 508 2040 554 mvmls
2081 506 2307 553 chNT
2348 506 2595 561 ALIQUm
2637 506 2977 561 POSITIVCM,
3018 502 3146 549 E'rc.

3413 478 3531 542 183

429 694 554 739 non
587 684 709 750 est,
742 678 1044 741 dixerunt
1071 679 1240 761 quod
1275 678 1530 739 termini
1571 677 1928 739 numerales
1959 677 2010 739 A
2037 675 2335 747 essentia,
2370 675 2479 735 sed
2520 675 2919 736 solummodo
2965 674 3028 734 in
3073 672 3380 755 personis
3414 670 3533 733 No—

427 775 517 836 nil
560 776 919 856 ponunt·in
960 778 1110 851 Deo,
1144 777 1253 839 sed
1298 783 1626 839 removent
1657 782 1922 837 tantum.

425 874 552 936 Alii
592 888 748 937 vero
787 876 1076 938 eamdem
1122 875 1599 937 multitudinem
1643 874 1928 936 conside-

427 982 664 1047 rante5‚
700 974 997 1037 dixerunt
1029 975 1198 1056 quod
1237 975 1404 1036 sicut
1443 973 1710 1035 scientia
1748 972 1928 1055 poni-

427 1072 636 1135 turin
669 1073 800 1135 Deo
827 1090 957 1135 non
997 1074 1351 1135 secundum
1390 1072 1701 1133 rationem
1742 1090 1927 1153 gene-

429 1171 518 1233 ris
555 1171 684 1244 sui,
720 1171 891 1252 quod
929 1179 1026 1233 est
1065 1169 1336 1252 qualitas
1379 1188 1505 1233 non
1545 1170 1929 1231 conveniens

429 1270 586 1343 De0‚
651 1270 764 1332 sed
823 1270 1176 1332 secundum
1241 1269 1564 1351 propriam
1620 1268 1926 1329 rationem

427 1376 742 1451 quantum
774 1369 852 1430 ad
885 1368 950 1430 id
980 1368 1150 1449 quod
1183 1366 1592 1450 perfectionis
1625 1365 1926 1443 includit3

427 1466 520 1528 ita
556 1474 621 1528 et
649 1485 958 1529 numerus
999 1465 1084 1527 sit
1117 1466 1183 1528 in
1225 1467 1354 1528 Deo
1391 1465 1746 1527 secundum
1788 1482 1928 1546 pro-

429 1566 638 1647 priam
681 1564 1016 1639 lationem,
1050 1583 1177 1628 non
1219 1564 1575 1627 secundum
1618 1564 1930 1627 rationem

423 1663 684 1745 generis
727 1664 850 1737 sui,
885 1665 1052 1746 quod
1098 1671 1195 1725 est
1235 1663 1576 1746 quantitas,
1611 1664 1736 1726 Nos
1779 1682 1930 1726 vero

425 1762 731 1835 dicimus,
771 1763 941 1844 quod
992 1762 1248 1825 termini
1297 1762 1657 1825 numerales
1706 1780 1929 1824 secun-

2040 776 2215 836 mina
2277 774 2471 855 igitur
2534 792 2674 854 quae
2736 773 3079 854 important
3139 771 3371 833 realem
3436 769 3531 831 di-

2037 873 2447 936 stinctionem
2507 878 2757 953 oportet
2804 871 2932 933 dici
2990 888 3118 932 non
3176 870 3528 931 secundum

2039 972 2485 1044 substantiam,
2538 972 2649 1033 sed
2706 970 3058 1033 secundum
3117 986 3529 1050 personarum

2039 1070 2397 1132 relationes,
2462 1071 2798 1151 Quumque
2856 1067 3115 1131 termini
3172 1066 3531 1128 numerales

2040 1168 2373 1249 designent
2430 1169 2667 1231 realem
2726 1168 2791 1229 in
2850 1168 2979 1230 Deo
3032 1164 3529 1238 distinctionem,

2040 1266 2263 1328 dicunt
2309 1268 2704 1340 relationem,
2758 1284 2883 1327 non
2940 1273 3152 1326 tamen
3210 1262 3530 1336 distincte,

2041 1365 2150 1427 sed
2185 1365 2573 1439 indistincte,
2594 1365 2717 1427 nisi
2748 1384 2825 1427 ex
2856 1363 3158 1444 adjuncto
3186 1362 3265 1423 ad
3294 1368 3532 1423 certam

2043 1464 2414 1526 relationem
2450 1464 2975 1526 determinentur.
3009 1497 3092 1506 —
3116 1460 3210 1524 Ad
3242 1458 3533 1541 quaestio-

2043 1580 2191 1623 nem
2222 1561 2481 1623 demum
2514 1581 2640 1643 qua
2668 1561 2915 1643 quaerit,
2945 1580 3027 1621 an
3059 1578 3259 1621 unum
3288 1557 3537 1619 dicatur

2043 1659 2120 1721 de
2168 1660 2297 1722 Deo
2345 1659 2697 1721 secundum
2748 1657 3090 1720 essentiam
3138 1656 3239 1719 vel
3288 1654 3533 1718 relatio-

2043 1777 2213 1831 nem,
2250 1757 2586 1840 respondet
2630 1757 2796 1818 sicut
2841 1775 2917 1819 ex
2962 1756 3403 1818 Bonaventura
3445 1772 3536 1815 re-

425 1862 587 1923 dum
633 1860 805 1942 quod
847 1860 1115 1923 veniunt
1156 1862 1222 1923 in
1273 1860 1788 1943 praedicationem
1838 1861 1927 1922 di·
1967 1859 2014 1921 B
2043 1874 2347 1937 sponsum
2390 1862 2505 1929 est,
2539 1863 2602 1917 et
2638 1855 2813 1916 addit.
2846 1854 3016 1935 quod
3056 1872 3258 1915 unum
3291 1851 3535 1914 dictum

423 1960 671 2032 vinam,
715 1976 843 2022 non
891 1968 1236 2021 sumuntur
1271 1979 1309 2022 a
1357 1977 1625 2022 numero
1673 1958 1786 2040 qui
1835 1966 1931 2021 est

425 2057 678 2139 speeies
717 2056 1112 2138 quantitatiS,
1145 2059 1296 2139 quia
1334 2058 1426 2121 sic
1467 2075 1592 2120 non
1633 2056 1759 2119 nisi
1803 2075 1930 2118 me-

425 2156 760 2236 taphorice
807 2157 1174 2220 dicerentur
1213 2158 1291 2219 de
1330 2157 1478 2229 Deo,
1521 2155 1928 2237 quemadmo-

423 2254 586 2316 dum
615 2254 758 2317 aliae
781 2254 1200 2336 proprietates
1232 2253 1658 2335 corporalium
1690 2271 1926 2327 rerum,

425 2359 502 2413 ut
561 2351 893 2432 longitudo
952 2360 1016 2413 et
1068 2352 1369 2427 latitud03
1420 2351 1530 2412 sed
1589 2358 1931 2412 sumuntur

422 2470 468 2512 a
509 2450 922 2513 multitudine
970 2449 1324 2512 secundum
1367 2449 1536 2529 quod
1587 2456 1682 2511 est
1729 2456 1929 2510 trans-

424 2548 730 2610 cendens,
782 2547 1118 2610 Multitudo
1165 2565 1316 2609 vero
1373 2547 1465 2609 sic
1514 2553 1790 2628 sumpta,
1843 2546 1932 2608 ita

421 2666 500 2709 se
539 2646 732 2709 habet
769 2646 847 2708 ad
895 2646 1095 2708 multa
1132 2645 1210 2707 de
1249 2645 1484 2725 quibus
1526 2644 1927 2726 praedicatur,

421 2744 601 2807 sicut
630 2762 830 2805 unum
861 2744 1033 2825 quod
1065 2744 1455 2804 convertitur
1485 2760 1634 2803 cum
1665 2750 1832 2815 ente,
1852 2743 1929 2804 ad

419 2862 567 2915 ens,
602 2842 708 2904 cui
745 2841 839 2902 nil
879 2840 1048 2902 reale
1090 2840 1474 2920 superaddit.
1509 2839 1670 2901 Hinc
1717 2839 1928 2901 multi-

419 2942 586 3003 tudo
617 2940 706 3001 ita
741 2945 1024 3020 accepta,
1059 2937 1346 3016 designat
1376 2956 1474 2999 res
1517 2936 1748 2999 multas
1780 2955 1927 2999 cum

2039 1954 2485 2029 essentialiter,
2517 1971 2645 2015 non
2682 1961 2779 2016 est
2820 1952 3209 2035 principium
3254 1950 3538 2013 multitu-

2041 2051 2211 2115 dinis
2256 2070 2691 2134 personarum,
2734 2052 2843 2114 sed
2888 2070 3089 2113 unum
3134 2050 3378 2111 dictum
3426 2066 3534 2111 no-

2042 2149 2383 2213 tionaliter.

2122 2250 2294 2311 ldem
2342 2248 2713 2322 RicharduS,
2760 2248 2869 2329 qui
2919 2246 3411 2329 etiam·quaerit,
3454 2266 3534 2309 an

2040 2347 2251 2410 omnis
2310 2366 2615 2409 numerus
2663 2347 2746 2408 sit
2793 2346 3106 2407 accidens
3157 2346 3234 2407 Et
3280 2362 3537 2427 respon-

2041 2447 2147 2508 det
2181 2464 2197 2507 :
2231 2445 2545 2507 Numerus
2591 2451 2799 2527 potest
2840 2444 3226 2507 considerari
3265 2442 3537 2525 duplici-

2039 2551 2156 2615 ter,
2209 2542 2477 2616 scilicet,
2530 2543 2883 2604 secundum
2934 2560 3073 2603 esse
3123 2560 3311 2603 suum
3368 2541 3536 2603 reale
3596 2570 3599 2575 ·

2040 2642 2211 2724 quod
2259 2639 2449 2703 habet
2500 2640 2565 2701 in
2616 2640 2869 2701 entibus
2917 2638 3287 2712 numeratis,
3330 2646 3395 2700 et
3430 2658 3537 2719 ‚se-

2041 2740 2324 2802 cundum
2381 2757 2519 2801 esse
2577 2757 2765 2800 suum
2830 2737 3265 2818 imaginatum.
3326 2736 3537 2799 Primo

2041 2836 2231 2899 modo
2278 2837 2597 2919 loquendo
2645 2836 2722 2897 de
2771 2852 3059 2909 numero,
3111 2852 3240 2897 non
3286 2842 3385 2897 est
3430 2854 3535 2897 ve—

2041 2955 2185 2997 rum
2236 2936 2405 3016 quod
2455 2934 2663 2997 omnis
2720 2952 3025 2996 numerus
3082 2933 3165 2994 sit
3214 2932 3533 3009 accidenS‚

421 3036 818 3101 indivisione
875 3035 1044 3098 circa
1105 3052 1622 3115 unamquamque
1681 3053 1921 3096 earum.
1965 3037 2009 3100 C
2040 3033 2207 3095 sicut
2256 3052 2373 3095 nec
2422 3050 2646 3094 verum
2695 3041 2792 3094 est
2840 3031 3009 3112 quod
3057 3031 3268 3094 omnis
3326 3031 3535 3094 unitas

415 3137 664 3199 Verum
703 3153 1009 3196 numerus
1047 3133 1158 3215 qui
1197 3139 1294 3194 est
1333 3133 1578 3214 species
1618 3133 1930 3214 quantita-

417 3236 534 3308 tis,
579 3234 758 3316 ponit
802 3232 1121 3312 quoddam
1165 3230 1459 3293 accidens
1501 3231 1788 3292 additum
1833 3251 1927 3294 re-

417 3334 550 3395 bus
599 3329 988 3408 numeratis;
1029 3329 1328 3392 similiter
1376 3347 1578 3390 unum
1623 3329 1794 3409 quod
1833 3338 1928 3391 est

417 3429 826 3513 principium
875 3427 1148 3490 numeri.
1197 3426 1474 3490 Termini
1522 3445 1672 3509 ergo
1711 3447 1930 3490 nume-

419 3529 594 3590 rales
643 3527 708 3589 in
747 3526 985 3589 divinis
1033 3524 1402 3607 significant
1449 3544 1524 3586 ea
1564 3526 1642 3587 de
1692 3525 1928 3606 quibus

417 3627 752 3698 dicuntur,
795 3624 958 3686 nihil
1005 3624 1293 3686 addendo
1337 3623 1461 3684 nisi
1504 3623 1924 3704 negationem.

419 3724 508 3786 Et
549 3731 862 3804 quantum
913 3723 990 3784 ad
1039 3722 1181 3796 hoc,
1224 3721 1558 3783 veritatem
1604 3721 1764 3782 dixit
1809 3722 1930 3784 Ma-

415 3822 628 3904 gister
675 3838 690 3882 :
741 3821 894 3902 quia
951 3838 1151 3901 quum
1211 3819 1374 3891 dien,
1436 3818 1722 3881 Personae
1782 3827 1930 3881 sunt

421 3921 676 4003 plureS,
721 3917 1171 4000 significantur
1219 3916 1344 3979 illae
1392 3934 1676 3998 personae
1724 3925 1787 3978 et
1837 3917 1928 3978 in-

419 4017 666 4080 divisio
711 4017 882 4080 circa
928 4033 1444 4096 unamquamque
1491 4032 1734 4086 earum,
1781 4015 1933 4096 quia

419 4117 510 4178 de
549 4115 792 4178 ratione
843 4112 1271 4175 multitudinis
1310 4120 1404 4174 est
1446 4113 1615 4193 quod
1665 4131 1742 4175 ex
1793 4114 1930 4174 uni-

2040 3132 2122 3194 sit
2151 3131 2465 3194 accidens,
2502 3130 2870 3192 Essentialis
2913 3130 3150 3192 etenim
3191 3131 3401 3192 unitas
3441 3138 3538 3193 est

2040 3229 2180 3312 ipsa
2210 3227 2487 3290 essentia
2515 3227 2607 3290 rei
2633 3244 2647 3288 :
2674 3245 3002 3308 quumque
3032 3245 3111 3289 ex
3142 3226 3538 3308 quibuslibet

2042 3325 2395 3389 unitatibus
2446 3325 2867 3388 constituatur
2913 3344 3240 3399 numeruS,
3293 3333 3537 3388 constat

2041 3426 2211 3507 quod
2255 3443 2561 3486 numerus
2605 3443 2683 3485 ex
2726 3423 2962 3485 talibus
3003 3422 3353 3485 unitatibus
3392 3441 3537 3486 con-

2041 3524 2324 3597 stitutuS‚
2378 3522 2462 3584 sit
2510 3522 2678 3584 idem
2729 3541 2876 3583 cum
2924 3521 3136 3595 rebuS,
3189 3539 3317 3584 non
3371 3521 3534 3583 acci—

2043 3623 2221 3689 dens,
2255 3639 2464 3702 neque
2508 3621 2573 3680 in
2616 3637 2869 3700 genere,
2904 3619 3014 3680 sed
3060 3619 3529 3682 transcendens.

2042 3719 2386 3802 Loquendo
2444 3724 2656 3779 autem
2717 3717 2794 3778 de
2853 3734 3121 3779 numero
3182 3718 3531 3780 secundum

2041 3836 2180 3879 esse
2230 3835 2416 3877 suum
2480 3814 2917 3894 imaginatum,
2970 3814 3179 3877 omnis
3227 3833 3533 3878 numerus

2043 3923 2138 3977 est
2181 3913 2476 3976 accidens
2513 3931 2526 3974 ε
2562 3912 2864 3995 quoniam
2910 3911 3277 3992 imaginatio
3321 3920 3533 3974 nostra

2043 4030 2170 4074 non
2229 4010 2709 4092 comprehendit
2761 4009 3177 4071 substantiam
3240 4009 3360 4071 nisi
3419 4030 3534 4092 per

2045 4109 2560 4190 imaginationem
2591 4116 2655 4170 et
2683 4108 2806 4170 nisi
2838 4127 2951 4188 per
2979 4108 3293 4183 accidenS,
3312 4127 3533 4190 quem-

420 4214 672 4276 tatibus
716 4219 982 4274 constet.
1027 4210 1477 4272 Verumtamen
1525 4212 1931 4274 auctoritates
1964 4217 2012 4276 D
2042 4208 2385 4271 admodum
2448 4225 2565 4268 nec
2626 4205 2825 4267 videri
2888 4206 3009 4268 nisi
3071 4225 3183 4288 per
3240 4206 3532 4269 accidens

419 4333 466 4376 a
505 4311 802 4392 Magistro
852 4310 1150 4383 inductae,
1192 4326 1320 4371 non
1371 4308 1642 4390 probant
1691 4308 1934 4371 suffici—

419 4420 619 4474 enter
655 4409 794 4490 ejus
833 4407 1252 4490 propositum.
1297 4407 1596 4480 Quamvis
1647 4408 1824 4470 enim
1867 4409 1933 4470 in

419 4507 676 4574 divinis
717 4506 1078 4590 pluralitate
1115 4505 1490 4568 excludatur
1532 4507 1828 4580 solitud0,
1873 4514 1936 4569 et

421 4609 681 4672 unitate
725 4605 1056 4689 pluralitas
1096 4605 1384 4677 deorum,
1424 4623 1549 4667 non
1589 4612 1800 4667 tamen
1845 4623 1936 4666 se—

419 4706 657 4790 quitur
715 4705 885 4786 quod
946 4702 1047 4765 his
1115 4701 1485 4764 nominibus
1544 4702 1664 4764 hoc
1727 4703 1933 4764 solum

419 4802 840 4885 significetur
891 4819 904 4862 :

431 5116 576 5161 mas
619 5095 685 5157 in
729 5095 1010 5158 Summa.

523 5196 742 5258 Petrus
787 5193 982 5256 etiam
1034 5191 1134 5254 his
1178 5191 1570 5254 concordans
1614 5209 1628 5252 :
1671 5191 1741 5252 In
1786 5190 1944 5253 divi-

437 5293 570 5369 nis,
619 5291 853 5375 inquit,
901 5291 1079 5353 nulla
1127 5296 1223 5354 est
1272 5289 1458 5352 realis
1508 5288 1834 5352 distinctio
1881 5289 1947 5352 in

958 4800 1126 4862 sicut
1173 4799 1469 4862 albedine
1519 4799 1782 4880 nigredo
1830 4819 1935 4861 ex-

421 4900 742 4975 cluditur,
767 4918 895 4962 non
926 4906 1138 4961 tamen
1171 4899 1432 4961 nomine
1463 4897 1776 4960 albedinis
1807 4898 1939 4959 sola

425 4998 792 5080 nigredinis
840 4996 1125 5058 exclusio
1172 4995 1556 5075 designatur.
1601 4995 1744 5057 Haec
1782 4995 1939 5057 Tho-

2044 4315 2269 4391 potest.
2290 4307 2434 4369 Haec
2465 4306 3012 4368 [fichardus—ln
3044 4305 3269 4368 ceteris
3301 4305 3537 4387 scripta

2043 4405 2339 4469 Richardi
2384 4403 2847 4467 sententialiter
2888 4411 3037 4466 sunt
3079 4403 3357 4466 inducta.

2124 4505 2421 4568 Albertus
2464 4503 2723 4564 demum
2776 4501 2840 4564 in
2890 4503 3160 4585 Scripto,
3201 4511 3264 4565 et
3302 4503 3539 4566 Udalri—

2046 4622 2157 4665 cus
2202 4603 2268 4664 in
2314 4602 2597 4675 Summa,
2633 4609 2981 4663 consonant
3024 4600 3453 4682 praeinductis.
3590 4597 3597 4602 ’

2124 4701 2218 4764 Ad
2263 4699 2681 4781 quaestionem
2722 4716 2871 4760 vero
2914 4717 3041 4780 qua
3088 4699 3413 4780 quaeritur,
3456 4719 3537 4762 an

2049 4817 2250 4860 unum
2292 4805 2354 4860 et
2398 4797 2608 4859 unitas
2655 4815 2727 4859 ac
2778 4815 3081 4859 numerus
3130 4796 3423 4859 dicantur
3458 4798 3537 4859 de

2048 4899 2176 4960 Deo
2228 4903 2290 4958 et
2341 4895 2647 4957 creaturis
2709 4895 2999 4966 univoce,
3051 4895 3389 4975 respondet
3434 4895 3536 4957 Al-

2050 4995 2269 5057 bertus
2316 5012 2329 5056 :
2373 4993 2501 5056 Nec
2551 5011 2772 5063 unum,
2817 5009 2935 5052 nec
2983 4991 3214 5064 unitaS,
3262 5009 3377 5053 nec
3426 5012 3538 5054 nu-

2053 5112 2267 5156 merus
2328 5091 2561 5155 dicitur
2614 5089 2883 5150 univoce
2934 5087 3013 5149 de
3071 5088 3199 5149 Deo
3255 5095 3317 5149 et
3370 5106 3540 5151 crea-

2051 5191 2235 5265 turis,
2269 5187 2569 5273 quoniam
2609 5187 2737 5248 Deo
2776 5192 2839 5246 et
2877 5184 3068 5246 rebus
3108 5185 3333 5246 creatis
3375 5185 3539 5249 nihil

2057 5290 2329 5353 univoce
2362 5284 2693 5364 convenit3
2716 5283 2825 5346 sed
2857 5281 3093 5345 dicitur
3122 5283 3199 5346 de
3230 5283 3321 5346 eis
3350 5285 3543 5366 aequi-
