4359 6250
593 1754 674 1797 Pa.
689 1755 858 1804 xxxdss.

593 2643 704 2687 Rom
713 2655 784 2693 ax,
793 2646 808 2685 1
818 2646 856 2686 4.

608 2741 710 2784 Act.
729 2752 770 2790 x,
793 2743 858 2783 st.

647 3536 816 3581 Coton.
833 3548 861 3587 ι,

601 3602 666 3644 12.

881 466 1000 532 544

1562 484 1624 530 ΙΝ
1667 482 1890 529 LIBRUM
1933 482 1953 527 1
1995 479 2478 527 SENTENTIARUM.
2525 497 2605 507 —
2646 479 2800 525 ms'r.
2846 477 2985 541 xm3
3031 480 3253 534 QUAEST.
3302 479 3323 526 1

897 655 1312 730 voluntatem,
1362 655 1604 718 nullam
1654 654 1842 716 aliam
1889 653 2081 715 habet
2128 670 2383 714 causam
2414 651 2466 714 A
2498 657 2565 712 ut
2608 657 2671 712 et
2714 651 3066 713 secundum
3112 651 3288 714 illam
3333 669 3757 733 quascumque
3798 650 3989 723 fiunt,

889 753 1015 816 nisi
1075 754 1303 836 ipsam,
1355 753 1731 835 regulasque
1791 760 2043 814 aeternae
2097 749 2383 831 justitiae,

892 870 1033 933 quae
1073 858 1221 913 sunt
1262 852 1399 934 ipsa
1432 869 1446 912 :
1481 859 1543 913 et
1581 851 1789 934 quoad
1827 851 1970 923 hoc,
2003 867 2121 910 nec
2162 848 2228 908 in
2266 847 2386 909 hoc

891 950 1198 1030 singulari
1253 950 1717 1032 praedestinato,
1769 967 1886 1011 nec
1946 949 2010 1009 in
2060 945 2387 1010 communi

890 1049 968 1109 de
1013 1049 1497 1130 praedestinatiS,
1540 1047 1669 1109 ulla
1711 1055 1807 1109 est
1850 1065 2039 1108 causa
2082 1045 2181 1107 vel
2228 1044 2387 1106 ratio

891 1146 1464 1228 praedestinationis
1489 1146 1773 1218 omnino,
1805 1145 1933 1207 imo
1965 1162 2082 1204 nec
2111 1141 2387 1222 alicujus

890 1245 981 1306 rei
1024 1265 1164 1327 quae
1208 1244 1322 1324 fit3
1355 1263 1473 1307 nec
1516 1245 1582 1306 in
1622 1245 1742 1306 hoc
1782 1249 1880 1305 est
1917 1241 2283 1304 differentia
2321 1240 2387 1301 in

891 1343 1442 1424 praedestinatione
1472 1350 1535 1404 et
1575 1342 1639 1403 in
1683 1340 2148 1423 reprobatione,
2181 1345 2290 1400 aut
2322 1338 2387 1398 in

891 1459 1298 1524 quocumque
1335 1441 1463 1504 alio
1500 1449 1664 1503 actu.
1699 1476 1780 1485 —
1807 1440 2068 1520 Propter
2098 1437 2267 1519 quod
2310 1437 2387 1497 de

888 1547 1031 1602 actu
1064 1539 1417 1612 electioniS,
1454 1541 1562 1622 qui
1605 1539 1671 1600 in
1713 1536 2266 1620 praedestinatione
2300 1535 2391 1596 in-

889 1638 1191 1712 cluditur,
1226 1638 1507 1720 loquitur
1549 1637 1940 1716 Augustinus
1989 1637 2183 1715 super
2232 1631 2387 1694 illud

889 1737 1143 1812 Psalmi,
1177 1737 1246 1798 ln
1281 1736 1576 1798 manibus
1609 1736 1734 1797 tuis
1774 1741 1973 1796 sortes
2007 1752 2162 1794 mete
2200 1749 2213 1792 :
2249 1732 2387 1794 Sor-

2492 747 2664 828 juste
2704 747 2887 822 fiant,
2930 757 3241 831 quantum
3282 755 3378 810 est
3415 767 3493 810 ex
3534 759 3711 831 parte
3752 757 3995 811 creatu-

2496 865 2601 920 rae,
2636 846 2771 908 sive
2818 847 2946 908 sint
2996 847 3163 909 mala
3210 847 3426 920 moriS,
3464 847 3599 909 sive
3648 847 3778 908 sint
3828 847 3995 908 mala

2498 962 2722 1025 poenae,
2756 945 2890 1006 sive
2930 944 3131 1024 bona3
3172 953 3235 1006 et
3276 963 3425 1006 cum
3464 945 3606 1018 hoc,
3642 945 3997 1007 misericor-

2497 1041 2661 1105 diter
2689 1059 2766 1102 ex
2798 1049 2973 1123 parte
3005 1038 3136 1104 Dei.
3158 1042 3318 1103 Hinc
3348 1061 3542 1124 super
3569 1042 3752 1115 illud,
3776 1041 3997 1122 Diligit
4024 1061 4259 1112 pann-,s

2499 1138 3001 1201 misericordiam
3046 1147 3110 1202 et
3145 1139 3484 1221 judicium,
3524 1141 3751 1202 asserit
3786 1141 4000 1221 Augu—

2496 1236 2702 1298 stinus
2736 1255 2749 1298 :
2784 1237 2873 1299 Ne
2914 1237 3151 1319 putetis
3191 1238 3361 1320 quod
3400 1239 3520 1300 ista
3560 1257 3598 1299 a
3638 1257 3705 1300 se
3744 1238 4000 1300 valeant

2498 1333 2564 1394 in
2596 1334 2725 1395 Deo
2754 1335 3032 1416 separari
3072 1334 3286 1416 aliquo
3326 1336 3533 1398 mode.
3568 1335 3785 1417 Neque
3821 1335 3999 1397 enim

2500 1432 2564 1494 in
2620 1432 3055 1495 misericordia
3106 1434 3343 1496 amittit
3390 1433 3733 1515 judicium,
3786 1452 4000 1516 neque

2500 1530 2565 1590 in
2605 1531 2851 1611 judicio
2894 1531 3415 1594 misericordiam.

2581 1629 2702 1691 Sed
2732 1629 3169 1692 misericordia
3195 1631 3382 1692 aliter
3412 1630 3563 1712 poni
3598 1630 3787 1692 debet
3827 1631 4003 1692 circa

2502 1725 2734 1808 impios
2784 1736 2845 1790 et
2897 1729 3287 1791 damnandos
3338 1729 3404 1791 in
3453 1728 3755 1810 operibus
3804 1728 4003 1791 obsti-

889 1841 984 1896 tes
1031 1834 1131 1914 (ut
1179 1834 1452 1914 aestimo)
1499 1833 1656 1895 dicit
1703 1831 1968 1912 gratiam
2019 1848 2144 1911 qua
2193 1828 2389 1891 salva·
2424 1829 2473 1892 B
2504 1825 2777 1887 nationis
2814 1833 2875 1887 et
2916 1826 3379 1907 reprobationis
3418 1827 3625 1908 quoad
3667 1826 3833 1888 mala
3868 1826 4002 1888 cul-

890 1953 1054 1995 mur.
1089 1932 1248 1995 Nam
1289 1932 1399 1994 ubi
1442 1931 1698 2006 dicitur,
1731 1931 1853 1992 Iste
1893 1929 2067 2002 facit,
2103 1929 2221 1989 iste
2262 1943 2389 1988 non

890 2031 1044 2093 facit
1090 2049 1104 2093 ε
1149 2031 1238 2093 ibi
1287 2031 1512 2093 merita
1561 2029 2088 2106 considerantur;
2131 2032 2227 2087 est
2268 2024 2391 2086 ele-

890 2132 1038 2205 ctio,
1088 2149 1216 2193 non
1271 2148 1424 2192 sorS.
1479 2129 1738 2202 Quando
1789 2144 1941 2189 vero
1994 2126 2160 2186 Deus
2214 2123 2390 2214 nulla

892 2230 1118 2292 merita
1149 2236 1362 2292 nostra
1393 2227 1658 2302 invenit,
1687 2233 1854 2289 sorte
1887 2224 2229 2287 voluntatis
2260 2241 2389 2284 suae

889 2328 1097 2391 salvos
1128 2345 1243 2390 nos
1284 2326 1437 2389 fecit
1477 2325 1780 2409 quoniam
1813 2323 2034 2396 voluit,
2069 2340 2197 2384 non
2238 2320 2391 2401 quia

889 2425 1132 2489 fuimus
1162 2425 1358 2506 digni.
1391 2426 1534 2488 Haec
1567 2442 1701 2486 sors
1732 2423 1981 2484 occulta
2012 2420 2076 2482 in
2108 2420 2389 2481 humano

888 2532 987 2586 est
1023 2542 1276 2605 genere,
1311 2523 1574 2586 veniens
1615 2522 1692 2583 de
1731 2519 1982 2584 occulta
2018 2518 2129 2581 Dei
2168 2516 2392 2578 volun-

889 2630 1038 2697 tate,
1091 2624 1260 2704 apud
1310 2641 1501 2704 quem
1550 2638 1677 2683 non
1726 2627 1823 2682 est
1880 2617 2184 2700 iniquitas
2232 2617 2389 2696 (non

889 2721 1062 2783 enim
1107 2738 1408 2802 personas
1442 2719 1742 2800 accipit);
1775 2717 1886 2780 sed
1925 2714 2174 2778 occulta
2214 2713 2389 2775 illius

888 2819 1138 2901 justitia
1186 2837 1321 2882 sors
1363 2825 1478 2880 est.
1513 2817 1583 2878 ln
1627 2816 1752 2878 alio
1796 2832 2048 2897 quoque
2093 2819 2385 2885 tractatu,

891 2937 1085 3000 super
1132 2917 1252 2980 hoc
1302 2917 1472 2978 idem
1522 2914 1823 2976 disseruit
1865 2931 1879 2975 ε
1921 2913 2138 2994 Neque
2183 2911 2388 2973 ullum

2502 1942 2620 2004 pae,
2654 1924 2837 1986 aliter
2866 1925 3035 1986 circa
3064 1925 3262 1988 bonos
3292 1933 3355 1986 et
3385 1925 3717 1987 salvandos
3754 1925 3821 1986 in
3852 1943 4001 2006 ope-

2501 2020 2677 2083 ribus
2736 2021 3067 2085 electionis
3124 2031 3187 2084 et
3236 2022 3829 2105 praedestinationis,
3886 2023 4000 2084 llla

2500 2119 2696 2194 enim,
2738 2139 2815 2182 ex
2860 2129 3037 2202 parte
3081 2121 3416 2195 malorum,
3457 2121 3692 2183 habent
3734 2140 3997 2184 causam

2502 2219 2881 2299 condignam
2922 2227 3182 2301 propter
3231 2239 3422 2301 quam
3471 2219 3641 2281 fiunt
3682 2227 3995 2301 quantum

2500 2324 2596 2378 est
2636 2336 2713 2378 ex
2757 2325 2933 2398 parte
2978 2318 3269 2399 subjecti,
3312 2319 3450 2381 sine
3494 2338 3622 2399 qua
3658 2318 3772 2380 Dei
3807 2318 3996 2398 justi-

2500 2415 2587 2477 tia
2635 2416 2745 2478 illa
2791 2416 2936 2478 fieri
2989 2434 3116 2479 non
3167 2417 3469 2498 exigeret,
3519 2417 3814 2499 quamvis
3868 2435 3997 2480 non

2499 2514 2581 2576 sit
2646 2534 2835 2577 causa
2895 2535 2973 2578 ex
3034 2524 3210 2597 parte
3272 2515 3383 2578 Dei
3444 2534 3655 2598 quare.
3699 2535 3774 2577 ea
3828 2525 3992 2596 agat.

2498 2615 2611 2676 llla
2648 2621 2862 2676 autem
2898 2615 3147 2695 (utpote
3187 2633 3379 2676 causa
3416 2633 3526 2676 seu
3561 2613 3841 2694 justitia)
3872 2615 4000 2677 alia

2498 2719 2595 2774 est
2651 2713 2819 2776 circa
2878 2712 3117 2776 bonum
3178 2712 3401 2794 primae
3456 2713 3694 2794 gratiae,
3750 2720 3813 2774 et
3871 2713 4000 2775 alia

2500 2811 2669 2872 circa
2714 2810 2954 2873 bonum
3002 2810 3219 2892 gratiae
3277 2810 3598 2873 ulterioris
3658 2830 3865 2892 usque
3918 2811 3997 2873 ad

2498 2909 2765 2990 gloriam
2797 2917 3322 2972 consummatam.
3356 2908 3512 2971 Nam
3546 2916 3688 2991 post
3718 2909 3997 2991 primam

890 3017 1078 3079 video
1123 3016 1423 3078 meritum
1465 3031 1591 3096 quo
1631 3013 1708 3074 de
1751 3011 2162 3074 universitate
2200 3028 2388 3090 gene·
2424 3015 2469 3080 C
2498 3008 2766 3089 gratiam
2802 3017 3052 3089 gratum
3092 3008 3456 3081 facientem,
3490 3007 3823 3090 quodlibet
3858 3026 3999 3089 gra-

894 3115 981 3179 ris
1025 3115 1291 3178 humani
1337 3133 1438 3177 me
1487 3113 1772 3195 elegisti3
1804 3112 1923 3176 etsi
1967 3111 2136 3195 apud
2187 3118 2245 3173 te
2294 3117 2390 3173 est

890 3214 1102 3295 justus
1153 3221 1215 3276 et
1269 3214 1558 3277 occultus
1608 3214 1763 3275 ordo
1821 3212 2148 3274 electionis
2208 3228 2387 3284 meae,

891 3330 1007 3393 ego
1038 3320 1270 3387 tamen,
1305 3330 1498 3394 quem
1529 3311 1647 3373 hoc
1681 3311 1850 3385 latet,
1884 3310 1960 3371 ad
1999 3309 2243 3371 curiam
2273 3308 2390 3371 Do-

892 3411 1052 3473 mini
1086 3411 1213 3473 mei
1252 3418 1420 3474 sorte
1459 3410 1741 3493 perveni.
1779 3410 1853 3471 Et
1891 3426 2084 3490 super
2115 3407 2274 3470 illud
2311 3406 2389 3468 ad

893 3510 1316 3584 ColossenseS‚
1369 3509 1602 3591 Dignos
1656 3526 1770 3571 nos
1820 3507 1973 3569 fecit
2024 3507 2090 3568 in
2142 3512 2387 3587 partem

891 3608 1078 3671 sortis
1129 3608 1502 3670 Sanctorum
1555 3607 1620 3667 in
1672 3605 1912 3667 lumine
1956 3622 1970 3665 ε
2009 3603 2256 3676 Omnia,
2301 3602 2391 3663 in-

891 3707 1052 3790 quit,
1121 3724 1235 3788 per
1297 3706 1613 3787 justitiam
1682 3703 1855 3777 facit,
1921 3702 2213 3786 quamvis
2283 3719 2391 3764 oc-

896 3805 1155 3867 cultam.

960 3903 1026 3967 Si
1056 3922 1204 3985 ergo
1235 3904 1549 3966 occultam
1581 3901 1928 3984 quaerimus
1959 3917 2212 3962 causam
2242 3916 2393 3980 prae-

891 4002 1333 4065 destinationis
1366 4002 1431 4063 in
1473 4000 1940 4084 praedestinato,
1975 3999 2151 4061 illam
2181 3998 2389 4061 solum

891 4120 1174 4182 quaerere
1203 4101 1511 4163 debemus
1554 4100 1724 4161 circa
1764 4099 1967 4180 ipsam
2009 4104 2386 4170 creaturam,

2498 3107 2602 3171 tiae
2631 3115 3044 3188 augmentum
3077 3107 3142 3169 in
3173 3107 3469 3189 praesenti
3503 3115 3567 3169 et
3598 3126 4001 3170 consumma-

2497 3206 2587 3269 tio
2616 3206 2758 3286 ejus
2799 3206 2863 3268 in
2902 3205 3141 3281 futurO,
3174 3224 3431 3268 causam
3472 3205 3538 3267 in
3576 3205 3763 3268 nobis
3803 3204 3999 3267 habet

2500 3304 2890 3366 meritoriam
2948 3305 3026 3366 de
3084 3304 3419 3385 condigno,
3474 3304 3773 3366 videlicet
3831 3322 3997 3385 opus

2498 3404 2785 3465 elicitum
2836 3422 2915 3465 ex
2975 3402 3175 3466 libero
3230 3403 3495 3465 arbitrio
3552 3402 3619 3465 in
3676 3402 3999 3483 adjutorio

2496 3502 2713 3583 gratiae
2766 3502 3219 3583 praecedentis3
3269 3503 3478 3584 prima
3529 3510 3743 3564 autem
3791 3502 4001 3583 gratia

2497 3609 2747 3683 gratum
2786 3601 3027 3664 faciens
3068 3619 3196 3664 non
3235 3601 3427 3664 habet
3466 3602 3532 3664 in
3572 3601 3757 3663 nobis
3804 3601 3997 3663 meri-

2499 3700 2726 3764 toriam
2771 3720 3049 3774 causam,
3091 3701 3393 3784 quoniam
3431 3700 3625 3781 gratis
3664 3699 3812 3761 data
3850 3716 3997 3761 con-

2499 3800 2689 3861 donat
2737 3808 3012 3880 peccata.
3058 3800 3231 3862 Unde
3278 3800 3473 3881 super
3518 3798 3699 3871 illud,
3740 3798 3995 3860 Justum
4024 3829 4265 3875 amu,

2498 3897 2888 3978 adjutorium
2938 3916 3152 3959 meum
3198 3916 3235 3959 a
3278 3896 3567 3969 Domino,
3600 3898 3998 3977 Augustinus

2498 4002 2802 4058 testatur:
2834 3996 2969 4058 Duo
3000 4002 3149 4057 sunt
3179 4014 3371 4077 opera
3402 3994 3758 4068 medicinae,
3792 4014 3999 4056 unum

2501 4112 2629 4177 quo
2658 4102 2913 4157 sanatur
2936 4094 3291 4167 inl'irmitaS,
3304 4092 3576 4155 alterum
3604 4111 3729 4175 quo
3761 4093 4000 4155 sanitas

892 4208 964 4260 ut
992 4207 1304 4281 praetactae
1335 4200 1612 4262 innuunt
1639 4196 2068 4270 auctoritateS,
2103 4195 2168 4257 in
2201 4213 2391 4277 quan·
2419 4198 2470 4261 D
2501 4193 2895 4270 custodi'tur3
2929 4192 3245 4273 peccatori
3275 4193 3461 4254 datur
3490 4190 3857 4254 misericors
3896 4191 4005 4252 ad·

891 4305 1030 4359 tum
1070 4297 1370 4360 videlicet
1409 4296 1881 4378 praedestinatio
1921 4294 2180 4377 respicit
2220 4313 2389 4356 crea-

895 4406 1103 4457 turam
1152 4395 1322 4457 circa
1369 4413 1561 4477 quam
1609 4400 1919 4467 versatur,
1967 4400 2391 4474 connotatque

893 4493 1202 4555 effectum
1245 4493 1681 4575 temporalem.
1718 4492 1796 4554 Et
1841 4491 2009 4553 idem
2047 4492 2390 4553 dicendum

894 4592 973 4655 de
1015 4591 1158 4654 aliis
1207 4592 1570 4674 quibusque
1620 4590 1856 4655 divinis
1906 4588 2285 4663 actionibuS,
2320 4597 2390 4650 ut

895 4699 1065 4765 sunt,
1109 4691 1358 4765 electio,
1401 4690 1820 4773 praescientia,
1865 4687 2241 4770 reprobatio,
2282 4686 2393 4750 ob-

894 4790 1164 4865 duratio,
1196 4799 1315 4853 etc.
1360 4789 1436 4851 Et
1475 4789 1842 4861 dicendum,
1877 4788 2043 4869 quod
2083 4785 2390 4868 generali·

892 4897 990 4951 ter
1028 4888 1317 4953 omnium
1359 4888 1518 4950 ratio
1555 4895 1652 4949 est
1691 4904 1819 4948 non
1859 4884 2063 4947 solum
2104 4903 2180 4947 ex
2212 4892 2391 4966 parte

892 4987 1237 5049 voluntatis
1276 4986 1530 5061 divinae,
1566 5004 1706 5068 quae
1748 4990 2003 5056 aeterna,
2036 4983 2392 5045 necessaria

894 5086 1444 5167 immutabilisque
1489 5083 1801 5157 consistit,
1835 5083 1946 5145 sed
1989 5088 2052 5144 et
2093 5101 2169 5143 ex
2212 5089 2391 5164 parte

895 5184 1036 5265 ejus
1087 5184 1257 5267 quod
1306 5183 1498 5246 habet
1543 5182 1711 5257 fieri,
1763 5181 2057 5264 quamvis
2105 5199 2392 5243 necessa-

896 5284 990 5345 ria
1039 5301 1164 5346 non
1217 5283 1320 5357 sit,
1361 5282 1662 5365 quoniam
1714 5280 1919 5364 potuit
1968 5298 2094 5343 non
2139 5278 2387 5343 fuisse:

2497 4290 2831 4372 jutorium',
2861 4290 3037 4371 justo
3074 4298 3287 4352 autem
3324 4290 3641 4351 auxilium
3676 4289 3949 4370 justum.

2568 4390 3009 4453 Verumtamen
3041 4389 3242 4470 prima
3270 4389 3470 4469 gratia
3499 4388 3690 4450 habet
3720 4388 3786 4449 in
3816 4386 4005 4450 nobis

2501 4509 2755 4552 causam
2807 4488 3091 4569 congrui,
3140 4505 3267 4550 non
3318 4494 3576 4569 propter
3624 4504 3841 4569 quam,
3888 4488 4003 4549 sed

2502 4590 2639 4651 sine
2683 4608 2809 4671 qua
2852 4606 2980 4649 non
3024 4586 3421 4649 conferretur
3459 4586 3569 4648 uni
3610 4585 3819 4667 prima
3860 4604 4003 4667 gra-

2501 4687 2589 4749 tia
2634 4695 2884 4768 gratum
2929 4684 3169 4748 faciens
3212 4704 3353 4767 quae
3393 4684 3575 4747 alteri
3624 4685 3999 4765 denegatur,

2505 4805 2702 4867 quum
2732 4785 2903 4867 apud
2933 4785 3133 4847 Deum
3174 4801 3302 4846 non
3340 4783 3424 4845 sit
3453 4800 3869 4866 personarum
3898 4801 4001 4845 ae·
4040 4808 4137 4850 Aet.
4157 4806 4263 4853 mi.

2504 4884 2734 4965 ceptio,
2787 4883 2898 4945 sed
2952 4870 3283 4965 aequa’liter
3328 4881 3629 4944 omnibus
3676 4880 3870 4955 favet,
3926 4889 3999 4943 ut

2503 5002 2695 5066 super
2727 4983 2905 5057 illud,
2932 4984 3003 5045 In
3035 4983 3309 5045 circuitu
3338 4982 3479 5062 ejus
3510 4981 3999 5045 tabernaculum
4026 5000 4265 5051 pamm.

2502 5083 2665 5164 ejus,
2714 5082 3106 5163 Augustinus
3154 5079 3406 5143 fatetur.
3460 5080 3635 5144 Unde
3686 5099 3765 5142 ex
3818 5089 3999 5164 parte

2503 5182 2695 5243 unius
2735 5181 3003 5243 istorum
3044 5180 3385 5261 respicitur
3416 5179 3661 5260 aliquid
3698 5179 3839 5241 sine
3869 5200 4001 5262 quo

2504 5280 2682 5342 nullo
2713 5279 2900 5341 modo
2930 5285 3098 5340 esset
3126 5277 3306 5339 alteri
3339 5276 3795 5359 praeierenduS,
3828 5280 4002 5360 quod
