<?xml version="1.0" encoding="UTF-8"?>
<!DOCTYPE html PUBLIC "-//W3C//DTD XHTML 1.0 Transitional//EN"
    "http://www.w3.org/TR/xhtml1/DTD/xhtml1-transitional.dtd">
<html xmlns="http://www.w3.org/1999/xhtml" xml:lang="en" lang="en">
 <head>
  <title>
</title>
<meta http-equiv="Content-Type" content="text/html;charset=utf-8" />
  <meta name='ocr-system' content='tesseract 3.04.00' />
  <meta name='ocr-capabilities' content='ocr_page ocr_carea ocr_par ocr_line ocrx_word'/>
</head>
<body>
  <div class='ocr_page' id='page_1' title='image "./doctorisecstati11unkngoog_0199.png"; bbox 0 0 4359 6250; ppageno 0'>
   <div class='ocr_carea' id='block_1_1' title="bbox 611 477 3547 574">
    <p class='ocr_par' dir='ltr' id='par_1_1' title="bbox 611 477 3547 574">
     <span class='ocr_line' id='line_1_1' title="bbox 611 477 3547 574; baseline -0.002 -11"><span class='ocrx_word' id='word_1_1' title='bbox 611 518 836 574; x_wconf 58' lang='lat' dir='ltr'><strong>miss-r.</strong></span> <span class='ocrx_word' id='word_1_2' title='bbox 879 519 942 565; x_wconf 76' lang='lat' dir='ltr'><strong>vi</strong></span> <span class='ocrx_word' id='word_1_3' title='bbox 981 519 995 563; x_wconf 90' lang='lat'>:</span> <span class='ocrx_word' id='word_1_4' title='bbox 1036 519 1121 566; x_wconf 75' lang='lat' dir='ltr'><strong>AN</strong></span> <span class='ocrx_word' id='word_1_5' title='bbox 1161 520 1460 565; x_wconf 61' lang='lat' dir='ltr'><strong>nnuma</strong></span> <span class='ocrx_word' id='word_1_6' title='bbox 1499 518 1841 565; x_wconf 61' lang='lat' dir='ltr'><strong>nmmum·</strong></span> <span class='ocrx_word' id='word_1_7' title='bbox 1879 516 2046 563; x_wconf 60' lang='lat' dir='ltr'><strong>numu</strong></span> <span class='ocrx_word' id='word_1_8' title='bbox 2081 516 2512 563; x_wconf 58' lang='lat' dir='ltr'><strong>convaluimus</strong></span> <span class='ocrx_word' id='word_1_9' title='bbox 2550 516 2668 563; x_wconf 74' lang='lat' dir='ltr'><strong>cun</strong></span> <span class='ocrx_word' id='word_1_10' title='bbox 2708 517 2862 563; x_wconf 70' lang='lat' dir='ltr'><strong>mm</strong></span> <span class='ocrx_word' id='word_1_11' title='bbox 2898 517 2972 563; x_wconf 71' lang='lat' dir='ltr'><strong>nr</strong></span> <span class='ocrx_word' id='word_1_12' title='bbox 3008 516 3197 574; x_wconf 75' lang='lat' dir='ltr'><strong>umm,</strong></span> <span class='ocrx_word' id='word_1_13' title='bbox 3238 514 3365 561; x_wconf 72' lang='lat' dir='ltr'><strong>arc.</strong></span> <span class='ocrx_word' id='word_1_14' title='bbox 3431 477 3547 558; x_wconf 71' lang='lat'><strong>187</strong></span> 
     </span>
    </p>
   </div>
   <div class='ocr_carea' id='block_1_2' title="bbox 437 684 3551 1655">
    <p class='ocr_par' dir='ltr' id='par_1_2' title="bbox 437 684 3551 1353">
     <span class='ocr_line' id='line_1_2' title="bbox 441 684 3545 771; baseline -0.002 -21"><span class='ocrx_word' id='word_1_15' title='bbox 441 688 708 751; x_wconf 83' lang='lat' dir='ltr'><strong>termini</strong></span> <span class='ocrx_word' id='word_1_16' title='bbox 739 692 1136 771; x_wconf 82' lang='lat' dir='ltr'><strong>numerales3</strong></span> <span class='ocrx_word' id='word_1_17' title='bbox 1179 696 1244 752; x_wconf 91' lang='grc' dir='ltr'><strong>θῖ</strong></span> <span class='ocrx_word' id='word_1_18' title='bbox 1273 689 1482 751; x_wconf 89' lang='lat' dir='ltr'><strong>unitas</strong></span> <span class='ocrx_word' id='word_1_19' title='bbox 1511 688 1652 769; x_wconf 85' lang='lat' dir='ltr'><strong>ejus</strong></span> <span class='ocrx_word' id='word_1_20' title='bbox 1683 695 1779 748; x_wconf 87' lang='lat' dir='ltr'><strong>est</strong></span> <span class='ocrx_word' id='word_1_21' title='bbox 1810 686 1946 747; x_wconf 89' lang='lat' dir='ltr'><strong>uni·</strong></span> <span class='ocrx_word' id='word_1_22' title='bbox 1975 686 2025 747; x_wconf 82' lang='lat' dir='ltr'>A</span> <span class='ocrx_word' id='word_1_23' title='bbox 2056 704 2143 747; x_wconf 91' lang='lat' dir='ltr'><strong>re.</strong></span> <span class='ocrx_word' id='word_1_24' title='bbox 2179 686 2335 748; x_wconf 88' lang='lat' dir='ltr'><strong>Nam</strong></span> <span class='ocrx_word' id='word_1_25' title='bbox 2366 693 2430 747; x_wconf 94' lang='grc' dir='ltr'><strong>θῖ</strong></span> <span class='ocrx_word' id='word_1_26' title='bbox 2456 685 2579 748; x_wconf 84' lang='lat' dir='ltr'><strong>alia</strong></span> <span class='ocrx_word' id='word_1_27' title='bbox 2614 694 2711 747; x_wconf 92' lang='lat' dir='ltr'><strong>est</strong></span> <span class='ocrx_word' id='word_1_28' title='bbox 2740 686 3022 749; x_wconf 88' lang='lat' dir='ltr'><strong>formalis</strong></span> <span class='ocrx_word' id='word_1_29' title='bbox 3062 686 3223 747; x_wconf 88' lang='lat' dir='ltr'><strong>ratio</strong></span> <span class='ocrx_word' id='word_1_30' title='bbox 3264 684 3545 757; x_wconf 88' lang='lat' dir='ltr'><strong>unitatis,</strong></span> 
     </span>
     <span class='ocr_line' id='line_1_3' title="bbox 441 783 3548 871; baseline -0.002 -22"><span class='ocrx_word' id='word_1_31' title='bbox 441 796 544 849; x_wconf 82' lang='lat' dir='ltr'><strong>tas</strong></span> <span class='ocrx_word' id='word_1_32' title='bbox 597 790 970 870; x_wconf 88' lang='lat' dir='ltr'><strong>personalis,</strong></span> <span class='ocrx_word' id='word_1_33' title='bbox 1012 809 1154 871; x_wconf 81' lang='lat' dir='ltr'><strong>quae</strong></span> <span class='ocrx_word' id='word_1_34' title='bbox 1204 786 1629 870; x_wconf 79' lang='lat' dir='ltr'><strong>plurificatur,</strong></span> <span class='ocrx_word' id='word_1_35' title='bbox 1675 802 1803 847; x_wconf 91' lang='lat' dir='ltr'><strong>non</strong></span> <span class='ocrx_word' id='word_1_36' title='bbox 1851 804 1945 847; x_wconf 89' lang='lat' dir='ltr'><strong>es·</strong></span> <span class='ocrx_word' id='word_1_37' title='bbox 2055 783 2180 845; x_wconf 90' lang='lat' dir='ltr'><strong>alia</strong></span> <span class='ocrx_word' id='word_1_38' title='bbox 2236 783 2667 865; x_wconf 82' lang='lat' dir='ltr'><strong>simplicitatis</strong></span> <span class='ocrx_word' id='word_1_39' title='bbox 2718 802 2731 845; x_wconf 93' lang='lat'><strong>:</strong></span> <span class='ocrx_word' id='word_1_40' title='bbox 2784 784 3085 865; x_wconf 91' lang='lat' dir='ltr'><strong>quoniam</strong></span> <span class='ocrx_word' id='word_1_41' title='bbox 3134 801 3208 845; x_wconf 91' lang='lat' dir='ltr'><strong>ea</strong></span> <span class='ocrx_word' id='word_1_42' title='bbox 3256 801 3397 864; x_wconf 82' lang='lat' dir='ltr'><strong>quae</strong></span> <span class='ocrx_word' id='word_1_43' title='bbox 3444 801 3548 843; x_wconf 87' lang='lat' dir='ltr'><strong>ex-</strong></span> 
     </span>
     <span class='ocr_line' id='line_1_4' title="bbox 439 880 3550 970; baseline -0.002 -21"><span class='ocrx_word' id='word_1_44' title='bbox 439 886 756 949; x_wconf 79' lang='lat' dir='ltr'><strong>sentiatis.</strong></span> <span class='ocrx_word' id='word_1_45' title='bbox 783 888 926 950; x_wconf 87' lang='lat' dir='ltr'><strong>Alia</strong></span> <span class='ocrx_word' id='word_1_46' title='bbox 961 886 1340 970; x_wconf 80' lang='lat' dir='ltr'><strong>etymologia</strong></span> <span class='ocrx_word' id='word_1_47' title='bbox 1377 892 1474 946; x_wconf 99' lang='grc' dir='ltr'><strong>θεῖ</strong></span> <span class='ocrx_word' id='word_1_48' title='bbox 1507 903 1520 945; x_wconf 92' lang='lat'>:</span> <span class='ocrx_word' id='word_1_49' title='bbox 1555 883 1848 956; x_wconf 82' lang='lat' dir='ltr'><strong>TrinitaS,</strong></span> <span class='ocrx_word' id='word_1_50' title='bbox 1883 883 1945 944; x_wconf 93' lang='lat' dir='ltr'><strong>id</strong></span> <span class='ocrx_word' id='word_1_51' title='bbox 2057 881 2404 943; x_wconf 88' lang='lat' dir='ltr'><strong>cluduntur</strong></span> <span class='ocrx_word' id='word_1_52' title='bbox 2450 900 2564 963; x_wconf 89' lang='lat' dir='ltr'><strong>per</strong></span> <span class='ocrx_word' id='word_1_53' title='bbox 2610 900 2705 954; x_wconf 89' lang='lat' dir='ltr'><strong>ea,</strong></span> <span class='ocrx_word' id='word_1_54' title='bbox 2757 881 3055 943; x_wconf 90' lang='lat' dir='ltr'><strong>distincta</strong></span> <span class='ocrx_word' id='word_1_55' title='bbox 3113 888 3278 945; x_wconf 91' lang='lat' dir='ltr'><strong>sunt.</strong></span> <span class='ocrx_word' id='word_1_56' title='bbox 3334 880 3550 943; x_wconf 87' lang='lat' dir='ltr'><strong>Unitas</strong></span> 
     </span>
     <span class='ocr_line' id='line_1_5' title="bbox 437 978 3551 1060; baseline -0.002 -14"><span class='ocrx_word' id='word_1_57' title='bbox 437 994 546 1046; x_wconf 82' lang='lat' dir='ltr'><strong>est</strong></span> <span class='ocrx_word' id='word_1_58' title='bbox 579 986 774 1048; x_wconf 89' lang='lat' dir='ltr'><strong>trium</strong></span> <span class='ocrx_word' id='word_1_59' title='bbox 811 986 1044 1048; x_wconf 78' lang='lat' dir='ltr'><strong>unitas,</strong></span> <span class='ocrx_word' id='word_1_60' title='bbox 1079 986 1156 1047; x_wconf 90' lang='lat' dir='ltr'><strong>Et</strong></span> <span class='ocrx_word' id='word_1_61' title='bbox 1188 991 1338 1046; x_wconf 91' lang='lat' dir='ltr'><strong>tunc</strong></span> <span class='ocrx_word' id='word_1_62' title='bbox 1379 983 1588 1045; x_wconf 88' lang='lat' dir='ltr'><strong>unitas</strong></span> <span class='ocrx_word' id='word_1_63' title='bbox 1626 1000 1752 1044; x_wconf 90' lang='lat' dir='ltr'><strong>non</strong></span> <span class='ocrx_word' id='word_1_64' title='bbox 1789 981 1948 1043; x_wconf 90' lang='lat' dir='ltr'><strong>mul·</strong></span> <span class='ocrx_word' id='word_1_65' title='bbox 2053 998 2333 1059; x_wconf 89' lang='lat' dir='ltr'><strong>namque</strong></span> <span class='ocrx_word' id='word_1_66' title='bbox 2378 978 2779 1052; x_wconf 90' lang='lat' dir='ltr'><strong>divisionem,</strong></span> <span class='ocrx_word' id='word_1_67' title='bbox 2818 978 3196 1060; x_wconf 85' lang='lat' dir='ltr'><strong>simplicitas</strong></span> <span class='ocrx_word' id='word_1_68' title='bbox 3240 978 3551 1059; x_wconf 90' lang='lat' dir='ltr'><strong>composi-</strong></span> 
     </span>
     <span class='ocr_line' id='line_1_6' title="bbox 441 1076 3550 1166; baseline -0.002 -22"><span class='ocrx_word' id='word_1_69' title='bbox 441 1084 799 1166; x_wconf 82' lang='lat' dir='ltr'><strong>tiplicatur,</strong></span> <span class='ocrx_word' id='word_1_70' title='bbox 849 1085 960 1146; x_wconf 92' lang='lat' dir='ltr'><strong>sed</strong></span> <span class='ocrx_word' id='word_1_71' title='bbox 1017 1083 1418 1164; x_wconf 89' lang='lat' dir='ltr'><strong>significatur</strong></span> <span class='ocrx_word' id='word_1_72' title='bbox 1475 1088 1547 1142; x_wconf 93' lang='lat' dir='ltr'><strong>ut</strong></span> <span class='ocrx_word' id='word_1_73' title='bbox 1594 1079 1948 1143; x_wconf 89' lang='lat' dir='ltr'><strong>communi·</strong></span> <span class='ocrx_word' id='word_1_74' title='bbox 2057 1076 2296 1139; x_wconf 86' lang='lat' dir='ltr'><strong>tionem</strong></span> <span class='ocrx_word' id='word_1_75' title='bbox 2354 1076 2635 1139; x_wconf 84' lang='lat' dir='ltr'><strong>excludit</strong></span> <span class='ocrx_word' id='word_1_76' title='bbox 2686 1094 2699 1138; x_wconf 92' lang='lat'>:</span> <span class='ocrx_word' id='word_1_77' title='bbox 2756 1078 2885 1139; x_wconf 93' lang='lat' dir='ltr'><strong>imo</strong></span> <span class='ocrx_word' id='word_1_78' title='bbox 2941 1076 3172 1140; x_wconf 91' lang='lat' dir='ltr'><strong>divisio</strong></span> <span class='ocrx_word' id='word_1_79' title='bbox 3228 1083 3323 1139; x_wconf 88' lang='lat' dir='ltr'><strong>est</strong></span> <span class='ocrx_word' id='word_1_80' title='bbox 3369 1076 3550 1157; x_wconf 85' lang='lat' dir='ltr'><strong>quasi</strong></span> 
     </span>
     <span class='ocr_line' id='line_1_7' title="bbox 441 1173 3447 1262; baseline -0.003 -19"><span class='ocrx_word' id='word_1_81' title='bbox 441 1182 679 1244; x_wconf 85' lang='lat' dir='ltr'><strong>cabilis</strong></span> <span class='ocrx_word' id='word_1_82' title='bbox 735 1182 940 1245; x_wconf 87' lang='lat' dir='ltr'><strong>tribus</strong></span> <span class='ocrx_word' id='word_1_83' title='bbox 1003 1201 1018 1245; x_wconf 72' lang='grc' dir='ltr'><strong>ε</strong></span> <span class='ocrx_word' id='word_1_84' title='bbox 1077 1188 1142 1243; x_wconf 84' lang='grc' dir='ltr'><strong>θῖ</strong></span> <span class='ocrx_word' id='word_1_85' title='bbox 1197 1180 1348 1262; x_wconf 90' lang='lat' dir='ltr'><strong>quia</strong></span> <span class='ocrx_word' id='word_1_86' title='bbox 1411 1180 1529 1241; x_wconf 90' lang='lat' dir='ltr'><strong>ista</strong></span> <span class='ocrx_word' id='word_1_87' title='bbox 1585 1186 1684 1239; x_wconf 87' lang='lat' dir='ltr'><strong>est</strong></span> <span class='ocrx_word' id='word_1_88' title='bbox 1740 1177 1948 1239; x_wconf 83' lang='lat' dir='ltr'><strong>unitas</strong></span> <span class='ocrx_word' id='word_1_89' title='bbox 2057 1174 2351 1256; x_wconf 86' lang='lat' dir='ltr'><strong>opposita</strong></span> <span class='ocrx_word' id='word_1_90' title='bbox 2394 1173 2858 1257; x_wconf 87' lang='lat' dir='ltr'><strong>compositioni.</strong></span> <span class='ocrx_word' id='word_1_91' title='bbox 2896 1174 3039 1237; x_wconf 70' lang='lat' dir='ltr'><strong>lla—e</strong></span> <span class='ocrx_word' id='word_1_92' title='bbox 3081 1175 3447 1237; x_wconf 87' lang='lat' dir='ltr'><strong>Richardus.</strong></span> 
     </span>
     <span class='ocr_line' id='line_1_8' title="bbox 439 1276 1948 1353; baseline -0.003 -12"><span class='ocrx_word' id='word_1_93' title='bbox 439 1280 830 1353; x_wconf 55' lang='lat' dir='ltr'><strong>essentiam,</strong></span> <span class='ocrx_word' id='word_1_94' title='bbox 865 1280 1008 1342; x_wconf 88' lang='lat' dir='ltr'><strong>ideo</strong></span> <span class='ocrx_word' id='word_1_95' title='bbox 1046 1296 1280 1342; x_wconf 87' lang='lat' dir='ltr'><strong>nomen</strong></span> <span class='ocrx_word' id='word_1_96' title='bbox 1315 1277 1616 1339; x_wconf 79' lang='lat' dir='ltr'><strong>trinitatis</strong></span> <span class='ocrx_word' id='word_1_97' title='bbox 1656 1276 1778 1338; x_wconf 88' lang='lat' dir='ltr'><strong>hoc</strong></span> <span class='ocrx_word' id='word_1_98' title='bbox 1819 1292 1948 1337; x_wconf 90' lang='lat' dir='ltr'><strong>mo-</strong></span> 
     </span>
    </p>

    <p class='ocr_par' dir='ltr' id='par_1_3' title="bbox 441 1373 1949 1458">
     <span class='ocr_line' id='line_1_9' title="bbox 441 1373 1949 1458; baseline -0.003 -20"><span class='ocrx_word' id='word_1_99' title='bbox 441 1378 534 1439; x_wconf 91' lang='lat' dir='ltr'><strong>do</strong></span> <span class='ocrx_word' id='word_1_100' title='bbox 565 1378 850 1458; x_wconf 89' lang='lat' dir='ltr'><strong>designat</strong></span> <span class='ocrx_word' id='word_1_101' title='bbox 889 1379 1200 1440; x_wconf 88' lang='lat' dir='ltr'><strong>unitatem</strong></span> <span class='ocrx_word' id='word_1_102' title='bbox 1238 1375 1664 1438; x_wconf 79' lang='lat' dir='ltr'><strong>essentialem.</strong></span> <span class='ocrx_word' id='word_1_103' title='bbox 1700 1374 1777 1434; x_wconf 91' lang='lat' dir='ltr'><strong>Et</strong></span> <span class='ocrx_word' id='word_1_104' title='bbox 1813 1373 1949 1435; x_wconf 82' lang='lat' dir='ltr'><strong>haec</strong></span> 
     </span>
    </p>

    <p class='ocr_par' dir='ltr' id='par_1_4' title="bbox 439 1471 3132 1573">
     <span class='ocr_line' id='line_1_10' title="bbox 439 1471 3132 1573; baseline -0.004 -35"><span class='ocrx_word' id='word_1_105' title='bbox 439 1476 832 1558; x_wconf 78' lang='lat' dir='ltr'><strong>etymologia</strong></span> <span class='ocrx_word' id='word_1_106' title='bbox 871 1476 1152 1538; x_wconf 88' lang='lat' dir='ltr'><strong>secunda</strong></span> <span class='ocrx_word' id='word_1_107' title='bbox 1199 1473 1390 1536; x_wconf 91' lang='lat' dir='ltr'><strong>habet</strong></span> <span class='ocrx_word' id='word_1_108' title='bbox 1431 1472 1569 1535; x_wconf 86' lang='lat' dir='ltr'><strong>sine</strong></span> <span class='ocrx_word' id='word_1_109' title='bbox 1611 1471 1808 1533; x_wconf 89' lang='lat' dir='ltr'><strong>dubio</strong></span> <span class='ocrx_word' id='word_1_110' title='bbox 1847 1488 1952 1532; x_wconf 89' lang='lat' dir='ltr'><strong>ve·</strong></span> <span class='ocrx_word' id='word_1_111' title='bbox 2483 1482 2964 1573; x_wconf 71' lang='lat' dir='ltr'>QUAEST‘IO</span> <span class='ocrx_word' id='word_1_112' title='bbox 3024 1502 3132 1565; x_wconf 77' lang='lat' dir='ltr'><strong>VI</strong></span> 
     </span>
    </p>

    <p class='ocr_par' dir='ltr' id='par_1_5' title="bbox 443 1569 1948 1655">
     <span class='ocr_line' id='line_1_11' title="bbox 443 1569 1948 1655; baseline -0.003 -21"><span class='ocrx_word' id='word_1_113' title='bbox 443 1574 726 1635; x_wconf 85' lang='lat' dir='ltr'><strong>ritatem.</strong></span> <span class='ocrx_word' id='word_1_114' title='bbox 761 1574 880 1635; x_wconf 87' lang='lat' dir='ltr'><strong>Sed</strong></span> <span class='ocrx_word' id='word_1_115' title='bbox 921 1574 1130 1655; x_wconf 90' lang='lat' dir='ltr'><strong>prima</strong></span> <span class='ocrx_word' id='word_1_116' title='bbox 1167 1590 1295 1635; x_wconf 91' lang='lat' dir='ltr'><strong>non</strong></span> <span class='ocrx_word' id='word_1_117' title='bbox 1334 1572 1586 1634; x_wconf 89' lang='lat' dir='ltr'><strong>videtur</strong></span> <span class='ocrx_word' id='word_1_118' title='bbox 1619 1569 1948 1633; x_wconf 84' lang='lat' dir='ltr'><strong>veritatem</strong></span> 
     </span>
    </p>
   </div>
   <div class='ocr_carea' id='block_1_3' title="bbox 437 1666 3555 1850">
    <p class='ocr_par' dir='ltr' id='par_1_6' title="bbox 437 1666 3555 1850">
     <span class='ocr_line' id='line_1_12' title="bbox 441 1666 1951 1753; baseline -0.003 -21"><span class='ocrx_word' id='word_1_119' title='bbox 441 1671 706 1733; x_wconf 86' lang='lat' dir='ltr'><strong>habere.</strong></span> <span class='ocrx_word' id='word_1_120' title='bbox 757 1671 914 1733; x_wconf 87' lang='lat' dir='ltr'><strong>Nam</strong></span> <span class='ocrx_word' id='word_1_121' title='bbox 963 1690 1162 1753; x_wconf 89' lang='lat' dir='ltr'><strong>quum</strong></span> <span class='ocrx_word' id='word_1_122' title='bbox 1211 1671 1501 1733; x_wconf 88' lang='lat' dir='ltr'><strong>eamdem</strong></span> <span class='ocrx_word' id='word_1_123' title='bbox 1551 1667 1824 1730; x_wconf 88' lang='lat' dir='ltr'><strong>habeant</strong></span> <span class='ocrx_word' id='word_1_124' title='bbox 1869 1666 1951 1728; x_wconf 89' lang='lat' dir='ltr'><strong>si-</strong></span> 
     </span>
     <span class='ocr_line' id='line_1_13' title="bbox 437 1761 3555 1850; baseline -0.003 -18"><span class='ocrx_word' id='word_1_125' title='bbox 437 1768 929 1850; x_wconf 81' lang='lat' dir='ltr'><strong>gnificationem</strong></span> <span class='ocrx_word' id='word_1_126' title='bbox 975 1770 1182 1831; x_wconf 89' lang='lat' dir='ltr'><strong>trinus</strong></span> <span class='ocrx_word' id='word_1_127' title='bbox 1229 1776 1292 1830; x_wconf 90' lang='lat' dir='ltr'><strong>et</strong></span> <span class='ocrx_word' id='word_1_128' title='bbox 1336 1767 1603 1840; x_wconf 87' lang='lat' dir='ltr'><strong>trinitas,</strong></span> <span class='ocrx_word' id='word_1_129' title='bbox 1646 1767 1699 1829; x_wconf 91' lang='lat' dir='ltr'><strong>si</strong></span> <span class='ocrx_word' id='word_1_130' title='bbox 1743 1765 1948 1847; x_wconf 91' lang='lat' dir='ltr'><strong>prima</strong></span> <span class='ocrx_word' id='word_1_131' title='bbox 2206 1762 2475 1824; x_wconf 79' lang='lat' dir='ltr'><strong>Uaeritur</strong></span> <span class='ocrx_word' id='word_1_132' title='bbox 2510 1763 2718 1825; x_wconf 90' lang='lat' dir='ltr'><strong>adhuc</strong></span> <span class='ocrx_word' id='word_1_133' title='bbox 2756 1781 2870 1845; x_wconf 86' lang='lat' dir='ltr'><strong>pro</strong></span> <span class='ocrx_word' id='word_1_134' title='bbox 2908 1762 3285 1826; x_wconf 90' lang='lat' dir='ltr'><strong>evidentiori</strong></span> <span class='ocrx_word' id='word_1_135' title='bbox 3324 1761 3555 1824; x_wconf 91' lang='lat' dir='ltr'><strong>intelli·</strong></span> 
     </span>
    </p>
   </div>
   <div class='ocr_carea' id='block_1_4' title="bbox 425 1860 3555 5382">
    <p class='ocr_par' dir='ltr' id='par_1_7' title="bbox 425 1860 3555 5382">
     <span class='ocr_line' id='line_1_14' title="bbox 437 1860 3551 1951; baseline -0.001 -22"><span class='ocrx_word' id='word_1_136' title='bbox 437 1867 834 1951; x_wconf 79' lang='lat' dir='ltr'><strong>etymologia</strong></span> <span class='ocrx_word' id='word_1_137' title='bbox 869 1874 967 1929; x_wconf 89' lang='lat' dir='ltr'><strong>est</strong></span> <span class='ocrx_word' id='word_1_138' title='bbox 995 1885 1165 1940; x_wconf 84' lang='lat' dir='ltr'><strong>vera,</strong></span> <span class='ocrx_word' id='word_1_139' title='bbox 1196 1875 1350 1928; x_wconf 88' lang='lat' dir='ltr'><strong>tunc</strong></span> <span class='ocrx_word' id='word_1_140' title='bbox 1389 1866 1590 1929; x_wconf 90' lang='lat' dir='ltr'><strong>trinus</strong></span> <span class='ocrx_word' id='word_1_141' title='bbox 1630 1864 1948 1926; x_wconf 81' lang='lat' dir='ltr'><strong>diceretur</strong></span> <span class='ocrx_word' id='word_1_142' title='bbox 1983 1865 2030 1927; x_wconf 93' lang='lat' dir='ltr'>B</span> <span class='ocrx_word' id='word_1_143' title='bbox 2224 1860 2438 1941; x_wconf 86' lang='lat' dir='ltr'><strong>gentia</strong></span> <span class='ocrx_word' id='word_1_144' title='bbox 2466 1860 2896 1933; x_wconf 88' lang='lat' dir='ltr'><strong>inductorum,</strong></span> <span class='ocrx_word' id='word_1_145' title='bbox 2930 1862 3060 1927; x_wconf 80' lang='lat' dir='ltr'><strong>An</strong></span> <span class='ocrx_word' id='word_1_146' title='bbox 3093 1876 3339 1927; x_wconf 86' lang='lat' dir='ltr'><strong>unum</strong></span> <span class='ocrx_word' id='word_1_147' title='bbox 3375 1874 3551 1926; x_wconf 79' lang='lat' dir='ltr'><strong>oon·</strong></span> 
     </span>
     <span class='ocr_line' id='line_1_15' title="bbox 440 1958 3553 2046; baseline 0 -21"><span class='ocrx_word' id='word_1_148' title='bbox 440 1972 550 2026; x_wconf 78' lang='lat' dir='ltr'><strong>ter</strong></span> <span class='ocrx_word' id='word_1_149' title='bbox 583 1984 743 2027; x_wconf 90' lang='lat' dir='ltr'><strong>unus</strong></span> <span class='ocrx_word' id='word_1_150' title='bbox 779 1984 793 2025; x_wconf 75' lang='grc' dir='ltr'><strong>ε</strong></span> <span class='ocrx_word' id='word_1_151' title='bbox 828 1966 999 2046; x_wconf 90' lang='lat' dir='ltr'><strong>quod</strong></span> <span class='ocrx_word' id='word_1_152' title='bbox 1029 1982 1156 2027; x_wconf 91' lang='lat' dir='ltr'><strong>non</strong></span> <span class='ocrx_word' id='word_1_153' title='bbox 1197 1964 1494 2026; x_wconf 90' lang='lat' dir='ltr'><strong>convenit</strong></span> <span class='ocrx_word' id='word_1_154' title='bbox 1529 1964 1674 2025; x_wconf 92' lang='lat' dir='ltr'><strong>Deo.</strong></span> <span class='ocrx_word' id='word_1_155' title='bbox 1706 1962 1948 2024; x_wconf 86' lang='lat' dir='ltr'><strong>Idcirco</strong></span> <span class='ocrx_word' id='word_1_156' title='bbox 2059 1958 2440 2025; x_wconf 76' lang='lat' dir='ltr'><strong>vertibile</strong></span> <span class='ocrx_word' id='word_1_157' title='bbox 2484 1974 2665 2027; x_wconf 81' lang='lat' dir='ltr'><strong>oum</strong></span> <span class='ocrx_word' id='word_1_158' title='bbox 2709 1962 2889 2027; x_wconf 79' lang='lat' dir='ltr'><strong>ente</strong></span> <span class='ocrx_word' id='word_1_159' title='bbox 2928 1960 3012 2027; x_wconf 79' lang='lat' dir='ltr'><strong>et</strong></span> <span class='ocrx_word' id='word_1_160' title='bbox 3054 1973 3301 2026; x_wconf 85' lang='lat' dir='ltr'><strong>unum</strong></span> <span class='ocrx_word' id='word_1_161' title='bbox 3346 1960 3553 2039; x_wconf 85' lang='lat' dir='ltr'><strong>quod</strong></span> 
     </span>
     <span class='ocr_line' id='line_1_16' title="bbox 439 2054 3555 2145; baseline -0.001 -19"><span class='ocrx_word' id='word_1_162' title='bbox 439 2063 817 2135; x_wconf 82' lang='lat' dir='ltr'><strong>dicendum,</strong></span> <span class='ocrx_word' id='word_1_163' title='bbox 867 2064 1037 2145; x_wconf 90' lang='lat' dir='ltr'><strong>quod</strong></span> <span class='ocrx_word' id='word_1_164' title='bbox 1095 2061 1354 2125; x_wconf 84' lang='lat' dir='ltr'><strong>nomina</strong></span> <span class='ocrx_word' id='word_1_165' title='bbox 1401 2061 1552 2123; x_wconf 79' lang='lat' dir='ltr'><strong>talia</strong></span> <span class='ocrx_word' id='word_1_166' title='bbox 1602 2061 1948 2142; x_wconf 80' lang='lat' dir='ltr'><strong>important</strong></span> <span class='ocrx_word' id='word_1_167' title='bbox 2059 2058 2185 2123; x_wconf 80' lang='lat' dir='ltr'><strong>est</strong></span> <span class='ocrx_word' id='word_1_168' title='bbox 2206 2057 2695 2138; x_wconf 73' lang='lat' dir='ltr'><strong>principium</strong></span> <span class='ocrx_word' id='word_1_169' title='bbox 2718 2058 3033 2124; x_wconf 81' lang='lat' dir='ltr'><strong>numeri</strong></span> <span class='ocrx_word' id='word_1_170' title='bbox 3053 2055 3384 2123; x_wconf 72' lang='lat' dir='ltr'><strong>realiter</strong></span> <span class='ocrx_word' id='word_1_171' title='bbox 3406 2054 3555 2122; x_wconf 82' lang='lat' dir='ltr'><strong>dif-</strong></span> 
     </span>
     <span class='ocr_line' id='line_1_17' title="bbox 443 2155 2343 2242; baseline -0.001 -19"><span class='ocrx_word' id='word_1_172' title='bbox 443 2160 761 2223; x_wconf 87' lang='lat' dir='ltr'><strong>unitatem</strong></span> <span class='ocrx_word' id='word_1_173' title='bbox 820 2161 1177 2234; x_wconf 86' lang='lat' dir='ltr'><strong>formalem,</strong></span> <span class='ocrx_word' id='word_1_174' title='bbox 1231 2168 1385 2242; x_wconf 89' lang='lat' dir='ltr'><strong>puta</strong></span> <span class='ocrx_word' id='word_1_175' title='bbox 1435 2158 1747 2231; x_wconf 80' lang='lat' dir='ltr'><strong>essentiae‚</strong></span> <span class='ocrx_word' id='word_1_176' title='bbox 1801 2177 1946 2221; x_wconf 90' lang='lat' dir='ltr'><strong>cum</strong></span> <span class='ocrx_word' id='word_1_177' title='bbox 2059 2155 2343 2222; x_wconf 79' lang='lat' dir='ltr'><strong>ferant.</strong></span> 
     </span>
     <span class='ocr_line' id='line_1_18' title="bbox 441 2253 3554 2342; baseline -0.001 -23"><span class='ocrx_word' id='word_1_178' title='bbox 441 2258 816 2340; x_wconf 83' lang='lat' dir='ltr'><strong>pluralitate</strong></span> <span class='ocrx_word' id='word_1_179' title='bbox 849 2279 862 2323; x_wconf 92' lang='lat'><strong>:</strong></span> <span class='ocrx_word' id='word_1_180' title='bbox 899 2260 1042 2322; x_wconf 90' lang='lat' dir='ltr'><strong>ideo</strong></span> <span class='ocrx_word' id='word_1_181' title='bbox 1071 2258 1540 2342; x_wconf 88' lang='lat' dir='ltr'><strong>quodammodo</strong></span> <span class='ocrx_word' id='word_1_182' title='bbox 1579 2257 1817 2320; x_wconf 89' lang='lat' dir='ltr'><strong>habent</strong></span> <span class='ocrx_word' id='word_1_183' title='bbox 1847 2276 1950 2319; x_wconf 95' lang='lat' dir='ltr'><strong>na-</strong></span> <span class='ocrx_word' id='word_1_184' title='bbox 2140 2253 2405 2315; x_wconf 88' lang='lat' dir='ltr'><strong>Videtur</strong></span> <span class='ocrx_word' id='word_1_185' title='bbox 2441 2254 2611 2336; x_wconf 88' lang='lat' dir='ltr'><strong>quod</strong></span> <span class='ocrx_word' id='word_1_186' title='bbox 2651 2254 2766 2327; x_wconf 92' lang='lat' dir='ltr'><strong>sic,</strong></span> <span class='ocrx_word' id='word_1_187' title='bbox 2801 2254 2951 2336; x_wconf 91' lang='lat' dir='ltr'><strong>quia</strong></span> <span class='ocrx_word' id='word_1_188' title='bbox 2989 2262 3137 2317; x_wconf 90' lang='lat' dir='ltr'><strong>sunt</strong></span> <span class='ocrx_word' id='word_1_189' title='bbox 3181 2254 3246 2317; x_wconf 93' lang='lat' dir='ltr'><strong>in</strong></span> <span class='ocrx_word' id='word_1_190' title='bbox 3285 2255 3554 2318; x_wconf 88' lang='lat' dir='ltr'><strong>diversis</strong></span> 
     </span>
     <span class='ocr_line' id='line_1_19' title="bbox 441 2351 2590 2437; baseline -0.002 -20"><span class='ocrx_word' id='word_1_191' title='bbox 441 2364 660 2418; x_wconf 80' lang='lat' dir='ltr'><strong>turam</strong></span> <span class='ocrx_word' id='word_1_192' title='bbox 701 2358 955 2419; x_wconf 87' lang='lat' dir='ltr'><strong>termini</strong></span> <span class='ocrx_word' id='word_1_193' title='bbox 1003 2356 1460 2429; x_wconf 82' lang='lat' dir='ltr'><strong>substantialiS,</strong></span> <span class='ocrx_word' id='word_1_194' title='bbox 1503 2356 1570 2417; x_wconf 90' lang='lat' dir='ltr'><strong>in</strong></span> <span class='ocrx_word' id='word_1_195' title='bbox 1617 2356 1736 2417; x_wconf 92' lang='lat' dir='ltr'><strong>hoc</strong></span> <span class='ocrx_word' id='word_1_196' title='bbox 1780 2355 1947 2437; x_wconf 91' lang='lat' dir='ltr'><strong>quod</strong></span> <span class='ocrx_word' id='word_1_197' title='bbox 2061 2351 2590 2433; x_wconf 84' lang='lat' dir='ltr'><strong>praedicamentis.</strong></span> 
     </span>
     <span class='ocr_line' id='line_1_20' title="bbox 437 2449 3553 2536; baseline -0.001 -19"><span class='ocrx_word' id='word_1_198' title='bbox 437 2455 530 2517; x_wconf 90' lang='lat' dir='ltr'><strong>de</strong></span> <span class='ocrx_word' id='word_1_199' title='bbox 599 2454 802 2517; x_wconf 91' lang='lat' dir='ltr'><strong>tribus</strong></span> <span class='ocrx_word' id='word_1_200' title='bbox 869 2455 1276 2536; x_wconf 87' lang='lat' dir='ltr'><strong>singulariter</strong></span> <span class='ocrx_word' id='word_1_201' title='bbox 1343 2452 1770 2536; x_wconf 83' lang='lat' dir='ltr'><strong>praedicantur</strong></span> <span class='ocrx_word' id='word_1_202' title='bbox 1803 2470 1820 2531; x_wconf 91' lang='grc'>;</span> <span class='ocrx_word' id='word_1_203' title='bbox 1885 2460 1949 2513; x_wconf 87' lang='lat' dir='ltr'><strong>et</strong></span> <span class='ocrx_word' id='word_1_204' title='bbox 2137 2449 2234 2511; x_wconf 87' lang='lat' dir='ltr'><strong>Ad</strong></span> <span class='ocrx_word' id='word_1_205' title='bbox 2300 2449 2421 2511; x_wconf 91' lang='lat' dir='ltr'><strong>hoc</strong></span> <span class='ocrx_word' id='word_1_206' title='bbox 2490 2450 2825 2531; x_wconf 89' lang='lat' dir='ltr'><strong>respondet</strong></span> <span class='ocrx_word' id='word_1_207' title='bbox 2892 2459 3117 2532; x_wconf 87' lang='lat' dir='ltr'><strong>quarto</strong></span> <span class='ocrx_word' id='word_1_208' title='bbox 3180 2451 3553 2525; x_wconf 85' lang='lat' dir='ltr'><strong>Quodlibeto</strong></span> 
     </span>
     <span class='ocr_line' id='line_1_21' title="bbox 437 2546 3549 2629; baseline -0 -16"><span class='ocrx_word' id='word_1_209' title='bbox 437 2551 608 2613; x_wconf 81' lang='lat' dir='ltr'><strong>item</strong></span> <span class='ocrx_word' id='word_1_210' title='bbox 656 2560 946 2614; x_wconf 86' lang='lat' dir='ltr'><strong>naturam</strong></span> <span class='ocrx_word' id='word_1_211' title='bbox 991 2552 1244 2614; x_wconf 85' lang='lat' dir='ltr'><strong>termini</strong></span> <span class='ocrx_word' id='word_1_212' title='bbox 1297 2550 1665 2622; x_wconf 56' lang='lat' dir='ltr'><strong>numeram,</strong></span> <span class='ocrx_word' id='word_1_213' title='bbox 1711 2550 1776 2611; x_wconf 90' lang='lat' dir='ltr'><strong>in</strong></span> <span class='ocrx_word' id='word_1_214' title='bbox 1827 2551 1948 2612; x_wconf 90' lang='lat' dir='ltr'><strong>hoc</strong></span> <span class='ocrx_word' id='word_1_215' title='bbox 2059 2546 2367 2609; x_wconf 90' lang='lat' dir='ltr'><strong>Henricus</strong></span> <span class='ocrx_word' id='word_1_216' title='bbox 2403 2548 2545 2611; x_wconf 82' lang='lat' dir='ltr'><strong>:Ad</strong></span> <span class='ocrx_word' id='word_1_217' title='bbox 2591 2548 3071 2629; x_wconf 87' lang='lat' dir='ltr'><strong>intelligendum</strong></span> <span class='ocrx_word' id='word_1_218' title='bbox 3119 2550 3549 2613; x_wconf 79' lang='lat' dir='ltr'><strong>diversitatem</strong></span> 
     </span>
     <span class='ocr_line' id='line_1_22' title="bbox 435 2645 3552 2731; baseline -0 -19"><span class='ocrx_word' id='word_1_219' title='bbox 435 2650 621 2731; x_wconf 85' lang='lat' dir='ltr'><strong>quod</strong></span> <span class='ocrx_word' id='word_1_220' title='bbox 677 2651 754 2711; x_wconf 91' lang='lat' dir='ltr'><strong>de</strong></span> <span class='ocrx_word' id='word_1_221' title='bbox 807 2650 981 2712; x_wconf 89' lang='lat' dir='ltr'><strong>nulla</strong></span> <span class='ocrx_word' id='word_1_222' title='bbox 1041 2667 1310 2731; x_wconf 89' lang='lat' dir='ltr'><strong>persona</strong></span> <span class='ocrx_word' id='word_1_223' title='bbox 1368 2649 1585 2711; x_wconf 92' lang='lat' dir='ltr'><strong>divina</strong></span> <span class='ocrx_word' id='word_1_224' title='bbox 1647 2648 1949 2710; x_wconf 89' lang='lat' dir='ltr'><strong>dicuntur</strong></span> <span class='ocrx_word' id='word_1_225' title='bbox 2061 2645 2322 2707; x_wconf 86' lang='lat' dir='ltr'><strong>unitatis</strong></span> <span class='ocrx_word' id='word_1_226' title='bbox 2372 2646 2806 2709; x_wconf 89' lang='lat' dir='ltr'><strong>substantialis</strong></span> <span class='ocrx_word' id='word_1_227' title='bbox 2854 2646 2935 2709; x_wconf 95' lang='lat' dir='ltr'><strong>ab</strong></span> <span class='ocrx_word' id='word_1_228' title='bbox 2980 2647 3219 2709; x_wconf 90' lang='lat' dir='ltr'><strong>unitate</strong></span> <span class='ocrx_word' id='word_1_229' title='bbox 3265 2649 3552 2711; x_wconf 89' lang='lat' dir='ltr'><strong>acciden-</strong></span> 
     </span>
     <span class='ocr_line' id='line_1_23' title="bbox 437 2743 3550 2830; baseline -0 -20"><span class='ocrx_word' id='word_1_230' title='bbox 437 2766 566 2830; x_wconf 87' lang='lat' dir='ltr'><strong>per</strong></span> <span class='ocrx_word' id='word_1_231' title='bbox 607 2766 696 2821; x_wconf 87' lang='lat' dir='ltr'><strong>se,</strong></span> <span class='ocrx_word' id='word_1_232' title='bbox 736 2748 888 2830; x_wconf 87' lang='lat' dir='ltr'><strong>quia</strong></span> <span class='ocrx_word' id='word_1_233' title='bbox 927 2767 1045 2810; x_wconf 89' lang='lat' dir='ltr'><strong>nec</strong></span> <span class='ocrx_word' id='word_1_234' title='bbox 1089 2748 1266 2809; x_wconf 89' lang='lat' dir='ltr'><strong>Pater</strong></span> <span class='ocrx_word' id='word_1_235' title='bbox 1307 2754 1403 2809; x_wconf 91' lang='lat' dir='ltr'><strong>est</strong></span> <span class='ocrx_word' id='word_1_236' title='bbox 1444 2747 1651 2809; x_wconf 82' lang='lat' dir='ltr'><strong>trinus</strong></span> <span class='ocrx_word' id='word_1_237' title='bbox 1695 2754 1804 2809; x_wconf 87' lang='lat' dir='ltr'><strong>aut</strong></span> <span class='ocrx_word' id='word_1_238' title='bbox 1842 2746 1949 2808; x_wconf 86' lang='lat' dir='ltr'><strong>tri·</strong></span> <span class='ocrx_word' id='word_1_239' title='bbox 2060 2743 2192 2816; x_wconf 89' lang='lat' dir='ltr'><strong>tali,</strong></span> <span class='ocrx_word' id='word_1_240' title='bbox 2227 2744 2557 2806; x_wconf 89' lang='lat' dir='ltr'><strong>sciendum</strong></span> <span class='ocrx_word' id='word_1_241' title='bbox 2597 2745 2747 2826; x_wconf 89' lang='lat' dir='ltr'><strong>quia</strong></span> <span class='ocrx_word' id='word_1_242' title='bbox 2787 2752 2859 2806; x_wconf 88' lang='lat' dir='ltr'><strong>ut</strong></span> <span class='ocrx_word' id='word_1_243' title='bbox 2894 2745 3118 2826; x_wconf 88' lang='lat' dir='ltr'><strong>quinto</strong></span> <span class='ocrx_word' id='word_1_244' title='bbox 3156 2746 3433 2827; x_wconf 89' lang='lat' dir='ltr'><strong>capitulo</strong></span> <span class='ocrx_word' id='word_1_245' title='bbox 3471 2748 3550 2811; x_wconf 89' lang='lat' dir='ltr'><strong>de</strong></span> 
     </span>
     <span class='ocr_line' id='line_1_24' title="bbox 435 2841 3553 2927; baseline 0 -18"><span class='ocrx_word' id='word_1_246' title='bbox 435 2846 639 2921; x_wconf 85' lang='lat' dir='ltr'><strong>nitas,</strong></span> <span class='ocrx_word' id='word_1_247' title='bbox 684 2864 800 2909; x_wconf 90' lang='lat' dir='ltr'><strong>nec</strong></span> <span class='ocrx_word' id='word_1_248' title='bbox 853 2846 1069 2909; x_wconf 87' lang='lat' dir='ltr'><strong>Filius.</strong></span> <span class='ocrx_word' id='word_1_249' title='bbox 1109 2882 1189 2891; x_wconf 91' lang='lat'>—</span> <span class='ocrx_word' id='word_1_250' title='bbox 1228 2846 1292 2909; x_wconf 91' lang='lat' dir='ltr'><strong>Si</strong></span> <span class='ocrx_word' id='word_1_251' title='bbox 1341 2852 1554 2908; x_wconf 82' lang='lat' dir='ltr'><strong>autem</strong></span> <span class='ocrx_word' id='word_1_252' title='bbox 1605 2852 1944 2927; x_wconf 76' lang='lat' dir='ltr'><strong>quaeratur,</strong></span> <span class='ocrx_word' id='word_1_253' title='bbox 2059 2841 2305 2904; x_wconf 90' lang='lat' dir='ltr'><strong>Divinis</strong></span> <span class='ocrx_word' id='word_1_254' title='bbox 2335 2841 2704 2904; x_wconf 91' lang='lat' dir='ltr'><strong>nominibus</strong></span> <span class='ocrx_word' id='word_1_255' title='bbox 2736 2843 2795 2905; x_wconf 93' lang='lat' dir='ltr'><strong>S.</strong></span> <span class='ocrx_word' id='word_1_256' title='bbox 2822 2842 3159 2925; x_wconf 87' lang='lat' dir='ltr'><strong>Dionysius</strong></span> <span class='ocrx_word' id='word_1_257' title='bbox 3185 2844 3295 2917; x_wconf 89' lang='lat' dir='ltr'><strong>ait,</strong></span> <span class='ocrx_word' id='word_1_258' title='bbox 3326 2845 3393 2906; x_wconf 92' lang='lat' dir='ltr'><strong>in</strong></span> <span class='ocrx_word' id='word_1_259' title='bbox 3424 2862 3553 2909; x_wconf 89' lang='lat' dir='ltr'><strong>mo-</strong></span> 
     </span>
     <span class='ocr_line' id='line_1_25' title="bbox 433 2940 3552 3025; baseline -0.001 -18"><span class='ocrx_word' id='word_1_260' title='bbox 433 2964 530 3007; x_wconf 81' lang='lat' dir='ltr'><strong>an</strong></span> <span class='ocrx_word' id='word_1_261' title='bbox 579 2944 855 3007; x_wconf 88' lang='lat' dir='ltr'><strong>essentia</strong></span> <span class='ocrx_word' id='word_1_262' title='bbox 902 2944 1120 3006; x_wconf 90' lang='lat' dir='ltr'><strong>divina</strong></span> <span class='ocrx_word' id='word_1_263' title='bbox 1169 2944 1269 3006; x_wconf 92' lang='lat' dir='ltr'><strong>vel</strong></span> <span class='ocrx_word' id='word_1_264' title='bbox 1314 2943 1512 3005; x_wconf 85' lang='lat' dir='ltr'><strong>deitas</strong></span> <span class='ocrx_word' id='word_1_265' title='bbox 1561 2944 1700 3025; x_wconf 90' lang='lat' dir='ltr'><strong>ipsa</strong></span> <span class='ocrx_word' id='word_1_266' title='bbox 1748 2943 1948 3025; x_wconf 90' lang='lat' dir='ltr'><strong>possit</strong></span> <span class='ocrx_word' id='word_1_267' title='bbox 2059 2941 2221 3002; x_wconf 87' lang='lat' dir='ltr'><strong>nade</strong></span> <span class='ocrx_word' id='word_1_268' title='bbox 2259 2940 2469 3002; x_wconf 91' lang='lat' dir='ltr'><strong>omnis</strong></span> <span class='ocrx_word' id='word_1_269' title='bbox 2509 2959 2814 3003; x_wconf 91' lang='lat' dir='ltr'><strong>numerus</strong></span> <span class='ocrx_word' id='word_1_270' title='bbox 2852 2948 2997 3004; x_wconf 88' lang='lat' dir='ltr'><strong>ante</strong></span> <span class='ocrx_word' id='word_1_271' title='bbox 3036 2940 3343 3005; x_wconf 90' lang='lat' dir='ltr'><strong>subsistit.</strong></span> <span class='ocrx_word' id='word_1_272' title='bbox 3377 2944 3552 3016; x_wconf 89' lang='lat' dir='ltr'><strong>Quod</strong></span> 
     </span>
     <span class='ocr_line' id='line_1_26' title="bbox 435 3039 3551 3123; baseline 0 -19"><span class='ocrx_word' id='word_1_273' title='bbox 435 3042 578 3105; x_wconf 86' lang='lat' dir='ltr'><strong>dici</strong></span> <span class='ocrx_word' id='word_1_274' title='bbox 627 3042 792 3104; x_wconf 88' lang='lat' dir='ltr'><strong>trina</strong></span> <span class='ocrx_word' id='word_1_275' title='bbox 835 3059 849 3103; x_wconf 74' lang='grc' dir='ltr'><strong>ε</strong></span> <span class='ocrx_word' id='word_1_276' title='bbox 891 3041 1258 3115; x_wconf 90' lang='lat' dir='ltr'><strong>dicendum,</strong></span> <span class='ocrx_word' id='word_1_277' title='bbox 1303 3041 1472 3123; x_wconf 90' lang='lat' dir='ltr'><strong>quod</strong></span> <span class='ocrx_word' id='word_1_278' title='bbox 1518 3041 1639 3103; x_wconf 89' lang='lat' dir='ltr'><strong>hoc</strong></span> <span class='ocrx_word' id='word_1_279' title='bbox 1687 3059 1944 3114; x_wconf 90' lang='lat' dir='ltr'><strong>nomen,</strong></span> <span class='ocrx_word' id='word_1_280' title='bbox 1984 3040 2027 3102; x_wconf 93' lang='lat' dir='ltr'>C</span> <span class='ocrx_word' id='word_1_281' title='bbox 2059 3039 2329 3120; x_wconf 87' lang='lat' dir='ltr'><strong>intelligi</strong></span> <span class='ocrx_word' id='word_1_282' title='bbox 2375 3046 2583 3121; x_wconf 87' lang='lat' dir='ltr'><strong>potest</strong></span> <span class='ocrx_word' id='word_1_283' title='bbox 2622 3039 2967 3121; x_wconf 88' lang='lat' dir='ltr'><strong>dupliciter</strong></span> <span class='ocrx_word' id='word_1_284' title='bbox 3004 3058 3018 3101; x_wconf 74' lang='grc' dir='ltr'><strong>ε</strong></span> <span class='ocrx_word' id='word_1_285' title='bbox 3060 3040 3287 3121; x_wconf 93' lang='lat' dir='ltr'><strong>primo,</strong></span> <span class='ocrx_word' id='word_1_286' title='bbox 3330 3060 3551 3104; x_wconf 88' lang='lat' dir='ltr'><strong>secun-</strong></span> 
     </span>
     <span class='ocr_line' id='line_1_27' title="bbox 435 3138 3549 3224; baseline -0.001 -20"><span class='ocrx_word' id='word_1_287' title='bbox 435 3141 679 3215; x_wconf 77' lang='lat' dir='ltr'><strong>trinuS,</strong></span> <span class='ocrx_word' id='word_1_288' title='bbox 721 3142 1022 3224; x_wconf 87' lang='lat' dir='ltr'><strong>importat</strong></span> <span class='ocrx_word' id='word_1_289' title='bbox 1065 3141 1374 3203; x_wconf 87' lang='lat' dir='ltr'><strong>unitatem</strong></span> <span class='ocrx_word' id='word_1_290' title='bbox 1419 3148 1488 3202; x_wconf 90' lang='lat' dir='ltr'><strong>ut</strong></span> <span class='ocrx_word' id='word_1_291' title='bbox 1533 3141 1598 3202; x_wconf 91' lang='lat' dir='ltr'><strong>in</strong></span> <span class='ocrx_word' id='word_1_292' title='bbox 1644 3141 1948 3203; x_wconf 88' lang='lat' dir='ltr'><strong>concreti·</strong></span> <span class='ocrx_word' id='word_1_293' title='bbox 2057 3139 2212 3200; x_wconf 82' lang='lat' dir='ltr'><strong>(lum</strong></span> <span class='ocrx_word' id='word_1_294' title='bbox 2264 3138 2567 3200; x_wconf 88' lang='lat' dir='ltr'><strong>virtutem</strong></span> <span class='ocrx_word' id='word_1_295' title='bbox 2624 3146 2687 3201; x_wconf 86' lang='lat' dir='ltr'><strong>et</strong></span> <span class='ocrx_word' id='word_1_296' title='bbox 2741 3139 3199 3220; x_wconf 87' lang='lat' dir='ltr'><strong>perfectionem</strong></span> <span class='ocrx_word' id='word_1_297' title='bbox 3263 3141 3326 3204; x_wconf 91' lang='lat' dir='ltr'><strong>in</strong></span> <span class='ocrx_word' id='word_1_298' title='bbox 3378 3159 3549 3220; x_wconf 84' lang='lat' dir='ltr'><strong>esse3</strong></span> 
     </span>
     <span class='ocr_line' id='line_1_28' title="bbox 435 3236 3555 3322; baseline -0.001 -20"><span class='ocrx_word' id='word_1_299' title='bbox 435 3259 595 3312; x_wconf 86' lang='lat' dir='ltr'><strong>one,</strong></span> <span class='ocrx_word' id='word_1_300' title='bbox 643 3247 705 3301; x_wconf 89' lang='lat' dir='ltr'><strong>et</strong></span> <span class='ocrx_word' id='word_1_301' title='bbox 753 3241 840 3301; x_wconf 81' lang='lat' dir='ltr'><strong>ita</strong></span> <span class='ocrx_word' id='word_1_302' title='bbox 885 3240 1068 3321; x_wconf 87' lang='lat' dir='ltr'><strong>quasi</strong></span> <span class='ocrx_word' id='word_1_303' title='bbox 1117 3238 1410 3322; x_wconf 89' lang='lat' dir='ltr'><strong>pluribus</strong></span> <span class='ocrx_word' id='word_1_304' title='bbox 1461 3239 1874 3302; x_wconf 81' lang='lat' dir='ltr'><strong>inhaerentem</strong></span> <span class='ocrx_word' id='word_1_305' title='bbox 1928 3256 1942 3300; x_wconf 90' lang='lat'>:</span> <span class='ocrx_word' id='word_1_306' title='bbox 2058 3237 2360 3310; x_wconf 82' lang='lat' dir='ltr'><strong>secunde,</strong></span> <span class='ocrx_word' id='word_1_307' title='bbox 2403 3237 2755 3298; x_wconf 91' lang='lat' dir='ltr'><strong>secundum</strong></span> <span class='ocrx_word' id='word_1_308' title='bbox 2804 3236 3225 3300; x_wconf 88' lang='lat' dir='ltr'><strong>substantiam</strong></span> <span class='ocrx_word' id='word_1_309' title='bbox 3268 3246 3331 3299; x_wconf 89' lang='lat' dir='ltr'><strong>et</strong></span> <span class='ocrx_word' id='word_1_310' title='bbox 3378 3247 3555 3301; x_wconf 88' lang='lat' dir='ltr'><strong>natu·</strong></span> 
     </span>
     <span class='ocr_line' id='line_1_29' title="bbox 435 3335 3553 3420; baseline 0 -20"><span class='ocrx_word' id='word_1_311' title='bbox 435 3338 690 3401; x_wconf 90' lang='lat' dir='ltr'><strong>idcirco</strong></span> <span class='ocrx_word' id='word_1_312' title='bbox 734 3339 815 3401; x_wconf 93' lang='lat' dir='ltr'><strong>de</strong></span> <span class='ocrx_word' id='word_1_313' title='bbox 860 3357 936 3400; x_wconf 90' lang='lat' dir='ltr'><strong>eo</strong></span> <span class='ocrx_word' id='word_1_314' title='bbox 984 3339 1221 3400; x_wconf 90' lang='lat' dir='ltr'><strong>dicitur</strong></span> <span class='ocrx_word' id='word_1_315' title='bbox 1270 3345 1514 3400; x_wconf 88' lang='lat' dir='ltr'><strong>tantum</strong></span> <span class='ocrx_word' id='word_1_316' title='bbox 1574 3337 1743 3418; x_wconf 89' lang='lat' dir='ltr'><strong>quod</strong></span> <span class='ocrx_word' id='word_1_317' title='bbox 1803 3355 1948 3400; x_wconf 89' lang='lat' dir='ltr'><strong>con·</strong></span> <span class='ocrx_word' id='word_1_318' title='bbox 2057 3353 2213 3396; x_wconf 90' lang='lat' dir='ltr'><strong>ram.</strong></span> <span class='ocrx_word' id='word_1_319' title='bbox 2267 3335 2476 3397; x_wconf 88' lang='lat' dir='ltr'><strong>Primo</strong></span> <span class='ocrx_word' id='word_1_320' title='bbox 2525 3335 2713 3399; x_wconf 93' lang='lat' dir='ltr'><strong>modo</strong></span> <span class='ocrx_word' id='word_1_321' title='bbox 2762 3353 2983 3398; x_wconf 90' lang='lat' dir='ltr'><strong>monas</strong></span> <span class='ocrx_word' id='word_1_322' title='bbox 3042 3336 3295 3418; x_wconf 88' lang='lat' dir='ltr'><strong>penitus</strong></span> <span class='ocrx_word' id='word_1_323' title='bbox 3347 3338 3553 3420; x_wconf 86' lang='lat' dir='ltr'><strong>prima</strong></span> 
     </span>
     <span class='ocr_line' id='line_1_30' title="bbox 433 3432 3552 3518; baseline -0.001 -18"><span class='ocrx_word' id='word_1_324' title='bbox 433 3436 688 3500; x_wconf 84' lang='lat' dir='ltr'><strong>cretive</strong></span> <span class='ocrx_word' id='word_1_325' title='bbox 729 3436 1040 3498; x_wconf 83' lang='lat' dir='ltr'><strong>unitatem</strong></span> <span class='ocrx_word' id='word_1_326' title='bbox 1091 3436 1411 3518; x_wconf 89' lang='lat' dir='ltr'><strong>importat,</strong></span> <span class='ocrx_word' id='word_1_327' title='bbox 1454 3434 1622 3496; x_wconf 90' lang='lat' dir='ltr'><strong>sicut</strong></span> <span class='ocrx_word' id='word_1_328' title='bbox 1669 3435 1788 3497; x_wconf 90' lang='lat' dir='ltr'><strong>hoc</strong></span> <span class='ocrx_word' id='word_1_329' title='bbox 1837 3452 1946 3496; x_wconf 90' lang='lat' dir='ltr'><strong>no—</strong></span> <span class='ocrx_word' id='word_1_330' title='bbox 2057 3432 2495 3495; x_wconf 88' lang='lat' dir='ltr'><strong>substantialis</strong></span> <span class='ocrx_word' id='word_1_331' title='bbox 2524 3433 2685 3514; x_wconf 92' lang='lat' dir='ltr'><strong>(imo</strong></span> <span class='ocrx_word' id='word_1_332' title='bbox 2730 3434 2939 3515; x_wconf 83' lang='lat' dir='ltr'><strong>potius</strong></span> <span class='ocrx_word' id='word_1_333' title='bbox 2983 3435 3552 3516; x_wconf 87' lang='lat' dir='ltr'><strong>supersubstantia·</strong></span> 
     </span>
     <span class='ocr_line' id='line_1_31' title="bbox 437 3531 3551 3617; baseline -0 -20"><span class='ocrx_word' id='word_1_334' title='bbox 437 3553 622 3606; x_wconf 87' lang='lat' dir='ltr'><strong>men,</strong></span> <span class='ocrx_word' id='word_1_335' title='bbox 653 3535 841 3607; x_wconf 81' lang='lat' dir='ltr'><strong>DeuS,</strong></span> <span class='ocrx_word' id='word_1_336' title='bbox 873 3534 1044 3616; x_wconf 90' lang='lat' dir='ltr'><strong>quod</strong></span> <span class='ocrx_word' id='word_1_337' title='bbox 1077 3533 1382 3615; x_wconf 90' lang='lat' dir='ltr'><strong>supponit</strong></span> <span class='ocrx_word' id='word_1_338' title='bbox 1414 3551 1734 3614; x_wconf 86' lang='lat' dir='ltr'><strong>personas.</strong></span> <span class='ocrx_word' id='word_1_339' title='bbox 1771 3533 1945 3594; x_wconf 91' lang='lat' dir='ltr'><strong>Unde</strong></span> <span class='ocrx_word' id='word_1_340' title='bbox 2057 3531 2164 3612; x_wconf 90' lang='lat' dir='ltr'><strong>lis)</strong></span> <span class='ocrx_word' id='word_1_341' title='bbox 2212 3538 2310 3593; x_wconf 92' lang='lat' dir='ltr'><strong>est</strong></span> <span class='ocrx_word' id='word_1_342' title='bbox 2368 3531 2577 3594; x_wconf 87' lang='lat' dir='ltr'><strong>unitas</strong></span> <span class='ocrx_word' id='word_1_343' title='bbox 2635 3532 2868 3595; x_wconf 82' lang='lat' dir='ltr'><strong>divinae</strong></span> <span class='ocrx_word' id='word_1_344' title='bbox 2928 3533 3217 3595; x_wconf 83' lang='lat' dir='ltr'><strong>essentiae</strong></span> <span class='ocrx_word' id='word_1_345' title='bbox 3270 3552 3283 3594; x_wconf 91' lang='lat'>:</span> <span class='ocrx_word' id='word_1_346' title='bbox 3333 3553 3370 3595; x_wconf 89' lang='lat' dir='ltr'><strong>a</strong></span> <span class='ocrx_word' id='word_1_347' title='bbox 3425 3554 3551 3617; x_wconf 88' lang='lat' dir='ltr'><strong>qua</strong></span> 
     </span>
     <span class='ocr_line' id='line_1_32' title="bbox 433 3629 3549 3711; baseline 0 -16"><span class='ocrx_word' id='word_1_348' title='bbox 433 3632 820 3695; x_wconf 79' lang='lat' dir='ltr'><strong>conceditur</strong></span> <span class='ocrx_word' id='word_1_349' title='bbox 857 3632 1000 3704; x_wconf 89' lang='lat' dir='ltr'><strong>ista,</strong></span> <span class='ocrx_word' id='word_1_350' title='bbox 1033 3633 1200 3694; x_wconf 90' lang='lat' dir='ltr'><strong>Deus</strong></span> <span class='ocrx_word' id='word_1_351' title='bbox 1236 3639 1332 3692; x_wconf 90' lang='lat' dir='ltr'><strong>est</strong></span> <span class='ocrx_word' id='word_1_352' title='bbox 1364 3629 1602 3708; x_wconf 87' lang='lat' dir='ltr'><strong>trinus;</strong></span> <span class='ocrx_word' id='word_1_353' title='bbox 1635 3648 1762 3692; x_wconf 92' lang='lat' dir='ltr'><strong>non</strong></span> <span class='ocrx_word' id='word_1_354' title='bbox 1803 3630 1942 3703; x_wconf 88' lang='lat' dir='ltr'><strong>ista,</strong></span> <span class='ocrx_word' id='word_1_355' title='bbox 2057 3631 2267 3711; x_wconf 89' lang='lat' dir='ltr'><strong>primo</strong></span> <span class='ocrx_word' id='word_1_356' title='bbox 2306 3630 2471 3691; x_wconf 90' lang='lat' dir='ltr'><strong>intra</strong></span> <span class='ocrx_word' id='word_1_357' title='bbox 2510 3648 2577 3692; x_wconf 90' lang='lat' dir='ltr'><strong>se</strong></span> <span class='ocrx_word' id='word_1_358' title='bbox 2618 3648 2731 3711; x_wconf 88' lang='lat' dir='ltr'><strong>per</strong></span> <span class='ocrx_word' id='word_1_359' title='bbox 2768 3631 2866 3691; x_wconf 91' lang='lat' dir='ltr'><strong>sui</strong></span> <span class='ocrx_word' id='word_1_360' title='bbox 2909 3631 3549 3695; x_wconf 89' lang='lat' dir='ltr'><strong>communicationem</strong></span> 
     </span>
     <span class='ocr_line' id='line_1_33' title="bbox 434 3726 3553 3810; baseline 0 -18"><span class='ocrx_word' id='word_1_361' title='bbox 434 3729 660 3792; x_wconf 82' lang='lat' dir='ltr'><strong>Deitas</strong></span> <span class='ocrx_word' id='word_1_362' title='bbox 687 3738 786 3791; x_wconf 89' lang='lat' dir='ltr'><strong>est</strong></span> <span class='ocrx_word' id='word_1_363' title='bbox 817 3729 982 3791; x_wconf 89' lang='lat' dir='ltr'><strong>trina</strong></span> <span class='ocrx_word' id='word_1_364' title='bbox 1018 3747 1031 3790; x_wconf 76' lang='grc' dir='ltr'><em>τ</em></span> <span class='ocrx_word' id='word_1_365' title='bbox 1067 3727 1369 3810; x_wconf 89' lang='lat' dir='ltr'><strong>quoniam</strong></span> <span class='ocrx_word' id='word_1_366' title='bbox 1402 3727 1602 3788; x_wconf 85' lang='lat' dir='ltr'><strong>deitas</strong></span> <span class='ocrx_word' id='word_1_367' title='bbox 1643 3744 1770 3789; x_wconf 89' lang='lat' dir='ltr'><strong>non</strong></span> <span class='ocrx_word' id='word_1_368' title='bbox 1803 3746 1948 3808; x_wconf 88' lang='lat' dir='ltr'><strong>sup-</strong></span> <span class='ocrx_word' id='word_1_369' title='bbox 2055 3729 2133 3790; x_wconf 89' lang='lat' dir='ltr'><strong>ad</strong></span> <span class='ocrx_word' id='word_1_370' title='bbox 2175 3727 2364 3800; x_wconf 90' lang='lat' dir='ltr'><strong>intra,</strong></span> <span class='ocrx_word' id='word_1_371' title='bbox 2398 3726 2683 3810; x_wconf 90' lang='lat' dir='ltr'><strong>procedit</strong></span> <span class='ocrx_word' id='word_1_372' title='bbox 2726 3727 2971 3808; x_wconf 84' lang='lat' dir='ltr'><strong>primus</strong></span> <span class='ocrx_word' id='word_1_373' title='bbox 3009 3747 3313 3791; x_wconf 89' lang='lat' dir='ltr'><strong>numerus</strong></span> <span class='ocrx_word' id='word_1_374' title='bbox 3352 3738 3553 3792; x_wconf 90' lang='lat' dir='ltr'><strong>terna·</strong></span> 
     </span>
     <span class='ocr_line' id='line_1_34' title="bbox 435 3824 3554 3910; baseline 0 -21"><span class='ocrx_word' id='word_1_375' title='bbox 435 3828 632 3910; x_wconf 86' lang='lat' dir='ltr'><strong>ponit</strong></span> <span class='ocrx_word' id='word_1_376' title='bbox 673 3844 1032 3908; x_wconf 86' lang='lat' dir='ltr'><strong>personam,</strong></span> <span class='ocrx_word' id='word_1_377' title='bbox 1065 3845 1274 3907; x_wconf 89' lang='lat' dir='ltr'><strong>neque</strong></span> <span class='ocrx_word' id='word_1_378' title='bbox 1317 3826 1436 3888; x_wconf 93' lang='lat' dir='ltr'><strong>hoc</strong></span> <span class='ocrx_word' id='word_1_379' title='bbox 1481 3843 1736 3898; x_wconf 87' lang='lat' dir='ltr'><strong>nomen,</strong></span> <span class='ocrx_word' id='word_1_380' title='bbox 1770 3824 1948 3886; x_wconf 83' lang='lat' dir='ltr'><strong>trini·</strong></span> <span class='ocrx_word' id='word_1_381' title='bbox 2057 3826 2213 3898; x_wconf 92' lang='lat' dir='ltr'><strong>rius,</strong></span> <span class='ocrx_word' id='word_1_382' title='bbox 2248 3826 2607 3888; x_wconf 88' lang='lat' dir='ltr'><strong>divinarum</strong></span> <span class='ocrx_word' id='word_1_383' title='bbox 2643 3826 2941 3889; x_wconf 91' lang='lat' dir='ltr'><strong>videlicet</strong></span> <span class='ocrx_word' id='word_1_384' title='bbox 2981 3845 3425 3908; x_wconf 86' lang='lat' dir='ltr'><strong>personarum3</strong></span> <span class='ocrx_word' id='word_1_385' title='bbox 3461 3848 3554 3890; x_wconf 89' lang='lat' dir='ltr'><strong>se-</strong></span> 
     </span>
     <span class='ocr_line' id='line_1_35' title="bbox 431 3924 3551 4007; baseline 0 -17"><span class='ocrx_word' id='word_1_386' title='bbox 431 3937 560 3990; x_wconf 80' lang='lat' dir='ltr'><strong>tas.</strong></span> <span class='ocrx_word' id='word_1_387' title='bbox 605 3925 750 3988; x_wconf 82' lang='lat' dir='ltr'><strong>Haec</strong></span> <span class='ocrx_word' id='word_1_388' title='bbox 791 3925 1249 3988; x_wconf 86' lang='lat' dir='ltr'><strong>Bonaventura.</strong></span> <span class='ocrx_word' id='word_1_389' title='bbox 2057 3926 2267 3988; x_wconf 91' lang='lat' dir='ltr'><strong>cundo</strong></span> <span class='ocrx_word' id='word_1_390' title='bbox 2304 3924 2384 3987; x_wconf 92' lang='lat' dir='ltr'><strong>ab</strong></span> <span class='ocrx_word' id='word_1_391' title='bbox 2426 3925 2646 3986; x_wconf 88' lang='lat' dir='ltr'><strong>eadem</strong></span> <span class='ocrx_word' id='word_1_392' title='bbox 2690 3926 2768 3987; x_wconf 94' lang='lat' dir='ltr'><strong>ad</strong></span> <span class='ocrx_word' id='word_1_393' title='bbox 2807 3933 2983 3988; x_wconf 83' lang='lat' dir='ltr'><strong>extra</strong></span> <span class='ocrx_word' id='word_1_394' title='bbox 3023 3927 3307 4007; x_wconf 89' lang='lat' dir='ltr'><strong>procedit</strong></span> <span class='ocrx_word' id='word_1_395' title='bbox 3343 3927 3551 3990; x_wconf 90' lang='lat' dir='ltr'><strong>omnis</strong></span> 
     </span>
     <span class='ocr_line' id='line_1_36' title="bbox 524 4020 3549 4098; baseline 0.001 -13"><span class='ocrx_word' id='word_1_396' title='bbox 524 4022 652 4085; x_wconf 86' lang='lat' dir='ltr'><strong>Sed</strong></span> <span class='ocrx_word' id='word_1_397' title='bbox 693 4022 843 4084; x_wconf 89' lang='lat' dir='ltr'><strong>huic</strong></span> <span class='ocrx_word' id='word_1_398' title='bbox 887 4022 1114 4084; x_wconf 91' lang='lat' dir='ltr'><strong>ultimo</strong></span> <span class='ocrx_word' id='word_1_399' title='bbox 1156 4022 1326 4084; x_wconf 89' lang='lat' dir='ltr'><strong>dicto</strong></span> <span class='ocrx_word' id='word_1_400' title='bbox 1367 4021 1626 4084; x_wconf 89' lang='lat' dir='ltr'><strong>obviare</strong></span> <span class='ocrx_word' id='word_1_401' title='bbox 1669 4020 1942 4094; x_wconf 89' lang='lat' dir='ltr'><strong>videtur,</strong></span> <span class='ocrx_word' id='word_1_402' title='bbox 2056 4042 2363 4085; x_wconf 91' lang='lat' dir='ltr'><strong>numerus</strong></span> <span class='ocrx_word' id='word_1_403' title='bbox 2397 4022 2826 4086; x_wconf 88' lang='lat' dir='ltr'><strong>multitudinis</strong></span> <span class='ocrx_word' id='word_1_404' title='bbox 2858 4031 3549 4098; x_wconf 86' lang='lat' dir='ltr'><strong>creaturarum,secun·</strong></span> 
     </span>
     <span class='ocr_line' id='line_1_37' title="bbox 431 4118 3548 4206; baseline 0.001 -23"><span class='ocrx_word' id='word_1_405' title='bbox 431 4121 622 4203; x_wconf 85' lang='lat' dir='ltr'><strong>quod</strong></span> <span class='ocrx_word' id='word_1_406' title='bbox 663 4120 726 4182; x_wconf 90' lang='lat' dir='ltr'><strong>in</strong></span> <span class='ocrx_word' id='word_1_407' title='bbox 767 4121 1006 4203; x_wconf 80' lang='lat' dir='ltr'><strong>hymno</strong></span> <span class='ocrx_word' id='word_1_408' title='bbox 1037 4127 1246 4182; x_wconf 87' lang='lat' dir='ltr'><strong>cantat</strong></span> <span class='ocrx_word' id='word_1_409' title='bbox 1277 4119 1558 4182; x_wconf 86' lang='lat' dir='ltr'><strong>Ecclesia</strong></span> <span class='ocrx_word' id='word_1_410' title='bbox 1593 4137 1606 4181; x_wconf 92' lang='lat'><strong>:</strong></span> <span class='ocrx_word' id='word_1_411' title='bbox 1641 4118 1746 4192; x_wconf 92' lang='lat' dir='ltr'><strong>Te,</strong></span> <span class='ocrx_word' id='word_1_412' title='bbox 1781 4119 1946 4182; x_wconf 91' lang='lat' dir='ltr'><strong>trina</strong></span> <span class='ocrx_word' id='word_1_413' title='bbox 2057 4122 2210 4183; x_wconf 93' lang='lat' dir='ltr'><strong>dum</strong></span> <span class='ocrx_word' id='word_1_414' title='bbox 2254 4121 2483 4202; x_wconf 87' lang='lat' dir='ltr'><strong>gradus</strong></span> <span class='ocrx_word' id='word_1_415' title='bbox 2525 4128 2589 4182; x_wconf 90' lang='lat' dir='ltr'><strong>et</strong></span> <span class='ocrx_word' id='word_1_416' title='bbox 2630 4121 2885 4184; x_wconf 89' lang='lat' dir='ltr'><strong>ordines</strong></span> <span class='ocrx_word' id='word_1_417' title='bbox 2928 4121 3365 4185; x_wconf 87' lang='lat' dir='ltr'><strong>differentium</strong></span> <span class='ocrx_word' id='word_1_418' title='bbox 3410 4143 3548 4206; x_wconf 87' lang='lat' dir='ltr'><strong>spe-</strong></span> 
     </span>
     <span class='ocr_line' id='line_1_38' title="bbox 433 4218 3547 4301; baseline 0.001 -19"><span class='ocrx_word' id='word_1_419' title='bbox 433 4220 662 4283; x_wconf 83' lang='lat' dir='ltr'><strong>Deitas</strong></span> <span class='ocrx_word' id='word_1_420' title='bbox 709 4237 982 4301; x_wconf 89' lang='lat' dir='ltr'><strong>unaque,</strong></span> <span class='ocrx_word' id='word_1_421' title='bbox 1025 4218 1369 4299; x_wconf 89' lang='lat' dir='ltr'><strong>poscimus.</strong></span> <span class='ocrx_word' id='word_1_422' title='bbox 1414 4218 1490 4280; x_wconf 91' lang='lat' dir='ltr'><strong>Et</strong></span> <span class='ocrx_word' id='word_1_423' title='bbox 1531 4224 1628 4280; x_wconf 90' lang='lat' dir='ltr'><strong>est</strong></span> <span class='ocrx_word' id='word_1_424' title='bbox 1669 4218 1944 4299; x_wconf 83' lang='lat' dir='ltr'><strong>hymnus</strong></span> <span class='ocrx_word' id='word_1_425' title='bbox 1977 4222 2026 4285; x_wconf 88' lang='lat' dir='ltr'>D</span> <span class='ocrx_word' id='word_1_426' title='bbox 2056 4220 2154 4282; x_wconf 93' lang='lat' dir='ltr'><strong>cie</strong></span> <span class='ocrx_word' id='word_1_427' title='bbox 2197 4227 2584 4281; x_wconf 89' lang='lat' dir='ltr'><strong>naturarum.</strong></span> <span class='ocrx_word' id='word_1_428' title='bbox 2616 4253 2697 4265; x_wconf 91' lang='lat'><strong>—</strong></span> <span class='ocrx_word' id='word_1_429' title='bbox 2738 4220 3029 4282; x_wconf 86' lang='lat' dir='ltr'><strong>Secundo</strong></span> <span class='ocrx_word' id='word_1_430' title='bbox 3070 4222 3258 4284; x_wconf 91' lang='lat' dir='ltr'><strong>modo</strong></span> <span class='ocrx_word' id='word_1_431' title='bbox 3298 4229 3393 4284; x_wconf 90' lang='lat' dir='ltr'><strong>est</strong></span> <span class='ocrx_word' id='word_1_432' title='bbox 3435 4224 3547 4285; x_wconf 89' lang='lat' dir='ltr'><strong>du·</strong></span> 
     </span>
     <span class='ocr_line' id='line_1_39' title="bbox 432 4315 3549 4402; baseline 0.001 -22"><span class='ocrx_word' id='word_1_433' title='bbox 432 4338 481 4381; x_wconf 76' lang='lat' dir='ltr'><strong>a</strong></span> <span class='ocrx_word' id='word_1_434' title='bbox 519 4317 582 4380; x_wconf 90' lang='lat' dir='ltr'><strong>S.</strong></span> <span class='ocrx_word' id='word_1_435' title='bbox 621 4317 856 4380; x_wconf 86' lang='lat' dir='ltr'><strong>Thoma</strong></span> <span class='ocrx_word' id='word_1_436' title='bbox 894 4317 1305 4398; x_wconf 88' lang='lat' dir='ltr'><strong>compositus.</strong></span> <span class='ocrx_word' id='word_1_437' title='bbox 1339 4317 1432 4379; x_wconf 85' lang='lat' dir='ltr'><strong>Ad</strong></span> <span class='ocrx_word' id='word_1_438' title='bbox 1472 4318 1641 4398; x_wconf 90' lang='lat' dir='ltr'><strong>quod</strong></span> <span class='ocrx_word' id='word_1_439' title='bbox 1681 4315 1944 4379; x_wconf 80' lang='lat' dir='ltr'><strong>forsitan</strong></span> <span class='ocrx_word' id='word_1_440' title='bbox 2055 4318 2202 4400; x_wconf 85' lang='lat' dir='ltr'><strong>plex</strong></span> <span class='ocrx_word' id='word_1_441' title='bbox 2244 4334 2465 4379; x_wconf 89' lang='lat' dir='ltr'><strong>monas</strong></span> <span class='ocrx_word' id='word_1_442' title='bbox 2504 4336 2617 4379; x_wconf 92' lang='lat' dir='ltr'><strong>seu</strong></span> <span class='ocrx_word' id='word_1_443' title='bbox 2650 4317 2860 4380; x_wconf 87' lang='lat' dir='ltr'><strong>unitas</strong></span> <span class='ocrx_word' id='word_1_444' title='bbox 2902 4317 2967 4380; x_wconf 93' lang='lat' dir='ltr'><strong>in</strong></span> <span class='ocrx_word' id='word_1_445' title='bbox 2998 4319 3325 4394; x_wconf 87' lang='lat' dir='ltr'><strong>creaturis,</strong></span> <span class='ocrx_word' id='word_1_446' title='bbox 3357 4340 3393 4382; x_wconf 91' lang='lat' dir='ltr'><strong>a</strong></span> <span class='ocrx_word' id='word_1_447' title='bbox 3423 4340 3549 4402; x_wconf 87' lang='lat' dir='ltr'><strong>qua</strong></span> 
     </span>
     <span class='ocr_line' id='line_1_40' title="bbox 433 4414 3549 4498; baseline 0.001 -19"><span class='ocrx_word' id='word_1_448' title='bbox 433 4417 572 4480; x_wconf 89' lang='lat' dir='ltr'><strong>dici</strong></span> <span class='ocrx_word' id='word_1_449' title='bbox 629 4423 854 4498; x_wconf 87' lang='lat' dir='ltr'><strong>potest,</strong></span> <span class='ocrx_word' id='word_1_450' title='bbox 898 4415 1068 4498; x_wconf 88' lang='lat' dir='ltr'><strong>quod</strong></span> <span class='ocrx_word' id='word_1_451' title='bbox 1116 4414 1506 4478; x_wconf 88' lang='lat' dir='ltr'><strong>abstractum</strong></span> <span class='ocrx_word' id='word_1_452' title='bbox 1557 4415 1648 4477; x_wconf 91' lang='lat' dir='ltr'><strong>ibi</strong></span> <span class='ocrx_word' id='word_1_453' title='bbox 1697 4415 1946 4498; x_wconf 89' lang='lat' dir='ltr'><strong>capitur</strong></span> <span class='ocrx_word' id='word_1_454' title='bbox 2055 4434 2361 4481; x_wconf 88' lang='lat' dir='ltr'><strong>numerus</strong></span> <span class='ocrx_word' id='word_1_455' title='bbox 2395 4415 2630 4496; x_wconf 86' lang='lat' dir='ltr'><strong>duplex</strong></span> <span class='ocrx_word' id='word_1_456' title='bbox 2670 4416 2957 4496; x_wconf 88' lang='lat' dir='ltr'><strong>procedit</strong></span> <span class='ocrx_word' id='word_1_457' title='bbox 2990 4434 3004 4478; x_wconf 94' lang='lat'><strong>:</strong></span> <span class='ocrx_word' id='word_1_458' title='bbox 3039 4435 3165 4478; x_wconf 89' lang='lat' dir='ltr'><strong>una</strong></span> <span class='ocrx_word' id='word_1_459' title='bbox 3204 4435 3424 4481; x_wconf 90' lang='lat' dir='ltr'><strong>monas</strong></span> <span class='ocrx_word' id='word_1_460' title='bbox 3452 4427 3549 4481; x_wconf 87' lang='lat' dir='ltr'><strong>est</strong></span> 
     </span>
     <span class='ocr_line' id='line_1_41' title="bbox 435 4512 3547 4599; baseline 0 -22"><span class='ocrx_word' id='word_1_461' title='bbox 435 4533 566 4599; x_wconf 89' lang='lat' dir='ltr'><strong>pro</strong></span> <span class='ocrx_word' id='word_1_462' title='bbox 610 4522 926 4586; x_wconf 75' lang='lat' dir='ltr'><strong>concrem,</strong></span> <span class='ocrx_word' id='word_1_463' title='bbox 959 4513 1259 4576; x_wconf 88' lang='lat' dir='ltr'><strong>videlicet</strong></span> <span class='ocrx_word' id='word_1_464' title='bbox 1300 4513 1510 4576; x_wconf 86' lang='lat' dir='ltr'><strong>Deitas</strong></span> <span class='ocrx_word' id='word_1_465' title='bbox 1556 4531 1672 4595; x_wconf 88' lang='lat' dir='ltr'><strong>pro</strong></span> <span class='ocrx_word' id='word_1_466' title='bbox 1713 4514 1858 4576; x_wconf 90' lang='lat' dir='ltr'><strong>Deo.</strong></span> <span class='ocrx_word' id='word_1_467' title='bbox 2055 4512 2513 4586; x_wconf 86' lang='lat' dir='ltr'><strong>substantialis,</strong></span> <span class='ocrx_word' id='word_1_468' title='bbox 2547 4513 2670 4575; x_wconf 90' lang='lat' dir='ltr'><strong>alia</strong></span> <span class='ocrx_word' id='word_1_469' title='bbox 2697 4514 3125 4578; x_wconf 88' lang='lat' dir='ltr'><strong>accidentalis.</strong></span> <span class='ocrx_word' id='word_1_470' title='bbox 3152 4516 3367 4578; x_wconf 86' lang='lat' dir='ltr'><strong>Unitas</strong></span> <span class='ocrx_word' id='word_1_471' title='bbox 3401 4516 3547 4579; x_wconf 91' lang='lat' dir='ltr'><strong>sub-</strong></span> 
     </span>
     <span class='ocr_line' id='line_1_42' title="bbox 523 4611 3547 4693; baseline 0.001 -18"><span class='ocrx_word' id='word_1_472' title='bbox 523 4613 638 4676; x_wconf 84' lang='lat' dir='ltr'><strong>nis</strong></span> <span class='ocrx_word' id='word_1_473' title='bbox 689 4612 1037 4675; x_wconf 84' lang='lat' dir='ltr'><strong>Richardus</strong></span> <span class='ocrx_word' id='word_1_474' title='bbox 1097 4629 1356 4693; x_wconf 89' lang='lat' dir='ltr'><strong>prorsus</strong></span> <span class='ocrx_word' id='word_1_475' title='bbox 1415 4613 1772 4674; x_wconf 90' lang='lat' dir='ltr'><strong>concordat.</strong></span> <span class='ocrx_word' id='word_1_476' title='bbox 1827 4611 1943 4685; x_wconf 86' lang='lat' dir='ltr'><strong>Qui</strong></span> <span class='ocrx_word' id='word_1_477' title='bbox 2055 4611 2366 4674; x_wconf 85' lang='lat' dir='ltr'><strong>stantialis</strong></span> <span class='ocrx_word' id='word_1_478' title='bbox 2404 4619 2499 4673; x_wconf 87' lang='lat' dir='ltr'><strong>est</strong></span> <span class='ocrx_word' id='word_1_479' title='bbox 2540 4611 2837 4693; x_wconf 76' lang='lat' dir='ltr'><strong>quaelibet</strong></span> <span class='ocrx_word' id='word_1_480' title='bbox 2875 4612 3079 4675; x_wconf 86' lang='lat' dir='ltr'><strong>forma</strong></span> <span class='ocrx_word' id='word_1_481' title='bbox 3114 4614 3547 4678; x_wconf 85' lang='lat' dir='ltr'><strong>substantialis</strong></span> 
     </span>
     <span class='ocr_line' id='line_1_43' title="bbox 427 4709 3545 4793; baseline 0 -18"><span class='ocrx_word' id='word_1_482' title='bbox 427 4712 637 4775; x_wconf 79' lang='lat' dir='ltr'><strong>etiam</strong></span> <span class='ocrx_word' id='word_1_483' title='bbox 677 4711 904 4793; x_wconf 82' lang='lat' dir='ltr'><strong>quaerit</strong></span> <span class='ocrx_word' id='word_1_484' title='bbox 947 4710 1075 4783; x_wconf 93' lang='lat' dir='ltr'><strong>hic,</strong></span> <span class='ocrx_word' id='word_1_485' title='bbox 1105 4729 1188 4771; x_wconf 86' lang='lat' dir='ltr'><strong>an</strong></span> <span class='ocrx_word' id='word_1_486' title='bbox 1229 4709 1438 4771; x_wconf 92' lang='lat' dir='ltr'><strong>unitas</strong></span> <span class='ocrx_word' id='word_1_487' title='bbox 1472 4717 1536 4771; x_wconf 88' lang='grc' dir='ltr'><strong>θῖ</strong></span> <span class='ocrx_word' id='word_1_488' title='bbox 1566 4709 1943 4790; x_wconf 85' lang='lat' dir='ltr'><strong>simplicitas</strong></span> <span class='ocrx_word' id='word_1_489' title='bbox 2055 4717 2359 4773; x_wconf 81' lang='lat' dir='ltr'><strong>creaturae</strong></span> <span class='ocrx_word' id='word_1_490' title='bbox 2390 4709 2456 4771; x_wconf 98' lang='lat' dir='ltr'><strong>in</strong></span> <span class='ocrx_word' id='word_1_491' title='bbox 2485 4729 2623 4772; x_wconf 90' lang='grc' dir='ltr'><strong>θεεθ</strong></span> <span class='ocrx_word' id='word_1_492' title='bbox 2654 4709 2959 4791; x_wconf 88' lang='lat' dir='ltr'><strong>specifico</strong></span> <span class='ocrx_word' id='word_1_493' title='bbox 2988 4713 3401 4787; x_wconf 84' lang='lat' dir='ltr'><strong>considerata,</strong></span> <span class='ocrx_word' id='word_1_494' title='bbox 3434 4733 3545 4776; x_wconf 91' lang='lat' dir='ltr'><strong>seu</strong></span> 
     </span>
     <span class='ocr_line' id='line_1_44' title="bbox 425 4807 3550 4890; baseline 0.001 -17"><span class='ocrx_word' id='word_1_495' title='bbox 425 4811 570 4873; x_wconf 88' lang='lat' dir='ltr'><strong>sint</strong></span> <span class='ocrx_word' id='word_1_496' title='bbox 601 4809 904 4871; x_wconf 86' lang='lat' dir='ltr'><strong>distincta</strong></span> <span class='ocrx_word' id='word_1_497' title='bbox 941 4807 1246 4869; x_wconf 86' lang='lat' dir='ltr'><strong>attributa</strong></span> <span class='ocrx_word' id='word_1_498' title='bbox 1287 4807 1353 4869; x_wconf 94' lang='lat' dir='ltr'><strong>in</strong></span> <span class='ocrx_word' id='word_1_499' title='bbox 1392 4808 1538 4870; x_wconf 91' lang='lat' dir='ltr'><strong>Deo.</strong></span> <span class='ocrx_word' id='word_1_500' title='bbox 1575 4807 1651 4868; x_wconf 86' lang='lat' dir='ltr'><strong>Et</strong></span> <span class='ocrx_word' id='word_1_501' title='bbox 1687 4825 1944 4890; x_wconf 91' lang='lat' dir='ltr'><strong>respon—</strong></span> <span class='ocrx_word' id='word_1_502' title='bbox 2055 4807 2269 4890; x_wconf 91' lang='lat' dir='ltr'><strong>potius</strong></span> <span class='ocrx_word' id='word_1_503' title='bbox 2302 4808 2439 4890; x_wconf 92' lang='lat' dir='ltr'><strong>ipsa</strong></span> <span class='ocrx_word' id='word_1_504' title='bbox 2470 4816 2694 4870; x_wconf 80' lang='lat' dir='ltr'><strong>natura</strong></span> <span class='ocrx_word' id='word_1_505' title='bbox 2732 4808 3035 4890; x_wconf 89' lang='lat' dir='ltr'><strong>specifica</strong></span> <span class='ocrx_word' id='word_1_506' title='bbox 3062 4812 3413 4874; x_wconf 91' lang='lat' dir='ltr'><strong>secundum</strong></span> <span class='ocrx_word' id='word_1_507' title='bbox 3445 4832 3550 4875; x_wconf 92' lang='lat' dir='ltr'><strong>su-</strong></span> 
     </span>
     <span class='ocr_line' id='line_1_45' title="bbox 427 4904 3548 4991; baseline 0.001 -21"><span class='ocrx_word' id='word_1_508' title='bbox 427 4909 599 4972; x_wconf 88' lang='lat' dir='ltr'><strong>det:</strong></span> <span class='ocrx_word' id='word_1_509' title='bbox 635 4905 1046 4969; x_wconf 84' lang='lat' dir='ltr'><strong>Extendendo</strong></span> <span class='ocrx_word' id='word_1_510' title='bbox 1088 4923 1322 4967; x_wconf 89' lang='lat' dir='ltr'><strong>nomen</strong></span> <span class='ocrx_word' id='word_1_511' title='bbox 1364 4904 1654 4967; x_wconf 89' lang='lat' dir='ltr'><strong>attributi</strong></span> <span class='ocrx_word' id='word_1_512' title='bbox 1697 4907 1775 4968; x_wconf 90' lang='lat' dir='ltr'><strong>ad</strong></span> <span class='ocrx_word' id='word_1_513' title='bbox 1814 4924 1945 4968; x_wconf 91' lang='lat' dir='ltr'><strong>om·</strong></span> <span class='ocrx_word' id='word_1_514' title='bbox 2057 4926 2164 4968; x_wconf 92' lang='lat' dir='ltr'><strong>um</strong></span> <span class='ocrx_word' id='word_1_515' title='bbox 2227 4925 2365 4969; x_wconf 92' lang='lat' dir='ltr'><strong>esse</strong></span> <span class='ocrx_word' id='word_1_516' title='bbox 2422 4905 2916 4988; x_wconf 87' lang='lat' dir='ltr'><strong>quidditativum</strong></span> <span class='ocrx_word' id='word_1_517' title='bbox 2974 4917 3255 4991; x_wconf 89' lang='lat' dir='ltr'><strong>accepta,</strong></span> <span class='ocrx_word' id='word_1_518' title='bbox 3308 4917 3378 4971; x_wconf 90' lang='lat' dir='ltr'><strong>ut</strong></span> <span class='ocrx_word' id='word_1_519' title='bbox 3431 4912 3548 4972; x_wconf 89' lang='lat' dir='ltr'><strong>hu-</strong></span> 
     </span>
     <span class='ocr_line' id='line_1_46' title="bbox 429 5001 3548 5086; baseline 0 -17"><span class='ocrx_word' id='word_1_520' title='bbox 429 5023 554 5069; x_wconf 89' lang='lat' dir='ltr'><strong>nes</strong></span> <span class='ocrx_word' id='word_1_521' title='bbox 601 5003 1027 5086; x_wconf 86' lang='lat' dir='ltr'><strong>perfectiones</strong></span> <span class='ocrx_word' id='word_1_522' title='bbox 1063 5011 1128 5064; x_wconf 89' lang='lat' dir='ltr'><strong>et</strong></span> <span class='ocrx_word' id='word_1_523' title='bbox 1163 5001 1484 5065; x_wconf 87' lang='lat' dir='ltr'><strong>absolutas</strong></span> <span class='ocrx_word' id='word_1_524' title='bbox 1529 5004 1944 5085; x_wconf 89' lang='lat' dir='ltr'><strong>proprietates</strong></span> <span class='ocrx_word' id='word_1_525' title='bbox 2057 5005 2349 5078; x_wconf 82' lang='lat' dir='ltr'><strong>manitaS‚</strong></span> <span class='ocrx_word' id='word_1_526' title='bbox 2382 5004 2713 5066; x_wconf 89' lang='lat' dir='ltr'><strong>asininitas</strong></span> <span class='ocrx_word' id='word_1_527' title='bbox 2748 5021 2763 5066; x_wconf 72' lang='grc' dir='ltr'><strong>ι</strong></span> <span class='ocrx_word' id='word_1_528' title='bbox 2796 5023 2937 5085; x_wconf 80' lang='lat' dir='ltr'><strong>quae</strong></span> <span class='ocrx_word' id='word_1_529' title='bbox 2972 5012 3069 5067; x_wconf 90' lang='lat' dir='ltr'><strong>est</strong></span> <span class='ocrx_word' id='word_1_530' title='bbox 3112 5025 3254 5086; x_wconf 89' lang='lat' dir='ltr'><strong>pars</strong></span> <span class='ocrx_word' id='word_1_531' title='bbox 3296 5009 3548 5070; x_wconf 91' lang='lat' dir='ltr'><strong>numeri</strong></span> 
     </span>
     <span class='ocr_line' id='line_1_47' title="bbox 427 5101 3547 5185; baseline 0 -18"><span class='ocrx_word' id='word_1_532' title='bbox 427 5103 676 5168; x_wconf 81' lang='lat' dir='ltr'><strong>divinae</strong></span> <span class='ocrx_word' id='word_1_533' title='bbox 715 5101 1010 5165; x_wconf 80' lang='lat' dir='ltr'><strong>essentiae</strong></span> <span class='ocrx_word' id='word_1_534' title='bbox 1047 5120 1190 5182; x_wconf 86' lang='lat' dir='ltr'><strong>quae</strong></span> <span class='ocrx_word' id='word_1_535' title='bbox 1230 5102 1308 5163; x_wconf 88' lang='lat' dir='ltr'><strong>de</strong></span> <span class='ocrx_word' id='word_1_536' title='bbox 1346 5101 1474 5163; x_wconf 89' lang='lat' dir='ltr'><strong>Deo</strong></span> <span class='ocrx_word' id='word_1_537' title='bbox 1509 5119 1656 5164; x_wconf 90' lang='lat' dir='ltr'><strong>vere</strong></span> <span class='ocrx_word' id='word_1_538' title='bbox 1694 5120 1767 5164; x_wconf 91' lang='lat' dir='ltr'><strong>ac</strong></span> <span class='ocrx_word' id='word_1_539' title='bbox 1807 5121 1946 5185; x_wconf 92' lang='lat' dir='ltr'><strong>pro-</strong></span> <span class='ocrx_word' id='word_1_540' title='bbox 2057 5101 2511 5164; x_wconf 83' lang='lat' dir='ltr'><strong>substantialis.</strong></span> <span class='ocrx_word' id='word_1_541' title='bbox 2555 5104 2606 5164; x_wconf 89' lang='lat' dir='ltr'>A</span> <span class='ocrx_word' id='word_1_542' title='bbox 2649 5121 2775 5183; x_wconf 90' lang='lat' dir='ltr'><strong>qua</strong></span> <span class='ocrx_word' id='word_1_543' title='bbox 2821 5102 3062 5165; x_wconf 89' lang='lat' dir='ltr'><strong>unitate</strong></span> <span class='ocrx_word' id='word_1_544' title='bbox 3106 5105 3391 5185; x_wconf 90' lang='lat' dir='ltr'><strong>procedit</strong></span> <span class='ocrx_word' id='word_1_545' title='bbox 3433 5126 3547 5168; x_wconf 91' lang='lat' dir='ltr'><strong>nu-</strong></span> 
     </span>
     <span class='ocr_line' id='line_1_48' title="bbox 437 5197 3549 5287; baseline 0 -23"><span class='ocrx_word' id='word_1_546' title='bbox 437 5203 584 5287; x_wconf 87' lang='lat' dir='ltr'><strong>prie</strong></span> <span class='ocrx_word' id='word_1_547' title='bbox 615 5200 1065 5284; x_wconf 82' lang='lat' dir='ltr'><strong>praedicantur,</strong></span> <span class='ocrx_word' id='word_1_548' title='bbox 1099 5197 1193 5260; x_wconf 89' lang='lat' dir='ltr'><strong>sic</strong></span> <span class='ocrx_word' id='word_1_549' title='bbox 1227 5198 1438 5260; x_wconf 89' lang='lat' dir='ltr'><strong>unitas</strong></span> <span class='ocrx_word' id='word_1_550' title='bbox 1478 5207 1668 5280; x_wconf 90' lang='lat' dir='ltr'><strong>atque</strong></span> <span class='ocrx_word' id='word_1_551' title='bbox 1706 5199 1948 5282; x_wconf 89' lang='lat' dir='ltr'><strong>simpli·</strong></span> <span class='ocrx_word' id='word_1_552' title='bbox 2059 5220 2272 5264; x_wconf 91' lang='lat' dir='ltr'><strong>merus</strong></span> <span class='ocrx_word' id='word_1_553' title='bbox 2308 5200 2783 5284; x_wconf 88' lang='lat' dir='ltr'><strong>suppositorum</strong></span> <span class='ocrx_word' id='word_1_554' title='bbox 2820 5200 3056 5282; x_wconf 89' lang='lat' dir='ltr'><strong>speciei</strong></span> <span class='ocrx_word' id='word_1_555' title='bbox 3086 5201 3375 5281; x_wconf 86' lang='lat' dir='ltr'><strong>ejusdem</strong></span> <span class='ocrx_word' id='word_1_556' title='bbox 3400 5221 3415 5264; x_wconf 76' lang='grc' dir='ltr'><strong>ε</strong></span> <span class='ocrx_word' id='word_1_557' title='bbox 3438 5203 3549 5286; x_wconf 89' lang='lat' dir='ltr'><strong>qui</strong></span> 
     </span>
     <span class='ocr_line' id='line_1_49' title="bbox 437 5295 3549 5382; baseline 0 -18"><span class='ocrx_word' id='word_1_558' title='bbox 437 5301 606 5364; x_wconf 80' lang='lat' dir='ltr'><strong>citas</strong></span> <span class='ocrx_word' id='word_1_559' title='bbox 649 5307 802 5362; x_wconf 87' lang='lat' dir='ltr'><strong>sunt</strong></span> <span class='ocrx_word' id='word_1_560' title='bbox 839 5296 1148 5360; x_wconf 86' lang='lat' dir='ltr'><strong>attributa</strong></span> <span class='ocrx_word' id='word_1_561' title='bbox 1188 5295 1488 5360; x_wconf 90' lang='lat' dir='ltr'><strong>distincta</strong></span> <span class='ocrx_word' id='word_1_562' title='bbox 1525 5297 1788 5372; x_wconf 88' lang='lat' dir='ltr'><strong>ratione,</strong></span> <span class='ocrx_word' id='word_1_563' title='bbox 1821 5316 1946 5362; x_wconf 89' lang='lat' dir='ltr'><strong>non</strong></span> <span class='ocrx_word' id='word_1_564' title='bbox 2060 5318 2366 5363; x_wconf 88' lang='lat' dir='ltr'><strong>numerus</strong></span> <span class='ocrx_word' id='word_1_565' title='bbox 2405 5317 2625 5362; x_wconf 88' lang='lat' dir='ltr'><strong>revera</strong></span> <span class='ocrx_word' id='word_1_566' title='bbox 2654 5304 2749 5360; x_wconf 87' lang='lat' dir='ltr'><strong>est</strong></span> <span class='ocrx_word' id='word_1_567' title='bbox 2779 5297 3235 5374; x_wconf 79' lang='lat' dir='ltr'><strong>substantialis,</strong></span> <span class='ocrx_word' id='word_1_568' title='bbox 3268 5301 3419 5382; x_wconf 89' lang='lat' dir='ltr'><strong>quia</strong></span> <span class='ocrx_word' id='word_1_569' title='bbox 3456 5321 3549 5364; x_wconf 88' lang='lat' dir='ltr'><strong>re-</strong></span> 
     </span>
    </p>
   </div>
  </div>
 </body>
</html>
