4359 6250
904 455 1025 520 218

1546 478 1608 522 IN
1650 478 1870 522 LIBRUM
1914 479 1931 522 1
1974 477 2457 522 SENTENTIARCM.
2501 496 2582 505 —
2621 478 2772 523 Dts'r.
2817 479 3004 540 XXV13
3047 479 3270 533 QUAEST.
3317 479 3361 524 11

902 644 1238 725 Augustini
1288 645 1534 719 docere,
1587 646 1834 708 divinas
1894 664 2194 727 personas
2245 645 2399 707 rela-
2425 644 2477 706 A
2511 647 2675 726 quod
2715 654 2806 707 est
2840 644 3272 709 indifferentia
3314 645 3684 708 substantia*-
3721 653 3834 707 aut
3861 664 4006 726 ope-

901 743 1183 805 tionibus
1232 764 1369 805 esse
1415 745 1767 818 distinctas,
1818 753 1881 806 et
1930 745 2241 826 quidquid
2293 745 2398 806 ab-

899 842 1105 906 solute
1152 862 1223 904 ac
1272 844 1694 905 essentialiter
1737 845 1971 905 dicitur
2023 843 2085 905 in
2135 843 2394 914 divinis,

898 961 1036 1003 esse
1088 962 1283 1002 unum
1329 951 1391 1003 et
1436 942 2019 1024 immultiplicabile
2069 961 2141 1003 ac
2193 942 2397 1004 tribus

902 1041 1190 1122 personis
1226 1059 1587 1108 commune,
1623 1048 1811 1121 atque
1844 1041 1907 1101 in
1946 1039 2252 1120 singulari
2287 1059 2399 1100 nu-

904 1158 1077 1202 mero
1118 1140 1521 1221 praedicabile
1563 1141 1639 1201 de
1679 1139 1942 1212 eisdem,
1976 1158 2094 1200 nec
2136 1157 2250 1219 per
2290 1139 2399 1200 ali-

903 1238 1055 1319 quid
1114 1239 1233 1299 tale
1286 1257 1582 1319 personas
1631 1237 1959 1318 distingui,
2012 1238 2121 1298 sed
2172 1236 2398 1298 identi-

905 1336 1105 1399 ficari.
1162 1337 1304 1399 lde-0
1356 1336 1549 1398 verba
1606 1336 1939 1416 Augustini
2001 1335 2186 1396 aliter
2235 1334 2397 1395 velle

905 1453 1241 1516 expone-re,
1270 1443 1332 1496 et
1361 1436 1439 1496 ad
1480 1436 1842 1516 oppositum
1885 1442 2271 1514 retorquere,
2305 1440 2400 1494 est

908 1534 1174 1596 delirare
1218 1543 1281 1596 et
1326 1534 1661 1597 manifesta
1704 1533 1945 1595 abusi0.

986 1631 1165 1692 Nunc
1217 1632 1383 1692 idem
1434 1651 1511 1693 ex
1562 1630 1773 1692 verbis
1833 1629 2030 1692 Boetii
2082 1638 2178 1690 est
2229 1645 2401 1689 mon—

906 1730 1256 1790 strandum.
1293 1729 1395 1790 Ait
1427 1746 1577 1809 ergo
1607 1729 1946 1810 praeelarus
1983 1727 2088 1789 ille
2124 1726 2399 1808 philoso-

2507 745 2788 813 rationis‚
2813 745 2911 806 vel
2945 744 3084 824 ejus
3116 764 3256 825 quae
3287 745 3639 806 secundum
3670 763 3738 805 se
3771 744 4008 805 dicitur

2508 841 2991 921 praedicationiS.
3039 841 3128 902 Ex
3177 842 3275 903 his
3321 842 3643 902 concludit
3687 841 3943 903 Boetius
3987 860 4002 904 :

2505 940 2595 1000 Ita
2653 939 2846 1018 igitur
2910 939 3266 1000 substantia
3328 939 3608 1002 continet
3667 939 4002 1009 unitatem,

2507 1037 2729 1099 relatio
2773 1037 3155 1118 multiplicat
3199 1037 3590 1099 Trinitatem.
3623 1073 3706 1082 -
3739 1038 4008 1118 Insuper

2509 1135 2572 1196 in
2605 1135 2871 1216 epistola
2909 1136 2986 1196 ad
3019 1136 3076 1196 S.
3112 1137 3415 1198 Joannem
3457 1137 3752 1197 Romanae
3791 1133 4006 1195 Eccle—

2507 1233 2616 1295 siae
2678 1233 2902 1294 scribit
2959 1235 3296 1296 diaconum
3362 1253 3375 1296 z
3438 1234 3868 1314 Quaecumque
3927 1232 4005 1293 de

2507 1330 2722 1392 divina
2781 1330 3134 1393 substantia
3198 1331 3643 1412 praedicantur,
3704 1330 4005 1392 videlicet.

2506 1428 2816 1501 absolute,
2859 1449 2932 1490 ea
2979 1429 3181 1491 tribus
3232 1429 3520 1510 personis
3569 1437 3819 1510 oportet
3866 1447 4005 1489 esse

2509 1527 2910 1606 communia3
2955 1527 3146 1608 idque
3181 1527 3345 1608 signi
3379 1527 3497 1588 erit
3529 1547 3670 1608 quae
3703 1526 3832 1588 sint
3863 1545 4006 1607 quze

2508 1626 2584 1686 de
2630 1626 2889 1687 Deitatis
2940 1627 3295 1688 substantia
3345 1626 3792 1708 prae-dioentur,
3835 1625 4005 1706 quod

2509 1743 2928 1806 quaecumque
2965 1726 3084 1786 hoe
3117 1726 3304 1787 modo
3344 1723 3768 1806 praedicantur
3798 1724 3878 1784 de
3909 1743 4004 1791 ea.

907 1828 1070 1908 phus
1118 1847 1190 1889 ac
1241 1827 1534 1889 sublimis
1584 1827 1935 1907 theologus,
1987 1826 2085 1886 vir
2144 1832 2398 1886 sanctus
2435 1821 2482 1883 B
2509 1823 2586 1884 de
2617 1824 2884 1903 singulis
2916 1843 3164 1905 quoque
3191 1824 3476 1904 personis
3507 1823 3699 1885 simul
3723 1823 4007 1903 acceptis

903 1945 976 1987 ac
1020 1934 1255 2008 martyr
1286 1925 1539 1997 Christi,
1574 1926 1639 1986 in
1682 1943 1796 1986 suo
1828 1925 1905 1987 de
1935 1923 2240 1986 Trinita'te
2281 1930 2400 1983 tra-

904 2033 1072 2086 ctatu
1100 2043 1113 2086 :
1146 2025 1325 2088 Pater
1354 2030 1416 2084 et
1447 2023 1642 2084 Filius
1682 2024 1758 2084 ad
1798 2022 2041 2102 aliquid
2074 2021 2395 2094 dicuntur,

904 2124 1193 2205 nihilque
1238 2122 1549 2184 differunt·
1598 2121 1719 2183 nisi
1769 2121 1903 2184 sola
1954 2121 2278 2183 relatione.
2325 2119 2397 2180 Et

903 2223 1071 2304 quod
1129 2221 1327 2302 aliqui
1390 2221 1630 2293 dieunt,
1683 2221 1852 2301 quod
1900 2220 2153 2282 Boetius
2204 2218 2400 2280 sumit

902 2321 990 2382 ibi
1043 2320 1412 2381 relationem
1474 2335 1598 2379 non
1660 2319 1913 2400 proprie
1964 2335 2079 2399 pro
2137 2316 2400 2378 relativa

903 2419 1310 2501 proprietate,
1362 2418 1470 2478 sed
1535 2436 1649 2499 pro
1707 2417 1971 2497 origine,
2032 2423 2200 2497 patet
2260 2435 2398 2477 esse

901 2535 1261 2587 erroneum,
1296 2517 1348 2577 si
1382 2517 1527 2597 quis
1560 2523 1759 2578 totum
1794 2533 2163 2595 processum
2197 2513 2393 2576 Boetii

902 2625 965 2678 et
1014 2615 1434 2697 praecedentia
1491 2633 1563 2677 ac
1623 2613 2078 2694 subsequentia
2136 2612 2256 2673 rite
2306 2611 2398 2673 in-

906 2721 1153 2776 tueatur
1190 2731 1203 2774 ε
1239 2713 1303 2774 in
1346 2720 1475 2775 toto
1520 2730 1795 2793 namque
1822 2712 1947 2774 illo
1988 2717 2255 2772 tractatu
2295 2729 2397 2771 su-

904 2812 1021 2874 mit
1078 2813 1451 2875 relationem
1511 2829 1625 2892 pro
1674 2813 1763 2870 ad
1808 2812 2071 2888 aliquid
2118 2808 2392 2890 proprie.

903 2912 1076 2973 Unde
1108 2919 1170 2972 et
1200 2919 1345 2971 ante
1379 2908 1776 2991 praeallegata
1805 2908 1997 2969 verba
2038 2906 2347 2988 praemisit
2381 2925 2393 2968 :

2509 1921 2914 2002 singulariter
2949 1923 3391 2003 praedicantur.
3428 1922 3518 1982 Ex
3552 1921 3790 2002 quibus
3829 1921 4010 1982 intel·

2511 2018 2795 2100 ligimuS,
2862 2021 3104 2082 Patrem
3163 2028 3227 2081 et
3285 2019 3510 2082 Filium
3569 2027 3634 2080 et
3692 2019 4006 2100 Spiritum

2509 2117 2810 2179 Sanctum
2851 2136 2977 2179 non
3011 2118 3088 2178 de
3122 2117 3462 2179 Divinitate
3503 2115 4008 2178 substantialiter

2507 2216 2654 2276 dici.
2702 2253 2784 2262 -
2834 2216 2977 2278 Haec
3034 2216 3306 2278 Boetius,
3358 2215 3552 2296 Cujus
3607 2215 3801 2277 verba
3855 2223 4006 2276 sunt

2507 2315 2664 2377 adeo
2708 2315 2896 2388 clara,
2935 2315 3246 2395 totiesque
3295 2315 3593 2376 eumdem
3641 2314 4005 2394 exprimen-

2511 2414 2594 2475 tia
2644 2433 2925 2486 sensum,
2978 2421 3046 2473 ut
3094 2431 3283 2475 nemo
3325 2420 3515 2494 queat
3557 2432 3631 2474 ea
3677 2413 3864 2474 aliter
3911 2413 4006 2474 in-

2509 2513 2840 2592 terpretari
2874 2512 2972 2572 vel
3015 2511 3090 2573 ad
3131 2511 3498 2594 oppositum
3543 2509 4009 2573 rationabiliter

2509 2618 2912 2691 retorquere3
2965 2618 3027 2671 et
3075 2610 3291 2671 omnia
3335 2609 3671 2689 August-ini
3730 2609 4007 2690 eloquiis

2508 2715 2873 2771 consonant.

2597 2805 2888 2888 Amplius
2938 2807 3362 2868 Damascenus
3412 2805 3577 2868 libro
3623 2805 3852 2888 primo,
3905 2825 4004 2866 ca-

2510 2906 2713 2986 pitulo
2763 2905 3190 2967 undecimo*:
3237 2905 3305 2966 ln
3351 2913 3588 2977 sancta,
3633 2903 3742 2976 ait,
3791 2913 3854 2966 et
3903 2925 4006 2966 su-
4061 2921 4076 2937 ·

901 3009 1051 3090 Age,
1106 3028 1277 3070 nunc
1334 3008 1411 3068 de
1462 3007 1743 3068 relativis
1802 3006 2230 3086 speculemur,
2285 3022 2398 3086 pro
2436 3009 2479 3072 C
2510 3003 3022 3084 persubstantiali
3055 3011 3119 3064 et
3149 3002 3780 3083 incomprehensibili
3812 3009 4002 3084 atque

900 3106 1137 3189 quibus
1168 3125 1357 3169 omne
1389 3106 1555 3187 quod
1588 3105 1829 3167 dictum
1861 3111 1978 3178 est,
2004 3103 2398 3185 sumpsimus

900 3208 977 3268 ad
1012 3206 1524 3287 disputationem.
1560 3204 1772 3266 Nihilo
1815 3204 2025 3265 minus
2066 3203 2257 3263 etiam
2297 3202 2399 3262 da-

902 3312 965 3365 to
1014 3304 1182 3385 quod
1233 3310 1513 3364 sumeret
1553 3302 1641 3363 ibi
1694 3301 2060 3364 relat-ionem
2116 3318 2230 3381 pro
2278 3299 2399 3362 ori-

902 3403 1070 3484 gine,
1104 3403 1310 3464 adhuc
1350 3408 1722 3482 sequeretur
1765 3400 1935 3481 quod
1980 3399 2213 3461 divinae
2258 3417 2395 3480 per-

902 3520 1071 3564 sonae
1132 3518 1256 3562 non
1307 3498 1849 3579 distinguerentur
1909 3517 2019 3578 per
2077 3496 2397 3559 absolutas

904 3600 1343 3683 proprietateS,
1388 3598 1689 3679 quoniam
1733 3604 1795 3658 et.
1836 3597 2010 3677 origo
2055 3596 2120 3656 in
2162 3594 2397 3657 divinis

903 3698 1138 3760 dicitur
1182 3698 1465 3769 relative,
1504 3715 1628 3757 non
1674 3696 1983 3768 absolute,
2031 3704 2099 3755 ut
2140 3712 2397 3774 genera—

905 3798 1014 3872 tio,
1060 3806 1128 3858 ut
1171 3804 1415 3858 certum
1466 3803 1561 3857 est
1604 3802 1665 3857 et
1715 3813 1935 3856 omnes
1986 3792 2282 3854 fatentur.
2319 3828 2399 3837 —

904 3898 1169 3977 Insuper
1216 3896 1282 3956 in
1332 3895 1553 3956 eodem
1604 3910 1617 3954 ε
1668 3894 1853 3965 Deus,
1907 3890 2135 3971 inquit.
2191 3889 2398 3951 nullas

903 3992 1297 4056 differentias
1329 3992 1517 4052 habet
1548 3989 1783 4071 quibus
1815 3988 2071 4050 differat
2101 4008 2137 4049 a
2169 3988 2400 4059 De0,et

900 4112 937 4154 a
981 4092 1156 4153 nulla
1199 4090 1417 4152 differt
1460 4107 1748 4170 persona.
1793 4088 1907 4149 Ubi
1959 4094 2171 4148 autem
2217 4086 2400 4147 diffe-

2507 3102 2817 3164 altissima
2859 3101 3185 3176 Trinitate,
3229 3119 3567 3164 commune
3617 3109 3714 3163 est
3757 3120 4002 3173 unum:

2509 3209 2572 3262 et
2619 3200 3117 3281 unumquodque
3157 3218 3401 3274 eorum,
3436 3200 3497 3261 id
3538 3207 3634 3261 est
3672 3200 4006 3281 quodlibet

2509 3299 2800 3361 divinum
2836 3297 3262 3379 suppositum,
3297 3316 3363 3358 se
3397 3297 3586 3360 habet
3616 3299 3694 3359 ad
3728 3298 4003 3359 alterum

2510 3417 2637 3461 non
2689 3398 2898 3458 minus
2949 3408 3140 3478 quam
3183 3397 3263 3458 ad
3305 3416 3372 3457 se
3418 3398 3629 3477 ipsum
3665 3415 3678 3457 :
3713 3397 3864 3478 quia
3913 3416 4007 3459 se·

2510 3497 2790 3558 cundum
2835 3495 3049 3556 omnia
3098 3514 3298 3556 unum
3350 3504 3518 3567 sunt,
3554 3504 3782 3577 praeter
3831 3495 4006 3577 inge-

2510 3594 2902 3657 nerationem
2943 3602 3003 3654 et
3042 3593 3514 3673 generationem
3554 3601 3614 3654 et
3653 3595 4008 3675 processio-

2509 3710 2675 3754 nem.
2713 3693 2918 3753 [num
2960 3690 3132 3752 enim
3178 3692 3378 3753 Deum
3419 3690 3904 3770 cognoscimus;
3937 3691 4004 3751 in

2509 3791 2660 3852 solis
2718 3807 2869 3851 vero
2932 3788 3426 3869 proprietatibus
3487 3788 3884 3869 paternitatis
3943 3797 4004 3849 et

2510 3890 2840 3951 filiationis
2871 3898 2933 3950 et
2976 3890 3396 3969 processionis
3435 3887 3866 3950 differentiam
3911 3890 4008 3951 in·

2511 3989 2855 4068 telligimus
2887 3996 2946 4048 et
2979 3988 3330 4049 secundum
3363 4006 3609 4049 causam
3635 3996 3697 4048 et
3729 3988 4012 4049 causabi-

2511 4088 2588 4156 le,
2611 4087 2672 4148 id
2704 4094 2800 4147 est
2830 4087 3182 4147 secundum
3213 4086 3525 4165 originem
3556 4092 3618 4147 et.
3650 4085 4012 4166 productio-

901 4191 1119 4252 rentiae
1177 4189 1429 4262 absunt,
1492 4188 1672 4249 abest
1732 4185 2103 4267 pluralitas;
2165 4192 2228 4247 et
2288 4185 2394 4246 ubi
2429 4193 2476 4254 D
2509 4204 2654 4247 nem
2693 4184 3032 4265 passivam,
3067 4192 3129 4245 et
3169 4185 3520 4245 secundum
3562 4184 4006 4247 habitudinem

899 4288 1076 4350 abest
1127 4286 1478 4369 pluralitas,
1526 4285 1702 4347 adest
1755 4284 1962 4345 unitas
2011 4303 2023 4346 :
2072 4301 2200 4345 non
2250 4302 2399 4363 ergo

902 4395 998 4448 est
1027 4404 1105 4447 ex
1138 4391 1312 4466 parte
1342 4383 1614 4446 absoluti
1654 4382 2001 4463 pluralitas.
2039 4382 2257 4443 Trium
2291 4381 2400 4461 igi·

904 4494 1007 4545 tur
1040 4500 1451 4565 personarum
1493 4482 1717 4543 idonee
1750 4480 2093 4541 constituta
2134 4486 2229 4541 est
2264 4479 2402 4541 uni-

905 4592 997 4645 tas
1044 4582 1107 4643 in
1150 4580 1526 4649 substantia,
1561 4578 1860 4640 videlicet
1904 4579 1967 4639 in
2012 4578 2184 4640 omni
2231 4579 2398 4659 quod

906 4678 1408 4744 substantialiter
1452 4678 1749 4739 convenit
1789 4677 1901 4737 eiS.
1938 4676 2057 4737 Sed
2099 4677 2398 4757 quoniam

908 4778 1083 4842 nulla
1133 4776 1355 4839 relatio
1401 4778 1478 4838 ad
1530 4794 1596 4837 se
1649 4774 1850 4857 ipsam
1902 4782 2107 4855 potest
2156 4775 2398 4849 referri,

910 4877 1212 4960 quoniam
1273 4874 1637 4957 praedicatio
1697 4894 1837 4955 quae
1895 4879 1991 4934 est
2049 4873 2401 4934 secundum

907 4996 974 5038 se
1025 4976 1252 5057 ipsam,
1301 4974 1363 5035 id
1413 4980 1508 5035 est
1556 4972 1905 5033 secundum
1957 4970 2400 5044 substantiam,

908 5082 1078 5137 caret
1128 5072 1429 5135 relatione
1474 5092 1487 5135 :
1532 5072 1681 5132 hinc
1730 5070 1893 5131 facta
1941 5076 2037 5131 est
2082 5067 2404 5130 Trinitatis

912 5171 1331 5235 numerositas
1375 5170 1439 5232 in
1470 5188 1545 5232 eo
1580 5170 1747 5251 quod
1786 5178 1879 5231 est
1913 5166 2277 5251 praedicatio
2316 5186 2408 5228 re-

913 5271 1207 5349 lationis;
1270 5278 1516 5332 servata
1574 5287 1724 5332 vero
1782 5269 1991 5331 unitas
2051 5275 2146 5329 est
2205 5266 2272 5328 in
2331 5284 2406 5328 eo

2509 4284 2939 4365 hypostaseOS,
2976 4283 3036 4343 id
3078 4291 3174 4344 est
3213 4282 3564 4343 secundum
3607 4282 3866 4344 modum
3899 4302 4010 4345 ex-

2509 4382 2813 4443 sistentiae
2858 4399 3290 4461 personarum.
3327 4380 3564 4442 Deinde
3599 4380 3821 4441 eodem
3855 4380 4012 4443 fate-

2512 4490 2613 4541 tur
2643 4480 3128 4561 capi’tuquuod
3162 4480 3422 4541 relativa
3456 4479 3806 4560 proprietas
3839 4480 4014 4543 inva-

2510 4579 2822 4641 riabiliter
2855 4578 2919 4638 in
2954 4596 3332 4659 unaquaque
3365 4586 3576 4640 manet
3606 4596 3897 4660 persona,
3923 4581 4012 4643 ita

2511 4678 2677 4760 quod
2710 4679 2888 4739 Pater
2916 4684 3012 4737 est
3037 4694 3182 4737 vere
3213 4694 3286 4737 ac
3319 4677 3572 4757 proprie
3596 4677 3788 4751 Pater,
3813 4677 4011 4739 Filius

2511 4795 2658 4837 vere
2710 4794 2782 4837 ac
2835 4774 3091 4857 proprie
3141 4774 3360 4847 Filius,
3412 4774 3682 4855 Spiritus
3738 4775 4012 4837 Sanctus

2512 4893 2658 4935 vere
2693 4892 2765 4935 ac
2806 4874 3063 4955 proprie
3105 4872 3379 4955 Spiritus
3416 4872 3698 4934 Sanctus.
3735 4873 3912 4935 Unde
3947 4883 4013 4936 et

2513 4972 2801 5035 decimo*
2847 4972 3126 5053 capitulo
3170 4971 3375 5033 fassus
3418 4979 3514 5032 est
3549 4989 3562 5032 :
3602 4972 3860 5052 Propter
3904 4973 4014 5034 Pa·

2516 5078 2673 5131 trem
2733 5070 2968 5131 habent
3030 5069 3226 5131 Filius
3287 5078 3350 5131 et
3406 5069 3680 5150 Spiritus
3739 5070 4014 5133 Sanctus

2513 5168 2728 5230 omnia
2777 5187 2917 5249 quae
2976 5167 3234 5239 habent,
3287 5167 3406 5230 hoc
3465 5176 3580 5239 est,
3632 5168 3782 5249 quia
3832 5168 4018 5231 Pater

2518 5266 2710 5328 habet
2749 5285 2844 5339 ea,
2881 5273 3108 5348 pra-ter
3145 5266 3616 5347 generationem
3655 5275 3717 5329 et
3758 5266 4020 5349 ingene-

4069 4998 4086 5014 ·
4114 4998 4253 5035 oeuvo
