4359 6250
1230 465 1401 510 tinen
1444 465 1463 510 1
1506 465 1987 511 summi-unum.
2034 483 2115 494 ·-
2154 466 2308 512 nis-r.
2355 467 2550 514 xxxm
3321 447 3441 514 353

343 633 783 714 Hieronymus
830 637 1104 717 loquens
1159 639 1240 701 de
1285 639 1479 703 Patre
1528 641 1593 704 et
1639 641 1808 703 Filio
1860 643 1926 704 et
1972 640 2223 721 Spiritu
2269 641 2530 721 Sancto,
2571 643 2778 707 dicit:
2815 642 3194 707 Substantia
3227 659 3438 705 unum
3501 662 3645 721 rei-g.
3669 664 3734 708 ιε-

342 752 505 829 sunt,
544 752 662 814 sed
701 755 997 832 personis
1034 771 1109 817 ac
1150 755 1531 820 nominibus
1562 756 2076 836 distinguuntur.
2120 757 2248 820 Sed
2293 758 2529 821 iterum
2569 759 2818 821 addunt
2850 779 2864 818 :
2899 759 2968 822 Si
3007 760 3437 840 proprietates
3463 725 3564 844 ΞῙῘ-ιξ
3583 727 3730 839 1,⁶.‘.³,⁹{1

341 867 491 947 ipsae
528 869 756 931 divina
794 871 1076 934 essentia
1109 873 1287 948 sunt,
1328 889 1535 952 quum
1574 873 1857 936 essentia
1891 890 2025 935 non
2061 873 2364 936 differant
2394 876 2525 937 tres
2561 893 2881 956 personae,
2921 893 3040 938 nec
3077 877 3439 957 proprieta-

341 984 507 1048 tibus
553 985 886 1049 differunt.
928 985 1275 1060 Quomodo
1315 989 1491 1052 enim
1543 989 1761 1052 differt
1796 989 1993 1053 Pater
2031 1007 2070 1052 a
2118 989 2314 1070 Filio,
2361 1007 2438 1054 eo
2477 991 2654 1071 quod
2704 992 2928 1054 divina
2978 991 3260 1056 essentia
3309 993 3430 1072 est,

341 1117 537 1180 quum
585 1100 655 1163 in
702 1103 986 1166 essentia
1030 1121 1239 1167 unum
1286 1104 1469 1166 sint?

906 1343 983 1406 E.
1033 1349 1428 1419 Responsio
1476 1353 1576 1411 ad
1612 1352 2036 1424 praemissa,
2088 1351 2542 1414 auctoritate
2585 1352 2854 1416 nitens.

464 1556 725 1620 Horum
753 1558 1069 1622 doctrinis
1096 1560 1289 1622 novis
1318 1561 1383 1624 et
1408 1561 1717 1624 humanis
1747 1561 2160 1641 commentiS,
2185 1562 2402 1626 verbis
2429 1563 2668 1626 Hilarii
2697 1564 3058 1645 respondeo
3093 1585 3106 1626 :
3142 1565 3431 1628 Immen-
3510 1584 3644 1629 aaa.
3672 1586 3728 1630 de

1022 1675 1035 1690 .
1091 1676 1104 1688 .
1398 1677 1410 1690 .
1901 1678 1913 1690 .
1971 1678 1984 1690 .
2411 1680 2422 1693 .
2525 1680 2537 1692 .
2747 1681 2759 1692 .
3349 1681 3363 1695 .
3458 1647 3684 1700 Trinium,

343 1689 481 1735 sum
548 1673 650 1736 est
704 1674 882 1754 quod
934 1677 1220 1756 exigitur
1270 1678 1335 1740 et
1394 1677 2087 1759 incomprehenslb11e3
2138 1680 2324 1743 extra
2371 1680 2875 1760 significantiam
2929 1680 3028 1743 est
3081 1698 3427 1762 sermonis,
3459 1710 3536 1754 m».
3558 1724 3662 1762 ,,,,,,
3685 1714 3724 1753 ⁵.

345 1782 515 1844 extra
564 1799 801 1846 sensus
845 1783 1317 1866 intentionem;
1354 1803 1489 1849 non
1536 1787 1934 1866 enuntiatur,
1976 1803 2108 1848 non
2154 1786 2521 1867 attingitur,
2555 1803 2688 1849 non
2744 1788 3021 1850 tenetur.
3063 1787 3433 1851 Verborum

343 1897 840 1976 significantiam
887 1899 981 1963 rei
1026 1899 1239 1980 ipsius
1290 1902 1525 1964 natura
1574 1901 1927 1981 consumit,
1968 1918 2202 1964 sensus
2239 1901 2858 1983 contemplationem
2912 1901 3436 1983 imperspicabile

341 2011 555 2076 lumen
586 2012 895 2094 obcaecat,
936 2015 1385 2096 intelligentiae
1424 2017 1850 2097 capacitatem
1878 2017 2055 2098 quod
2093 2018 2222 2081 fine
2261 2017 2442 2080 nullo
2483 2018 2877 2098 continetur,
2919 2017 3175 2081 excedit
3216 2037 3230 2079 ε
3273 2018 3438 2080 mihi

342 2145 483 2210 ergo
514 2131 587 2192 in
615 2147 815 2194 sensu
842 2130 1023 2194 labes
1060 2133 1181 2211 est,
1214 2132 1284 2194 in
1313 2132 1747 2215 intelligentia
1775 2135 2005 2214 stupor
2034 2135 2154 2212 est,
2190 2133 2259 2194 in
2297 2150 2597 2204 sermone
2634 2151 2792 2228 vero
2827 2149 2960 2196 non
2983 2132 3125 2213 Jam
3162 2133 3443 2202 infirmi-,-

342 2247 535 2309 tatem
565 2247 683 2310 sed
719 2246 1059 2310 silentium
1090 2247 1471 2312 confitebor.
1502 2248 1959 2313 Periculosum
1986 2250 2190 2313 nimis
2231 2251 2328 2312 est
2367 2249 2446 2312 de
2484 2248 2679 2312 rebus
2706 2249 2908 2311 tantis
2945 2266 3020 2312 ac
3047 2250 3184 2312 tam
3211 2267 3442 2313 recon-

344 2361 491 2424 ditis
536 2361 789 2442 aliquid
834 2361 1009 2425 ultra
1050 2364 1508 2445 praescriptum
1550 2363 1811 2427 coeleste
1839 2363 2155 2445 proferre,
2199 2364 2275 2427 ut
2309 2364 2481 2427 ultra
2522 2363 3030 2444 praefinitionem
3060 2364 3184 2427 Dei
3221 2380 3438 2428 sermo

343 2479 417 2542 de
462 2479 605 2543 Deo
656 2479 766 2542 sit.
802 2479 1044 2542 Forma
1098 2479 1251 2543 fidei
1300 2481 1474 2544 certa
1529 2481 1627 2543 est
1674 2500 1687 2540 :
1740 2497 1873 2543 non
1922 2497 2075 2561 ergo
2127 2479 2379 2560 aliquid
2427 2479 2798 2542 addendum
2855 2480 2975 2561 est,
3027 2480 3142 2544 sed
3198 2479 3439 2544 modus

345 2595 836 2659 constituendus
886 2595 1199 2659 audaciae.
1250 2595 1587 2676 Quidquid
1633 2596 1807 2658 ultra
1854 2596 2193 2677 quaeritur,
2245 2611 2372 2658 non
2425 2594 2834 2676 intelligitur.

725 2840 801 2904 F.
858 2843 1225 2910 Quomodo
1272 2843 1596 2915 improbi
1638 2843 1970 2905 haeretici
2016 2841 2391 2916 insistant,
2444 2844 2604 2904 alia
2653 2842 3029 2905 addentes.

465 3055 771 3120 Ceterum
807 3055 1271 3119 haereticorum
1308 3054 1697 3137 improbitas
1726 3055 2043 3118 instinctu
2071 3054 2413 3119 diabolicae
2441 3055 2900 3121 fraudulentiae
2930 3057 3233 3138 excitata,
3275 3073 3440 3120 non-

338 3172 491 3236 dum
528 3173 832 3255 quiescit,
864 3173 982 3237 sed
1018 3173 1088 3238 in
1126 3174 1307 3236 tanta
1342 3189 1564 3237 rerum
1611 3172 1976 3253 quaestione
2015 3172 2198 3235 addit
2238 3192 2253 3234 ε
2296 3173 2367 3237 Si
2405 3174 2761 3255 paternitas
2811 3176 2877 3237 et
2911 3174 3140 3238 filiatio
3179 3175 3251 3237 in
3295 3174 3437 3238 Deo

338 3276 581 3354 sivein
626 3291 852 3353 divina
902 3291 1187 3355 essentia
1222 3291 1400 3369 sunt,
1443 3280 1670 3354 eadem
1720 3307 1873 3370 ergo
1922 3307 2026 3352 res
2063 3289 2192 3353 sibi
2229 3290 2425 3353 Pater
2461 3292 2561 3353 est
2602 3291 2667 3354 et
2715 3290 2949 3354 Filius,
2989 3291 3161 3354 Nam
3199 3292 3268 3353 in
3305 3307 3437 3372 quo

337 3408 689 3487 paternitas
716 3408 837 3487 est,
872 3407 1068 3470 Pater
1097 3408 1234 3488 est;
1264 3409 1330 3471 et
1367 3408 1434 3469 in
1463 3424 1594 3488 quo
1637 3406 1867 3469 filiatio
1898 3407 2019 3485 est,
2051 3405 2264 3469 Filius
2303 3408 2426 3469 est.
2469 3406 2539 3469 Si
2572 3423 2725 3487 ergo
2767 3423 2899 3468 una
2937 3406 3296 3487 eademque
3334 3423 3439 3469 res

338 3521 528 3587 habet
573 3524 643 3586 in
678 3542 749 3588 se
786 3524 1247 3605 paternitatem
1301 3523 1367 3586 et
1400 3522 1811 3601 filiationem,
1862 3521 2009 3602 ipsa
2044 3522 2312 3602 generat
2349 3522 2413 3584 et
2460 3522 2807 3602 generatur
2847 3542 2861 3582 ε
2903 3522 3080 3603 quod
3119 3522 3433 3602 dicenteS,

338 3638 403 3699 in
438 3640 878 3704 Sabellianam
915 3640 1220 3704 haeresim
1252 3638 1741 3720 pertrahuntur,
1784 3638 2206 3701 extendentes
2243 3638 2506 3702 Patrem
2543 3638 2613 3701 in
2659 3638 2928 3717 Filium,
2969 3656 3176 3719 quum
3213 3638 3435 3719 ipsum

338 3754 459 3817 sibi
496 3756 769 3835 Filium,
827 3756 1049 3837 ipsum
1098 3756 1468 3837 proponant
1513 3756 1579 3817 et
1627 3754 1914 3817 Patrem.
1950 3752 2021 3817 Si
2060 3770 2213 3816 vero
2261 3754 2661 3834 negaverint,
2702 3754 2772 3816 in
2808 3770 2940 3816 una
2981 3752 3106 3816 Dei
3153 3754 3437 3816 essentia

338 3873 791 3953 paternitatem
836 3890 981 3936 esse
1018 3873 1083 3935 et
1118 3872 1529 3950 filiationem,
1562 3871 1895 3951 quomodo
1936 3886 2088 3950 ergo
2137 3869 2364 3932 dicunt
2411 3886 2552 3933 esse
2588 3870 2805 3933 Deum
2825 3869 2857 3931 ⁴?
2892 3870 3017 3933 His
3054 3871 3248 3951 atque
3286 3869 3435 3933 aliis

336 3990 871 4069 argumentorum
922 3988 1167 4051 aculeis
1202 3989 1479 4051 utuntur
1517 3988 1585 4050 in
1634 4004 1772 4051 suae
1829 3986 2159 4068 opinionis
2207 3986 2658 4065 assertionem,
2698 3986 2775 4048 ut
2811 3986 3103 4049 veritatis
3151 3984 3434 4048 formam

334 4102 679 4169 dissecent.

334 4336 410 4399 G.
458 4342 857 4413 Responsio
895 4340 1158 4403 contra
1196 4342 1386 4401 hanc
1432 4352 1695 4399 eorum
1739 4338 2195 4410 opinionem,
2235 4338 2364 4398 ubi
2398 4336 2732 4398 traditur
2755 4335 3256 4409 proprietates
3290 4354 3441 4403 non

602 4458 899 4529 penitus
934 4457 1042 4520 ita
1073 4470 1226 4518 esse
1256 4458 1335 4518 in
1368 4457 1500 4517 Dei
1527 4455 1873 4529 essentia,
1904 4454 2096 4516 siout
2128 4458 2208 4517 in
2237 4454 2746 4527 hypostasibus
2776 4456 3148 4518 dicuntur.

466 4667 769 4741 Quorum
817 4667 1107 4731 audaciae
1157 4666 1535 4730 resistentes
1593 4668 1788 4747 atque
1832 4666 2220 4747 ignorantiae
2271 4666 2714 4747 providenteS,
2755 4667 3148 4731 audebimus
3187 4668 3437 4749 aliquid

338 4801 533 4865 super
590 4785 713 4849 hoc
758 4784 966 4865 loqui.
1021 4782 1391 4846 Paternitas
1439 4784 1503 4846 et
1558 4782 1788 4845 filiatio
1845 4799 1977 4845 non
2023 4783 2117 4844 ita
2164 4799 2306 4845 esse
2361 4783 2632 4845 omnino
2684 4784 2754 4845 in
2795 4782 3020 4845 divina
3071 4783 3440 4847 substantia

337 4900 665 4981 dicuntur,
715 4900 890 4964 sicut
925 4899 995 4962 in
1031 4900 1196 4980 ipsis
1241 4898 1734 4981 hypostasibus,
1776 4898 1846 4961 in
1884 4897 2125 4979 quibus
2166 4897 2262 4960 ita
2296 4899 2452 4961 sunt
2493 4899 2670 4979 quod
2716 4916 2826 4962 eas
2862 4898 3320 4977 determinant,
3361 4901 3438 4962 ut

334 5015 424 5077 ait
456 5016 749 5079 Joannes
784 5016 1235 5079 Damascenus
1274 5034 1287 5074 :
1332 5012 1867 5077 characteristica
1903 5012 2218 5075 idiomata
2266 5013 2442 5093 sunt,
2475 5013 2542 5075 id
2592 5015 2692 5077 est
2735 5014 3252 5077 determinativae
3287 5032 3438 5095 pro·
3533 5048 3727 5095 „mm

3461 5111 3516 5155 de
3541 5110 3643 5155 Fide
3660 5126 3728 5156 or·

334 5134 668 5215 prietateS,
727 5134 1186 5214 hypostaseOS,
1234 5133 1299 5195 et
1356 5148 1489 5194 non
1545 5131 1796 5193 naturae
1839 5150 1853 5191 :
1906 5130 2149 5194 etenim
2207 5130 2617 5211 hypostasim
2673 5128 3131 5208 determinant,
3183 5132 3248 5193 et
3301 5148 3435 5194 non
3463 5173 3576 5215 ,hod
3589 5174 3727 5225 mm·

330 5250 659 5313 naturam.
699 5249 1011 5331 Ideoque,
1044 5248 1199 5311 licet
1232 5247 1591 5330 paternitas
1628 5248 1692 5309 et
1726 5246 1957 5310 filiatio
1999 5246 2133 5308 sint
2175 5245 2244 5306 in
2279 5244 2504 5306 divina
2540 5244 2843 5323 essentia,
2875 5260 3084 5324 quum
3121 5262 3268 5309 eam
3302 5264 3437 5312 non
3463 5247 3501 5277 ⁰·
3529 5238 3569 5279 ⁶·

589 5386 655 5437 T.
690 5388 771 5439 20.
2129 5411 2134 5416 ·
3127 5382 3188 5433 23
