<?xml version="1.0" encoding="UTF-8"?>
<!DOCTYPE html PUBLIC "-//W3C//DTD XHTML 1.0 Transitional//EN"
    "http://www.w3.org/TR/xhtml1/DTD/xhtml1-transitional.dtd">
<html xmlns="http://www.w3.org/1999/xhtml" xml:lang="en" lang="en">
 <head>
  <title>
</title>
<meta http-equiv="Content-Type" content="text/html;charset=utf-8" />
  <meta name='ocr-system' content='tesseract 3.04.00' />
  <meta name='ocr-capabilities' content='ocr_page ocr_carea ocr_par ocr_line ocrx_word'/>
</head>
<body>
  <div class='ocr_page' id='page_1' title='image "./doctorisecstati11unkngoog_0185.png"; bbox 0 0 4359 6250; ppageno 0'>
   <div class='ocr_carea' id='block_1_1' title="bbox 91 1357 370 1476">
    <p class='ocr_par' dir='ltr' id='par_1_1' title="bbox 91 1357 370 1476">
     <span class='ocr_line' id='line_1_1' title="bbox 113 1357 370 1407; baseline -0.019 -4"><span class='ocrx_word' id='word_1_1' title='bbox 113 1366 222 1403; x_wconf 74' lang='lat' dir='ltr'><strong>ton.</strong></span> <span class='ocrx_word' id='word_1_2' title='bbox 245 1357 370 1407; x_wconf 72' lang='lat' dir='ltr'><strong>Xlx,</strong></span> 
     </span>
     <span class='ocr_line' id='line_1_2' title="bbox 91 1424 367 1476; baseline -0.011 -12"><span class='ocrx_word' id='word_1_3' title='bbox 91 1437 128 1476; x_wconf 68' lang='lat' dir='ltr'><strong>p.</strong></span> <span class='ocrx_word' id='word_1_4' title='bbox 143 1424 320 1464; x_wconf 62' lang='lat' dir='ltr'><strong>mae«.</strong></span> <span class='ocrx_word' id='word_1_5' title='bbox 333 1434 367 1461; x_wconf 82' lang='lat' dir='ltr'><strong>s.</strong></span> 
     </span>
    </p>
   </div>
   <div class='ocr_carea' id='block_1_2' title="bbox 1209 489 2679 539">
    <p class='ocr_par' dir='ltr' id='par_1_2' title="bbox 1209 489 2679 539">
     <span class='ocr_line' id='line_1_3' title="bbox 1209 489 2679 539; baseline 0.003 -4"><span class='ocrx_word' id='word_1_6' title='bbox 1209 490 1296 535; x_wconf 75' lang='lat' dir='ltr'><strong>AN</strong></span> <span class='ocrx_word' id='word_1_7' title='bbox 1337 490 1454 535; x_wconf 72' lang='grc' dir='ltr'><strong>ΒΕΘ</strong></span> <span class='ocrx_word' id='word_1_8' title='bbox 1495 489 1652 535; x_wconf 68' lang='lat' dir='ltr'><strong>VERE</strong></span> <span class='ocrx_word' id='word_1_9' title='bbox 1693 489 1772 535; x_wconf 78' lang='lat' dir='ltr'><strong>Ac</strong></span> <span class='ocrx_word' id='word_1_10' title='bbox 1811 489 2066 536; x_wconf 63' lang='lat' dir='ltr'><strong>enorme</strong></span> <span class='ocrx_word' id='word_1_11' title='bbox 2107 490 2421 537; x_wconf 69' lang='lat' dir='ltr'><strong>conrmss</strong></span> <span class='ocrx_word' id='word_1_12' title='bbox 2462 493 2679 539; x_wconf 76' lang='lat' dir='ltr'><strong>UNrrAs</strong></span> 
     </span>
    </p>
   </div>
   <div class='ocr_carea' id='block_1_3' title="bbox 3373 472 3491 537">
    <p class='ocr_par' dir='ltr' id='par_1_3' title="bbox 3373 472 3491 537">
     <span class='ocr_line' id='line_1_4' title="bbox 3373 472 3491 537; baseline -0.008 0"><span class='ocrx_word' id='word_1_13' title='bbox 3373 472 3491 537; x_wconf 82' lang='lat'><strong>173</strong></span> 
     </span>
    </p>
   </div>
   <div class='ocr_carea' id='block_1_4' title="bbox 393 655 3494 743">
    <p class='ocr_par' dir='ltr' id='par_1_4' title="bbox 393 655 3494 743">
     <span class='ocr_line' id='line_1_5' title="bbox 393 655 3494 743; baseline 0 -22"><span class='ocrx_word' id='word_1_14' title='bbox 393 664 460 721; x_wconf 87' lang='lat' dir='ltr'><strong>et</strong></span> <span class='ocrx_word' id='word_1_15' title='bbox 515 657 930 740; x_wconf 79' lang='lat' dir='ltr'><strong>simplicitate</strong></span> <span class='ocrx_word' id='word_1_16' title='bbox 987 656 1241 719; x_wconf 78' lang='lat' dir='ltr'><strong>Creator</strong></span> <span class='ocrx_word' id='word_1_17' title='bbox 1295 656 1534 719; x_wconf 87' lang='lat' dir='ltr'><strong>eminet</strong></span> <span class='ocrx_word' id='word_1_18' title='bbox 1591 656 1893 719; x_wconf 90' lang='lat' dir='ltr'><strong>omnibus</strong></span> <span class='ocrx_word' id='word_1_19' title='bbox 1923 655 1974 717; x_wconf 98' lang='lat' dir='ltr'><strong>A</strong></span> <span class='ocrx_word' id='word_1_20' title='bbox 2004 655 2482 721; x_wconf 75' lang='lat' dir='ltr'><strong>indivisibilitas</strong></span> <span class='ocrx_word' id='word_1_21' title='bbox 2531 677 2545 721; x_wconf 79' lang='lat' dir='ltr'><strong>t</strong></span> <span class='ocrx_word' id='word_1_22' title='bbox 2594 668 2661 721; x_wconf 89' lang='lat' dir='ltr'><strong>ut</strong></span> <span class='ocrx_word' id='word_1_23' title='bbox 2710 660 2939 730; x_wconf 90' lang='lat' dir='ltr'><strong>unitas,</strong></span> <span class='ocrx_word' id='word_1_24' title='bbox 2988 680 3131 743; x_wconf 78' lang='lat' dir='ltr'><strong>quoe</strong></span> <span class='ocrx_word' id='word_1_25' title='bbox 3180 669 3278 725; x_wconf 99' lang='grc' dir='ltr'><strong>θεῖ</strong></span> <span class='ocrx_word' id='word_1_26' title='bbox 3324 661 3494 743; x_wconf 90' lang='lat' dir='ltr'><strong>prin-</strong></span> 
     </span>
    </p>
   </div>
   <div class='ocr_carea' id='block_1_5' title="bbox 393 754 1894 1821">
    <p class='ocr_par' dir='ltr' id='par_1_5' title="bbox 393 754 1892 916">
     <span class='ocr_line' id='line_1_6' title="bbox 395 754 1892 837; baseline -0.001 -20"><span class='ocrx_word' id='word_1_27' title='bbox 395 756 986 837; x_wconf 88' lang='lat' dir='ltr'><strong>incomparabiliter</strong></span> <span class='ocrx_word' id='word_1_28' title='bbox 1023 763 1084 815; x_wconf 90' lang='lat' dir='ltr'><strong>et</strong></span> <span class='ocrx_word' id='word_1_29' title='bbox 1131 756 1384 837; x_wconf 85' lang='lat' dir='ltr'><strong>penitus</strong></span> <span class='ocrx_word' id='word_1_30' title='bbox 1433 755 1706 817; x_wconf 80' lang='lat' dir='ltr'><strong>infinite.</strong></span> <span class='ocrx_word' id='word_1_31' title='bbox 1749 754 1892 816; x_wconf 80' lang='lat' dir='ltr'><strong>Haec</strong></span> 
     </span>
     <span class='ocr_line' id='line_1_7' title="bbox 393 854 772 916; baseline 0 -1"><span class='ocrx_word' id='word_1_32' title='bbox 393 854 772 916; x_wconf 74' lang='lat' dir='ltr'><strong>Alexander.</strong></span> 
     </span>
    </p>

    <p class='ocr_par' dir='ltr' id='par_1_6' title="bbox 395 950 1894 1821">
     <span class='ocr_line' id='line_1_8' title="bbox 479 950 1894 1030; baseline -0.002 -17"><span class='ocrx_word' id='word_1_33' title='bbox 479 952 566 1013; x_wconf 91' lang='lat' dir='ltr'><strong>De</strong></span> <span class='ocrx_word' id='word_1_34' title='bbox 605 952 726 1013; x_wconf 90' lang='lat' dir='ltr'><strong>hac</strong></span> <span class='ocrx_word' id='word_1_35' title='bbox 767 952 1030 1013; x_wconf 88' lang='lat' dir='ltr'><strong>materia</strong></span> <span class='ocrx_word' id='word_1_36' title='bbox 1067 951 1238 1013; x_wconf 89' lang='lat' dir='ltr'><strong>dicta</strong></span> <span class='ocrx_word' id='word_1_37' title='bbox 1275 958 1424 1012; x_wconf 88' lang='lat' dir='ltr'><strong>sunt</strong></span> <span class='ocrx_word' id='word_1_38' title='bbox 1463 950 1664 1011; x_wconf 90' lang='lat' dir='ltr'><strong>multa</strong></span> <span class='ocrx_word' id='word_1_39' title='bbox 1701 967 1894 1030; x_wconf 88' lang='lat' dir='ltr'><strong>supra</strong></span> 
     </span>
     <span class='ocr_line' id='line_1_9' title="bbox 398 1047 1892 1121; baseline -0.002 -10"><span class='ocrx_word' id='word_1_40' title='bbox 398 1051 466 1111; x_wconf 91' lang='lat' dir='ltr'><strong>in</strong></span> <span class='ocrx_word' id='word_1_41' title='bbox 515 1050 796 1111; x_wconf 89' lang='lat' dir='ltr'><strong>secunda</strong></span> <span class='ocrx_word' id='word_1_42' title='bbox 839 1058 903 1111; x_wconf 90' lang='lat' dir='ltr'><strong>et</strong></span> <span class='ocrx_word' id='word_1_43' title='bbox 950 1050 1134 1111; x_wconf 86' lang='lat' dir='ltr'><strong>tertia</strong></span> <span class='ocrx_word' id='word_1_44' title='bbox 1181 1048 1612 1121; x_wconf 83' lang='lat' dir='ltr'><strong>distinctione,</strong></span> <span class='ocrx_word' id='word_1_45' title='bbox 1656 1048 1766 1110; x_wconf 91' lang='lat' dir='ltr'><strong>ubi</strong></span> <span class='ocrx_word' id='word_1_46' title='bbox 1815 1047 1892 1108; x_wconf 91' lang='lat' dir='ltr'><strong>de</strong></span> 
     </span>
     <span class='ocr_line' id='line_1_10' title="bbox 397 1148 1891 1229; baseline -0.002 -20"><span class='ocrx_word' id='word_1_47' title='bbox 397 1148 812 1211; x_wconf 86' lang='lat' dir='ltr'><strong>distinctione</strong></span> <span class='ocrx_word' id='word_1_48' title='bbox 866 1148 1320 1210; x_wconf 82' lang='lat' dir='ltr'><strong>attributorum</strong></span> <span class='ocrx_word' id='word_1_49' title='bbox 1367 1155 1430 1209; x_wconf 92' lang='lat' dir='ltr'><strong>et</strong></span> <span class='ocrx_word' id='word_1_50' title='bbox 1478 1165 1891 1229; x_wconf 90' lang='lat' dir='ltr'><strong>personarum</strong></span> 
     </span>
     <span class='ocr_line' id='line_1_11' title="bbox 397 1243 1890 1309; baseline -0.001 -3"><span class='ocrx_word' id='word_1_51' title='bbox 397 1252 740 1308; x_wconf 86' lang='lat' dir='ltr'><strong>tractatum</strong></span> <span class='ocrx_word' id='word_1_52' title='bbox 771 1253 886 1308; x_wconf 89' lang='lat' dir='ltr'><strong>est.</strong></span> <span class='ocrx_word' id='word_1_53' title='bbox 923 1245 1041 1309; x_wconf 92' lang='lat' dir='ltr'><strong>Ubi</strong></span> <span class='ocrx_word' id='word_1_54' title='bbox 1079 1245 1270 1307; x_wconf 88' lang='lat' dir='ltr'><strong>etiam</strong></span> <span class='ocrx_word' id='word_1_55' title='bbox 1303 1264 1379 1308; x_wconf 87' lang='lat' dir='ltr'><strong>ex</strong></span> <span class='ocrx_word' id='word_1_56' title='bbox 1411 1245 1598 1307; x_wconf 89' lang='lat' dir='ltr'><strong>dictis</strong></span> <span class='ocrx_word' id='word_1_57' title='bbox 1638 1243 1890 1306; x_wconf 89' lang='lat' dir='ltr'><strong>Henrici</strong></span> 
     </span>
     <span class='ocr_line' id='line_1_12' title="bbox 397 1344 1893 1425; baseline -0.001 -20"><span class='ocrx_word' id='word_1_58' title='bbox 397 1344 740 1425; x_wconf 84' lang='lat' dir='ltr'><strong>allegatum</strong></span> <span class='ocrx_word' id='word_1_59' title='bbox 795 1352 892 1408; x_wconf 90' lang='lat' dir='ltr'><strong>est</strong></span> <span class='ocrx_word' id='word_1_60' title='bbox 936 1351 1000 1407; x_wconf 90' lang='lat' dir='ltr'><strong>et</strong></span> <span class='ocrx_word' id='word_1_61' title='bbox 1049 1351 1490 1418; x_wconf 88' lang='lat' dir='ltr'><strong>monstratum,</strong></span> <span class='ocrx_word' id='word_1_62' title='bbox 1535 1344 1704 1424; x_wconf 91' lang='lat' dir='ltr'><strong>quod</strong></span> <span class='ocrx_word' id='word_1_63' title='bbox 1760 1361 1893 1405; x_wconf 91' lang='lat' dir='ltr'><strong>om-</strong></span> 
     </span>
     <span class='ocr_line' id='line_1_13' title="bbox 399 1442 1894 1525; baseline 0 -22"><span class='ocrx_word' id='word_1_64' title='bbox 399 1444 508 1503; x_wconf 89' lang='lat' dir='ltr'><strong>nia</strong></span> <span class='ocrx_word' id='word_1_65' title='bbox 548 1463 692 1525; x_wconf 81' lang='lat' dir='ltr'><strong>quae</strong></span> <span class='ocrx_word' id='word_1_66' title='bbox 734 1445 797 1505; x_wconf 92' lang='lat' dir='ltr'><strong>in</strong></span> <span class='ocrx_word' id='word_1_67' title='bbox 839 1445 966 1506; x_wconf 87' lang='lat' dir='ltr'><strong>Deo</strong></span> <span class='ocrx_word' id='word_1_68' title='bbox 1005 1450 1154 1504; x_wconf 90' lang='lat' dir='ltr'><strong>sunt</strong></span> <span class='ocrx_word' id='word_1_69' title='bbox 1192 1462 1304 1505; x_wconf 91' lang='lat' dir='ltr'><strong>seu</strong></span> <span class='ocrx_word' id='word_1_70' title='bbox 1349 1443 1414 1504; x_wconf 90' lang='lat' dir='ltr'><strong>in</strong></span> <span class='ocrx_word' id='word_1_71' title='bbox 1454 1442 1710 1515; x_wconf 88' lang='lat' dir='ltr'><strong>divinis,</strong></span> <span class='ocrx_word' id='word_1_72' title='bbox 1745 1449 1894 1503; x_wconf 91' lang='lat' dir='ltr'><strong>sunt</strong></span> 
     </span>
     <span class='ocr_line' id='line_1_14' title="bbox 399 1540 1888 1623; baseline -0.001 -21"><span class='ocrx_word' id='word_1_73' title='bbox 399 1542 746 1622; x_wconf 90' lang='lat' dir='ltr'><strong>purissima</strong></span> <span class='ocrx_word' id='word_1_74' title='bbox 804 1560 878 1604; x_wconf 90' lang='lat' dir='ltr'><strong>ac</strong></span> <span class='ocrx_word' id='word_1_75' title='bbox 927 1541 1408 1623; x_wconf 88' lang='lat' dir='ltr'><strong>simplicissima</strong></span> <span class='ocrx_word' id='word_1_76' title='bbox 1464 1540 1888 1621; x_wconf 67' lang='lat' dir='ltr'><strong>singularitas»,</strong></span> 
     </span>
     <span class='ocr_line' id='line_1_15' title="bbox 395 1638 1892 1721; baseline -0.001 -20"><span class='ocrx_word' id='word_1_77' title='bbox 395 1641 692 1721; x_wconf 89' lang='lat' dir='ltr'><strong>quamvis</strong></span> <span class='ocrx_word' id='word_1_78' title='bbox 727 1659 960 1703; x_wconf 90' lang='lat' dir='ltr'><strong>nomen</strong></span> <span class='ocrx_word' id='word_1_79' title='bbox 995 1640 1334 1721; x_wconf 84' lang='lat' dir='ltr'><strong>singularis</strong></span> <span class='ocrx_word' id='word_1_80' title='bbox 1367 1640 1548 1720; x_wconf 84' lang='lat' dir='ltr'><strong>juxta</strong></span> <span class='ocrx_word' id='word_1_81' title='bbox 1585 1638 1892 1721; x_wconf 82' lang='lat' dir='ltr'><strong>praehabi-</strong></span> 
     </span>
     <span class='ocr_line' id='line_1_16' title="bbox 395 1738 1890 1821; baseline -0.002 -21"><span class='ocrx_word' id='word_1_82' title='bbox 395 1746 460 1799; x_wconf 85' lang='lat' dir='ltr'><strong>ta</strong></span> <span class='ocrx_word' id='word_1_83' title='bbox 506 1755 632 1800; x_wconf 91' lang='lat' dir='ltr'><strong>non</strong></span> <span class='ocrx_word' id='word_1_84' title='bbox 681 1739 930 1801; x_wconf 88' lang='lat' dir='ltr'><strong>dicatur</strong></span> <span class='ocrx_word' id='word_1_85' title='bbox 989 1739 1244 1821; x_wconf 88' lang='lat' dir='ltr'><strong>proprie</strong></span> <span class='ocrx_word' id='word_1_86' title='bbox 1294 1738 1360 1799; x_wconf 92' lang='lat' dir='ltr'><strong>in</strong></span> <span class='ocrx_word' id='word_1_87' title='bbox 1407 1738 1661 1800; x_wconf 70' lang='lat' dir='ltr'><strong>divinis</strong></span> <span class='ocrx_word' id='word_1_88' title='bbox 1717 1738 1890 1801; x_wconf 87' lang='lat' dir='ltr'><strong>Unde</strong></span> 
     </span>
    </p>
   </div>
   <div class='ocr_carea' id='block_1_6' title="bbox 2000 755 3497 1824">
    <p class='ocr_par' dir='ltr' id='par_1_7' title="bbox 2000 755 3497 1824">
     <span class='ocr_line' id='line_1_17' title="bbox 2002 755 3489 837; baseline 0.003 -22"><span class='ocrx_word' id='word_1_89' title='bbox 2002 755 2245 837; x_wconf 88' lang='lat' dir='ltr'><strong>cipium</strong></span> <span class='ocrx_word' id='word_1_90' title='bbox 2294 758 2567 827; x_wconf 89' lang='lat' dir='ltr'><strong>numeri,</strong></span> <span class='ocrx_word' id='word_1_91' title='bbox 2614 766 2677 819; x_wconf 87' lang='lat' dir='ltr'><strong>et</strong></span> <span class='ocrx_word' id='word_1_92' title='bbox 2724 768 2937 821; x_wconf 88' lang='lat' dir='ltr'><strong>tamen</strong></span> <span class='ocrx_word' id='word_1_93' title='bbox 2985 760 3251 823; x_wconf 84' lang='lat' dir='ltr'><strong>inhaeret</strong></span> <span class='ocrx_word' id='word_1_94' title='bbox 3298 759 3489 822; x_wconf 92' lang='lat' dir='ltr'><strong>alicui</strong></span> 
     </span>
     <span class='ocr_line' id='line_1_18' title="bbox 2001 854 3486 940; baseline 0.002 -25"><span class='ocrx_word' id='word_1_95' title='bbox 2001 854 2170 934; x_wconf 88' lang='lat' dir='ltr'><strong>quod</strong></span> <span class='ocrx_word' id='word_1_96' title='bbox 2212 872 2337 917; x_wconf 90' lang='lat' dir='ltr'><strong>non</strong></span> <span class='ocrx_word' id='word_1_97' title='bbox 2382 864 2477 917; x_wconf 89' lang='lat' dir='ltr'><strong>est</strong></span> <span class='ocrx_word' id='word_1_98' title='bbox 2524 858 2661 938; x_wconf 90' lang='lat' dir='ltr'><strong>ipsa</strong></span> <span class='ocrx_word' id='word_1_99' title='bbox 2705 859 2934 930; x_wconf 82' lang='lat' dir='ltr'><strong>unitas,</strong></span> <span class='ocrx_word' id='word_1_100' title='bbox 2980 867 3133 940; x_wconf 88' lang='lat' dir='ltr'><strong>puta</strong></span> <span class='ocrx_word' id='word_1_101' title='bbox 3179 857 3486 938; x_wconf 88' lang='lat' dir='ltr'><strong>subjecto.</strong></span> 
     </span>
     <span class='ocr_line' id='line_1_19' title="bbox 2002 952 3495 1038; baseline 0.003 -26"><span class='ocrx_word' id='word_1_102' title='bbox 2002 952 2176 1013; x_wconf 88' lang='lat' dir='ltr'><strong>Unde</strong></span> <span class='ocrx_word' id='word_1_103' title='bbox 2227 960 2398 1035; x_wconf 87' lang='lat' dir='ltr'><strong>patet</strong></span> <span class='ocrx_word' id='word_1_104' title='bbox 2444 955 2612 1035; x_wconf 88' lang='lat' dir='ltr'><strong>quod</strong></span> <span class='ocrx_word' id='word_1_105' title='bbox 2672 954 2828 1017; x_wconf 91' lang='lat' dir='ltr'><strong>illud</strong></span> <span class='ocrx_word' id='word_1_106' title='bbox 2876 956 2942 1017; x_wconf 89' lang='lat' dir='ltr'><strong>in</strong></span> <span class='ocrx_word' id='word_1_107' title='bbox 2991 975 3118 1038; x_wconf 89' lang='lat' dir='ltr'><strong>quo</strong></span> <span class='ocrx_word' id='word_1_108' title='bbox 3176 956 3352 1019; x_wconf 88' lang='lat' dir='ltr'><strong>nulla</strong></span> <span class='ocrx_word' id='word_1_109' title='bbox 3397 962 3495 1017; x_wconf 90' lang='lat' dir='ltr'><strong>est</strong></span> 
     </span>
     <span class='ocr_line' id='line_1_20' title="bbox 2003 1052 3493 1135; baseline 0.002 -23"><span class='ocrx_word' id='word_1_110' title='bbox 2003 1052 2380 1133; x_wconf 83' lang='lat' dir='ltr'><strong>compositio</strong></span> <span class='ocrx_word' id='word_1_111' title='bbox 2424 1054 2723 1135; x_wconf 89' lang='lat' dir='ltr'><strong>partium,</strong></span> <span class='ocrx_word' id='word_1_112' title='bbox 2757 1054 2934 1116; x_wconf 87' lang='lat' dir='ltr'><strong>nulla</strong></span> <span class='ocrx_word' id='word_1_113' title='bbox 2974 1056 3358 1121; x_wconf 75' lang='lat' dir='ltr'><strong>continuitas</strong></span> <span class='ocrx_word' id='word_1_114' title='bbox 3400 1053 3493 1116; x_wconf 90' lang='lat' dir='ltr'><strong>di-</strong></span> 
     </span>
     <span class='ocr_line' id='line_1_21' title="bbox 2005 1148 3495 1227; baseline 0.003 -18"><span class='ocrx_word' id='word_1_115' title='bbox 2005 1148 2373 1227; x_wconf 83' lang='lat' dir='ltr'><strong>mensionis,</strong></span> <span class='ocrx_word' id='word_1_116' title='bbox 2416 1152 2591 1213; x_wconf 89' lang='lat' dir='ltr'><strong>nulla</strong></span> <span class='ocrx_word' id='word_1_117' title='bbox 2630 1152 3055 1215; x_wconf 89' lang='lat' dir='ltr'><strong>accidentium</strong></span> <span class='ocrx_word' id='word_1_118' title='bbox 3098 1154 3389 1223; x_wconf 90' lang='lat' dir='ltr'><strong>varietas,</strong></span> <span class='ocrx_word' id='word_1_119' title='bbox 3432 1160 3495 1214; x_wconf 88' lang='lat' dir='ltr'><strong>et</strong></span> 
     </span>
     <span class='ocr_line' id='line_1_22' title="bbox 2002 1248 3493 1333; baseline 0.004 -26"><span class='ocrx_word' id='word_1_120' title='bbox 2002 1248 2170 1327; x_wconf 90' lang='lat' dir='ltr'><strong>quod</strong></span> <span class='ocrx_word' id='word_1_121' title='bbox 2212 1248 2372 1310; x_wconf 90' lang='lat' dir='ltr'><strong>nulli</strong></span> <span class='ocrx_word' id='word_1_122' title='bbox 2414 1249 2697 1323; x_wconf 84' lang='lat' dir='ltr'><strong>inhaeret,</strong></span> <span class='ocrx_word' id='word_1_123' title='bbox 2732 1258 2795 1311; x_wconf 91' lang='lat' dir='ltr'><strong>et</strong></span> <span class='ocrx_word' id='word_1_124' title='bbox 2828 1252 2997 1332; x_wconf 91' lang='lat' dir='ltr'><strong>quod</strong></span> <span class='ocrx_word' id='word_1_125' title='bbox 3037 1251 3198 1313; x_wconf 89' lang='lat' dir='ltr'><strong>nulli</strong></span> <span class='ocrx_word' id='word_1_126' title='bbox 3239 1268 3493 1333; x_wconf 86' lang='lat' dir='ltr'><strong>compo-</strong></span> 
     </span>
     <span class='ocr_line' id='line_1_23' title="bbox 2003 1343 3495 1423; baseline 0.003 -18"><span class='ocrx_word' id='word_1_127' title='bbox 2003 1343 2203 1407; x_wconf 91' lang='lat' dir='ltr'><strong>nibile</strong></span> <span class='ocrx_word' id='word_1_128' title='bbox 2251 1355 2367 1420; x_wconf 87' lang='lat' dir='ltr'><strong>est,</strong></span> <span class='ocrx_word' id='word_1_129' title='bbox 2410 1355 2506 1409; x_wconf 90' lang='lat' dir='ltr'><strong>est</strong></span> <span class='ocrx_word' id='word_1_130' title='bbox 2554 1367 2701 1411; x_wconf 89' lang='lat' dir='ltr'><strong>vere</strong></span> <span class='ocrx_word' id='word_1_131' title='bbox 2750 1357 2813 1411; x_wconf 92' lang='lat' dir='ltr'><strong>et</strong></span> <span class='ocrx_word' id='word_1_132' title='bbox 2861 1369 3111 1413; x_wconf 91' lang='lat' dir='ltr'><strong>summe</strong></span> <span class='ocrx_word' id='word_1_133' title='bbox 3158 1370 3380 1423; x_wconf 89' lang='lat' dir='ltr'><strong>unum,</strong></span> <span class='ocrx_word' id='word_1_134' title='bbox 3425 1356 3495 1411; x_wconf 91' lang='lat' dir='ltr'><strong>ut</strong></span> 
     </span>
     <span class='ocr_line' id='line_1_24' title="bbox 2002 1443 3495 1528; baseline 0.003 -24"><span class='ocrx_word' id='word_1_135' title='bbox 2002 1443 2325 1506; x_wconf 83' lang='lat' dir='ltr'><strong>concludit</strong></span> <span class='ocrx_word' id='word_1_136' title='bbox 2366 1445 2637 1508; x_wconf 89' lang='lat' dir='ltr'><strong>Boetius.</strong></span> <span class='ocrx_word' id='word_1_137' title='bbox 2676 1447 2751 1507; x_wconf 92' lang='lat' dir='ltr'><strong>Et</strong></span> <span class='ocrx_word' id='word_1_138' title='bbox 2793 1448 2911 1510; x_wconf 88' lang='lat' dir='ltr'><strong>hoc</strong></span> <span class='ocrx_word' id='word_1_139' title='bbox 2950 1454 3047 1509; x_wconf 90' lang='lat' dir='ltr'><strong>est</strong></span> <span class='ocrx_word' id='word_1_140' title='bbox 3086 1448 3273 1521; x_wconf 80' lang='lat' dir='ltr'><strong>DeuS,</strong></span> <span class='ocrx_word' id='word_1_141' title='bbox 3308 1448 3495 1528; x_wconf 85' lang='lat' dir='ltr'><strong>cujus</strong></span> 
     </span>
     <span class='ocr_line' id='line_1_25' title="bbox 2001 1540 3496 1625; baseline 0.003 -24"><span class='ocrx_word' id='word_1_142' title='bbox 2001 1540 2212 1603; x_wconf 86' lang='lat' dir='ltr'><strong>unitas</strong></span> <span class='ocrx_word' id='word_1_143' title='bbox 2255 1550 2353 1604; x_wconf 89' lang='lat' dir='ltr'><strong>est</strong></span> <span class='ocrx_word' id='word_1_144' title='bbox 2396 1544 2789 1625; x_wconf 89' lang='lat' dir='ltr'><strong>principium</strong></span> <span class='ocrx_word' id='word_1_145' title='bbox 2832 1546 3042 1608; x_wconf 92' lang='lat' dir='ltr'><strong>omnis</strong></span> <span class='ocrx_word' id='word_1_146' title='bbox 3085 1546 3368 1617; x_wconf 89' lang='lat' dir='ltr'><strong>unitatis,</strong></span> <span class='ocrx_word' id='word_1_147' title='bbox 3408 1552 3496 1606; x_wconf 89' lang='lat' dir='ltr'><strong>at-</strong></span> 
     </span>
     <span class='ocr_line' id='line_1_26' title="bbox 2000 1642 3493 1724; baseline 0.003 -25"><span class='ocrx_word' id='word_1_148' title='bbox 2000 1657 2125 1719; x_wconf 88' lang='lat' dir='ltr'><strong>que</strong></span> <span class='ocrx_word' id='word_1_149' title='bbox 2175 1658 2471 1703; x_wconf 89' lang='lat' dir='ltr'><strong>mensura</strong></span> <span class='ocrx_word' id='word_1_150' title='bbox 2515 1643 2726 1704; x_wconf 89' lang='lat' dir='ltr'><strong>omnis</strong></span> <span class='ocrx_word' id='word_1_151' title='bbox 2786 1642 2874 1705; x_wconf 88' lang='lat' dir='ltr'><strong>rei</strong></span> <span class='ocrx_word' id='word_1_152' title='bbox 2928 1660 2943 1705; x_wconf 72' lang='grc' dir='ltr'><strong>ε</strong></span> <span class='ocrx_word' id='word_1_153' title='bbox 2996 1644 3146 1724; x_wconf 89' lang='lat' dir='ltr'><strong>quia</strong></span> <span class='ocrx_word' id='word_1_154' title='bbox 3204 1643 3269 1706; x_wconf 90' lang='lat' dir='ltr'><strong>in</strong></span> <span class='ocrx_word' id='word_1_155' title='bbox 3317 1642 3493 1705; x_wconf 89' lang='lat' dir='ltr'><strong>omni</strong></span> 
     </span>
     <span class='ocr_line' id='line_1_27' title="bbox 2000 1740 3497 1824; baseline 0.003 -26"><span class='ocrx_word' id='word_1_156' title='bbox 2000 1756 2231 1817; x_wconf 86' lang='lat' dir='ltr'><strong>genere</strong></span> <span class='ocrx_word' id='word_1_157' title='bbox 2275 1740 2337 1801; x_wconf 92' lang='lat' dir='ltr'><strong>id</strong></span> <span class='ocrx_word' id='word_1_158' title='bbox 2375 1741 2544 1821; x_wconf 88' lang='lat' dir='ltr'><strong>quod</strong></span> <span class='ocrx_word' id='word_1_159' title='bbox 2588 1748 2683 1803; x_wconf 89' lang='lat' dir='ltr'><strong>est</strong></span> <span class='ocrx_word' id='word_1_160' title='bbox 2722 1742 3093 1815; x_wconf 88' lang='lat' dir='ltr'><strong>maximum,</strong></span> <span class='ocrx_word' id='word_1_161' title='bbox 3127 1750 3224 1804; x_wconf 90' lang='lat' dir='ltr'><strong>est</strong></span> <span class='ocrx_word' id='word_1_162' title='bbox 3264 1742 3497 1824; x_wconf 87' lang='lat' dir='ltr'><strong>princi-</strong></span> 
     </span>
    </p>
   </div>
   <div class='ocr_carea' id='block_1_7' title="bbox 393 1835 3497 1922">
    <p class='ocr_par' dir='ltr' id='par_1_8' title="bbox 393 1835 3497 1922">
     <span class='ocr_line' id='line_1_28' title="bbox 393 1835 3497 1922; baseline 0.002 -25"><span class='ocrx_word' id='word_1_163' title='bbox 393 1844 466 1897; x_wconf 91' lang='lat' dir='ltr'><strong>ut</strong></span> <span class='ocrx_word' id='word_1_164' title='bbox 507 1837 859 1900; x_wconf 81' lang='lat' dir='ltr'><strong>Alexander</strong></span> <span class='ocrx_word' id='word_1_165' title='bbox 897 1838 1154 1920; x_wconf 89' lang='lat' dir='ltr'><strong>copiose</strong></span> <span class='ocrx_word' id='word_1_166' title='bbox 1193 1837 1490 1906; x_wconf 83' lang='lat' dir='ltr'><strong>declarat,</strong></span> <span class='ocrx_word' id='word_1_167' title='bbox 1524 1836 1733 1898; x_wconf 89' lang='lat' dir='ltr'><strong>unitas</strong></span> <span class='ocrx_word' id='word_1_168' title='bbox 1775 1835 1887 1897; x_wconf 91' lang='lat' dir='ltr'><strong>Dei</strong></span> <span class='ocrx_word' id='word_1_169' title='bbox 1927 1836 1974 1898; x_wconf 90' lang='lat' dir='ltr'>B</span> <span class='ocrx_word' id='word_1_170' title='bbox 2005 1836 2185 1917; x_wconf 93' lang='lat' dir='ltr'><strong>pium</strong></span> <span class='ocrx_word' id='word_1_171' title='bbox 2226 1844 2618 1917; x_wconf 83' lang='lat' dir='ltr'><strong>ceterorum3</strong></span> <span class='ocrx_word' id='word_1_172' title='bbox 2658 1846 2721 1900; x_wconf 84' lang='lat' dir='ltr'><strong>et</strong></span> <span class='ocrx_word' id='word_1_173' title='bbox 2757 1840 2928 1921; x_wconf 91' lang='lat' dir='ltr'><strong>quod</strong></span> <span class='ocrx_word' id='word_1_174' title='bbox 2966 1848 3063 1901; x_wconf 90' lang='lat' dir='ltr'><strong>est</strong></span> <span class='ocrx_word' id='word_1_175' title='bbox 3102 1840 3497 1922; x_wconf 88' lang='lat' dir='ltr'><strong>simplicissi-</strong></span> 
     </span>
    </p>
   </div>
   <div class='ocr_carea' id='block_1_8' title="bbox 393 1934 1892 2018">
    <p class='ocr_par' dir='ltr' id='par_1_9' title="bbox 393 1934 1892 2018">
     <span class='ocr_line' id='line_1_29' title="bbox 393 1934 1892 2018; baseline -0.001 -21"><span class='ocrx_word' id='word_1_176' title='bbox 393 1952 522 1998; x_wconf 91' lang='lat' dir='ltr'><strong>non</strong></span> <span class='ocrx_word' id='word_1_177' title='bbox 565 1936 950 2018; x_wconf 87' lang='lat' dir='ltr'><strong>compatitur</strong></span> <span class='ocrx_word' id='word_1_178' title='bbox 986 1955 1206 1998; x_wconf 89' lang='lat' dir='ltr'><strong>secum</strong></span> <span class='ocrx_word' id='word_1_179' title='bbox 1246 1934 1674 2017; x_wconf 86' lang='lat' dir='ltr'><strong>pluralitatem</strong></span> <span class='ocrx_word' id='word_1_180' title='bbox 1714 1941 1892 1997; x_wconf 89' lang='lat' dir='ltr'><strong>natu-</strong></span> 
     </span>
    </p>
   </div>
   <div class='ocr_carea' id='block_1_9' title="bbox 2003 1937 3495 2019">
    <p class='ocr_par' dir='ltr' id='par_1_10' title="bbox 2003 1937 3495 2019">
     <span class='ocr_line' id='line_1_30' title="bbox 2003 1937 3495 2019; baseline 0.003 -24"><span class='ocrx_word' id='word_1_181' title='bbox 2003 1954 2203 2008; x_wconf 89' lang='lat' dir='ltr'><strong>mum,</strong></span> <span class='ocrx_word' id='word_1_182' title='bbox 2249 1954 2547 1997; x_wconf 84' lang='lat' dir='ltr'><strong>mensura</strong></span> <span class='ocrx_word' id='word_1_183' title='bbox 2587 1944 2683 1998; x_wconf 91' lang='lat' dir='ltr'><strong>est</strong></span> <span class='ocrx_word' id='word_1_184' title='bbox 2725 1937 3117 2019; x_wconf 90' lang='lat' dir='ltr'><strong>reliquorum</strong></span> <span class='ocrx_word' id='word_1_185' title='bbox 3161 1939 3225 2001; x_wconf 90' lang='lat' dir='ltr'><strong>in</strong></span> <span class='ocrx_word' id='word_1_186' title='bbox 3264 1956 3495 2019; x_wconf 87' lang='lat' dir='ltr'><strong>genere</strong></span> 
     </span>
    </p>
   </div>
   <div class='ocr_carea' id='block_1_10' title="bbox 388 2032 3498 2901">
    <p class='ocr_par' dir='ltr' id='par_1_11' title="bbox 388 2032 3498 2901">
     <span class='ocr_line' id='line_1_31' title="bbox 391 2032 3495 2117; baseline 0 -22"><span class='ocrx_word' id='word_1_187' title='bbox 391 2052 609 2095; x_wconf 89' lang='lat' dir='ltr'><strong>rarum</strong></span> <span class='ocrx_word' id='word_1_188' title='bbox 649 2052 768 2096; x_wconf 90' lang='lat' dir='ltr'><strong>nec</strong></span> <span class='ocrx_word' id='word_1_189' title='bbox 801 2034 1289 2117; x_wconf 85' lang='lat' dir='ltr'><strong>principiorum,</strong></span> <span class='ocrx_word' id='word_1_190' title='bbox 1324 2034 1436 2096; x_wconf 91' lang='lat' dir='ltr'><strong>sed</strong></span> <span class='ocrx_word' id='word_1_191' title='bbox 1477 2051 1888 2115; x_wconf 88' lang='lat' dir='ltr'><strong>personarum</strong></span> <span class='ocrx_word' id='word_1_192' title='bbox 2001 2050 2136 2094; x_wconf 90' lang='lat' dir='ltr'><strong>suo.</strong></span> <span class='ocrx_word' id='word_1_193' title='bbox 2171 2032 2316 2094; x_wconf 82' lang='lat' dir='ltr'><strong>Haec</strong></span> <span class='ocrx_word' id='word_1_194' title='bbox 2348 2032 2617 2095; x_wconf 87' lang='lat' dir='ltr'><strong>Thomas</strong></span> <span class='ocrx_word' id='word_1_195' title='bbox 2650 2033 2715 2095; x_wconf 90' lang='lat' dir='ltr'><strong>in</strong></span> <span class='ocrx_word' id='word_1_196' title='bbox 2749 2034 3015 2117; x_wconf 88' lang='lat' dir='ltr'><strong>Scripto.</strong></span> <span class='ocrx_word' id='word_1_197' title='bbox 3046 2071 3127 2081; x_wconf 91' lang='lat'>—</span> <span class='ocrx_word' id='word_1_198' title='bbox 3156 2036 3272 2109; x_wconf 86' lang='lat' dir='ltr'><strong>Qui</strong></span> <span class='ocrx_word' id='word_1_199' title='bbox 3301 2035 3495 2097; x_wconf 89' lang='lat' dir='ltr'><strong>etiam</strong></span> 
     </span>
     <span class='ocr_line' id='line_1_32' title="bbox 388 2129 3497 2216; baseline 0.001 -24"><span class='ocrx_word' id='word_1_200' title='bbox 388 2140 458 2192; x_wconf 87' lang='lat' dir='ltr'><strong>et</strong></span> <span class='ocrx_word' id='word_1_201' title='bbox 490 2131 774 2193; x_wconf 90' lang='lat' dir='ltr'><strong>idearum</strong></span> <span class='ocrx_word' id='word_1_202' title='bbox 816 2152 890 2195; x_wconf 89' lang='lat' dir='ltr'><strong>ac</strong></span> <span class='ocrx_word' id='word_1_203' title='bbox 929 2132 1402 2205; x_wconf 85' lang='lat' dir='ltr'><strong>attributorum,</strong></span> <span class='ocrx_word' id='word_1_204' title='bbox 1437 2132 1568 2194; x_wconf 90' lang='lat' dir='ltr'><strong>imo</strong></span> <span class='ocrx_word' id='word_1_205' title='bbox 1597 2140 1660 2194; x_wconf 90' lang='lat' dir='ltr'><strong>et</strong></span> <span class='ocrx_word' id='word_1_206' title='bbox 1693 2132 1891 2194; x_wconf 91' lang='lat' dir='ltr'><strong>notio-</strong></span> <span class='ocrx_word' id='word_1_207' title='bbox 2000 2129 2077 2189; x_wconf 90' lang='lat' dir='ltr'><strong>de</strong></span> <span class='ocrx_word' id='word_1_208' title='bbox 2110 2129 2351 2191; x_wconf 84' lang='lat' dir='ltr'><strong>unitate</strong></span> <span class='ocrx_word' id='word_1_209' title='bbox 2378 2130 2489 2191; x_wconf 91' lang='lat' dir='ltr'><strong>Dei</strong></span> <span class='ocrx_word' id='word_1_210' title='bbox 2522 2130 2747 2193; x_wconf 90' lang='lat' dir='ltr'><strong>scribit</strong></span> <span class='ocrx_word' id='word_1_211' title='bbox 2780 2130 2843 2193; x_wconf 88' lang='lat' dir='ltr'><strong>in</strong></span> <span class='ocrx_word' id='word_1_212' title='bbox 2876 2133 3083 2214; x_wconf 90' lang='lat' dir='ltr'><strong>prima</strong></span> <span class='ocrx_word' id='word_1_213' title='bbox 3115 2141 3290 2216; x_wconf 89' lang='lat' dir='ltr'><strong>parte</strong></span> <span class='ocrx_word' id='word_1_214' title='bbox 3322 2133 3497 2195; x_wconf 91' lang='lat' dir='ltr'><strong>Sum-</strong></span> 
     </span>
     <span class='ocr_line' id='line_1_33' title="bbox 390 2225 3496 2312; baseline 0.001 -22"><span class='ocrx_word' id='word_1_215' title='bbox 390 2248 552 2291; x_wconf 89' lang='lat' dir='ltr'><strong>num</strong></span> <span class='ocrx_word' id='word_1_216' title='bbox 583 2239 646 2292; x_wconf 84' lang='lat' dir='ltr'><strong>et-</strong></span> <span class='ocrx_word' id='word_1_217' title='bbox 675 2230 1056 2293; x_wconf 90' lang='lat' dir='ltr'><strong>relationum</strong></span> <span class='ocrx_word' id='word_1_218' title='bbox 1094 2248 1108 2292; x_wconf 93' lang='lat'>:</span> <span class='ocrx_word' id='word_1_219' title='bbox 1141 2250 1285 2312; x_wconf 81' lang='lat' dir='ltr'><strong>quae</strong></span> <span class='ocrx_word' id='word_1_220' title='bbox 1323 2231 1410 2293; x_wconf 93' lang='lat' dir='ltr'><strong>ita</strong></span> <span class='ocrx_word' id='word_1_221' title='bbox 1437 2250 1475 2293; x_wconf 96' lang='lat' dir='ltr'><strong>a</strong></span> <span class='ocrx_word' id='word_1_222' title='bbox 1505 2250 1572 2293; x_wconf 93' lang='lat' dir='ltr'><strong>se</strong></span> <span class='ocrx_word' id='word_1_223' title='bbox 1615 2230 1890 2292; x_wconf 89' lang='lat' dir='ltr'><strong>invicem</strong></span> <span class='ocrx_word' id='word_1_224' title='bbox 2003 2225 2143 2301; x_wconf 68' lang='lat' dir='ltr'><strong>mai,</strong></span> <span class='ocrx_word' id='word_1_225' title='bbox 2191 2228 2541 2309; x_wconf 69' lang='lat' dir='ltr'><strong>quaestione</strong></span> <span class='ocrx_word' id='word_1_226' title='bbox 2596 2230 2955 2305; x_wconf 89' lang='lat' dir='ltr'><strong>undecima,</strong></span> <span class='ocrx_word' id='word_1_227' title='bbox 3006 2240 3069 2293; x_wconf 89' lang='lat' dir='ltr'><strong>et</strong></span> <span class='ocrx_word' id='word_1_228' title='bbox 3118 2232 3181 2293; x_wconf 87' lang='lat' dir='ltr'><strong>in</strong></span> <span class='ocrx_word' id='word_1_229' title='bbox 3236 2232 3496 2293; x_wconf 89' lang='lat' dir='ltr'><strong>Summa</strong></span> 
     </span>
     <span class='ocr_line' id='line_1_34' title="bbox 391 2326 3009 2411; baseline 0 -23"><span class='ocrx_word' id='word_1_230' title='bbox 391 2328 650 2395; x_wconf 76' lang='lat' dir='ltr'><strong>realiter</strong></span> <span class='ocrx_word' id='word_1_231' title='bbox 686 2330 1190 2409; x_wconf 86' lang='lat' dir='ltr'><strong>distinguuntur,</strong></span> <span class='ocrx_word' id='word_1_232' title='bbox 1223 2330 1394 2411; x_wconf 88' lang='lat' dir='ltr'><strong>quod</strong></span> <span class='ocrx_word' id='word_1_233' title='bbox 1437 2336 1649 2391; x_wconf 88' lang='lat' dir='ltr'><strong>tamen</strong></span> <span class='ocrx_word' id='word_1_234' title='bbox 1693 2328 1759 2391; x_wconf 90' lang='lat' dir='ltr'><strong>in</strong></span> <span class='ocrx_word' id='word_1_235' title='bbox 1797 2348 1892 2391; x_wconf 88' lang='lat' dir='ltr'><strong>es·</strong></span> <span class='ocrx_word' id='word_1_236' title='bbox 2002 2334 2221 2388; x_wconf 87' lang='lat' dir='ltr'><strong>contra</strong></span> <span class='ocrx_word' id='word_1_237' title='bbox 2260 2326 2531 2407; x_wconf 84' lang='lat' dir='ltr'><strong>gentiles</strong></span> <span class='ocrx_word' id='word_1_238' title='bbox 2575 2327 2740 2391; x_wconf 91' lang='lat' dir='ltr'><strong>libro</strong></span> <span class='ocrx_word' id='word_1_239' title='bbox 2782 2328 3009 2410; x_wconf 90' lang='lat' dir='ltr'><strong>primo.</strong></span> 
     </span>
     <span class='ocr_line' id='line_1_35' title="bbox 391 2420 3491 2509; baseline 0.001 -22"><span class='ocrx_word' id='word_1_240' title='bbox 391 2420 604 2488; x_wconf 72' lang='lat' dir='ltr'><strong>sentia</strong></span> <span class='ocrx_word' id='word_1_241' title='bbox 646 2446 846 2489; x_wconf 89' lang='lat' dir='ltr'><strong>unum</strong></span> <span class='ocrx_word' id='word_1_242' title='bbox 890 2434 955 2489; x_wconf 91' lang='lat' dir='ltr'><strong>et</strong></span> <span class='ocrx_word' id='word_1_243' title='bbox 998 2428 1168 2489; x_wconf 91' lang='lat' dir='ltr'><strong>idem</strong></span> <span class='ocrx_word' id='word_1_244' title='bbox 1211 2435 1378 2490; x_wconf 90' lang='lat' dir='ltr'><strong>sunt.</strong></span> <span class='ocrx_word' id='word_1_245' title='bbox 2083 2424 2435 2487; x_wconf 90' lang='lat' dir='ltr'><strong>Concordat</strong></span> <span class='ocrx_word' id='word_1_246' title='bbox 2464 2426 2700 2488; x_wconf 86' lang='lat' dir='ltr'><strong>Petrus.</strong></span> <span class='ocrx_word' id='word_1_247' title='bbox 2737 2426 2852 2501; x_wconf 86' lang='lat' dir='ltr'><strong>Qui</strong></span> <span class='ocrx_word' id='word_1_248' title='bbox 2884 2426 3077 2489; x_wconf 89' lang='lat' dir='ltr'><strong>etiam</strong></span> <span class='ocrx_word' id='word_1_249' title='bbox 3107 2427 3335 2509; x_wconf 81' lang='lat' dir='ltr'><strong>quaerit</strong></span> <span class='ocrx_word' id='word_1_250' title='bbox 3363 2427 3491 2501; x_wconf 90' lang='lat' dir='ltr'><strong>hic,</strong></span> 
     </span>
     <span class='ocr_line' id='line_1_36' title="bbox 479 2522 3495 2607; baseline 0 -21"><span class='ocrx_word' id='word_1_251' title='bbox 479 2522 790 2587; x_wconf 84' lang='lat' dir='ltr'><strong>Consonat</strong></span> <span class='ocrx_word' id='word_1_252' title='bbox 821 2524 1092 2587; x_wconf 84' lang='lat' dir='ltr'><strong>Thomas</strong></span> <span class='ocrx_word' id='word_1_253' title='bbox 1127 2545 1140 2589; x_wconf 90' lang='lat'>:</span> <span class='ocrx_word' id='word_1_254' title='bbox 1175 2527 1364 2601; x_wconf 90' lang='lat' dir='ltr'><strong>Deus,</strong></span> <span class='ocrx_word' id='word_1_255' title='bbox 1397 2526 1715 2607; x_wconf 80' lang='lat' dir='ltr'><strong>inquienS,</strong></span> <span class='ocrx_word' id='word_1_256' title='bbox 1746 2544 1893 2588; x_wconf 90' lang='lat' dir='ltr'><strong>vere</strong></span> <span class='ocrx_word' id='word_1_257' title='bbox 2002 2530 2219 2584; x_wconf 90' lang='lat' dir='ltr'><strong>utrum</strong></span> <span class='ocrx_word' id='word_1_258' title='bbox 2252 2524 2459 2585; x_wconf 84' lang='lat' dir='ltr'><strong>unitas</strong></span> <span class='ocrx_word' id='word_1_259' title='bbox 2500 2524 2747 2587; x_wconf 88' lang='lat' dir='ltr'><strong>dicatur</strong></span> <span class='ocrx_word' id='word_1_260' title='bbox 2788 2525 3058 2606; x_wconf 87' lang='lat' dir='ltr'><strong>positive</strong></span> <span class='ocrx_word' id='word_1_261' title='bbox 3098 2525 3164 2586; x_wconf 87' lang='lat' dir='ltr'><strong>in</strong></span> <span class='ocrx_word' id='word_1_262' title='bbox 3194 2526 3339 2587; x_wconf 90' lang='lat' dir='ltr'><strong>Deo.</strong></span> <span class='ocrx_word' id='word_1_263' title='bbox 3378 2526 3495 2589; x_wconf 89' lang='lat' dir='ltr'><strong>Cu-</strong></span> 
     </span>
     <span class='ocr_line' id='line_1_37' title="bbox 391 2621 3495 2706; baseline 0.001 -22"><span class='ocrx_word' id='word_1_264' title='bbox 391 2642 470 2684; x_wconf 85' lang='lat' dir='ltr'><strong>ac</strong></span> <span class='ocrx_word' id='word_1_265' title='bbox 503 2624 944 2705; x_wconf 89' lang='lat' dir='ltr'><strong>propriissime</strong></span> <span class='ocrx_word' id='word_1_266' title='bbox 976 2643 1144 2685; x_wconf 92' lang='lat' dir='ltr'><strong>unus</strong></span> <span class='ocrx_word' id='word_1_267' title='bbox 1172 2633 1269 2687; x_wconf 90' lang='grc' dir='ltr'><strong>θεῖ</strong></span> <span class='ocrx_word' id='word_1_268' title='bbox 1303 2642 1316 2686; x_wconf 91' lang='lat'><strong>:</strong></span> <span class='ocrx_word' id='word_1_269' title='bbox 1352 2625 1501 2706; x_wconf 90' lang='lat' dir='ltr'><strong>quia</strong></span> <span class='ocrx_word' id='word_1_270' title='bbox 1539 2624 1890 2685; x_wconf 90' lang='lat' dir='ltr'><strong>secundum</strong></span> <span class='ocrx_word' id='word_1_271' title='bbox 1999 2621 2106 2701; x_wconf 87' lang='lat' dir='ltr'><strong>jus</strong></span> <span class='ocrx_word' id='word_1_272' title='bbox 2144 2622 2517 2703; x_wconf 64' lang='lat' dir='ltr'><strong>quaestionis</strong></span> <span class='ocrx_word' id='word_1_273' title='bbox 2557 2622 2789 2685; x_wconf 88' lang='lat' dir='ltr'><strong>solutio</strong></span> <span class='ocrx_word' id='word_1_274' title='bbox 2818 2623 2985 2685; x_wconf 89' lang='lat' dir='ltr'><strong>valet</strong></span> <span class='ocrx_word' id='word_1_275' title='bbox 3022 2624 3101 2685; x_wconf 97' lang='lat' dir='ltr'><strong>ad</strong></span> <span class='ocrx_word' id='word_1_276' title='bbox 3139 2623 3495 2704; x_wconf 88' lang='lat' dir='ltr'><strong>intelligen-</strong></span> 
     </span>
     <span class='ocr_line' id='line_1_38' title="bbox 391 2719 3498 2803; baseline 0 -21"><span class='ocrx_word' id='word_1_277' title='bbox 391 2722 568 2802; x_wconf 87' lang='lat' dir='ltr'><strong>quod</strong></span> <span class='ocrx_word' id='word_1_278' title='bbox 600 2721 839 2803; x_wconf 88' lang='lat' dir='ltr'><strong>aliquid</strong></span> <span class='ocrx_word' id='word_1_279' title='bbox 869 2722 1062 2783; x_wconf 90' lang='lat' dir='ltr'><strong>habet</strong></span> <span class='ocrx_word' id='word_1_280' title='bbox 1092 2742 1160 2784; x_wconf 90' lang='lat' dir='ltr'><strong>se</strong></span> <span class='ocrx_word' id='word_1_281' title='bbox 1190 2723 1269 2784; x_wconf 94' lang='lat' dir='ltr'><strong>ad</strong></span> <span class='ocrx_word' id='word_1_282' title='bbox 1300 2721 1773 2793; x_wconf 87' lang='lat' dir='ltr'><strong>indivisionem,</strong></span> <span class='ocrx_word' id='word_1_283' title='bbox 1809 2721 1896 2782; x_wconf 89' lang='lat' dir='ltr'><strong>ita</strong></span> <span class='ocrx_word' id='word_1_284' title='bbox 2003 2719 2157 2781; x_wconf 89' lang='lat' dir='ltr'><strong>tiam</strong></span> <span class='ocrx_word' id='word_1_285' title='bbox 2190 2720 2439 2782; x_wconf 90' lang='lat' dir='ltr'><strong>horum.</strong></span> <span class='ocrx_word' id='word_1_286' title='bbox 2476 2722 2691 2802; x_wconf 89' lang='lat' dir='ltr'><strong>ltaque</strong></span> <span class='ocrx_word' id='word_1_287' title='bbox 2730 2721 2819 2781; x_wconf 87' lang='lat' dir='ltr'><strong>ait</strong></span> <span class='ocrx_word' id='word_1_288' title='bbox 2854 2738 2867 2783; x_wconf 92' lang='lat'><strong>:</strong></span> <span class='ocrx_word' id='word_1_289' title='bbox 2902 2722 2989 2782; x_wconf 90' lang='lat' dir='ltr'><strong>De</strong></span> <span class='ocrx_word' id='word_1_290' title='bbox 3028 2739 3157 2783; x_wconf 92' lang='lat' dir='ltr'><strong>uno</strong></span> <span class='ocrx_word' id='word_1_291' title='bbox 3185 2721 3498 2802; x_wconf 90' lang='lat' dir='ltr'><strong>contingit</strong></span> 
     </span>
     <span class='ocr_line' id='line_1_39' title="bbox 391 2817 3497 2901; baseline 0 -21"><span class='ocrx_word' id='word_1_292' title='bbox 391 2838 464 2880; x_wconf 92' lang='lat' dir='ltr'><strong>se</strong></span> <span class='ocrx_word' id='word_1_293' title='bbox 503 2819 697 2881; x_wconf 86' lang='lat' dir='ltr'><strong>habet</strong></span> <span class='ocrx_word' id='word_1_294' title='bbox 733 2820 811 2881; x_wconf 88' lang='lat' dir='ltr'><strong>ad</strong></span> <span class='ocrx_word' id='word_1_295' title='bbox 856 2821 1184 2882; x_wconf 84' lang='lat' dir='ltr'><strong>unitatem.</strong></span> <span class='ocrx_word' id='word_1_296' title='bbox 1219 2820 1378 2882; x_wconf 88' lang='lat' dir='ltr'><strong>Nam</strong></span> <span class='ocrx_word' id='word_1_297' title='bbox 1420 2827 1578 2882; x_wconf 91' lang='lat' dir='ltr'><strong>teste</strong></span> <span class='ocrx_word' id='word_1_298' title='bbox 1621 2820 1895 2882; x_wconf 88' lang='lat' dir='ltr'><strong>Philoso-</strong></span> <span class='ocrx_word' id='word_1_299' title='bbox 2005 2817 2178 2899; x_wconf 92' lang='lat' dir='ltr'><strong>loqui</strong></span> <span class='ocrx_word' id='word_1_300' title='bbox 2213 2818 2555 2900; x_wconf 89' lang='lat' dir='ltr'><strong>dupliciter</strong></span> <span class='ocrx_word' id='word_1_301' title='bbox 2590 2836 2603 2881; x_wconf 74' lang='grc' dir='ltr'><strong><em>ε</em></strong></span> <span class='ocrx_word' id='word_1_302' title='bbox 2640 2819 2869 2901; x_wconf 84' lang='lat' dir='ltr'><strong>prime,</strong></span> <span class='ocrx_word' id='word_1_303' title='bbox 2904 2827 3213 2901; x_wconf 89' lang='lat' dir='ltr'><strong>quantum</strong></span> <span class='ocrx_word' id='word_1_304' title='bbox 3250 2819 3329 2880; x_wconf 90' lang='lat' dir='ltr'><strong>ad</strong></span> <span class='ocrx_word' id='word_1_305' title='bbox 3361 2838 3497 2881; x_wconf 90' lang='lat' dir='ltr'><strong>rem</strong></span> 
     </span>
    </p>
   </div>
   <div class='ocr_carea' id='block_1_11' title="bbox 392 2916 1896 2999">
    <p class='ocr_par' dir='ltr' id='par_1_12' title="bbox 392 2916 1896 2999">
     <span class='ocr_line' id='line_1_40' title="bbox 392 2916 1896 2999; baseline 0.001 -21"><span class='ocrx_word' id='word_1_306' title='bbox 392 2916 550 2999; x_wconf 88' lang='lat' dir='ltr'><strong>pho,</strong></span> <span class='ocrx_word' id='word_1_307' title='bbox 597 2936 710 2979; x_wconf 91' lang='lat' dir='ltr'><strong>ens</strong></span> <span class='ocrx_word' id='word_1_308' title='bbox 758 2918 995 2979; x_wconf 85' lang='lat' dir='ltr'><strong>dicitur</strong></span> <span class='ocrx_word' id='word_1_309' title='bbox 1043 2938 1266 2991; x_wconf 90' lang='lat' dir='ltr'><strong>unum,</strong></span> <span class='ocrx_word' id='word_1_310' title='bbox 1311 2918 1616 2999; x_wconf 88' lang='lat' dir='ltr'><strong>quoniam</strong></span> <span class='ocrx_word' id='word_1_311' title='bbox 1668 2918 1896 2980; x_wconf 90' lang='lat' dir='ltr'><strong>indivi—</strong></span> 
     </span>
    </p>
   </div>
   <div class='ocr_carea' id='block_1_12' title="bbox 389 3012 3075 3098">
    <p class='ocr_par' dir='ltr' id='par_1_13' title="bbox 389 3012 3075 3098">
     <span class='ocr_line' id='line_1_41' title="bbox 389 3012 3075 3098; baseline 0 -21"><span class='ocrx_word' id='word_1_312' title='bbox 389 3034 562 3077; x_wconf 89' lang='lat' dir='ltr'><strong>sum.</strong></span> <span class='ocrx_word' id='word_1_313' title='bbox 589 3016 734 3079; x_wconf 91' lang='lat' dir='ltr'><strong>ldeo</strong></span> <span class='ocrx_word' id='word_1_314' title='bbox 765 3015 872 3078; x_wconf 91' lang='lat' dir='ltr'><strong>illa</strong></span> <span class='ocrx_word' id='word_1_315' title='bbox 900 3035 1044 3097; x_wconf 81' lang='lat' dir='ltr'><strong>quae</strong></span> <span class='ocrx_word' id='word_1_316' title='bbox 1074 3025 1224 3079; x_wconf 90' lang='lat' dir='ltr'><strong>sunt</strong></span> <span class='ocrx_word' id='word_1_317' title='bbox 1255 3016 1528 3079; x_wconf 90' lang='lat' dir='ltr'><strong>indivisa</strong></span> <span class='ocrx_word' id='word_1_318' title='bbox 1557 3035 1672 3098; x_wconf 91' lang='lat' dir='ltr'><strong>per</strong></span> <span class='ocrx_word' id='word_1_319' title='bbox 1701 3036 1790 3091; x_wconf 90' lang='lat' dir='ltr'><strong>se,</strong></span> <span class='ocrx_word' id='word_1_320' title='bbox 1827 3023 1895 3077; x_wconf 92' lang='lat' dir='ltr'><strong>ut</strong></span> <span class='ocrx_word' id='word_1_321' title='bbox 1931 3012 1975 3076; x_wconf 87' lang='lat' dir='ltr'>C</span> <span class='ocrx_word' id='word_1_322' title='bbox 2005 3032 2118 3075; x_wconf 92' lang='lat' dir='ltr'><strong>seu</strong></span> <span class='ocrx_word' id='word_1_323' title='bbox 2187 3014 2624 3077; x_wconf 87' lang='lat' dir='ltr'><strong>innotescendi</strong></span> <span class='ocrx_word' id='word_1_324' title='bbox 2684 3016 3075 3098; x_wconf 90' lang='lat' dir='ltr'><strong>principium</strong></span> 
     </span>
    </p>
   </div>
   <div class='ocr_carea' id='block_1_13' title="bbox 385 3115 1900 4178">
    <p class='ocr_par' dir='ltr' id='par_1_14' title="bbox 385 3115 1900 4178">
     <span class='ocr_line' id='line_1_42' title="bbox 387 3115 1896 3197; baseline 0 -19"><span class='ocrx_word' id='word_1_325' title='bbox 387 3115 708 3190; x_wconf 87' lang='lat' dir='ltr'><strong>Socrates,</strong></span> <span class='ocrx_word' id='word_1_326' title='bbox 758 3115 974 3178; x_wconf 88' lang='lat' dir='ltr'><strong>verius</strong></span> <span class='ocrx_word' id='word_1_327' title='bbox 1036 3135 1236 3178; x_wconf 90' lang='lat' dir='ltr'><strong>unum</strong></span> <span class='ocrx_word' id='word_1_328' title='bbox 1297 3123 1445 3177; x_wconf 89' lang='lat' dir='ltr'><strong>sunt</strong></span> <span class='ocrx_word' id='word_1_329' title='bbox 1503 3135 1695 3197; x_wconf 88' lang='lat' dir='ltr'><strong>quam</strong></span> <span class='ocrx_word' id='word_1_330' title='bbox 1754 3135 1896 3197; x_wconf 81' lang='lat' dir='ltr'><strong>quae</strong></span> 
     </span>
     <span class='ocr_line' id='line_1_43' title="bbox 388 3213 1896 3296; baseline 0.001 -22"><span class='ocrx_word' id='word_1_331' title='bbox 388 3221 547 3274; x_wconf 90' lang='lat' dir='ltr'><strong>sunt</strong></span> <span class='ocrx_word' id='word_1_332' title='bbox 587 3213 862 3276; x_wconf 90' lang='lat' dir='ltr'><strong>indivisa</strong></span> <span class='ocrx_word' id='word_1_333' title='bbox 903 3232 1019 3296; x_wconf 90' lang='lat' dir='ltr'><strong>per</strong></span> <span class='ocrx_word' id='word_1_334' title='bbox 1055 3213 1374 3287; x_wconf 83' lang='lat' dir='ltr'><strong>accidenS,</strong></span> <span class='ocrx_word' id='word_1_335' title='bbox 1409 3222 1479 3276; x_wconf 92' lang='lat' dir='ltr'><strong>ut</strong></span> <span class='ocrx_word' id='word_1_336' title='bbox 1517 3215 1802 3276; x_wconf 85' lang='lat' dir='ltr'><strong>Socrates</strong></span> <span class='ocrx_word' id='word_1_337' title='bbox 1833 3223 1896 3276; x_wconf 89' lang='lat' dir='ltr'><strong>et</strong></span> 
     </span>
     <span class='ocr_line' id='line_1_44' title="bbox 385 3312 1898 3395; baseline -0.001 -21"><span class='ocrx_word' id='word_1_338' title='bbox 385 3312 640 3388; x_wconf 88' lang='lat' dir='ltr'><strong>album,</strong></span> <span class='ocrx_word' id='word_1_339' title='bbox 683 3333 824 3394; x_wconf 78' lang='lat' dir='ltr'><strong>quae</strong></span> <span class='ocrx_word' id='word_1_340' title='bbox 865 3320 1017 3374; x_wconf 91' lang='lat' dir='ltr'><strong>sunt</strong></span> <span class='ocrx_word' id='word_1_341' title='bbox 1063 3331 1262 3374; x_wconf 91' lang='lat' dir='ltr'><strong>unum</strong></span> <span class='ocrx_word' id='word_1_342' title='bbox 1308 3331 1423 3395; x_wconf 88' lang='lat' dir='ltr'><strong>per</strong></span> <span class='ocrx_word' id='word_1_343' title='bbox 1460 3313 1776 3375; x_wconf 89' lang='lat' dir='ltr'><strong>accidens.</strong></span> <span class='ocrx_word' id='word_1_344' title='bbox 1822 3313 1898 3374; x_wconf 88' lang='lat' dir='ltr'><strong>Et</strong></span> 
     </span>
     <span class='ocr_line' id='line_1_45' title="bbox 391 3410 1896 3492; baseline 0 -20"><span class='ocrx_word' id='word_1_345' title='bbox 391 3411 568 3472; x_wconf 86' lang='lat' dir='ltr'><strong>inter</strong></span> <span class='ocrx_word' id='word_1_346' title='bbox 613 3429 688 3473; x_wconf 90' lang='lat' dir='ltr'><strong>ea</strong></span> <span class='ocrx_word' id='word_1_347' title='bbox 735 3431 876 3492; x_wconf 81' lang='lat' dir='ltr'><strong>quae</strong></span> <span class='ocrx_word' id='word_1_348' title='bbox 923 3419 1073 3473; x_wconf 90' lang='lat' dir='ltr'><strong>sunt</strong></span> <span class='ocrx_word' id='word_1_349' title='bbox 1123 3429 1324 3472; x_wconf 90' lang='lat' dir='ltr'><strong>unum</strong></span> <span class='ocrx_word' id='word_1_350' title='bbox 1382 3429 1496 3492; x_wconf 91' lang='lat' dir='ltr'><strong>per</strong></span> <span class='ocrx_word' id='word_1_351' title='bbox 1543 3429 1632 3484; x_wconf 91' lang='lat' dir='ltr'><strong>se,</strong></span> <span class='ocrx_word' id='word_1_352' title='bbox 1684 3410 1896 3473; x_wconf 91' lang='lat' dir='ltr'><strong>verius</strong></span> 
     </span>
     <span class='ocr_line' id='line_1_46' title="bbox 391 3507 1892 3590; baseline 0 -20"><span class='ocrx_word' id='word_1_353' title='bbox 391 3527 604 3570; x_wconf 86' lang='lat' dir='ltr'><strong>unum</strong></span> <span class='ocrx_word' id='word_1_354' title='bbox 645 3517 792 3570; x_wconf 89' lang='lat' dir='ltr'><strong>sunt</strong></span> <span class='ocrx_word' id='word_1_355' title='bbox 821 3528 964 3590; x_wconf 81' lang='lat' dir='ltr'><strong>quae</strong></span> <span class='ocrx_word' id='word_1_356' title='bbox 995 3515 1143 3571; x_wconf 91' lang='lat' dir='ltr'><strong>sunt</strong></span> <span class='ocrx_word' id='word_1_357' title='bbox 1182 3508 1455 3570; x_wconf 89' lang='lat' dir='ltr'><strong>indivisa</strong></span> <span class='ocrx_word' id='word_1_358' title='bbox 1492 3507 1892 3590; x_wconf 88' lang='lat' dir='ltr'><strong>simpliciter,</strong></span> 
     </span>
     <span class='ocr_line' id='line_1_47' title="bbox 389 3605 1896 3689; baseline 0.001 -22"><span class='ocrx_word' id='word_1_359' title='bbox 389 3626 594 3689; x_wconf 86' lang='lat' dir='ltr'><strong>quam</strong></span> <span class='ocrx_word' id='word_1_360' title='bbox 625 3625 766 3688; x_wconf 86' lang='lat' dir='ltr'><strong>quae</strong></span> <span class='ocrx_word' id='word_1_361' title='bbox 797 3614 948 3668; x_wconf 88' lang='lat' dir='ltr'><strong>sunt</strong></span> <span class='ocrx_word' id='word_1_362' title='bbox 977 3607 1252 3668; x_wconf 92' lang='lat' dir='ltr'><strong>indivisa</strong></span> <span class='ocrx_word' id='word_1_363' title='bbox 1289 3614 1583 3688; x_wconf 90' lang='lat' dir='ltr'><strong>respectu</strong></span> <span class='ocrx_word' id='word_1_364' title='bbox 1621 3605 1896 3686; x_wconf 85' lang='lat' dir='ltr'><strong>alicujus</strong></span> 
     </span>
     <span class='ocr_line' id='line_1_48' title="bbox 389 3703 1896 3786; baseline 0 -20"><span class='ocrx_word' id='word_1_365' title='bbox 389 3705 652 3785; x_wconf 83' lang='lat' dir='ltr'><strong>generis</strong></span> <span class='ocrx_word' id='word_1_366' title='bbox 684 3704 783 3765; x_wconf 88' lang='lat' dir='ltr'><strong>vel</strong></span> <span class='ocrx_word' id='word_1_367' title='bbox 821 3703 1060 3785; x_wconf 87' lang='lat' dir='ltr'><strong>speciei</strong></span> <span class='ocrx_word' id='word_1_368' title='bbox 1097 3713 1205 3766; x_wconf 94' lang='lat' dir='ltr'><strong>aut</strong></span> <span class='ocrx_word' id='word_1_369' title='bbox 1244 3703 1672 3786; x_wconf 90' lang='lat' dir='ltr'><strong>proportionis</strong></span> <span class='ocrx_word' id='word_1_370' title='bbox 1707 3721 1720 3765; x_wconf 90' lang='lat'>:</span> <span class='ocrx_word' id='word_1_371' title='bbox 1756 3724 1896 3785; x_wconf 82' lang='lat' dir='ltr'><strong>quae</strong></span> 
     </span>
     <span class='ocr_line' id='line_1_49' title="bbox 391 3801 1896 3882; baseline 0.001 -19"><span class='ocrx_word' id='word_1_372' title='bbox 391 3801 594 3863; x_wconf 88' lang='lat' dir='ltr'><strong>etiam</strong></span> <span class='ocrx_word' id='word_1_373' title='bbox 627 3819 753 3864; x_wconf 92' lang='lat' dir='ltr'><strong>non</strong></span> <span class='ocrx_word' id='word_1_374' title='bbox 785 3801 1089 3862; x_wconf 89' lang='lat' dir='ltr'><strong>dicuntur</strong></span> <span class='ocrx_word' id='word_1_375' title='bbox 1119 3801 1498 3882; x_wconf 84' lang='lat' dir='ltr'><strong>simpliciter</strong></span> <span class='ocrx_word' id='word_1_376' title='bbox 1528 3821 1751 3876; x_wconf 90' lang='lat' dir='ltr'><strong>unum,</strong></span> <span class='ocrx_word' id='word_1_377' title='bbox 1786 3802 1896 3864; x_wconf 90' lang='lat' dir='ltr'><strong>sed</strong></span> 
     </span>
     <span class='ocr_line' id='line_1_50' title="bbox 393 3898 1894 3982; baseline 0 -22"><span class='ocrx_word' id='word_1_378' title='bbox 393 3918 606 3960; x_wconf 86' lang='lat' dir='ltr'><strong>unum</strong></span> <span class='ocrx_word' id='word_1_379' title='bbox 643 3917 874 3980; x_wconf 84' lang='lat' dir='ltr'><strong>genere</strong></span> <span class='ocrx_word' id='word_1_380' title='bbox 907 3898 1008 3961; x_wconf 89' lang='lat' dir='ltr'><strong>vel</strong></span> <span class='ocrx_word' id='word_1_381' title='bbox 1049 3898 1260 3980; x_wconf 89' lang='lat' dir='ltr'><strong>specie</strong></span> <span class='ocrx_word' id='word_1_382' title='bbox 1298 3907 1408 3960; x_wconf 89' lang='lat' dir='ltr'><strong>aut</strong></span> <span class='ocrx_word' id='word_1_383' title='bbox 1449 3901 1894 3982; x_wconf 82' lang='lat' dir='ltr'><strong>proportione3</strong></span> 
     </span>
     <span class='ocr_line' id='line_1_51' title="bbox 389 3996 1900 4078; baseline 0.001 -20"><span class='ocrx_word' id='word_1_384' title='bbox 389 3997 510 4058; x_wconf 89' lang='lat' dir='ltr'><strong>sed</strong></span> <span class='ocrx_word' id='word_1_385' title='bbox 552 3997 724 4078; x_wconf 87' lang='lat' dir='ltr'><strong>quod</strong></span> <span class='ocrx_word' id='word_1_386' title='bbox 773 3996 1156 4078; x_wconf 89' lang='lat' dir='ltr'><strong>simpliciter</strong></span> <span class='ocrx_word' id='word_1_387' title='bbox 1198 3996 1546 4060; x_wconf 87' lang='lat' dir='ltr'><strong>indivisum</strong></span> <span class='ocrx_word' id='word_1_388' title='bbox 1590 4005 1706 4072; x_wconf 82' lang='lat' dir='ltr'><strong>est,</strong></span> <span class='ocrx_word' id='word_1_389' title='bbox 1751 3999 1900 4060; x_wconf 90' lang='lat' dir='ltr'><strong>sim-</strong></span> 
     </span>
     <span class='ocr_line' id='line_1_52' title="bbox 389 4097 1890 4178; baseline 0.001 -20"><span class='ocrx_word' id='word_1_390' title='bbox 389 4097 656 4178; x_wconf 90' lang='lat' dir='ltr'><strong>pliciter</strong></span> <span class='ocrx_word' id='word_1_391' title='bbox 701 4116 902 4158; x_wconf 88' lang='lat' dir='ltr'><strong>unum</strong></span> <span class='ocrx_word' id='word_1_392' title='bbox 943 4104 1062 4170; x_wconf 88' lang='lat' dir='ltr'><strong>est,</strong></span> <span class='ocrx_word' id='word_1_393' title='bbox 1096 4104 1314 4178; x_wconf 86' lang='lat' dir='ltr'><strong>utpote</strong></span> <span class='ocrx_word' id='word_1_394' title='bbox 1358 4116 1559 4159; x_wconf 91' lang='lat' dir='ltr'><strong>unum</strong></span> <span class='ocrx_word' id='word_1_395' title='bbox 1605 4116 1890 4161; x_wconf 90' lang='lat' dir='ltr'><strong>numero.</strong></span> 
     </span>
    </p>
   </div>
   <div class='ocr_carea' id='block_1_14' title="bbox 2004 2916 3500 4181">
    <p class='ocr_par' dir='ltr' id='par_1_15' title="bbox 2004 2916 3500 4181">
     <span class='ocr_line' id='line_1_53' title="bbox 2004 2916 3497 2999; baseline 0.001 -22"><span class='ocrx_word' id='word_1_396' title='bbox 2004 2916 2441 2995; x_wconf 82' lang='lat' dir='ltr'><strong>intellectam3</strong></span> <span class='ocrx_word' id='word_1_397' title='bbox 2490 2918 2791 2991; x_wconf 91' lang='lat' dir='ltr'><strong>secundo,</strong></span> <span class='ocrx_word' id='word_1_398' title='bbox 2845 2918 3052 2999; x_wconf 91' lang='lat' dir='ltr'><strong>quoad</strong></span> <span class='ocrx_word' id='word_1_399' title='bbox 3100 2916 3497 2999; x_wconf 88' lang='lat' dir='ltr'><strong>intelligendi</strong></span> 
     </span>
     <span class='ocr_line' id='line_1_54' title="bbox 3129 3017 3497 3079; baseline -0.003 0"><span class='ocrx_word' id='word_1_400' title='bbox 3129 3034 3143 3079; x_wconf 92' lang='lat'>:</span> <span class='ocrx_word' id='word_1_401' title='bbox 3196 3017 3362 3079; x_wconf 89' lang='lat' dir='ltr'><strong>sicut</strong></span> <span class='ocrx_word' id='word_1_402' title='bbox 3419 3017 3497 3079; x_wconf 89' lang='lat' dir='ltr'><strong>de</strong></span> 
     </span>
     <span class='ocr_line' id='line_1_55' title="bbox 2007 3113 3497 3194; baseline 0.003 -20"><span class='ocrx_word' id='word_1_403' title='bbox 2007 3119 2265 3194; x_wconf 89' lang='lat' dir='ltr'><strong>puncto.</strong></span> <span class='ocrx_word' id='word_1_404' title='bbox 2319 3113 2633 3176; x_wconf 89' lang='lat' dir='ltr'><strong>Punctum</strong></span> <span class='ocrx_word' id='word_1_405' title='bbox 2684 3114 2857 3177; x_wconf 91' lang='lat' dir='ltr'><strong>enim</strong></span> <span class='ocrx_word' id='word_1_406' title='bbox 2909 3117 3260 3180; x_wconf 90' lang='lat' dir='ltr'><strong>secundum</strong></span> <span class='ocrx_word' id='word_1_407' title='bbox 3311 3116 3497 3180; x_wconf 88' lang='lat' dir='ltr'><strong>ratio-</strong></span> 
     </span>
     <span class='ocr_line' id='line_1_56' title="bbox 2005 3212 3497 3298; baseline 0.003 -25"><span class='ocrx_word' id='word_1_408' title='bbox 2005 3230 2152 3273; x_wconf 89' lang='lat' dir='ltr'><strong>nem</strong></span> <span class='ocrx_word' id='word_1_409' title='bbox 2211 3212 2485 3286; x_wconf 91' lang='lat' dir='ltr'><strong>essendi,</strong></span> <span class='ocrx_word' id='word_1_410' title='bbox 2536 3213 2692 3275; x_wconf 91' lang='lat' dir='ltr'><strong>dicit</strong></span> <span class='ocrx_word' id='word_1_411' title='bbox 2752 3214 3133 3296; x_wconf 89' lang='lat' dir='ltr'><strong>positionem</strong></span> <span class='ocrx_word' id='word_1_412' title='bbox 3186 3215 3250 3278; x_wconf 91' lang='lat' dir='ltr'><strong>in</strong></span> <span class='ocrx_word' id='word_1_413' title='bbox 3300 3236 3497 3298; x_wconf 90' lang='lat' dir='ltr'><strong>quan-</strong></span> 
     </span>
     <span class='ocr_line' id='line_1_57' title="bbox 2007 3310 3493 3388; baseline 0.004 -18"><span class='ocrx_word' id='word_1_414' title='bbox 2007 3317 2103 3387; x_wconf 82' lang='lat' dir='ltr'><strong>t03</strong></span> <span class='ocrx_word' id='word_1_415' title='bbox 2132 3310 2485 3372; x_wconf 89' lang='lat' dir='ltr'><strong>secundum</strong></span> <span class='ocrx_word' id='word_1_416' title='bbox 2518 3311 2826 3375; x_wconf 89' lang='lat' dir='ltr'><strong>rationem</strong></span> <span class='ocrx_word' id='word_1_417' title='bbox 2854 3331 3003 3376; x_wconf 91' lang='lat' dir='ltr'><strong>vero</strong></span> <span class='ocrx_word' id='word_1_418' title='bbox 3034 3315 3493 3388; x_wconf 87' lang='lat' dir='ltr'><strong>innotescendi,</strong></span> 
     </span>
     <span class='ocr_line' id='line_1_58' title="bbox 2004 3406 3499 3493; baseline 0.005 -26"><span class='ocrx_word' id='word_1_419' title='bbox 2004 3406 2161 3468; x_wconf 90' lang='lat' dir='ltr'><strong>dicit</strong></span> <span class='ocrx_word' id='word_1_420' title='bbox 2206 3407 2653 3488; x_wconf 88' lang='lat' dir='ltr'><strong>privationem,</strong></span> <span class='ocrx_word' id='word_1_421' title='bbox 2696 3410 2999 3490; x_wconf 91' lang='lat' dir='ltr'><strong>quoniam</strong></span> <span class='ocrx_word' id='word_1_422' title='bbox 3044 3419 3355 3493; x_wconf 88' lang='lat' dir='ltr'><strong>punctum</strong></span> <span class='ocrx_word' id='word_1_423' title='bbox 3404 3421 3499 3474; x_wconf 90' lang='lat' dir='ltr'><strong>est</strong></span> 
     </span>
     <span class='ocr_line' id='line_1_59' title="bbox 2006 3505 3497 3587; baseline 0.005 -21"><span class='ocrx_word' id='word_1_424' title='bbox 2006 3505 2193 3586; x_wconf 85' lang='lat' dir='ltr'><strong>cujus</strong></span> <span class='ocrx_word' id='word_1_425' title='bbox 2238 3525 2383 3587; x_wconf 90' lang='lat' dir='ltr'><strong>pars</strong></span> <span class='ocrx_word' id='word_1_426' title='bbox 2426 3524 2553 3569; x_wconf 91' lang='lat' dir='ltr'><strong>non</strong></span> <span class='ocrx_word' id='word_1_427' title='bbox 2598 3515 2711 3568; x_wconf 89' lang='lat' dir='ltr'><strong>est.</strong></span> <span class='ocrx_word' id='word_1_428' title='bbox 2748 3508 2952 3581; x_wconf 90' lang='lat' dir='ltr'><strong>Quum</strong></span> <span class='ocrx_word' id='word_1_429' title='bbox 3003 3509 3178 3572; x_wconf 90' lang='lat' dir='ltr'><strong>enim</strong></span> <span class='ocrx_word' id='word_1_430' title='bbox 3221 3512 3304 3573; x_wconf 91' lang='lat' dir='ltr'><strong>sit</strong></span> <span class='ocrx_word' id='word_1_431' title='bbox 3348 3512 3497 3573; x_wconf 91' lang='lat' dir='ltr'><strong>sim-</strong></span> 
     </span>
     <span class='ocr_line' id='line_1_60' title="bbox 2008 3604 3499 3685; baseline 0.005 -21"><span class='ocrx_word' id='word_1_432' title='bbox 2008 3604 2174 3685; x_wconf 85' lang='lat' dir='ltr'><strong>plex,</strong></span> <span class='ocrx_word' id='word_1_433' title='bbox 2203 3604 2416 3666; x_wconf 89' lang='lat' dir='ltr'><strong>minus</strong></span> <span class='ocrx_word' id='word_1_434' title='bbox 2448 3613 2672 3667; x_wconf 86' lang='lat' dir='ltr'><strong>notum</strong></span> <span class='ocrx_word' id='word_1_435' title='bbox 2702 3613 2799 3667; x_wconf 90' lang='lat' dir='ltr'><strong>est</strong></span> <span class='ocrx_word' id='word_1_436' title='bbox 2827 3607 3043 3668; x_wconf 89' lang='lat' dir='ltr'><strong>sensui</strong></span> <span class='ocrx_word' id='word_1_437' title='bbox 3079 3626 3093 3669; x_wconf 90' lang='lat'>:</span> <span class='ocrx_word' id='word_1_438' title='bbox 3128 3609 3367 3672; x_wconf 88' lang='lat' dir='ltr'><strong>idcirco</strong></span> <span class='ocrx_word' id='word_1_439' title='bbox 3398 3610 3499 3671; x_wconf 89' lang='lat' dir='ltr'><strong>de-</strong></span> 
     </span>
     <span class='ocr_line' id='line_1_61' title="bbox 2005 3702 3499 3788; baseline 0.004 -25"><span class='ocrx_word' id='word_1_440' title='bbox 2005 3702 2311 3764; x_wconf 90' lang='lat' dir='ltr'><strong>scribitur</strong></span> <span class='ocrx_word' id='word_1_441' title='bbox 2347 3723 2459 3784; x_wconf 90' lang='lat' dir='ltr'><strong>per</strong></span> <span class='ocrx_word' id='word_1_442' title='bbox 2492 3702 2976 3784; x_wconf 84' lang='lat' dir='ltr'><strong>abnegationem</strong></span> <span class='ocrx_word' id='word_1_443' title='bbox 3017 3706 3213 3786; x_wconf 91' lang='lat' dir='ltr'><strong>partis</strong></span> <span class='ocrx_word' id='word_1_444' title='bbox 3252 3709 3499 3788; x_wconf 86' lang='lat' dir='ltr'><strong>quanti-</strong></span> 
     </span>
     <span class='ocr_line' id='line_1_62' title="bbox 2005 3800 3499 3882; baseline 0.003 -20"><span class='ocrx_word' id='word_1_445' title='bbox 2005 3800 2152 3862; x_wconf 89' lang='lat' dir='ltr'><strong>tatis</strong></span> <span class='ocrx_word' id='word_1_446' title='bbox 2184 3808 2484 3882; x_wconf 86' lang='lat' dir='ltr'><strong>tanquam</strong></span> <span class='ocrx_word' id='word_1_447' title='bbox 2518 3819 2630 3882; x_wconf 89' lang='lat' dir='ltr'><strong>per</strong></span> <span class='ocrx_word' id='word_1_448' title='bbox 2660 3820 2794 3863; x_wconf 90' lang='lat' dir='ltr'><strong>rem</strong></span> <span class='ocrx_word' id='word_1_449' title='bbox 2826 3803 3157 3864; x_wconf 90' lang='lat' dir='ltr'><strong>notiorem.</strong></span> <span class='ocrx_word' id='word_1_450' title='bbox 3194 3804 3499 3867; x_wconf 88' lang='lat' dir='ltr'><strong>Similiter</strong></span> 
     </span>
     <span class='ocr_line' id='line_1_63' title="bbox 2009 3899 3500 3977; baseline 0.003 -17"><span class='ocrx_word' id='word_1_451' title='bbox 2009 3899 2219 3960; x_wconf 88' lang='lat' dir='ltr'><strong>unitas</strong></span> <span class='ocrx_word' id='word_1_452' title='bbox 2266 3899 2619 3960; x_wconf 89' lang='lat' dir='ltr'><strong>secundum</strong></span> <span class='ocrx_word' id='word_1_453' title='bbox 2674 3900 2981 3962; x_wconf 89' lang='lat' dir='ltr'><strong>rationem</strong></span> <span class='ocrx_word' id='word_1_454' title='bbox 3028 3903 3301 3977; x_wconf 89' lang='lat' dir='ltr'><strong>essendi,</strong></span> <span class='ocrx_word' id='word_1_455' title='bbox 3345 3903 3500 3965; x_wconf 91' lang='lat' dir='ltr'><strong>dicit</strong></span> 
     </span>
     <span class='ocr_line' id='line_1_64' title="bbox 2005 3996 3500 4078; baseline 0.004 -21"><span class='ocrx_word' id='word_1_456' title='bbox 2005 3996 2252 4078; x_wconf 83' lang='lat' dir='ltr'><strong>aliquid</strong></span> <span class='ocrx_word' id='word_1_457' title='bbox 2282 3996 2591 4078; x_wconf 89' lang='lat' dir='ltr'><strong>positive;</strong></span> <span class='ocrx_word' id='word_1_458' title='bbox 2624 4000 2977 4062; x_wconf 90' lang='lat' dir='ltr'><strong>secundum</strong></span> <span class='ocrx_word' id='word_1_459' title='bbox 3011 4000 3317 4062; x_wconf 90' lang='lat' dir='ltr'><strong>rationem</strong></span> <span class='ocrx_word' id='word_1_460' title='bbox 3349 4019 3500 4064; x_wconf 91' lang='lat' dir='ltr'><strong>vero</strong></span> 
     </span>
     <span class='ocr_line' id='line_1_65' title="bbox 2009 4095 3499 4181; baseline 0.004 -25"><span class='ocrx_word' id='word_1_461' title='bbox 2009 4095 2469 4169; x_wconf 89' lang='lat' dir='ltr'><strong>innotescendi,</strong></span> <span class='ocrx_word' id='word_1_462' title='bbox 2504 4095 2659 4157; x_wconf 88' lang='lat' dir='ltr'><strong>dicit</strong></span> <span class='ocrx_word' id='word_1_463' title='bbox 2692 4097 3132 4178; x_wconf 89' lang='lat' dir='ltr'><strong>privationem.</strong></span> <span class='ocrx_word' id='word_1_464' title='bbox 3166 4100 3499 4181; x_wconf 89' lang='lat' dir='ltr'><strong>Quumque</strong></span> 
     </span>
    </p>
   </div>
   <div class='ocr_carea' id='block_1_15' title="bbox 389 4194 3499 4277">
    <p class='ocr_par' dir='ltr' id='par_1_16' title="bbox 389 4194 3499 4277">
     <span class='ocr_line' id='line_1_66' title="bbox 389 4194 3499 4277; baseline 0.002 -21"><span class='ocrx_word' id='word_1_465' title='bbox 389 4197 464 4256; x_wconf 90' lang='lat' dir='ltr'><strong>In</strong></span> <span class='ocrx_word' id='word_1_466' title='bbox 517 4195 639 4256; x_wconf 85' lang='lat' dir='ltr'><strong>hoc</strong></span> <span class='ocrx_word' id='word_1_467' title='bbox 688 4203 904 4257; x_wconf 89' lang='lat' dir='ltr'><strong>tamen</strong></span> <span class='ocrx_word' id='word_1_468' title='bbox 958 4202 1054 4256; x_wconf 90' lang='lat' dir='ltr'><strong>est</strong></span> <span class='ocrx_word' id='word_1_469' title='bbox 1100 4195 1352 4274; x_wconf 79' lang='lat' dir='ltr'><strong>gradus,</strong></span> <span class='ocrx_word' id='word_1_470' title='bbox 1407 4196 1662 4277; x_wconf 86' lang='lat' dir='ltr'><strong>Aliquid</strong></span> <span class='ocrx_word' id='word_1_471' title='bbox 1722 4197 1894 4259; x_wconf 89' lang='lat' dir='ltr'><strong>enim</strong></span> <span class='ocrx_word' id='word_1_472' title='bbox 1927 4204 1976 4266; x_wconf 88' lang='lat' dir='ltr'>D</span> <span class='ocrx_word' id='word_1_473' title='bbox 2007 4195 2241 4257; x_wconf 91' lang='lat' dir='ltr'><strong>divisio</strong></span> <span class='ocrx_word' id='word_1_474' title='bbox 2283 4194 2366 4256; x_wconf 88' lang='lat' dir='ltr'><strong>sit</strong></span> <span class='ocrx_word' id='word_1_475' title='bbox 2408 4194 2616 4256; x_wconf 88' lang='lat' dir='ltr'><strong>notior</strong></span> <span class='ocrx_word' id='word_1_476' title='bbox 2658 4196 2895 4270; x_wconf 88' lang='lat' dir='ltr'><strong>sensui,</strong></span> <span class='ocrx_word' id='word_1_477' title='bbox 2942 4196 3086 4259; x_wconf 92' lang='lat' dir='ltr'><strong>ideo</strong></span> <span class='ocrx_word' id='word_1_478' title='bbox 3134 4197 3343 4260; x_wconf 88' lang='lat' dir='ltr'><strong>unitas</strong></span> <span class='ocrx_word' id='word_1_479' title='bbox 3390 4217 3499 4261; x_wconf 91' lang='lat' dir='ltr'><strong>no·</strong></span> 
     </span>
    </p>
   </div>
   <div class='ocr_carea' id='block_1_16' title="bbox 388 4293 1904 5360">
    <p class='ocr_par' dir='ltr' id='par_1_17' title="bbox 388 4293 1904 5360">
     <span class='ocr_line' id='line_1_67' title="bbox 391 4293 1895 4374; baseline 0.001 -20"><span class='ocrx_word' id='word_1_480' title='bbox 391 4293 753 4354; x_wconf 90' lang='lat' dir='ltr'><strong>indivisum</strong></span> <span class='ocrx_word' id='word_1_481' title='bbox 795 4301 888 4355; x_wconf 88' lang='lat' dir='ltr'><strong>est</strong></span> <span class='ocrx_word' id='word_1_482' title='bbox 935 4300 1104 4366; x_wconf 88' lang='lat' dir='ltr'><strong>actu,</strong></span> <span class='ocrx_word' id='word_1_483' title='bbox 1145 4293 1314 4374; x_wconf 88' lang='lat' dir='ltr'><strong>quod</strong></span> <span class='ocrx_word' id='word_1_484' title='bbox 1360 4301 1571 4355; x_wconf 51' lang='lat' dir='ltr'><strong>&#39;tamen</strong></span> <span class='ocrx_word' id='word_1_485' title='bbox 1616 4293 1895 4356; x_wconf 89' lang='lat' dir='ltr'><strong>divisum</strong></span> 
     </span>
     <span class='ocr_line' id='line_1_68' title="bbox 389 4389 1898 4474; baseline 0.001 -22"><span class='ocrx_word' id='word_1_486' title='bbox 389 4397 494 4452; x_wconf 86' lang='lat' dir='ltr'><strong>est</strong></span> <span class='ocrx_word' id='word_1_487' title='bbox 559 4390 628 4452; x_wconf 90' lang='lat' dir='ltr'><strong>in</strong></span> <span class='ocrx_word' id='word_1_488' title='bbox 689 4389 995 4472; x_wconf 88' lang='lat' dir='ltr'><strong>potentia,</strong></span> <span class='ocrx_word' id='word_1_489' title='bbox 1047 4390 1150 4452; x_wconf 91' lang='lat' dir='ltr'><strong>vel</strong></span> <span class='ocrx_word' id='word_1_490' title='bbox 1211 4391 1524 4453; x_wconf 91' lang='lat' dir='ltr'><strong>divisione</strong></span> <span class='ocrx_word' id='word_1_491' title='bbox 1585 4393 1898 4474; x_wconf 86' lang='lat' dir='ltr'><strong>quantita-</strong></span> 
     </span>
     <span class='ocr_line' id='line_1_69' title="bbox 388 4488 1898 4564; baseline 0.001 -13"><span class='ocrx_word' id='word_1_492' title='bbox 388 4490 503 4562; x_wconf 79' lang='lat' dir='ltr'><strong>tis,</strong></span> <span class='ocrx_word' id='word_1_493' title='bbox 537 4489 641 4550; x_wconf 90' lang='lat' dir='ltr'><strong>vel</strong></span> <span class='ocrx_word' id='word_1_494' title='bbox 673 4488 986 4551; x_wconf 89' lang='lat' dir='ltr'><strong>divisione</strong></span> <span class='ocrx_word' id='word_1_495' title='bbox 1025 4489 1370 4564; x_wconf 85' lang='lat' dir='ltr'><strong>essentiali,</strong></span> <span class='ocrx_word' id='word_1_496' title='bbox 1403 4489 1502 4552; x_wconf 89' lang='lat' dir='ltr'><strong>vel</strong></span> <span class='ocrx_word' id='word_1_497' title='bbox 1545 4491 1898 4553; x_wconf 89' lang='lat' dir='ltr'><strong>secundum</strong></span> 
     </span>
     <span class='ocr_line' id='line_1_70' title="bbox 391 4586 1894 4670; baseline 0.002 -21"><span class='ocrx_word' id='word_1_498' title='bbox 391 4597 769 4668; x_wconf 88' lang='lat' dir='ltr'><strong>utrumque,</strong></span> <span class='ocrx_word' id='word_1_499' title='bbox 826 4594 894 4649; x_wconf 89' lang='lat' dir='ltr'><strong>ut</strong></span> <span class='ocrx_word' id='word_1_500' title='bbox 945 4586 1296 4649; x_wconf 87' lang='lat' dir='ltr'><strong>materialia</strong></span> <span class='ocrx_word' id='word_1_501' title='bbox 1355 4587 1476 4650; x_wconf 90' lang='lat' dir='ltr'><strong>ista</strong></span> <span class='ocrx_word' id='word_1_502' title='bbox 1523 4589 1894 4670; x_wconf 88' lang='lat' dir='ltr'><strong>composita,</strong></span> 
     </span>
     <span class='ocr_line' id='line_1_71' title="bbox 390 4685 1898 4766; baseline 0.001 -18"><span class='ocrx_word' id='word_1_503' title='bbox 390 4687 502 4749; x_wconf 82' lang='lat' dir='ltr'><strong>vel</strong></span> <span class='ocrx_word' id='word_1_504' title='bbox 565 4686 920 4760; x_wconf 86' lang='lat' dir='ltr'><strong>intellectu,</strong></span> <span class='ocrx_word' id='word_1_505' title='bbox 971 4693 1041 4747; x_wconf 89' lang='lat' dir='ltr'><strong>ut</strong></span> <span class='ocrx_word' id='word_1_506' title='bbox 1089 4685 1343 4748; x_wconf 89' lang='lat' dir='ltr'><strong>coelum.</strong></span> <span class='ocrx_word' id='word_1_507' title='bbox 1396 4685 1653 4766; x_wconf 85' lang='lat' dir='ltr'><strong>Aliquid</strong></span> <span class='ocrx_word' id='word_1_508' title='bbox 1707 4687 1898 4751; x_wconf 86' lang='lat' dir='ltr'><strong>etiam</strong></span> 
     </span>
     <span class='ocr_line' id='line_1_72' title="bbox 393 4784 1900 4866; baseline 0.002 -19"><span class='ocrx_word' id='word_1_509' title='bbox 393 4785 798 4848; x_wconf 88' lang='lat' dir='ltr'><strong>indivisibile</strong></span> <span class='ocrx_word' id='word_1_510' title='bbox 847 4791 944 4847; x_wconf 88' lang='lat' dir='ltr'><strong>est</strong></span> <span class='ocrx_word' id='word_1_511' title='bbox 989 4793 1136 4846; x_wconf 87' lang='lat' dir='ltr'><strong>actu</strong></span> <span class='ocrx_word' id='word_1_512' title='bbox 1183 4791 1247 4845; x_wconf 91' lang='lat' dir='ltr'><strong>et</strong></span> <span class='ocrx_word' id='word_1_513' title='bbox 1290 4784 1570 4866; x_wconf 90' lang='lat' dir='ltr'><strong>potentia</strong></span> <span class='ocrx_word' id='word_1_514' title='bbox 1613 4802 1626 4847; x_wconf 92' lang='lat'><strong>:</strong></span> <span class='ocrx_word' id='word_1_515' title='bbox 1669 4794 1735 4847; x_wconf 89' lang='grc' dir='ltr'><strong>θῖ</strong></span> <span class='ocrx_word' id='word_1_516' title='bbox 1780 4787 1900 4850; x_wconf 89' lang='lat' dir='ltr'><strong>hoc</strong></span> 
     </span>
     <span class='ocr_line' id='line_1_73' title="bbox 393 4881 1903 4966; baseline 0 -20"><span class='ocrx_word' id='word_1_517' title='bbox 393 4883 870 4966; x_wconf 86' lang='lat' dir='ltr'><strong>multipliciter.</strong></span> <span class='ocrx_word' id='word_1_518' title='bbox 907 4882 1232 4956; x_wconf 88' lang='lat' dir='ltr'><strong>Quoddam</strong></span> <span class='ocrx_word' id='word_1_519' title='bbox 1263 4882 1438 4944; x_wconf 91' lang='lat' dir='ltr'><strong>enim</strong></span> <span class='ocrx_word' id='word_1_520' title='bbox 1469 4881 1659 4944; x_wconf 88' lang='lat' dir='ltr'><strong>habet</strong></span> <span class='ocrx_word' id='word_1_521' title='bbox 1691 4883 1756 4945; x_wconf 90' lang='lat' dir='ltr'><strong>in</strong></span> <span class='ocrx_word' id='word_1_522' title='bbox 1789 4905 1903 4946; x_wconf 90' lang='lat' dir='ltr'><strong>sua</strong></span> 
     </span>
     <span class='ocr_line' id='line_1_74' title="bbox 393 4981 1902 5064; baseline 0.001 -21"><span class='ocrx_word' id='word_1_523' title='bbox 393 4982 646 5044; x_wconf 88' lang='lat' dir='ltr'><strong>ratione</strong></span> <span class='ocrx_word' id='word_1_524' title='bbox 688 4981 934 5064; x_wconf 92' lang='lat' dir='ltr'><strong>aliquid</strong></span> <span class='ocrx_word' id='word_1_525' title='bbox 983 4989 1210 5063; x_wconf 85' lang='lat' dir='ltr'><strong>praeter</strong></span> <span class='ocrx_word' id='word_1_526' title='bbox 1257 4981 1564 5044; x_wconf 87' lang='lat' dir='ltr'><strong>rationem</strong></span> <span class='ocrx_word' id='word_1_527' title='bbox 1617 4981 1902 5045; x_wconf 89' lang='lat' dir='ltr'><strong>indivisi-</strong></span> 
     </span>
     <span class='ocr_line' id='line_1_75' title="bbox 389 5079 1902 5161; baseline 0.001 -19"><span class='ocrx_word' id='word_1_528' title='bbox 389 5080 694 5154; x_wconf 78' lang='lat' dir='ltr'><strong>bilitatis,</strong></span> <span class='ocrx_word' id='word_1_529' title='bbox 746 5088 816 5142; x_wconf 92' lang='lat' dir='ltr'><strong>ut</strong></span> <span class='ocrx_word' id='word_1_530' title='bbox 865 5088 1200 5161; x_wconf 89' lang='lat' dir='ltr'><strong>punctum,</strong></span> <span class='ocrx_word' id='word_1_531' title='bbox 1247 5079 1416 5160; x_wconf 92' lang='lat' dir='ltr'><strong>quod</strong></span> <span class='ocrx_word' id='word_1_532' title='bbox 1467 5088 1694 5161; x_wconf 82' lang='lat' dir='ltr'><strong>praeter</strong></span> <span class='ocrx_word' id='word_1_533' title='bbox 1742 5081 1902 5143; x_wconf 93' lang='lat' dir='ltr'><strong>indi-</strong></span> 
     </span>
     <span class='ocr_line' id='line_1_76' title="bbox 391 5177 1904 5259; baseline -0.001 -17"><span class='ocrx_word' id='word_1_534' title='bbox 391 5179 720 5242; x_wconf 82' lang='lat' dir='ltr'><strong>visionem</strong></span> <span class='ocrx_word' id='word_1_535' title='bbox 759 5179 1058 5259; x_wconf 85' lang='lat' dir='ltr'><strong>importat</strong></span> <span class='ocrx_word' id='word_1_536' title='bbox 1090 5177 1323 5256; x_wconf 84' lang='lat' dir='ltr'><strong>situm3</strong></span> <span class='ocrx_word' id='word_1_537' title='bbox 1354 5177 1596 5259; x_wconf 89' lang='lat' dir='ltr'><strong>aliquid</strong></span> <span class='ocrx_word' id='word_1_538' title='bbox 1629 5196 1780 5240; x_wconf 89' lang='lat' dir='ltr'><strong>vcro</strong></span> <span class='ocrx_word' id='word_1_539' title='bbox 1808 5187 1904 5241; x_wconf 88' lang='lat' dir='ltr'><strong>est</strong></span> 
     </span>
     <span class='ocr_line' id='line_1_77' title="bbox 389 5275 1904 5360; baseline 0.001 -22"><span class='ocrx_word' id='word_1_540' title='bbox 389 5277 572 5360; x_wconf 90' lang='lat' dir='ltr'><strong>quod</strong></span> <span class='ocrx_word' id='word_1_541' title='bbox 608 5275 770 5338; x_wconf 90' lang='lat' dir='ltr'><strong>nihil</strong></span> <span class='ocrx_word' id='word_1_542' title='bbox 799 5275 977 5338; x_wconf 90' lang='lat' dir='ltr'><strong>aliud</strong></span> <span class='ocrx_word' id='word_1_543' title='bbox 1011 5276 1330 5357; x_wconf 89' lang='lat' dir='ltr'><strong>importat,</strong></span> <span class='ocrx_word' id='word_1_544' title='bbox 1353 5276 1463 5338; x_wconf 92' lang='lat' dir='ltr'><strong>sed</strong></span> <span class='ocrx_word' id='word_1_545' title='bbox 1495 5283 1591 5338; x_wconf 91' lang='lat' dir='ltr'><strong>est</strong></span> <span class='ocrx_word' id='word_1_546' title='bbox 1625 5275 1761 5358; x_wconf 86' lang='lat' dir='ltr'><strong>ipsa</strong></span> <span class='ocrx_word' id='word_1_547' title='bbox 1790 5297 1904 5340; x_wconf 90' lang='lat' dir='ltr'><strong>sua</strong></span> 
     </span>
    </p>
   </div>
   <div class='ocr_carea' id='block_1_17' title="bbox 2007 4292 3503 5358">
    <p class='ocr_par' dir='ltr' id='par_1_18' title="bbox 2007 4292 3503 5358">
     <span class='ocr_line' id='line_1_78' title="bbox 2008 4292 3500 4375; baseline 0.003 -21"><span class='ocrx_word' id='word_1_548' title='bbox 2008 4292 2293 4354; x_wconf 86' lang='lat' dir='ltr'><strong>tificatur</strong></span> <span class='ocrx_word' id='word_1_549' title='bbox 2335 4311 2450 4374; x_wconf 89' lang='lat' dir='ltr'><strong>per</strong></span> <span class='ocrx_word' id='word_1_550' title='bbox 2476 4292 2823 4373; x_wconf 45' lang='lat' dir='ltr'><strong>‚divisionis</strong></span> <span class='ocrx_word' id='word_1_551' title='bbox 2872 4294 3313 4375; x_wconf 88' lang='lat' dir='ltr'><strong>privationem.</strong></span> <span class='ocrx_word' id='word_1_552' title='bbox 3358 4297 3500 4360; x_wconf 81' lang='lat' dir='ltr'><strong>Haec</strong></span> 
     </span>
     <span class='ocr_line' id='line_1_79' title="bbox 2007 4393 3409 4454; baseline 0.001 0"><span class='ocrx_word' id='word_1_553' title='bbox 2007 4393 2246 4454; x_wconf 86' lang='lat' dir='ltr'><strong>Petrus.</strong></span> <span class='ocrx_word' id='word_1_554' title='bbox 3392 4411 3409 4418; x_wconf 88' lang='lat'><strong>·</strong></span> 
     </span>
     <span class='ocr_line' id='line_1_80' title="bbox 2089 4488 3503 4574; baseline 0.003 -22"><span class='ocrx_word' id='word_1_555' title='bbox 2089 4489 2438 4552; x_wconf 88' lang='lat' dir='ltr'><strong>Concordat</strong></span> <span class='ocrx_word' id='word_1_556' title='bbox 2468 4488 2839 4563; x_wconf 82' lang='lat' dir='ltr'><strong>RicharduS,</strong></span> <span class='ocrx_word' id='word_1_557' title='bbox 2863 4490 3135 4554; x_wconf 90' lang='lat' dir='ltr'><strong>dicendo</strong></span> <span class='ocrx_word' id='word_1_558' title='bbox 3162 4492 3333 4574; x_wconf 92' lang='lat' dir='ltr'><strong>quod</strong></span> <span class='ocrx_word' id='word_1_559' title='bbox 3366 4495 3503 4556; x_wconf 89' lang='lat' dir='ltr'><strong>uni·</strong></span> 
     </span>
     <span class='ocr_line' id='line_1_81' title="bbox 2011 4587 3501 4666; baseline 0.005 -18"><span class='ocrx_word' id='word_1_560' title='bbox 2011 4595 2102 4650; x_wconf 87' lang='lat' dir='ltr'><strong>tas</strong></span> <span class='ocrx_word' id='word_1_561' title='bbox 2152 4588 2217 4648; x_wconf 91' lang='lat' dir='ltr'><strong>in</strong></span> <span class='ocrx_word' id='word_1_562' title='bbox 2268 4589 2394 4650; x_wconf 90' lang='lat' dir='ltr'><strong>Deo</strong></span> <span class='ocrx_word' id='word_1_563' title='bbox 2447 4588 2601 4649; x_wconf 89' lang='lat' dir='ltr'><strong>dicit</strong></span> <span class='ocrx_word' id='word_1_564' title='bbox 2650 4587 2932 4651; x_wconf 89' lang='lat' dir='ltr'><strong>divinam</strong></span> <span class='ocrx_word' id='word_1_565' title='bbox 2980 4591 3343 4666; x_wconf 87' lang='lat' dir='ltr'><strong>essentiam,</strong></span> <span class='ocrx_word' id='word_1_566' title='bbox 3384 4612 3501 4655; x_wconf 88' lang='lat' dir='ltr'><strong>nec</strong></span> 
     </span>
     <span class='ocr_line' id='line_1_82' title="bbox 2009 4685 3500 4770; baseline 0.003 -22"><span class='ocrx_word' id='word_1_567' title='bbox 2009 4685 2253 4767; x_wconf 85' lang='lat' dir='ltr'><strong>aliquid</strong></span> <span class='ocrx_word' id='word_1_568' title='bbox 2299 4685 2475 4746; x_wconf 89' lang='lat' dir='ltr'><strong>aliud</strong></span> <span class='ocrx_word' id='word_1_569' title='bbox 2522 4685 2889 4767; x_wconf 91' lang='lat' dir='ltr'><strong>positivum.</strong></span> <span class='ocrx_word' id='word_1_570' title='bbox 2925 4689 3158 4762; x_wconf 80' lang='lat' dir='ltr'><strong>Quaerit</strong></span> <span class='ocrx_word' id='word_1_571' title='bbox 3204 4707 3353 4770; x_wconf 86' lang='lat' dir='ltr'><strong>ergo</strong></span> <span class='ocrx_word' id='word_1_572' title='bbox 3401 4691 3500 4754; x_wconf 86' lang='lat' dir='ltr'><strong>Ri-</strong></span> 
     </span>
     <span class='ocr_line' id='line_1_83' title="bbox 2011 4784 3501 4870; baseline 0.003 -24"><span class='ocrx_word' id='word_1_573' title='bbox 2011 4785 2305 4857; x_wconf 81' lang='lat' dir='ltr'><strong>charduS,</strong></span> <span class='ocrx_word' id='word_1_574' title='bbox 2356 4803 2435 4846; x_wconf 94' lang='lat' dir='ltr'><strong>an</strong></span> <span class='ocrx_word' id='word_1_575' title='bbox 2500 4784 2707 4846; x_wconf 87' lang='lat' dir='ltr'><strong>unitas</strong></span> <span class='ocrx_word' id='word_1_576' title='bbox 2761 4805 2902 4866; x_wconf 85' lang='lat' dir='ltr'><strong>quae</strong></span> <span class='ocrx_word' id='word_1_577' title='bbox 2954 4794 3046 4848; x_wconf 90' lang='lat' dir='ltr'><strong>est</strong></span> <span class='ocrx_word' id='word_1_578' title='bbox 3110 4788 3501 4870; x_wconf 89' lang='lat' dir='ltr'><strong>principium</strong></span> 
     </span>
     <span class='ocr_line' id='line_1_84' title="bbox 2011 4882 3497 4967; baseline 0.003 -23"><span class='ocrx_word' id='word_1_579' title='bbox 2011 4883 2285 4956; x_wconf 86' lang='lat' dir='ltr'><strong>numeri,</strong></span> <span class='ocrx_word' id='word_1_580' title='bbox 2329 4882 2413 4945; x_wconf 89' lang='lat' dir='ltr'><strong>sit</strong></span> <span class='ocrx_word' id='word_1_581' title='bbox 2464 4883 2528 4944; x_wconf 89' lang='lat' dir='ltr'><strong>in</strong></span> <span class='ocrx_word' id='word_1_582' title='bbox 2574 4884 2719 4945; x_wconf 88' lang='lat' dir='ltr'><strong>Deo.</strong></span> <span class='ocrx_word' id='word_1_583' title='bbox 2763 4884 2856 4946; x_wconf 89' lang='lat' dir='ltr'><strong>Ad</strong></span> <span class='ocrx_word' id='word_1_584' title='bbox 2898 4884 3069 4964; x_wconf 93' lang='lat' dir='ltr'><strong>quod</strong></span> <span class='ocrx_word' id='word_1_585' title='bbox 3112 4887 3497 4967; x_wconf 89' lang='lat' dir='ltr'><strong>respondet:</strong></span> 
     </span>
     <span class='ocr_line' id='line_1_85' title="bbox 2011 4982 3501 5063; baseline 0.001 -19"><span class='ocrx_word' id='word_1_586' title='bbox 2011 4983 2325 5045; x_wconf 86' lang='lat' dir='ltr'><strong>Unitatem</strong></span> <span class='ocrx_word' id='word_1_587' title='bbox 2374 5000 2513 5044; x_wconf 89' lang='lat' dir='ltr'><strong>esse</strong></span> <span class='ocrx_word' id='word_1_588' title='bbox 2561 4982 2953 5063; x_wconf 89' lang='lat' dir='ltr'><strong>principium</strong></span> <span class='ocrx_word' id='word_1_589' title='bbox 3003 4984 3275 5056; x_wconf 90' lang='lat' dir='ltr'><strong>numeri,</strong></span> <span class='ocrx_word' id='word_1_590' title='bbox 3323 4984 3501 5046; x_wconf 89' lang='lat' dir='ltr'><strong>intel-</strong></span> 
     </span>
     <span class='ocr_line' id='line_1_86' title="bbox 2013 5079 3502 5162; baseline 0.002 -21"><span class='ocrx_word' id='word_1_591' title='bbox 2013 5081 2122 5162; x_wconf 91' lang='lat' dir='ltr'><strong>ligi</strong></span> <span class='ocrx_word' id='word_1_592' title='bbox 2155 5089 2361 5162; x_wconf 89' lang='lat' dir='ltr'><strong>potest</strong></span> <span class='ocrx_word' id='word_1_593' title='bbox 2391 5079 2752 5162; x_wconf 88' lang='lat' dir='ltr'><strong>dupliciter.</strong></span> <span class='ocrx_word' id='word_1_594' title='bbox 2786 5079 3015 5152; x_wconf 89' lang='lat' dir='ltr'><strong>Primo,</strong></span> <span class='ocrx_word' id='word_1_595' title='bbox 3038 5081 3209 5161; x_wconf 90' lang='lat' dir='ltr'><strong>quod</strong></span> <span class='ocrx_word' id='word_1_596' title='bbox 3240 5082 3323 5143; x_wconf 89' lang='lat' dir='ltr'><strong>sit</strong></span> <span class='ocrx_word' id='word_1_597' title='bbox 3350 5083 3502 5144; x_wconf 78' lang='lat' dir='ltr'><strong>esse-</strong></span> 
     </span>
     <span class='ocr_line' id='line_1_87' title="bbox 2014 5177 3501 5261; baseline 0 -19"><span class='ocrx_word' id='word_1_598' title='bbox 2014 5181 2255 5242; x_wconf 87' lang='lat' dir='ltr'><strong>ctivum</strong></span> <span class='ocrx_word' id='word_1_599' title='bbox 2287 5179 2679 5261; x_wconf 90' lang='lat' dir='ltr'><strong>principium</strong></span> <span class='ocrx_word' id='word_1_600' title='bbox 2710 5177 2961 5239; x_wconf 89' lang='lat' dir='ltr'><strong>numeri</strong></span> <span class='ocrx_word' id='word_1_601' title='bbox 2992 5195 3005 5239; x_wconf 91' lang='lat'><strong>:</strong></span> <span class='ocrx_word' id='word_1_602' title='bbox 3040 5178 3261 5260; x_wconf 89' lang='lat' dir='ltr'><strong>sicque</strong></span> <span class='ocrx_word' id='word_1_603' title='bbox 3295 5181 3501 5242; x_wconf 88' lang='lat' dir='ltr'><strong>unitas</strong></span> 
     </span>
     <span class='ocr_line' id='line_1_88' title="bbox 2013 5276 3503 5358; baseline 0.001 -19"><span class='ocrx_word' id='word_1_604' title='bbox 2013 5278 2234 5340; x_wconf 90' lang='lat' dir='ltr'><strong>divina</strong></span> <span class='ocrx_word' id='word_1_605' title='bbox 2278 5285 2375 5338; x_wconf 90' lang='lat' dir='ltr'><strong>est</strong></span> <span class='ocrx_word' id='word_1_606' title='bbox 2420 5276 2810 5358; x_wconf 89' lang='lat' dir='ltr'><strong>principium</strong></span> <span class='ocrx_word' id='word_1_607' title='bbox 2859 5276 3069 5337; x_wconf 89' lang='lat' dir='ltr'><strong>omnis</strong></span> <span class='ocrx_word' id='word_1_608' title='bbox 3120 5278 3393 5354; x_wconf 91' lang='lat' dir='ltr'><strong>numeri,</strong></span> <span class='ocrx_word' id='word_1_609' title='bbox 3438 5287 3503 5342; x_wconf 92' lang='grc' dir='ltr'><strong>θῖ</strong></span> 
     </span>
    </p>
   </div>
  </div>
 </body>
</html>
