4359 6250
852 466 973 531 266
1484 487 1545 532 IN
1587 487 1807 533 Limum
1850 488 1867 531 1
1912 485 2393 531 SENTENTIARUM.
2439 503 2520 515 -
2561 486 2713 532 msT.
2759 485 2994 546 xxvm3
3038 486 3261 541 QUAEST.
3307 486 3326 530 1

854 657 1133 718 cluditur
1164 658 1486 738 utriusque
1516 656 1940 738 processionis
1970 657 2239 736 negatio.
2256 655 2344 716 Ex
2374 652 2426 715 A
2455 655 2629 728 Filio,
2649 654 2752 716 cui
2784 657 3079 719 convenit
3103 655 3440 718 affirmatio
3465 655 3770 737 opposita.
3791 653 3957 714 Hinc

853 756 1072 818 eodem
1128 763 1317 837 patet,
1353 776 1467 817 cur
1512 756 1722 838 potius
1766 756 1941 817 notio
1986 755 2105 816 ista
2149 752 2349 816 nomi·
2455 763 2666 816 tamen
2698 773 2824 818 non
2867 757 3176 836 sequitur,
3210 756 3380 838 quod
3411 755 3477 816 in
3516 756 3693 817 Patre
3723 753 3804 815 sit
3839 753 3957 814 im-

853 861 1039 915 natur
1090 855 1423 935 negatione
1470 853 1917 934 generationiS‚
1968 872 2159 935 quam
2212 872 2348 934 pas·
2457 853 2766 935 perfectio
2823 854 3054 936 aliqua.
3107 854 3406 928 Quamvis
3457 853 3627 914 enim
3679 852 3957 934 privatio

852 953 1003 1014 sivae
1053 953 1440 1034 spirationiS‚
1488 953 1786 1015 videlicet
1827 951 1977 1034 quia
2023 951 2348 1032 generatio
2457 953 2537 1014 sit
2587 971 2840 1035 semper
2883 954 3024 1033 ejus
3073 954 3242 1034 quod
3291 961 3511 1014 natum
3559 959 3656 1013 est
3704 950 3954 1024 haberi,

853 1052 1278 1113 communiter
1308 1051 1477 1112 dicta
1506 1051 1775 1112 includit
1805 1068 2059 1113 omnem
2094 1050 2348 1111 modum
2457 1051 2576 1114 hoc
2616 1059 2828 1114 tamen
2871 1052 3178 1133 contingit
3223 1050 3580 1133 tripliciter,
3615 1059 3685 1112 ut
3726 1051 3958 1132 quinto

852 1149 1286 1211 substantialis
1318 1149 1859 1212 emanationi5.—
1887 1150 2230 1222 Postremo,
2257 1149 2348 1209 in·
2455 1151 2896 1233 Metaphysicae
2954 1151 3204 1213 dicitur.
3259 1152 3489 1224 PrimO,
3541 1149 3794 1232 quando
3843 1149 3960 1211 ali-

850 1248 1139 1328 genitum
1170 1267 1282 1309 seu
1315 1248 1693 1310 innascibile
1726 1248 1984 1310 relative
2015 1247 2250 1309 dicitur
2281 1247 2344 1308 in
2455 1250 2610 1331 quid
2654 1267 2781 1312 non
2825 1250 3014 1313 habet
3053 1250 3220 1332 quod
3263 1258 3480 1312 natum
3521 1257 3616 1312 est
3657 1248 3878 1311 haberi
3915 1268 3956 1310 a

853 1346 1109 1420 divinis,
1153 1355 1212 1408 et
1264 1354 1524 1408 vocatur
1573 1347 1905 1408 relativum
1958 1347 2184 1407 saltem
2235 1365 2348 1427 per
2456 1367 2884 1430 quocumque,
2930 1349 3222 1430 quamvis
3275 1349 3485 1430 ipsum
3536 1366 3664 1411 non
3711 1348 3793 1409 sit
3842 1367 3955 1408 na-

853 1445 1313 1518 reductionem,
1348 1445 1435 1506 ita
1478 1447 1645 1526 quod
1688 1445 1853 1508 sicut
1897 1445 2146 1524 genitus
2192 1442 2347 1505 dici·
2455 1456 2592 1509 tum
2627 1447 2784 1509 illud
2816 1447 3049 1510 habere
3085 1466 3098 1508 :
3134 1447 3674 1530 quemadmodum
3715 1466 3826 1528 pes
3859 1447 3955 1508 di-

853 1552 956 1605 tur
986 1543 1245 1606 relative
1278 1544 1342 1605 in
1374 1552 1682 1626 quantum
1724 1552 1819 1606 est
1851 1545 2018 1605 idem
2054 1543 2224 1625 quod
2256 1541 2347 1604 Fi·
2457 1546 2623 1608 citur
2653 1563 2779 1608 non
2822 1545 3054 1608 habere
3086 1545 3314 1608 visum.
3351 1546 3663 1618 Secundo,
3695 1546 3958 1627 quando

854 1641 998 1716 lius,
1047 1643 1133 1704 ita
1180 1643 1499 1724 ingenitus
1550 1643 1615 1704 in
1662 1651 1971 1725 quantum
2021 1650 2117 1704 est
2176 1643 2345 1704 idem
2457 1663 2582 1708 non
2623 1645 2815 1707 habet
2855 1645 3009 1706 illud
3051 1646 3220 1726 quod
3263 1652 3482 1707 natum
3522 1652 3618 1706 est
3655 1644 3878 1707 haberi
3915 1665 3956 1706 a

852 1742 1021 1822 quod
1071 1758 1195 1803 non
1248 1739 1445 1816 filius,
1478 1748 1666 1822 prout
1708 1749 1885 1803 sexto
1927 1741 2005 1802 de
2043 1740 2344 1802 Trinitate
2456 1762 2685 1824 genere
2725 1761 2863 1818 suc,
2902 1745 3194 1825 quamvis
3235 1762 3360 1806 non
3398 1743 3479 1805 ab
3524 1743 3664 1824 ipso
3705 1761 3826 1804 nec
3869 1743 3954 1806 ab

854 1840 1134 1921 loquitur
1174 1838 1582 1920 Augustinus
1617 1875 1697 1884 -—
1724 1840 1867 1901 Haec
1910 1838 2259 1902 Udalricus.
2382 1837 2429 1900 B
2456 1841 2671 1922 aliquo
2699 1862 2830 1904 suae
2869 1843 3104 1923 speciei
3139 1860 3154 1904 ε
3189 1842 3351 1904 sicut
3393 1841 3562 1922 talpa
3601 1859 3726 1902 non
3759 1841 3955 1902 habet

934 1939 999 1999 In
1034 1939 1131 1999 his
1161 1946 1374 1999 autem
1407 1937 1658 2000 videtur
1687 1938 1975 2018 quaedam
2008 1937 2342 2010 dissensi0‚
2455 1939 2686 2002 visum.
2721 1940 2832 2002 Vel
2877 1941 3131 2021 quando
3173 1957 3298 2002 non
3344 1939 3532 2001 habet
3577 1939 3734 2000 illud
3777 1941 3954 2020 quod

854 2037 915 2098 in
950 2037 1067 2098 hoc
1108 2036 1275 2117 quod
1309 2035 1840 2098 Antisiodorensis
1880 2035 2033 2097 dicit
2074 2036 2345 2098 innasci·
2455 2046 2676 2100 natum
2723 2046 2820 2100 est
2868 2038 3124 2112 habere,
3176 2039 3430 2120 quando
3477 2046 3538 2099 et
3589 2037 3698 2100 ubi
3755 2045 3956 2119 atque

853 2134 980 2197 bile
1030 2153 1141 2197 seu
1194 2135 1545 2214 ingenitum
1595 2153 1733 2196 esse
1785 2133 2106 2197 notionem
2158 2143 2348 2216 prout
2455 2138 2808 2199 secundum
2852 2137 3007 2200 alias
3051 2136 3446 2199 conditiones
3484 2154 3498 2198 :
3543 2135 3762 2218 sicque
3805 2155 3954 2218 pro—

852 2233 1126 2294 sumitur
1170 2231 1501 2314 privative,
1536 2232 1831 2294 Alber‘tus
1870 2249 2021 2294 vero
2063 2240 2125 2294 et
2168 2233 2348 2295 Udal—
2457 2236 2592 2317 pric
2651 2235 3017 2298 nominatur
3065 2234 3356 2317 privatio,
3409 2244 3471 2296 et
3527 2234 3960 2317 imperfectio—

850 2331 1021 2393 ricus
1070 2331 1289 2393 dicunt
1338 2331 1724 2412 oppositum,
1779 2337 1997 2412 utpote
2045 2331 2214 2411 quod
2265 2331 2346 2392 sit
2456 2353 2602 2396 nem
2649 2334 2938 2397 includit.
2985 2335 3126 2396 Haec
3170 2334 3460 2397 Thomas.

852 2431 1025 2493 notio
1056 2438 1241 2511 prout
1273 2431 1508 2492 dicitur
1536 2429 1847 2510 negative,
1882 2439 1944 2490 et
1976 2447 2100 2492 non
2138 2430 2344 2510 priva·
2526 2433 2614 2494 Ex
2645 2433 2874 2515 quibus
2907 2433 3170 2495 habetur
3197 2440 3511 2513 praetactae
3541 2432 3960 2495 dissensionis

850 2530 998 2592 tive.
1034 2529 1153 2592 Sed
1185 2528 1305 2591 hoc
1336 2529 1607 2590 faciliter
1637 2529 2074 2590 concordatur.
2103 2528 2344 2608 Nempe
2457 2532 2811 2595 concordia.
2847 2531 3142 2593 Albertus
3173 2531 3492 2612 siquidem
3531 2539 3593 2592 et
3625 2531 3962 2594 Udalricus

850 2635 910 2690 et
952 2628 1222 2690 Thomas
1272 2627 1335 2689 in
1383 2627 1500 2688 hoc
1540 2625 2039 2689 Antisiodorensi
2090 2643 2346 2687 concor·
2456 2649 2529 2692 ac
2587 2629 2694 2691 alii
2754 2630 3038 2711 quidam,
3092 2629 3374 2692 dicentes
3426 2629 3778 2710 ingenitum
3839 2649 3960 2692 seu

850 2729 977 2802 dat,
1020 2733 1081 2787 et
1131 2726 1321 2807 paulo
1370 2732 1511 2806 post
1559 2733 1852 2805 tangetur
1899 2725 2346 2786 concordantia
2459 2728 2838 2790 innascibile
2870 2736 3057 2809 prout
3090 2736 3186 2790 est
3216 2727 3410 2800 noti0,
3435 2745 3562 2790 non
3591 2727 3795 2810 accipi
3829 2729 3963 2810 pri-

850 2827 1098 2888 horum.
2457 2828 2688 2902 vative,
2742 2828 3089 2908 loquuntur
3147 2829 3224 2890 de
3286 2826 3638 2908 privatione
3695 2828 3960 2908 proprie

934 2924 1147 3004 ltaque
1186 2923 1455 2984 Thomas
1505 2921 1610 2982 hic
1660 2920 1936 2982 scribit:
1980 2921 2344 2982 Secundum
2457 2933 2732 3007 sumpta,
2784 2924 3079 2986 videlicet
3131 2925 3316 2987 tertio
3371 2925 3559 2987 modo
3611 2942 3624 2985 ε
3681 2924 3809 2987 imo
3857 2925 3960 2987 sic

852 3021 1299 3101 Augustinum,
1340 3021 1519 3082 Pater
1566 3026 1662 3081 est
1714 3019 2100 3102 principium
2152 3019 2344 3081 totius
2383 3021 2426 3086 C
2457 3024 2616 3086 nihil
2648 3023 2959 3104 privative
2991 3023 3226 3084 dicit-ur
3257 3023 3322 3084 in
3353 3023 3610 3096 divinis,
3629 3041 3746 3084 nec
3775 3023 3966 3104 quid-

854 3119 1123 3182 deitatiS.
1160 3120 1334 3183 Unde
1371 3119 1424 3180 si
1468 3117 1531 3180 in
1572 3118 1805 3181 divinis
1845 3126 2011 3181 esset.
2049 3119 2204 3180 ordo
2235 3118 2343 3199 qui
2457 3124 2626 3206 piam
2658 3124 2750 3185 sic
2793 3121 3104 3204 privative
3136 3121 3434 3184 convenit
3472 3123 3616 3184 Deo.
3653 3121 3769 3195 Qui
3797 3142 3960 3187 vero

855 3227 1116 3302 poneret
1149 3218 1325 3300 prius
1354 3227 1416 3279 et
1449 3218 1787 3299 posteriuS,
1821 3219 1998 3280 Pater
2028 3218 2346 3279 diceretur
2455 3223 2677 3283 dicunt
2709 3221 3060 3301 ingenitum
3093 3220 3297 3302 accipi
3331 3220 3662 3301 privative,
3687 3231 3960 3284 sumunt

855 3318 1133 3400 primum
1168 3317 1576 3398 principium.
1614 3317 1731 3378 Sed
1764 3316 2063 3397 quoniam
2098 3315 2187 3377 ibi
2219 3334 2342 3377 non
2457 3320 2876 3403 privationem
2921 3329 3202 3394 extense,
3251 3318 3546 3381 videlicet
3591 3319 3799 3401 primo
3841 3330 3960 3383 aut

852 3424 949 3478 est
977 3416 1131 3478 ordo
1161 3414 1325 3487 talis,
1346 3415 1483 3476 loco
1515 3414 1687 3476 illius
1717 3415 1885 3495 quod
1916 3422 2011 3475 cst
2042 3414 2344 3495 primum,
2455 3419 2736 3481 secundo
2779 3418 2984 3481 modo.

855 3516 1131 3578 dicimus
1171 3514 1559 3596 principium
1602 3531 1727 3575 non
1769 3514 1846 3575 de
1888 3513 2224 3594 principio.
2267 3549 2348 3558 —
2534 3518 2838 3580 Praeterea
2868 3516 3282 3598 quaestionem
3316 3516 3480 3578 hanc
3509 3517 3702 3579 etiam
3735 3526 3956 3597 move-3
4035 3554 4090 3595 q.
4115 3556 4276 3586 nu...

856 3614 1092 3676 Deinde
1126 3612 1306 3693 ponit
1344 3612 1615 3675 Thomas
1653 3612 1927 3693 qualiter
1962 3612 2200 3693 triplici
2243 3630 2348 3673 no·
2455 3615 2724 3677 Thomas
2774 3616 2838 3676 in
2886 3615 3093 3697 prima
3134 3622 3310 3695 parte
3361 3614 3640 3678 Summae
3689 3636 3840 3688 suae,
3881 3626 3956 3678 et
3987 3615 4040 3646 ⁸·
4069 3608 4120 3647 *-

858 3714 1025 3775 tione
1049 3713 1227 3774 Pater
1258 3712 1759 3785 noscatur,sicut
1790 3730 1866 3773 ex
1898 3710 2186 3774 Udalrico
2213 3711 2344 3791 jam
2456 3722 2684 3776 cuncta
2712 3733 2854 3795 quae
2885 3712 3108 3774 scribit
3139 3711 3251 3786 ibi,
3278 3712 3342 3775 in
3374 3714 3784 3794 praeinductis
3811 3714 3952 3796 jam

855 3812 1132 3895 positum
1164 3818 1277 3873 est.
1310 3847 1390 3855 —
1422 3810 1894 3891 Consequenter
1923 3810 2226 3871 solvendo
2255 3828 2349 3871 ar·
2457 3812 2880 3874 continentur.

854 3918 1228 3992 gumentum
1278 3910 1419 3983 hoc,
1467 3910 1527 3971 Si
1582 3911 1915 3984 infinitus
1962 3916 2057 3970 est
2107 3909 2348 3990 propri·
2538 3910 2884 3973 Concordat
2915 3910 3286 3983 RicharduS,
3318 3918 3378 3971 et
3409 3910 3586 3972 addit
3620 3930 3634 3972 :
3668 3911 3816 3974 Tres
3846 3930 3964 3975 no-

853 4018 985 4073 etas
1036 4010 1255 4083 Patris,
1289 4010 1409 4072 hoc
1458 4016 1553 4069 est
1602 4008 1703 4069 vel
1755 4015 1824 4069 ut
1881 4007 2193 4086 negative,
2246 4006 2347 4068 vel
2459 4009 2660 4070 tiones
2704 4008 2902 4070 Patris
2944 4026 3069 4069 non
3113 4008 3591 4088 distinguuntur
3635 4028 3748 4091 per
3785 4028 3968 4072 com-

858 4117 921 4169 ut
965 4108 1276 4190 privative
1316 4106 1649 4188 accipitur,
1684 4106 2023 4186 respondet
2057 4122 2071 4165 ε
2105 4104 2349 4185 lngeni-
2459 4107 2850 4189 parationem
2909 4107 2987 4167 ad
3048 4124 3382 4187 personam
3449 4108 3645 4169 Patris
3707 4108 3768 4169 in
3829 4129 3968 4191 qua

856 4214 957 4267 tus
1007 4225 1131 4268 non
1178 4207 1476 4287 importat
1518 4203 1871 4265 absolutam
1922 4204 2345 4283 negationem,
2378 4207 2429 4270 D
2460 4213 2628 4279 sunt,
2665 4204 2829 4266 inter
2858 4224 2946 4271 se,
2973 4223 3180 4284 neque
3211 4203 3290 4266 ab
3323 4204 3460 4285 ipsa
3491 4224 3779 4286 persona,
3803 4208 3970 4287 quia

856 4304 966 4367 sed
997 4304 1211 4385 aliquo
1245 4303 1430 4365 modo
1462 4302 1903 4384 privationem.
1931 4301 2148 4363 Omnis
2180 4321 2353 4363 nam·
2461 4310 2838 4384 comparatae
2895 4303 2973 4363 ad
3026 4302 3228 4383 ipsam
3290 4321 3649 4383 personam,
3703 4304 3972 4368 realiter

857 4423 982 4485 que
1015 4401 1263 4482 negatio
1294 4421 1435 4483 quae
1464 4409 1561 4462 est
1594 4401 1655 4461 in
1688 4400 1902 4481 aliquo
1933 4400 2351 4462 determinato
2462 4403 2629 4464 idem
2661 4408 2810 4462 sunt
2850 4419 2996 4461 cum
3037 4420 3128 4461 ea.
3165 4400 3286 4462 Sed
3327 4399 3804 4481 distinguuntur
3845 4424 3976 4485 per

857 4500 1158 4581 subJecto,
1194 4507 1399 4581 potest
1428 4498 1551 4560 dici
1583 4498 1868 4578 privatio.
1902 4498 2157 4578 Propter
2185 4499 2352 4578 quod
2462 4501 2581 4562 hoc
2630 4499 2799 4580 quod
2861 4497 3323 4560 innascibilitas
3378 4498 3440 4559 in
3494 4509 3803 4579 quantum
3861 4513 3978 4565 est

858 4608 1083 4681 quarto
1112 4597 1553 4679 Metaphysicae
1593 4595 1848 4670 dicitur,
1880 4597 2049 4677 quod
2082 4596 2352 4677 privatio
2463 4598 2636 4660 notio
2664 4596 2743 4658 ab
2782 4596 2926 4658 aliis
2968 4596 3287 4671 distincta,
3323 4596 3646 4677 significat
3687 4601 3980 4680 negatio-

856 4706 951 4759 est
992 4696 1241 4778 negatio
1282 4696 1345 4756 in
1386 4695 1676 4774 subjecto
1718 4702 1827 4755 aut
1868 4693 1931 4754 in
1975 4692 2346 4756 substantia.
2463 4714 2609 4757 nem
2664 4693 2988 4758 relationis
3038 4694 3246 4767 realiS,
3283 4693 3345 4756 id
3389 4702 3485 4756 est
3527 4695 3760 4757 realem
3803 4696 3980 4759 rela-

858 4796 1120 4877 Negatio
1170 4794 1362 4876 igitur
1411 4812 1605 4875 quam
1656 4794 1954 4874 importat
2010 4792 2351 4873 ingenitus,
2467 4794 2703 4856 tionem
2765 4792 3077 4872 negative,
3133 4792 3322 4854 modo
3369 4799 3708 4873 praetact03
3759 4802 3986 4875 pater-

861 4894 1242 4975 intelligitur
1272 4901 1341 4955 ut
1380 4892 1641 4955 fundata
1674 4892 1739 4953 in
1780 4890 2022 4953 ratione
2055 4890 2353 4973 principii
2465 4892 2630 4953 nitas
2689 4908 2839 4953 vero
2897 4897 2961 4951 et
3017 4890 3223 4952 activa
3279 4890 3544 4971 spiratio
3601 4890 3988 4972 significant

862 5002 932 5056 ut
978 5002 1074 5056 est
1124 4992 1299 5056 notio
1346 4992 1545 5054 Patris
1590 5009 1603 5053 ε
1647 4998 1709 5052 et
1755 4990 1841 5051 ita
1884 5008 2009 5051 non
2060 4989 2359 5051 convenit
2469 4989 2806 5051 relationes
2849 4988 3067 5050 realeS.
3106 4989 3379 5070 Spiratio
3409 5008 3560 5052 vero
3598 4991 3803 5053 activa
3841 4993 3992 5055 dis-

859 5093 1093 5155 divinae
1156 5091 1447 5154 essentiae
1510 5108 1715 5171 neque
1782 5088 2047 5171 Spiritui
2105 5088 2356 5163 Sancto,
2469 5087 2780 5167 tinguitur
2807 5106 2843 5148 a
2875 5087 3251 5168 paternitate
3293 5087 3355 5149 in
3389 5097 3700 5169 quantum
3739 5108 3990 5154 secun-

864 5192 1099 5273 quibus
1140 5209 1266 5253 non
1308 5188 1606 5252 convenit
1642 5206 1780 5250 esse
1822 5187 2214 5269 principium
2251 5205 2363 5268 per
2470 5186 2624 5248 dum
2693 5186 3002 5247 rationem
3074 5184 3468 5266 intelligendi
3528 5192 3991 5268 praesupponit

870 5290 1183 5370 originem
1239 5288 1515 5369 alicujus
1574 5286 1805 5349 divinae
1866 5302 2196 5368 personae3
2245 5304 2364 5347 nec
2473 5284 2727 5357 Filium,
2760 5301 2951 5365 quem
2997 5284 3176 5345 Pater
3218 5284 3514 5366 produxit
3563 5304 3678 5367 per
3714 5303 3996 5365 genera—
