4359 6250
833 450 950 515 144

1469 469 1533 514 IN
1574 469 1795 515 LIBRUM
1836 468 1856 512 1
1898 466 2379 513 SENTENTIARUM.
2425 484 2505 493 ·—
2545 467 2696 511 DIST.
2742 468 2910 530 xxn3
2954 469 3176 524 QUAEST.
3222 469 3284 513 lv

831 639 978 701 vina
1025 639 1300 701 essentia
1349 639 1432 701 sit
1473 657 1721 701 summe
1773 636 2066 718 simplex,
2110 642 2323 697 tamen
2354 633 2405 697 A
2434 634 2549 696 tim
2600 636 2843 698 causari
2888 656 2966 699 ex
3009 636 3373 700 divinorum
3422 635 3786 698 diversitate
3834 634 3932 696 ef·-

829 736 911 798 ob
956 756 1087 800 suae
1131 736 1540 818 perfectionis
1585 734 1972 797 infinitatem
2016 741 2080 795 et
2123 731 2323 795 nostri

830 834 1188 896 intellectus
1220 835 1780 908 debilitatem‚non
1815 850 2152 914 possumus
2184 830 2323 911 ejus

829 933 1286 1014 perfectionem
1319 951 1447 995 uno
1479 939 1791 1014 conceptu
1825 931 2183 1011 concipere,
2206 948 2322 990 nec

827 1032 1086 1093 nomine
1133 1049 1261 1093 uno
1313 1032 1499 1114 plene
1549 1031 1926 1112 exprimere.
1973 1030 2105 1090 lmo
2149 1028 2202 1089 si
2247 1028 2324 1089 de

828 1147 902 1190 ea
966 1129 1268 1191 formaret
1335 1128 1694 1191 intellectus
1765 1135 1978 1190 noster
2040 1126 2323 1188 diversos

831 1235 1176 1308 conceptus
1231 1226 1369 1288 sine
1420 1226 1574 1299 fine,
1628 1243 1958 1306 nunquam
2017 1242 2132 1306 per
2180 1221 2325 1285 illos

832 1332 1177 1405 conceptus
1207 1324 1592 1406 exprimeret
1623 1342 1764 1385 eam
1795 1322 2097 1404 perfecte,
2123 1340 2325 1402 quum

834 1422 900 1483 in
931 1441 999 1483 se
1031 1421 1170 1503 ipsa
1210 1421 1619 1504 perfectionis
1661 1422 1744 1483 sit
1781 1420 2070 1482 infinitae.
2107 1420 2325 1500 Itaque

834 1520 1162 1600 pluralitas
1194 1521 1527 1583 nominum
1571 1519 2003 1602 personalium
2035 1526 2098 1579 et
2129 1516 2327 1579 notio-

831 1619 1074 1680 nalium
1123 1619 1190 1680 in
1241 1619 1499 1694 divinis,
1544 1619 1705 1680 bene
1750 1625 1845 1680 est
1883 1636 1919 1678 a
1959 1623 2136 1698 parte
2187 1615 2322 1688 Dei,

830 1716 1132 1798 quoniam
1167 1718 1380 1799 plures
1414 1736 1699 1799 personae
1731 1723 1878 1778 sunt
1908 1723 1971 1777 et
2002 1715 2323 1793 notiones;

2433 733 2740 796 fectuum.
2783 736 2899 798 Pro
2940 753 3214 817 quorum
3266 734 3603 797 concordia
3650 732 3935 795 occurrit

2433 830 2798 905 dicendum,
2834 834 3003 913 quod
3047 832 3491 914 multiplicitas
3530 831 3652 893 ista
3694 830 3941 891 radica-

2436 927 2598 1002 liter,
2638 930 3047 992 materialiter
3087 950 3199 993 seu
3240 928 3803 992 fundamentaliter
3834 934 3941 988 est

2436 1045 2551 1108 pro
2593 1036 2771 1109 parte
2813 1048 2891 1091 ex
2936 1036 3113 1111 parte
3164 1029 3529 1091 divinorum
3580 1026 3939 1089 effectuum

2434 1134 2497 1187 et
2540 1145 2617 1188 ex
2664 1127 3136 1208 multiplicitate
3180 1134 3439 1189 actuum
3484 1126 3617 1198 Dei,
3654 1123 3940 1205 comple-

2436 1224 2563 1285 tive
2608 1242 2758 1286 vero
2808 1233 2902 1287 est
2950 1244 3027 1287 ex
3078 1232 3255 1307 parte
3305 1224 3667 1285 intellectus
3717 1220 3939 1284 confe-

2438 1322 2633 1383 rentis
2677 1331 2740 1384 et
2785 1323 3046 1385 nomina
3089 1324 3227 1405 ipsa
3270 1321 3683 1384 instituentis,

2516 1421 2837 1483 Postremo
2869 1422 3039 1483 circa
3071 1421 3207 1484 haec
3248 1420 3473 1483 scribit
3506 1419 3831 1482 Udalricus
3867 1418 3939 1479 in

2438 1518 2699 1581 Summa
2747 1539 2881 1592 sua,
2928 1520 3135 1601 primo
3182 1518 3345 1580 libro
3387 1537 3401 1583 ε
3447 1518 3787 1580 Diversitas
3840 1535 3940 1577 ra-

2437 1616 2628 1678 tionis
2674 1617 3139 1699 perfectionum
3182 1618 3246 1679 in
3289 1618 3418 1679 Deo
3460 1615 3933 1687 exsistentium,

2437 1733 2566 1777 non
2615 1723 2712 1777 est
2761 1724 3008 1778 tantum
3058 1736 3137 1778 ex
3189 1724 3366 1798 parte
3426 1715 3625 1777 nostri
3686 1714 3939 1775 intelle-

829 1815 1160 1877 diversitas
1194 1834 1342 1879 vero
1371 1816 1807 1878 essentialium
1840 1814 2196 1886 nominum,
2230 1820 2325 1873 est
2361 1818 2409 1881 Β
2439 1814 2761 1894 ctuS,quia
2789 1814 2882 1875 sic
2914 1814 3271 1875 intellectus
3302 1820 3518 1875 noster
3544 1821 3712 1875 esset
3732 1830 3940 1873 vanus

828 1932 906 1975 ex
967 1922 1143 1995 parte
1204 1914 1403 1976 nostri
1465 1914 1826 1976 intellectus
1881 1930 1894 1973 :
1948 1912 2058 1993 qui
2112 1919 2322 1972 tamen

831 2029 958 2073 non
1016 2020 1112 2073 est
1170 2030 1406 2085 cassuS,
1469 2012 1773 2094 quoniam
1835 2010 2323 2073 fundamentum

831 2110 1020 2172 habet
1053 2110 1118 2172 in
1157 2129 1246 2184 re,
1280 2118 1344 2173 et
1374 2109 1825 2191 correspondet
1853 2108 1912 2170 ei
1956 2126 2084 2171 non
2114 2126 2324 2169 essen-

831 2208 1000 2271 tialis
1051 2210 1414 2283 multitudo,
1470 2210 1580 2271 sed
1630 2208 1863 2272 divinae
1913 2205 2324 2288 perfectionis

834 2308 1182 2388 plenitudo.
1216 2310 1360 2372 Haec
1403 2307 1770 2371 RicharduS.

913 2508 1004 2569 Ex
1053 2506 1152 2567 his
1204 2513 1376 2587 patet
1425 2504 1754 2586 responsio
1802 2503 1882 2565 ad
1932 2503 1995 2565 id
2038 2502 2208 2583 quod
2260 2501 2326 2563 in

831 2608 1179 2690 quaestione
1221 2613 1531 2678 movetur,
1572 2605 1744 2666 Unde
1785 2609 2124 2683 consurgat
2164 2602 2326 2663 mul-

831 2705 1133 2788 tiplicitas
1176 2704 1510 2767 nominum
1555 2703 1940 2765 divinorum.

907 2804 1359 2866 Verumtamen
1399 2802 1754 2863 Alexander
1799 2800 1968 2861 circa
2009 2800 2129 2861 hoc
2172 2798 2326 2860 scri-

831 2902 927 2964 bit
991 2920 1004 2963 :
1067 2901 1500 2983 Multiplicitas
1561 2899 1928 2961 divinorum
1991 2897 2325 2960 nominum

2438 1919 2501 1971 et
2544 1910 2776 1991 falsus;
2819 1912 2929 1973 sed
2980 1910 3285 1973 fundatur
3332 1928 3525 1993 super
3574 1928 3728 1971 rem.
3772 1909 3937 1971 Nam

2438 2010 2613 2072 omni
2655 2010 2985 2072 intellectu
3027 2018 3243 2072 nostro
3282 2009 3553 2083 secluso,
3587 2008 3795 2070 adhuc
3835 2026 3940 2068 es-

2439 2117 2581 2170 sent
2620 2108 2686 2170 in
2727 2110 2856 2172 Deo
2886 2128 3035 2171 vere
3064 2116 3128 2170 et
3158 2108 3414 2190 proprie
3457 2106 3790 2189 sapientia,
3826 2105 3943 2168 bo-

2438 2206 2625 2279 nitas,
2677 2213 2798 2268 etc.
2852 2207 2978 2269 Nec
3039 2214 3251 2267 tamen
3310 2213 3405 2267 est
3464 2205 3795 2267 diversitas
3856 2222 3941 2264 ex

2440 2313 2616 2386 parte
2661 2304 2893 2367 divinae
2935 2304 3245 2367 essentiae.
3279 2304 3417 2367 Non
3461 2304 3635 2365 enim
3683 2308 3941 2384 oportet

2436 2402 2513 2463 ad
2564 2402 3071 2465 verificationem
3121 2401 3424 2464 orationis
3472 2401 3642 2483 quod
3703 2399 3939 2462 modus

2438 2501 2527 2561 rei
2562 2502 3049 2583 correspondeat
3079 2501 3267 2563 modo
3303 2500 3663 2561 intellectus
3704 2497 3934 2571 nostri,

2438 2600 2547 2660 sed
2598 2598 2845 2662 sufficit
2883 2608 2953 2661 ut
3004 2600 3066 2661 id
3106 2599 3275 2681 quod
3316 2606 3412 2661 est
3461 2598 3527 2659 in
3577 2597 3934 2669 intellectu,

2439 2716 2695 2760 causam
2744 2706 2807 2760 et
2857 2697 3345 2760 fundamentum
3396 2696 3623 2759 babeat
3676 2696 3741 2757 in
3790 2714 3859 2756 re
3919 2714 3933 2757 :

2438 2796 2531 2857 sic
2576 2816 2851 2879 namque
2894 2797 3397 2859 abstrahentium
3448 2814 3577 2858 non
3620 2803 3717 2858 est
3758 2814 3943 2856 men-

2439 2896 2711 2957 dacium.
2759 2896 2866 2957 Est
2914 2913 3063 2976 ergo
3106 2895 3173 2956 in
3223 2896 3350 2958 Deo
3402 2894 3588 2957 realis
3636 2893 3941 2956 habilitas

833 3018 960 3063 non
1000 3008 1096 3062 est
1133 3019 1210 3062 ex
1253 2998 1726 3080 multiplicitate
1766 2997 1998 3059 divinae
2037 2995 2327 3058 essentiae
2364 3000 2407 3063 C
2438 2994 2516 3055 ad
2576 2994 2974 3056 fundandum
3036 2994 3102 3056 in
3144 3012 3227 3069 ,se
3284 3000 3348 3055 et
3406 2994 3483 3055 ad
3543 2991 3940 3055 causandum

834 3100 968 3162 sive
998 3098 1349 3160 effectuum
1382 3096 1545 3178 ejuS,
1571 3097 1682 3159 sed
1713 3115 1790 3158 ex
1823 3094 2328 3159 consideratione

837 3196 1197 3259 intellectus
1249 3195 1635 3258 conferentis
1697 3195 1868 3276 ipsos
1919 3192 2191 3255 effectus
2249 3192 2328 3253 ad

836 3295 1109 3377 primam
1155 3313 1430 3356 causam.
1475 3294 1650 3367 Quod
1697 3300 1902 3375 potest
1943 3311 2080 3354 esse
2123 3289 2330 3372 dupli-

836 3393 1014 3466 citer,
1059 3401 1213 3475 puta
1260 3393 1612 3454 secundum
1657 3391 2089 3453 differentiam
2133 3397 2197 3450 et
2238 3406 2331 3449 se-

835 3493 1119 3554 cundum
1184 3491 1714 3554 convenientiam.
1780 3488 2142 3551 Secundum
2204 3485 2328 3548 dif-

834 3591 1168 3652 ferentiam
1242 3590 1606 3653 nominatur
1674 3606 1790 3670 per
1857 3587 2117 3649 nomina
2185 3585 2325 3657 ista,

835 3689 1201 3763 increabile,
1222 3687 1730 3770 incorruptibile,
1753 3684 2162 3748 invariabile:
2188 3701 2330 3764 quae

833 3788 1055 3849 dicunt
1085 3787 1163 3850 de
1194 3788 1323 3850 Deo
1352 3805 1478 3848 non
1512 3785 1682 3867 quod
1713 3791 1828 3857 est,
1859 3783 1969 3846 sed
2000 3782 2170 3864 quod
2201 3798 2328 3842 non

833 3894 946 3948 est.
1001 3887 1189 3949 Porro
1246 3886 1599 3948 secundum
1661 3881 2173 3944 convenientiam
2234 3885 2331 3940 est

834 3985 1087 4048 collatio
1135 3984 1406 4047 effectus
1449 3983 1527 4044 ad
1572 4000 1829 4043 causam
1879 3999 2060 4043 suam
2112 3996 2332 4061 supre-

837 4103 1008 4146 mam
1056 4083 1418 4165 dupliciter,
1465 4081 1710 4142 scilicet
1760 4081 2112 4142 secundum
2163 4095 2326 4150 esse,

837 4191 901 4245 et
937 4182 1292 4244 secundum
1337 4179 1498 4241 bene
1539 4198 1696 4241 esse.
1734 4178 2096 4242 Secundum
2142 4176 2331 4239 colla·
2362 4185 2409 4246 D

839 4283 1078 4344 tionem
1128 4280 1330 4362 ipsius
1379 4297 1518 4340 esse
1569 4283 1871 4340 creaturae
1919 4277 1997 4338 ad
2048 4293 2326 4349 causam,

835 4381 1203 4444 nominatur
1244 4397 1358 4460 per
1396 4376 1656 4439 nomina
1699 4382 1952 4457 sumpta
1992 4373 2330 4456 corporali—

838 4499 947 4541 um
973 4486 1036 4541 et
1062 4476 1493 4559 spiritualium
1523 4493 1916 4557 rerum,quae
1940 4473 2041 4535 vel
2074 4472 2331 4554 proprie

837 4578 936 4640 vel
987 4576 1350 4639 translative
1410 4576 1712 4637 dicuntur
1758 4573 1838 4635 de
1888 4573 2056 4650 Deo;
2107 4589 2331 4633 secun-

834 4678 987 4739 dum
1050 4673 1453 4738 collationem
1507 4690 1655 4734 vero
1715 4672 1916 4754 ipsius
1977 4671 2138 4732 bene
2192 4688 2329 4731 esse

835 4783 1138 4838 creaturae
1180 4774 1257 4835 ad
1298 4773 1534 4854 ipsum,
1570 4777 1832 4832 vocatur
1875 4788 1988 4850 per
2017 4769 2330 4830 excellen-

833 4875 1010 4948 tiam,
1047 4880 1115 4934 ut
1145 4891 1346 4954 quum
1376 4870 1613 4932 dicitur
1652 4867 2074 4950 superbonuS,
2111 4885 2329 4948 super-

831 4974 1106 5056 sapienS.
1143 4972 1285 5034 Haec
1328 4969 1700 5031 Alexander.

813 5111 834 5136 .
914 5071 1110 5150 Cujus
1155 5068 1384 5151 positio
1415 5066 1668 5128 videtur
1697 5063 2057 5145 aliqualiter
2088 5061 2329 5124 dissen-

831 5171 952 5232 tire
996 5189 1032 5231 a
1076 5167 1354 5251 praefatis
1407 5163 1797 5237 doctoribuS,
1840 5161 1950 5243 qui
2001 5161 2331 5223 affirmant

834 5267 1375 5351 multiplicitatem
1405 5263 1772 5326 divinorum
1812 5259 2146 5322 nominum
2188 5278 2331 5341 par-

2439 3092 2914 3156 distinctionem
2974 3092 3341 3174 hujusmodi
3402 3092 3737 3156 rationum.
3790 3090 3941 3154 Haec

2442 3192 2790 3254 Udalricus.

2522 3389 2611 3450 Ex
2652 3389 2887 3471 quibus
2932 3398 3102 3472 patet
3140 3389 3372 3452 solutio
3410 3390 3487 3452 ad
3528 3389 3794 3470 objecta.
3828 3388 3939 3451 Di·

2438 3488 2639 3549 versis
2682 3489 2921 3550 etenim
2972 3489 3340 3551 nominibus
3383 3496 3685 3569 tanquam
3728 3487 3941 3550 diver-

2440 3585 2526 3646 sis
2558 3585 2779 3666 signiS,
2814 3586 3309 3668 correspondent
3341 3586 3405 3647 in
3437 3587 3565 3648 Deo
3595 3585 3696 3647 vel
3726 3585 3939 3648 diver-

2440 3703 2525 3745 sae
2563 3702 2662 3746 res
2704 3685 2982 3748 relativae
3020 3693 3128 3747 aut
3168 3683 3539 3757 notionaleS,
3571 3691 3680 3745 aut
3708 3683 3936 3745 eadem

2440 3799 2539 3844 res
2580 3782 2869 3846 absoluta
2907 3783 3262 3845 secundum
3299 3782 3490 3844 aliam
3524 3790 3586 3844 et
3614 3781 3807 3844 aliam
3842 3801 3941 3843 ra-

2440 3880 2680 3942 tionem
2729 3890 2989 3964 accepta
3033 3900 3046 3943 :
3090 3881 3283 3956 etita
3333 3897 3543 3943 sermo
3594 3879 3941 3962 subjicitur

2440 3979 2550 4040 rei.
2608 3981 2731 4044 Cur
2778 3989 2991 4043 autern
3050 3981 3312 4043 nomina
3370 3979 3479 4041 illa
3528 3979 3745 4041 divina
3800 3995 3938 4041 non

2441 4077 2789 4140 consistant
2830 4095 3200 4160 synonyma,
3232 4085 3331 4140 est
3372 4093 3767 4158 expressum.

2865 4403 3337 4478 QUAESTIO
3404 4402 3510 4466 IV

2584 4668 2771 4731 Uar-to
2813 4667 3135 4749 quaeritur,
3178 4669 3306 4734 An
3348 4667 3644 4734 divisio
3686 4669 3941 4733 nomi-

2602 4782 2792 4834 num
2835 4767 3295 4833 divinorum
3333 4769 3419 4832 111
3456 4767 3735 4833 littera
3774 4764 3941 4832 suf-

2440 4865 2802 4931 ficienter
2843 4867 3208 4946 ponatur.

2506 4962 2771 5025 Videtur
2800 4963 2969 5044 quod
3000 4961 3316 5044 non,quia
3344 4980 3421 5024 ox
3451 4961 3666 5024 verbis
3692 4962 3794 5024 SS.
3814 4961 3943 5023 Au-

2439 5061 2677 5142 gustini
2737 5069 2927 5142 atque
2975 5060 3292 5123 Ambrosii
3356 5060 3615 5142 ponitur
3662 5060 3769 5122 hic
3820 5060 3939 5121 tri-

2442 5159 2747 5221 membris
2786 5159 3037 5232 divisi0,
3074 5159 3160 5221 ita
3189 5159 3359 5240 quod
3400 5158 3687 5240 quaedam
3718 5159 3943 5220 dicun-

2441 5266 2544 5319 tur
2574 5257 2651 5318 de
2682 5257 2810 5319 Deo
2839 5257 3281 5332 essentialiter,
3316 5257 3605 5339 quaedam
3646 5256 3933 5332 relative,
