4359 6250
834 487 955 554 504

1438 501 1504 550 m
1543 502 1766 549 Lunum
1807 502 1828 547 1
1870 499 2353 548 SENTENTIARUH.
2398 516 2479 530 --
2522 500 2675 546 msr.
2720 499 2953 562 m113
2996 498 3219 556 QUAEST.
3266 496 3335 544 m

837 677 1089 761 plicitas
1134 676 1408 758 gerenda
1457 673 1772 757 disposuit
1823 671 2080 736 mobilis
2129 691 2331 734 nexus
2361 669 2412 733 A
2442 678 2588 732 sunt
2620 669 2961 746 naturaleS‚
2995 670 3164 753 quod
3202 687 3330 734 non
3370 669 3641 732 subsunt
3670 669 3943 734 arbitrio

833 785 1023 859 atque
1065 776 1219 839 ordo
1260 773 1649 858 temporalis.
1684 774 1892 835 Potest
1933 788 2187 853 quoque
2226 769 2333 831 de-

833 875 1028 939 scribi
1073 891 1200 937 non
1245 873 1452 936 solum
1496 873 1562 934 in
1606 872 1909 934 relatione
1947 870 2026 932 ad
2063 889 2137 932 ea
2177 886 2331 951 quo-

833 994 978 1037 rum
1025 980 1142 1048 cst,
1196 972 1304 1034 sed
1363 972 1554 1034 etiam
1615 971 1682 1032 in
1741 969 1962 1032 ordine
2021 969 2096 1030 ad
2149 987 2329 1030 suam

835 1091 1114 1146 causam,
1143 1071 1440 1134 videlicet
1472 1068 1938 1152 providentiam
1968 1067 2098 1129 Dei.
2134 1066 2209 1128 Et
2239 1065 2331 1128 sic

833 1170 1140 1234 describit
1185 1169 1461 1242 BoetiuS,
1503 1167 1722 1230 dicens
1768 1185 1781 1229 :
1829 1168 2048 1228 Fatum
2096 1172 2193 1226 est
2240 1183 2333 1226 re-

835 1271 958 1334 bus
1017 1267 1366 1331 mobilibus
1435 1267 1748 1328 inhaerens
1814 1263 2147 1347 dispositio
2206 1282 2333 1345 qua

838 1367 1260 1454 providentia,
1320 1373 1438 1428 etc.
1512 1364 1616 1427 Est
1687 1364 1900 1446 itaque
1964 1361 2332 1425 differentia

833 1469 970 1531 haec
1029 1467 1193 1528 inter
1250 1464 1450 1527 fatum
1509 1471 1572 1525 et
1621 1461 2108 1544 providentiam,
2160 1460 2329 1542 quod

834 1565 1233 1650 providentia
1271 1563 1381 1626 Dei
1425 1562 1744 1625 connectit
1787 1579 1884 1623 res
1927 1561 2200 1643 quadam
2242 1559 2333 1620 in-

833 1665 1148 1728 divisione
1179 1671 1368 1744 atque
1405 1660 1963 1738 immutabilitate3
1995 1659 2198 1721 fatum
2228 1677 2331 1722 ve-

833 1782 905 1827 ro
947 1762 1266 1826 connectit
1313 1780 1418 1824 eas
1467 1768 1537 1822 ut
1584 1767 1734 1821 sunt
1781 1759 2096 1821 distinctae
2137 1766 2328 1839 atque

2442 770 2666 844 libero,
2699 777 2771 832 ut
2801 770 2971 852 quod
2998 770 3233 853 aliquis
3272 770 3357 832 sit
3394 769 3618 850 longus
3655 777 3765 831 aut
3798 769 3943 832 bre-

2440 869 2561 944 viS,
2610 869 2794 932 albus
2840 877 2951 931 aut
2996 869 3180 950 niger
3228 887 3243 932 :
3293 877 3359 931 et
3404 869 3471 931 in
3518 868 3621 931 his
3668 877 3941 950 possunt

2442 969 2723 1031 siderum
2782 969 2970 1031 vireS.
3022 967 3179 1032 Aliae
3234 976 3382 1031 sunt
3440 987 3583 1050 quae
3641 967 3941 1049 quamvis

2440 1068 2569 1130 sint
2614 1067 2956 1142 naturales,
3007 1075 3221 1130 tamen
3272 1067 3548 1130 liberum
3595 1065 3941 1128 arbitrium

2440 1174 2648 1248 potest
2674 1166 2899 1247 juvare
2929 1167 3007 1229 ad
3038 1185 3165 1240 eas,
3200 1174 3269 1228 ut
3300 1166 3557 1240 sanitaS,
3589 1165 3935 1247 aegritudo:

2440 1273 2500 1327 et
2542 1266 2608 1328 in
2646 1265 2747 1328 his
2786 1265 2977 1329 etiam
3019 1272 3227 1348 potest
3264 1265 3361 1328 vis
3400 1264 3736 1348 positionis
3776 1265 3943 1328 side-

2442 1384 2584 1426 rum
2634 1373 2947 1446 quatenus
2997 1364 3317 1426 naturales
3363 1372 3530 1426 sunt.
3583 1362 3739 1427 Alioe
3788 1373 3942 1426 sunt

2439 1463 2888 1545 dispositiones
2918 1482 3059 1545 qum
3098 1481 3223 1525 non
3266 1471 3415 1524 sunt
3452 1463 3793 1537 naturales,
3827 1463 3941 1524 sed

2440 1561 2714 1624 subsunt
2754 1561 2955 1624 libero
2995 1561 3260 1624 arbitrio
3305 1561 3604 1635 hominis,
3644 1569 3753 1623 aut
3797 1562 3941 1643 qui-

2440 1659 2709 1722 busdam
2759 1660 3113 1743 spiritibus,
3148 1659 3247 1722 vel
3293 1660 3517 1743 primae
3560 1679 3765 1723 causae
3808 1680 3824 1724 z
3871 1668 3944 1722 ut

2440 1759 2611 1841 quod
2638 1759 2873 1840 aliquis
2908 1759 2991 1820 sit
3023 1758 3158 1838 fur;
3191 1759 3358 1841 quod
3398 1759 3619 1822 subest
3655 1759 3941 1822 hominis

837 1860 1194 1924 mutabiles,
1249 1859 1490 1922 Idcirco
1543 1858 1796 1921 Boetius
1858 1856 2066 1939 inquit
2117 1877 2130 1920 :
2185 1857 2326 1918 Pro·
2364 1862 2412 1925 B
2442 1857 2752 1920 voluntati
2792 1876 2903 1919 seu
2946 1857 3225 1939 maligno
3263 1857 3517 1939 spiritui
3548 1858 3939 1938 suggerenti,

833 1959 1116 2022 videntia
1154 1966 1382 2020 cuncta
1419 1957 1676 2039 pariter,
1719 1956 2012 2038 quamvis
2054 1955 2325 2028 diversa,

835 2057 1128 2141 quamvis
1161 2056 1438 2130 infinita,
1472 2055 1959 2137 complectitur3
1990 2053 2194 2116 fatum
2224 2071 2329 2115 ve-

834 2175 907 2221 ro
953 2157 1204 2237 singula
1251 2155 1469 2235 dirigit
1513 2155 1578 2216 in
1621 2163 1817 2227 motu,
1863 2153 2040 2226 lociS‚
2081 2151 2328 2226 formis,

834 2254 1232 2338 temporibus
1269 2252 1608 2316 distributa
1641 2271 1656 2314 t
1691 2253 1778 2315 ita
1817 2259 1886 2314 ut
1923 2252 2056 2314 haec
2092 2259 2333 2334 tempo-

833 2354 984 2417 ralis
1032 2353 1274 2416 ordinis
1317 2351 1658 2433 explicatio
1705 2351 1771 2413 in
1820 2351 2054 2414 divinae
2099 2350 2332 2412 mentis

832 2454 1106 2516 adunata
1163 2459 1526 2534 prospectu,
1587 2449 1987 2531 providentia
2045 2449 2331 2512 nomine-

831 2560 979 2630 tur3
1010 2552 1230 2613 eadem
1273 2567 1423 2612 vero
1460 2548 1775 2611 ordinatio
1813 2566 1886 2609 ac
1923 2546 2227 2610 adunatio
2267 2547 2331 2608 in

833 2650 1024 2713 rebus
1094 2649 1335 2730 digesta
1401 2646 1926 2730 temporibusque
1992 2646 2327 2728 explicata,

835 2749 1036 2812 fatum
1082 2755 1364 2810 vocetur.

915 2847 1146 2909 Verum
1199 2844 1299 2907 his
1342 2844 1537 2925 objici
1585 2851 1809 2926 potest.
1851 2843 2115 2905 Videtur
2155 2841 2329 2904 enim

835 2945 1006 3027 quod
1063 2944 1264 3007 fatum
1324 2961 1451 3006 non
1509 2943 1595 3005 sit
1642 2942 1898 3006 mobilis
1945 2961 2169 3015 nexus,
2221 2941 2332 3003 sed

2442 1963 2505 2017 et
2543 1974 2671 2019 non
2712 1963 2969 2018 naturae.
3006 1955 3335 2031 Similiter,
3376 1957 3545 2038 quod
3582 1956 3819 2037 aliquis
3858 1957 3944 2019 sit

2441 2053 2797 2136 religiosus,
2839 2071 2965 2116 non
3004 2054 3225 2116 subest
3262 2063 3524 2130 naturai,
3564 2056 3674 2117 sed
3719 2056 3946 2118 volun-

2442 2153 2551 2214 tati
2604 2152 2716 2215 Dei
2770 2153 3037 2235 gratiam
3091 2152 3508 2216 infundentis
3560 2154 3636 2216 Et
3694 2155 3761 2216 in
3810 2155 3939 2230 his,

2444 2252 2760 2333 loquendo
2791 2251 3191 2333 simpliciter,
3225 2270 3351 2314 non
3390 2252 3584 2315 habet
3621 2271 3809 2336 posse
3838 2254 3941 2316 vis

2442 2350 2746 2425 siderum,
2779 2351 3072 2432 quamvis
3111 2351 3369 2432 quidam
3412 2351 3775 2434 philosophi
3818 2352 3942 2416 boc

2444 2448 2773 2530 putabant,
2807 2449 3090 2511 dicentes
3118 2450 3288 2530 quod
3320 2469 3436 2532 per
3464 2449 3665 2513 fatum
3698 2452 3791 2514 rei
3824 2471 3941 2514 seu

2444 2547 2989 2610 constellationem
3068 2556 3281 2629 posset
3349 2549 3657 2631 praenosci
3728 2550 3941 2632 qualis

2443 2645 2588 2727 quis
2630 2654 2799 2708 esset
2841 2645 3097 2708 futurus
3145 2654 3457 2729 quantum
3498 2648 3578 2710 ad
3620 2648 3945 2731 dispositi-

2442 2762 2596 2806 ones
2627 2744 2739 2806 has
2772 2744 2987 2806 tertias
3022 2763 3037 2808 ε
3072 2746 3238 2827 quod
3282 2753 3379 2808 est
3415 2745 3669 2808 falsum.
3703 2747 3941 2810 Tamen

2444 2842 2541 2904 vis
2570 2842 2796 2905 sideris
2827 2842 3013 2906 habet
3048 2843 3211 2906 bene
3240 2843 3373 2906 vim
3404 2844 3777 2920 inclinandi,
3812 2864 3941 2908 non

2442 2943 2865 3004 necessitandi
2914 2960 2927 3004 :
2974 2943 3139 3005 sicut
3180 2952 3367 3006 natus
3415 2943 3537 3006 sub
3584 2946 3799 3020 Marte,
3844 2955 3945 3008 est

837 3061 1096 3127 prorsus
1142 3041 1513 3114 immobiliS,
1556 3060 1753 3124 quum
1805 3041 1975 3103 dicat
2016 3039 2271 3102 Boetius
2314 3058 2328 3102 :
2368 3045 2411 3108 G
2444 3041 2709 3116 calidus,
2742 3051 2911 3106 etex
2952 3043 3072 3105 hoc
3112 3041 3303 3105 habet
3343 3043 3823 3107 inclinationem
3860 3047 3939 3108 ad

835 3142 966 3205 Hoc
995 3142 1268 3222 (scilicet
1299 3141 1529 3221 fatum)
1557 3148 1736 3203 actus
1775 3139 2187 3222 fortunasque
2226 3140 2333 3202 ho-

839 3241 1083 3303 minum
1114 3238 1544 3301 indissolubili
1574 3257 1906 3301 causarum
1939 3238 2332 3301 connexione

838 3338 1232 3419 constringit.
1275 3372 1356 3383 —
1396 3338 1855 3419 Respondetur,
1907 3337 2076 3419 quod
2125 3336 2333 3399 fatalis

839 3438 1036 3500 series
1085 3436 1320 3499 dicitur
1367 3436 1798 3517 constringere
1851 3455 1950 3499 res
2001 3436 2337 3498 indissolu-

840 3537 955 3599 bili
1001 3554 1336 3598 causarum
1382 3535 1796 3609 connexione,
1843 3536 2146 3616 quoniam
2192 3553 2337 3597 con-

839 3638 1000 3699 tinet
1045 3655 1150 3699 eas
1199 3634 1728 3698 indissolubiliter
1775 3635 1895 3697 sub
1942 3636 2201 3718 periodo
2243 3654 2339 3697 or-

839 3736 1054 3798 dinata
1093 3754 1131 3796 a
1171 3733 1388 3796 divina
1435 3734 1836 3815 providentia
1882 3753 1895 3797 :
1943 3753 2084 3815 quae
2132 3752 2338 3797 causae

840 3854 1041 3917 quum
1091 3832 1171 3896 ab
1219 3831 1570 3895 immobilis
1620 3830 2035 3913 providentiae
2083 3832 2340 3914 profici-

840 3940 1099 3995 scantur
1137 3930 1436 4004 exordiis,
1471 3930 1640 4011 ipsas
1679 3948 1934 4012 quoque
1978 3930 2341 3992 immutabi-

842 4030 934 4092 les
983 4048 1122 4093 esse
1173 4047 1432 4091 necesse
1477 4036 1591 4089 est.
1650 4028 1892 4090 Dicitur
1939 4046 2088 4109 ergo
2139 4029 2339 4091 fatum

842 4127 1276 4208 constringere
1337 4145 1436 4188 res
1493 4126 2001 4189 incommutabili
2048 4128 2344 4190 connexi-

2446 3142 2627 3216 iram,
2671 3159 2797 3204 non
2842 3142 3306 3205 necessitatem.
3354 3142 3431 3205 Et
3472 3143 3592 3207 hoc
3636 3144 3945 3227 multipli-

2446 3242 2605 3303 citer
2651 3241 2877 3323 probat
2927 3240 3263 3323 Gregorius
3314 3242 3378 3304 in
3426 3242 3693 3305 homilia
3740 3244 3944 3306 Evan-

2445 3338 2619 3420 gelii,
2663 3339 2869 3412 Quum
2920 3347 3104 3401 natus
3153 3346 3321 3401 esset
3360 3340 3559 3402 Jesus.
3600 3376 3683 3387 —-
3728 3340 3945 3404 Refert
3973 3362 4155 3406 ,uacca
4180 3368 4279 3411 aa.

2446 3437 2639 3499 etiam
2686 3436 3079 3518 Augustinus
3121 3436 3347 3519 quinto
3395 3438 3472 3500 de
3520 3438 3945 3503 CivitateDci

2448 3537 2527 3599 de
2574 3536 2823 3599 duobus
2872 3536 2949 3597 de
2994 3535 3230 3617 quibus
3271 3536 3683 3619 Hippocrates
3727 3538 3950 3602 recita—

2450 3634 2563 3707 vit,
2606 3635 2774 3716 quod
2824 3634 3045 3697 eodem
3095 3642 3382 3716 tempore
3426 3634 3947 3713 infirmabantur,

2451 3733 2803 3814 eodemque
2854 3741 3143 3813 tempore
3192 3732 3719 3814 ingravescebant
3769 3734 3953 3796 infir-

2452 3832 2706 3894 mitates
2735 3849 2980 3903 eorum,
3009 3838 3199 3912 atque
3228 3832 3453 3894 eodem
3482 3839 3771 3915 tempore
3800 3832 3953 3896 alle-

2454 3930 2808 3992 viabantur.
2857 3929 3031 3992 Unde
3075 3930 3497 4011 interrogatus
3540 3931 3952 3995 Possidonius

2453 4028 2828 4109 astrologus,
2888 4029 3217 4110 respondit
3274 4029 3393 4092 hoc
3452 4049 3615 4105 esse,
3668 4030 3825 4113 quia
3884 4032 3955 4093 in

2454 4128 2674 4190 eadem
2717 4126 3197 4189 constellatione
3238 4126 3491 4190 fuerant
3530 4128 3682 4190 nati.
3716 4120 3957 4212 Hippo-

844 4244 966 4289 one
1025 4244 1382 4297 causarum,
1434 4224 1583 4305 quia
1643 4232 1891 4286 coercet
1941 4244 2047 4287 eas
2099 4232 2168 4286 ut
2217 4244 2344 4287 una
2374 4233 2425 4294 D
2455 4232 2657 4288 crates
2704 4242 2853 4287 vero
2902 4224 3226 4306 respondit
3276 4226 3397 4288 hoc
3444 4244 3604 4301 esse,
3650 4227 3959 4309 quoniam

847 4341 974 4386 non
1024 4322 1253 4384 habeat
1296 4322 1464 4402 quod
1513 4322 1774 4384 alterius
1819 4330 1935 4398 est,
1979 4343 2096 4385 nec
2137 4330 2346 4405 potest

847 4420 1097 4501 evagari
1130 4426 1306 4482 extra
1337 4420 1399 4481 id
1433 4421 1601 4502 quod
1633 4420 1940 4483 divinitus
1980 4422 2340 4485 ordinatum

847 4527 941 4582 est
986 4537 1098 4581 seu
1142 4518 1505 4601 praevisum.
1553 4518 2002 4581 Verumtamen
2050 4520 2344 4583 immobi-

849 4616 992 4679 litas
1024 4616 1144 4678 ista
1171 4635 1298 4679 non
1330 4624 1426 4679 est
1457 4616 1795 4679 mobilitati
1835 4618 2110 4699 praefatae
2141 4619 2343 4701 ipsius

835 4716 962 4779 fati
1020 4715 1355 4787 contraria,
1416 4715 1715 4797 quoniam
1782 4715 2191 4798 intelligenda
2249 4725 2346 4780 est

847 4834 962 4897 per
1004 4813 1542 4895 comparationem
1584 4815 1661 4876 ad
1707 4814 2170 4895 providentiam
2208 4816 2339 4878 Dei.

935 4912 1251 4986 Quaeritur
1305 4911 1567 4987 interea,
1628 4912 1901 4993 qualiter
1955 4931 2179 4975 verum
2237 4914 2341 4989 sit,

845 5011 1017 5093 quod
1070 5010 1271 5072 fatum
1324 5010 1631 5073 asseritur
1677 5029 1815 5072 esse
1865 5011 2201 5093 dispositio
2250 5032 2344 5075 re-

847 5108 996 5170 licta
1035 5108 1102 5169 in
1143 5108 1333 5170 rebus
1373 5127 1448 5171 ex
1489 5108 1552 5170 vi
1597 5108 1899 5170 siderum.
1943 5110 2345 5191 Responden-

847 5208 1023 5280 dum,
1058 5206 1226 5288 quod
1258 5206 1378 5268 tria
1407 5212 1556 5269 sunt
1585 5225 1817 5287 genera
1849 5206 2341 5289 dispositionum

849 5304 914 5367 in
944 5304 1333 5367 hominibuS.
1370 5305 1665 5378 Quaedam
1707 5324 1982 5388 namque
2024 5314 2150 5369 tam
2184 5326 2342 5389 pure

2454 4323 2533 4386 ab
2572 4323 2815 4385 eisdem
2867 4322 3236 4404 parentibus
3280 4324 3409 4386 nati
3449 4334 3683 4398 essent,
3724 4334 3789 4387 et
3828 4344 3962 4389 uno

2455 4420 2799 4484 concubitu
2857 4422 3173 4502 concepti,
3226 4440 3482 4503 unoque
3540 4424 3695 4485 editi
3746 4434 3955 4505 partu.

2455 4522 2846 4602 Augustinus
2882 4539 3035 4584 vero
3076 4529 3245 4583 recte
3286 4529 3574 4597 testatur,
3608 4524 3777 4604 quod
3808 4542 3959 4587 cau-

2456 4640 2525 4683 sa
2571 4620 2695 4681 fuit
2741 4618 2940 4699 magis
2984 4618 3163 4700 origo
3203 4638 3314 4681 seu
3356 4638 3546 4682 causa
3584 4620 3955 4698 intrinseca,

2456 4726 2630 4801 puta,
2664 4718 3043 4800 complexio,
3077 4717 3329 4791 humor,
3358 4719 3695 4793 medicina,
3720 4719 3955 4794 victuS,

2456 4826 2517 4881 et
2581 4815 2947 4878 consimiles
3016 4834 3222 4879 causae
3290 4815 3687 4899 propinqum,
3760 4838 3959 4900 quam

2456 4934 2661 4977 causae
2704 4913 2830 4976 inae
2874 4920 3150 4976 remotae.
3186 4948 3267 4959 -—
3309 4914 3463 4977 Haec
3494 4914 3871 4979 Alexander.

2535 5012 2649 5086 Qui
2710 5012 2899 5074 etiam
2961 5011 3341 5081 sciscitatur,
3392 5032 3473 5074 an
3529 5014 3825 5076 omnium
3876 5016 3961 5077 sit

2455 5112 2655 5174 fatum
2688 5128 2959 5192 quorum
3002 5118 3097 5173 est
3136 5110 3556 5191 providentia.
3592 5112 3669 5173 Et
3700 5131 3961 5195 respon·

2454 5211 2558 5272 det
2588 5230 2600 5273 :
2636 5208 2860 5271 Omnia
2889 5227 3031 5290 quae
3061 5208 3191 5271 fato
3220 5208 3515 5293 subsunt,
3540 5210 3959 5292 providentia}

2453 5327 2709 5391 quoque
2747 5306 2980 5370 divinae
3018 5305 3473 5389 subjiciuntur,
3508 5326 3634 5372 non
3670 5318 3951 5374 econtra.
