4359 6250
544 487 747 534 mun
787 487 867 533 na
909 484 1416 534 rueram-Annus
1459 483 1533 528 ΒΤ
1572 479 2008 527 nummularis
2048 477 2330 524 vana-Aur
2367 476 2708 524 mmmmm
2749 475 3102 532 Ausucum,
3144 474 3271 520 mc.
3337 455 3457 520 365

357 655 520 718 salsa
558 665 653 718 est
691 657 847 729 haec,
880 655 1225 718 Paternitas
1264 661 1359 716 est
1395 651 1675 734 spiratio.
1710 649 1853 713 Haec
1883 649 1934 712 A
1964 648 2276 722 sentialia‚
2311 667 2509 730 quum
2553 655 2763 710 tamen
2807 645 3011 726 major
3049 645 3132 707 sit
3172 642 3456 706 affinitas

356 755 816 816 Bonaventura.

438 853 745 915 Praeterea
772 873 811 915 a
840 861 1137 936 praetacta
1165 851 1406 915 Alberti
1442 848 1854 931 responsione

358 951 611 1013 videtur
641 951 977 1032 paululum
1018 949 1355 1013 dissentire
1385 947 1856 1010 Antisiodoren-

358 1049 447 1110 sis
476 1049 547 1110 in
574 1049 839 1111 Summa
876 1068 1012 1122 sua,
1048 1048 1212 1110 libro
1253 1048 1484 1130 primo,
1520 1046 1688 1107 circa
1722 1044 1855 1106 haec

359 1147 649 1209 scribens
703 1165 718 1208 :
768 1147 1099 1228 Adjectiva
1145 1145 1509 1208 essentialia
1556 1143 1857 1204 dicuntur

358 1244 437 1306 de
463 1244 855 1308 notionibus.
891 1245 1237 1308 Paternitas
1274 1243 1448 1306 enim
1481 1260 1593 1304 seu
1630 1239 1858 1301 filiatio

359 1350 456 1404 est
512 1343 849 1417 immensa,
901 1351 1155 1418 aeterna,
1212 1343 1638 1423 omnipotenS,
1692 1337 1859 1399 sicut

360 1442 575 1504 divina
606 1443 897 1504 essentia.
919 1443 1099 1516 Item,
1118 1461 1320 1523 quum
1351 1440 1525 1502 notio
1555 1439 1637 1500 sit
1667 1438 1855 1508 DeuS,

360 1540 651 1621 sequitur
698 1541 869 1622 quod
927 1541 1009 1602 sit
1067 1541 1400 1611 immensa,
1454 1535 1857 1617 omnipotens

360 1646 425 1698 et
452 1647 707 1701 aeterna.
744 1675 825 1684 —-
852 1638 1148 1701 Albertus
1181 1649 1351 1712 vere,
1386 1637 1553 1698 sicut
1587 1634 1719 1714 jam
1750 1652 1858 1714 pa-

366 1736 504 1811 tuit,
538 1736 697 1798 dicit
728 1754 856 1799 non
898 1755 1037 1798 esse
1066 1735 1409 1797 dicendum
1442 1731 1611 1814 quod
1654 1739 1857 1813 pater-

364 1834 525 1896 nitas
565 1833 651 1896 sit
691 1834 965 1916 sapiens.

439 1933 678 1995 Deinde
700 1931 1239 1995 Antisiodorensis
1270 1929 1636 2011 subjungit:
1656 1929 1859 2002 Quum

362 2031 676 2111 adjectiva
723 2030 1086 2092 essentialia
1128 2029 1423 2092 dicantur
1462 2029 1541 2089 de
1586 2026 1857 2089 notioni-

364 2128 503 2200 bus,
538 2148 654 2190 cur
682 2146 811 2191 non
841 2129 1063 2190 eodem
1096 2129 1284 2191 modo
1314 2125 1627 2206 adjectiva
1656 2125 1861 2187 notio-

365 2227 531 2289 nalia
558 2228 637 2289 de
668 2227 943 2289 essentia
973 2226 1431 2309 praedicantur?
1452 2223 1861 2298 Quemadmo-

366 2325 517 2386 dum
555 2325 730 2387 enim
771 2324 947 2387 notio
983 2331 1080 2386 est
1118 2341 1387 2406 persona
1421 2322 1519 2386 vel
1558 2321 1855 2393 essentia,

366 2423 453 2484 sic
503 2421 781 2485 essentia
826 2428 923 2484 est
980 2422 1173 2484 notio.
1221 2422 1454 2483 Verum
1504 2427 1600 2482 est
1646 2426 1857 2481 autem

368 2522 533 2602 quod
573 2521 919 2583 notionalia
946 2538 1075 2583 non
1116 2518 1417 2581 dicuntur
1446 2518 1523 2580 de
1559 2515 1855 2588 essentia,

369 2619 517 2700 quia
558 2636 686 2681 non
731 2618 1029 2692 dicimus,
1063 2615 1351 2679 Essentia
1387 2621 1647 2696 generat
1680 2631 1693 2676 τ
1730 2613 1859 2677 imo

371 2735 485 2779 nec
522 2717 729 2797 gignit
766 2735 885 2779 nec
920 2715 1225 2797 gignitur,
1258 2732 1376 2776 nec
1415 2713 1614 2795 spirat
1650 2731 1859 2794 neque

370 2815 663 2896 spiratur.
717 2814 1092 2886 Dicendum,
1145 2813 1315 2894 quod
1362 2810 1676 2892 adjectiva
1718 2830 1860 2892 quae

371 2912 669 2994 copulant
713 2911 998 2974 divinam
1045 2909 1409 2984 essentiam,
1445 2909 1587 2972 ideo
1635 2908 1859 2991 praedi-

1966 747 2243 809 notionis
2275 747 2353 808 ad
2383 763 2718 827 personam
2748 763 2941 826 quam
2973 744 3049 805 ad
3089 741 3453 814 essentiam,

1964 847 2117 928 quia
2166 864 2499 928 personam
2551 843 2840 906 notificat
2886 851 2949 904 et
2997 841 3354 922 distinguit,
3395 848 3460 901 et

1967 944 2225 1026 proprie
2256 951 2352 1006 est
2384 943 2448 1003 in
2479 945 2596 1004 ea?
2624 941 2795 1022 quod
2823 948 3036 1002 tamen
3076 957 3204 1002 non
3234 956 3458 1001 conce-

1966 1044 2159 1116 ditur,
2211 1041 2362 1123 quia
2411 1041 2750 1123 paternitas
2799 1057 2926 1101 non
2974 1038 3189 1120 spirat.
3240 1038 3462 1099 Dicen-

1966 1141 2144 1214 dum,
2178 1140 2349 1222 quod
2386 1138 2699 1220 adjectiva
2728 1157 2870 1220 quae
2904 1136 3292 1200 conveniunt
3323 1153 3461 1217 per-

1968 1239 2163 1312 soniS,
2199 1237 2455 1321 proprie
2493 1235 2862 1317 significant
2903 1254 2976 1296 ea
3017 1254 3158 1316 quae
3200 1241 3349 1296 sunt
3393 1233 3459 1295 in

1968 1337 2280 1419 personiS,
2313 1335 2610 1398 videlicet
2639 1342 2816 1396 actus
2849 1335 3138 1415 proprios
3169 1350 3464 1414 persona—

1970 1455 2134 1507 rum,
2189 1442 2257 1496 ut
2303 1452 2624 1515 generare,
2679 1433 2962 1515 spirare3
3015 1451 3198 1514 agere
3247 1439 3459 1493 autem

1970 1533 2227 1616 proprie
2256 1533 2332 1594 ad
2365 1549 2699 1615 personam
2730 1549 2841 1592 seu
2873 1530 3290 1593 substantiam
3323 1549 3463 1611 per-

1971 1633 2151 1706 tinet,
2197 1649 2322 1693 non
2376 1630 2455 1692 ad
2506 1628 2852 1702 notionem,
2886 1648 3028 1711 quae
3075 1637 3170 1691 est
3217 1628 3460 1700 relatiO,

1972 1731 2156 1811 cujus
2201 1748 2339 1791 esse
2385 1737 2481 1791 est
2522 1728 2601 1789 ad
2642 1727 2816 1789 aliud
2859 1747 2926 1789 se
2969 1727 3222 1789 habere.
3257 1727 3461 1800 Quum

1896 1827 1942 1889 B
1973 1829 2186 1910 itaque
2215 1827 2528 1907 adjectiva
2559 1825 3003 1889 convenientia
3039 1825 3350 1898 essentiae,
3384 1825 3464 1886 si-

1968 1926 2280 2008 gnificent
2311 1945 2445 1988 rem
2478 1943 2885 1988 communem
2915 1932 2979 1985 et
3009 1923 3457 1995 indistinctam,

1970 2025 2181 2107 potius
2240 2023 2664 2106 praedicantur
2710 2023 2789 2085 de
2841 2021 3209 2086 notionibus
3267 2040 3459 2103 quam

1968 2123 2282 2203 adJectiva
2324 2121 2767 2184 convenientia
2805 2121 3113 2202 personiS‚
3148 2139 3290 2202 quae
3328 2137 3464 2202 per-

1968 2239 2268 2284 sonarum
2315 2227 2464 2282 sunt
2503 2219 2778 2301 propria,
2811 2226 2875 2281 et
2921 2218 3111 2280 etiam
3157 2219 3458 2300 quoniam

1968 2321 2047 2382 ad
2077 2321 2398 2382 notionem
2427 2336 2552 2380 non
2583 2317 2832 2400 proprie
2863 2318 3136 2399 pertinet
3167 2335 3464 2398 agere.—

1969 2418 2112 2481 Haec
2142 2415 2694 2480 Antisiodorensis.
2731 2415 2800 2476 In
2833 2414 3017 2495 cujus
3046 2413 3262 2476 verbis
3293 2414 3461 2496 quod

1972 2515 2206 2578 dicitur
2245 2513 2518 2578 essentia
2557 2514 2898 2588 incarnata,
2932 2513 3205 2594 qualiter
3238 2531 3460 2575 verum

1973 2615 2075 2689 sit,
2125 2614 2264 2677 loco
2307 2631 2424 2676 suo
2466 2612 2725 2695 patebit.

2051 2714 2393 2785 Postremo,
2447 2709 2855 2792 praeinductis
2904 2709 3254 2771 secundum
3304 2709 3461 2771 Tho-

1974 2830 2165 2885 mam,
2188 2810 2542 2882 Albertum,
2576 2809 2850 2880 Petrum,
2883 2807 3288 2882 Richardum,
3313 2826 3463 2870 con—

1973 2910 2189 2973 cordat
2247 2907 2585 2970 Alexandri
2643 2907 2992 2989 responsi0,
3053 2908 3392 2968 asserentis
3446 2926 3460 2970 :

372 3019 591 3072 cantur
630 3010 1057 3072 communiter
1094 3017 1157 3072 et
1200 3008 1565 3071 indistincte
1604 3008 1681 3069 de
1720 3025 1861 3089 per·
1897 3008 1940 3071 C
1970 3005 2365 3089 Regulariter
2403 3004 2716 3085 adJectiva
2751 3003 3113 3066 essentialia
3150 3022 3292 3085 quae
3322 3024 3464 3086 per-

372 3109 539 3172 sonis
568 3116 633 3172 et
663 3107 1052 3183 notionibuS,
1072 3107 1223 3189 quia
1251 3106 1526 3170 essentia
1554 3126 1666 3169 seu
1696 3124 1858 3180 esse,

372 3226 707 3270 commune
764 3216 861 3269 est
908 3213 973 3269 et
1021 3205 1465 3268 indistinctum
1513 3206 1687 3287 quid.
1741 3205 1861 3267 Ad-

369 3306 597 3385 jectiva
638 3324 789 3367 vero
826 3324 968 3386 quae
1017 3305 1319 3387 copulant
1360 3303 1671 3377 notioneS,
1714 3310 1865 3366 sunt

373 3405 626 3486 propria
687 3421 702 3465 :
756 3402 899 3465 ideo
952 3401 1379 3484 praedicantur
1425 3402 1864 3465 tantummodo

373 3502 449 3563 de
494 3501 864 3565 notionibus
916 3500 981 3561 in
1027 3507 1340 3581 quantum
1388 3508 1538 3561 sunt
1584 3500 1859 3582 propria.

375 3599 449 3661 Et
485 3600 617 3664 haec
666 3606 766 3662 est
804 3598 963 3661 ratio
1006 3616 1201 3679 quare
1241 3596 1452 3680 potius
1504 3597 1866 3660 essentialia

375 3698 797 3779 praedicentur
833 3696 911 3759 de
952 3695 1319 3759 notionibus
1360 3714 1552 3777 quam
1584 3704 1861 3759 econtra.

372 3796 821 3859 Verumtamen
861 3812 988 3857 non
1028 3794 1243 3857 omnia
1283 3794 1599 3874 adjectiva
1641 3796 1717 3856 de
1762 3812 1867 3857 no-

376 3894 657 3957 tionibus
701 3892 1147 3976 praedieantur‚
1194 3892 1347 3975 quia
1394 3910 1519 3955 non
1570 3891 1679 3954 illa
1725 3911 1867 3974 quae

375 4002 598 4075 praeter
646 3999 937 4055 naturam
994 3989 1235 4072 aliquid
1294 3998 1639 4053 connotant
1696 3993 1866 4073 quod

375 4109 501 4153 non
554 4090 857 4154 convenit
912 4088 1179 4162 notioni,
1228 4097 1297 4150 ut
1354 4090 1617 4163 trinum,
1667 4090 1865 4152 incar-

1974 3107 2177 3169 tinent
2225 3105 2303 3168 ad
2351 3123 2486 3167 rem
2535 3102 2826 3165 essentiae
2875 3102 3104 3176 solum,
3159 3102 3246 3165 ita
3293 3104 3464 3184 quod

1973 3222 2099 3267 non
2146 3203 2370 3265 dicunt
2418 3208 2780 3283 respectum
2827 3198 2905 3261 ad
2954 3217 3311 3281 personam,
3345 3218 3464 3262 nec

1972 3303 2194 3365 dicunt
2240 3302 2500 3364 modum
2547 3299 2858 3372 essentiae,
2891 3316 3010 3361 nec
3057 3300 3466 3381 approprian-

1974 3409 2079 3463 tur
2117 3400 2428 3483 personiS,
2462 3416 2580 3460 nec
2621 3398 2844 3459 dicunt
2879 3396 3185 3459 effectum
3227 3396 3292 3457 in
3332 3415 3465 3459 cre-

1974 3507 2173 3572 atura,
2227 3498 2528 3560 dicuntur
2581 3497 2657 3558 de
2715 3495 3081 3559 notionibus
3135 3512 3150 3557 ε
3202 3502 3272 3555 ut
3327 3514 3469 3576 quae

1976 3598 2277 3659 dicuntur
2307 3614 2421 3677 per
2447 3594 2950 3675 abnegationem,
2975 3594 3140 3655 sicut
3170 3601 3466 3667 aeternuS,

1978 3696 2350 3757 immensus.
2385 3727 2466 3737 —
2505 3692 2722 3755 Cetera
2770 3712 2911 3775 quae
2958 3693 3035 3754 de
3079 3692 3199 3755 hoc
3247 3691 3473 3753 scribit

1977 3793 2352 3865 Alexander,
2398 3790 2860 3853 sententialiter
2902 3798 3050 3851 sunt
3094 3790 3370 3852 inducta.

2059 3893 2248 3954 Porro
2306 3891 2387 3953 ad
2445 3890 2586 3963 hoc,
2639 3908 2717 3949 an
2767 3888 3080 3968 adjectiva
3127 3887 3471 3953 notionalia

1977 4010 2119 4073 quae
2150 3990 2454 4052 dicuntur
2483 3989 2560 4050 de
2593 3985 2900 4069 personiS,
2934 3986 3228 4048 dicantur
3256 3988 3332 4049 de
3363 4006 3470 4050 no-

1977 4089 2284 4161 tionibuS‚
2336 4086 2674 4169 respondet
2734 4086 3187 4148 concordanter
3246 4086 3468 4167 praedi-

375 4197 610 4252 natum.
648 4188 938 4252 Essentia
987 4206 1263 4269 namque
1312 4195 1408 4249 est
1445 4186 1633 4261 trina,
1668 4187 1732 4249 id
1772 4197 1866 4250 est
1897 4198 1946 4258 D
1977 4188 2097 4249 ctis
2148 4204 2162 4249 ε
2216 4185 2544 4265 Adjectiva
2600 4182 2944 4245 notionalia
2992 4200 3119 4245 non
3169 4182 3470 4245 dicuntur

378 4288 567 4351 trium
606 4306 734 4350 una
772 4287 907 4348 sive
948 4286 1345 4365 communis;
1382 4303 1508 4348 non
1555 4286 1728 4349 notio
1757 4287 1865 4348 ali-

377 4405 522 4468 qua.
552 4384 861 4463 Similiter
890 4384 1165 4447 essentia
1202 4384 1419 4446 divina
1456 4392 1551 4446 est
1582 4385 1867 4447 incarna—

378 4492 461 4559 ta,
502 4484 804 4566 quoniam
846 4483 985 4565 ipsa
1028 4490 1123 4544 est
1160 4481 1468 4545 associata
1512 4482 1645 4545 sive
1690 4482 1869 4544 unita

376 4582 667 4645 humanae
713 4588 957 4644 naturae
1000 4581 1066 4642 in
1108 4581 1329 4643 eadem
1378 4598 1688 4662 persona3
1733 4580 1868 4643 haec

376 4688 587 4743 autem
636 4699 764 4744 non
812 4679 1202 4752 conceditur,
1239 4679 1489 4741 Filiatio
1532 4687 1627 4741 est
1672 4679 1870 4741 incar-

378 4788 525 4841 nata
556 4796 569 4841 ε
600 4780 751 4861 quia
778 4778 1113 4840 associatio
1143 4796 1256 4839 seu
1290 4777 1491 4840 unitio
1524 4778 1680 4850 talis,
1706 4777 1872 4840 inter

378 4878 610 4940 similia
637 4876 1009 4950 attenditur,
1044 4882 1263 4958 utpote
1304 4881 1545 4938 naturae
1583 4877 1662 4938 ad
1692 4884 1871 4937 natu-

379 4995 539 5049 ram,
594 4995 718 5039 non
778 4975 1058 5038 notionis
1116 4975 1195 5036 ad
1254 4982 1565 5035 naturam.
1620 5011 1701 5020 —
1754 4974 1873 5037 Sed

379 5092 581 5155 quum
622 5073 795 5135 notio
836 5072 919 5134 sit
959 5088 1250 5154 persona,
1290 5070 1457 5133 sicut
1494 5078 1558 5133 et
1600 5071 1738 5152 ipsa
1780 5079 1876 5133 est

380 5173 671 5247 essentia,
706 5190 822 5233 cur
864 5170 1223 5253 personalia
1264 5168 1579 5251 adjectiva
1623 5186 1746 5231 non
1786 5169 1877 5231 di-

382 5277 615 5333 cuntur
658 5270 737 5333 de
788 5267 1157 5332 notionibus
1208 5268 1375 5331 sicut
1420 5267 1735 5348 adjectiva
1782 5286 1875 5329 es-

1978 4286 2055 4346 de
2084 4284 2344 4346 notione
2372 4282 2765 4343 substantive
2805 4281 2992 4353 dicta,
3026 4282 3330 4361 quoniam
3360 4282 3464 4343 ad-

1972 4382 2283 4463 jectivum
2328 4380 2644 4443 notionale
2685 4378 2967 4459 designat
3018 4380 3468 4461 proprietatem

1978 4498 2282 4564 personae.
2320 4478 2493 4541 Unde
2533 4476 2698 4538 sicut
2738 4476 2903 4539 Deus
2943 4485 3006 4538 et
3043 4476 3243 4540 deitas
3287 4477 3469 4541 diffe-

1980 4586 2127 4640 runt
2157 4578 2419 4649 ratione,
2439 4574 2742 4657 quoniam
2772 4574 2938 4637 Deus
2968 4575 3122 4637 dicit
3150 4577 3320 4657 quod
3351 4584 3467 4651 est,

1980 4677 2178 4739 deitas
2223 4693 2351 4757 quo
2392 4683 2522 4753 est3
2565 4674 2658 4735 sic
2697 4692 2966 4755 persona
3007 4682 3070 4736 et
3109 4675 3300 4736 notio.
3335 4676 3474 4737 Per-

1980 4794 2136 4838 sona
2184 4774 2425 4856 quippe
2471 4772 2793 4853 significat
2835 4771 2979 4853 quis
3023 4790 3136 4833 seu
3180 4773 3290 4853 qui
3339 4781 3473 4853 est3

1982 4874 2177 4947 notio,
2212 4890 2340 4953 quo
2381 4880 2495 4934 est.
2531 4872 2737 4945 Quum
2783 4870 2992 4951 itaque
3037 4870 3210 4933 notio
3253 4878 3324 4931 ut
3368 4889 3477 4934 no-

1983 4971 2093 5045 tio,
2128 4970 2289 5032 nihil
2331 4969 2500 5031 dicat
2539 4970 2616 5030 de
2655 4967 3028 5041 substantia,
3063 4976 3127 5029 et
3164 4968 3480 5049 adjectiva

1983 5075 2268 5151 quaerant
2299 5066 2716 5129 substantiam
2745 5066 2848 5127 cui
2880 5065 3233 5127 innitantur
3257 5085 3480 5129 secun·

1985 5168 2139 5229 dum
2181 5165 2441 5228 modum
2487 5164 2880 5244 intelligendi
2920 5170 3108 5244 atque
3149 5164 3473 5247 loquendi,

1989 5283 2115 5327 non
2159 5270 2402 5345 queunt
2440 5260 2770 5344 praedicari
2812 5262 2889 5323 de
2933 5262 3211 5339 notione,
3245 5265 3355 5326 sed
3396 5265 3475 5330 de
