4359 6250
894 447 1017 510 288

1534 464 1597 509 IN
1640 463 1862 509 Limum
1904 464 1923 507 1
1966 461 2448 508 SENTENTIARUM·
2495 478 2575 488 -
2615 461 2767 506 ms'r.
2814 463 3005 524 xxlx;
3050 463 3273 517 QUAEST.
3321 464 3364 507 n

894 635 1087 698 situm
1131 641 1224 696 est
1266 634 1347 696 ab
1386 641 1531 696 actu
1579 632 1967 716 producendi
2008 640 2117 694 aut
2157 630 2391 713 princi-
2419 630 2472 693 A
2501 631 2737 693 dicitur
2765 633 2842 694 de
2874 634 3002 695 Deo
3042 641 3230 714 prout
3267 640 3364 695 est
3404 633 3798 715 principium
3841 633 4012 696 divi-

893 732 1132 814 piandi,
1176 750 1303 796 non
1348 732 1625 806 creandi,
1670 751 1787 794 nec
1831 731 2194 813 generandi.
2230 729 2388 791 Hinc

892 831 1061 892 sicut
1100 833 1470 911 producere,
1504 831 1582 892 de
1624 830 2039 913 productione
2076 828 2387 909 unigeniti

894 929 1035 990 Filii
1068 935 1131 990 et
1160 929 1239 990 de
1280 929 1695 1011 productione
1737 935 2039 990 creaturae
2074 945 2204 988 non
2232 927 2388 989 dici-

894 1033 998 1087 tur
1026 1027 1373 1108 aequivoce,
1408 1027 1518 1088 sed
1548 1026 1909 1108 analogice3
1943 1026 2029 1087 ita
2059 1032 2123 1087 et
2152 1041 2387 1086 nomen

894 1124 1035 1200 hoc,
1070 1125 1485 1208 principium,
1519 1126 1872 1188 secundum
1915 1125 2026 1186 has
2060 1131 2186 1186 tres
2223 1140 2391 1185 com-

896 1223 1253 1305 parationes
1301 1225 1615 1306 accipitur
1657 1222 2047 1286 differenter.
2088 1222 2232 1286 Haec
2275 1223 2388 1285 Bo-

894 1331 1261 1385 naventura.

973 1421 1147 1482 Idem
1176 1422 1429 1484 Petrus:
1456 1429 1519 1483 et
1547 1420 1721 1483 addit
1745 1422 1914 1502 quod
1945 1420 2239 1502 quamvis
2268 1420 2389 1483 hoc

896 1520 1082 1581 tertio
1112 1520 1301 1582 modo
1330 1520 1413 1582 sit
1449 1521 1757 1601 analogia,
1791 1520 1845 1581 si
1876 1527 2085 1581 tamen
2121 1519 2392 1600 accipia-

898 1636 1039 1679 mus
1071 1617 1427 1680 Creatorem
1466 1627 1530 1679 et
1568 1626 1919 1680 creaturam
1960 1625 2270 1699 quantum
2310 1617 2389 1679 ad

896 1734 1019 1788 res,
1052 1723 1147 1777 θεῖ
1176 1716 1612 1798 aequivocatio,
1645 1716 1795 1798 quia
1824 1735 1923 1778 res
1956 1715 2080 1778 illae
2110 1715 2388 1777 maxime

2500 749 2598 792 nae
2629 747 2914 812 personae
2944 737 3006 792 et
3046 739 3236 813 prout
3265 739 3361 793 est
3402 731 3794 813 principium
3833 750 4013 794 crea-

2501 836 2674 890 turae.
2713 829 2788 890 Et
2838 828 3062 910 loquor
3104 831 3182 892 de
3228 829 3547 911 principio
3595 830 3842 892 ratione
3893 831 4012 891 ha-

2499 925 2810 988 bitudinis
2869 947 3023 1001 suae,
3082 945 3210 990 non
3271 928 3512 991 ratione
3573 929 3876 1010 potentiae
3939 929 4010 989 in

2500 1043 2625 1105 qua
2670 1025 2988 1087 radicatur
3030 1026 3163 1090 haec
3207 1026 3535 1089 habitudo.
3568 1061 3649 1071 —
3677 1027 3743 1090 Si
3783 1034 4010 1088 autem

2498 1123 2839 1204 objiciatur
2875 1142 2898 1204 ,ε
2947 1124 3010 1185 id
3059 1124 3231 1206 quod
3279 1125 3578 1188 convenit
3623 1125 3861 1188 divinae
3907 1144 4012 1187 es-

2499 1222 2718 1284 sentiae
2759 1230 2822 1284 et
2867 1241 3174 1304 personae,
3219 1225 3518 1287 convenit
3559 1223 3654 1286 eis
3703 1223 4004 1297 univoce,

2500 1321 3036 1401 quemadmodum
3096 1322 3372 1386 essentia
3420 1331 3484 1385 θῖ
3533 1341 3802 1404 persona
3851 1331 4006 1384 sunt

2501 1418 2690 1481 idem.
2747 1419 2865 1482 Sed
2924 1422 3276 1502 producere
3336 1422 3413 1484 ad
3477 1422 3642 1484 intra
3697 1420 4008 1484 convenit

2501 1516 2629 1579 Deo
2659 1536 2735 1580 ex
2767 1524 2944 1599 parte
2980 1537 3302 1600 personae3
3335 1537 3551 1582 creare
3583 1537 3756 1594 vero,
3789 1537 4008 1581 essen-

2500 1615 2736 1677 tialiter
2777 1624 2840 1678 et
2879 1635 2954 1679 ex
2998 1625 3174 1699 parte
3215 1625 3474 1682 naturae.
3510 1618 3672 1699 Ergo
3709 1617 3778 1679 hi
3819 1625 4007 1679 aetus

2502 1715 2893 1777 conveniunt
2921 1717 3050 1778 Deo
3091 1717 3380 1780 univoce.
3417 1717 3795 1790 Dicendum,
3826 1715 4006 1798 quod

896 1812 1132 1875 distant
1177 1821 1241 1876 et
1287 1814 1632 1893 differunt3
1666 1815 1775 1877 scd
1819 1821 2128 1896 quantum
2171 1814 2251 1875 ad
2295 1832 2387 1875 ra·
2425 1811 2472 1874 B
2503 1813 2708 1894 major
2744 1822 2841 1875 est
2871 1833 3020 1876 vera
3057 1815 3312 1897 quando
3348 1815 3592 1897 aliquid
3631 1813 4004 1876 absolutum

896 1911 1099 1973 tiones
1146 1913 1514 1994 imponendi
1559 1913 1839 1986 nomina,
1876 1920 2082 1994 potest
2120 1912 2212 1974 ibi
2251 1930 2388 1974 esse

897 2009 1341 2071 convenientia
1368 2009 1583 2090 aliqua
1619 2016 1684 2070 et
1710 2008 1998 2090 analogia
2034 2008 2388 2071 secundum

898 2108 1074 2189 prius
1117 2113 1181 2169 et
1223 2108 1557 2189 posterius.
1604 2109 1747 2172 Haec
1790 2109 2026 2171 Petrus.

975 2206 1163 2269 Porro
1205 2207 1435 2288 positio
1464 2206 1718 2270 Thomae
1760 2225 2016 2288 prorsus
2052 2207 2392 2269 concordat

897 2304 1305 2386 praeinductae
1350 2305 1746 2386 responsioni
1791 2304 2053 2367 Alberti.
2096 2304 2390 2367 Attamen

896 2404 1197 2484 quoniam
1242 2399 1493 2485 planior
1535 2412 1652 2478 θεῖ,
1685 2402 1964 2466 breviter
2002 2410 2099 2465 est
2136 2411 2392 2484 tangen-

896 2501 993 2564 da.
1029 2503 1223 2576 Idem,
1258 2502 1486 2584 inquit,
1517 2503 1835 2584 judicium
1880 2510 1975 2564 est
2025 2502 2102 2563 de
2153 2501 2391 2582 princi-

898 2600 1004 2682 pio
1042 2608 1106 2663 et
1145 2601 1388 2682 origine
1428 2619 1621 2683 super
1659 2620 1851 2683 quam
1892 2601 2051 2663 ratio
2088 2599 2394 2662 fundatur

898 2698 1221 2780 principii.
1270 2700 1478 2762 Potest
1520 2707 1733 2762 autem
1785 2699 1960 2780 origo
2003 2698 2388 2761 considerari

897 2796 1256 2879 dupliciter.
1305 2798 1533 2872 Primo,
1580 2798 1932 2860 secundum
1982 2815 2389 2860 communem

900 2896 1210 2958 rationem
1250 2897 1536 2977 originiS,
1571 2916 1713 2978 quae
1742 2904 1839 2958 est
1876 2896 2117 2977 aliquid
2146 2895 2227 2958 ab
2267 2895 2392 2958 alio

2503 1911 2738 1972 dicitur
2783 1912 2861 1974 de
2920 1919 3210 1994 utroque,
3263 1913 3430 1976 sicut
3477 1932 3678 1996 quum
3737 1911 4002 1984 dicitur,

2501 2008 2790 2071 Essentia
2831 2017 2926 2072 est
2975 2017 3227 2084 aeterna,
3260 2017 3323 2072 et
3369 2028 3642 2093 persona
3687 2018 3786 2072 est
3829 2017 4008 2073 aeter—

2501 2125 2625 2186 na;
2675 2114 2739 2170 et
2799 2107 2972 2184 item,
3025 2109 3280 2191 quando
3334 2109 3578 2191 aliquid
3636 2108 3874 2170 dicitur
3921 2108 4004 2169 de

2501 2213 2770 2289 utroque
2814 2225 2926 2287 per
2971 2207 3342 2270 relationem
3387 2206 3465 2269 ad
3514 2213 3895 2276 creaturam,
3931 2214 4004 2266 ut

2500 2304 2554 2364 si
2586 2304 2854 2379 dicatur,
2889 2305 3054 2368 Deus
3093 2313 3189 2367 est
3229 2305 3625 2388 principium
3665 2312 4000 2376 creaturae,

2501 2402 2678 2465 Pater
2709 2411 2803 2465 est
2843 2403 3236 2486 principium
3277 2412 3580 2466 creatura)
3614 2421 3628 2466 ε
3663 2403 3816 2485 quia
3845 2409 4004 2464 tunc

2503 2501 2662 2564 ratio
2711 2501 3013 2583 principii
3063 2509 3158 2564 est
3207 2503 3430 2565 eadem
3480 2501 3841 2583 utrobique.
3877 2501 4000 2563 Sed

2505 2599 2591 2661 ita
2635 2617 2762 2663 non
2807 2607 2902 2662 θεῖ
2943 2620 3143 2682 quum
3187 2601 3431 2683 aliquid
3477 2600 3713 2663 dicitur
3753 2600 3833 2662 de
3876 2601 4000 2662 una

2505 2715 2774 2779 persona
2821 2717 2935 2780 per
2985 2699 3356 2762 relationem
3410 2700 3489 2761 ad
3541 2699 3754 2773 aliam,
3807 2705 3870 2760 et
3921 2698 3997 2759 de

2502 2796 2777 2858 essentia
2826 2797 2892 2858 in
2942 2797 3244 2860 relatione
3291 2798 3368 2859 ad
3425 2805 3800 2860 creaturam.
3855 2796 3996 2858 Haec

2502 2894 2870 2956 Richardus.

899 3012 1037 3055 esse
1072 3011 1085 3054 :
1120 2994 1338 3076 sicque
1390 3012 1516 3055 una
1559 2993 1717 3056 ratio
1766 3001 1862 3055 est
1910 2994 2270 3056 communis
2312 2994 2390 3055 ad
2423 2989 2466 3053 G
2582 2994 2884 3056 Praeterea
2924 2994 3146 3056 Scotus
3177 2995 3428 3056 videtur
3455 3013 3493 3056 a
3532 2993 3720 3056 dictis
3759 2993 4004 3075 aliqua-

898 3091 1210 3172 originem
1243 3109 1658 3174 personarum
1690 3100 1752 3155 et
1783 3101 2237 3166 creaturarum,
2261 3110 2389 3155 non

899 3190 1353 3253 communitate
1386 3192 1870 3265 univocationiS,
1904 3192 2015 3253 sed
2049 3192 2352 3273 analogiae
2370 3209 2387 3270 ;

898 3288 1310 3352 conformiter
1352 3307 1586 3351 nomen
1632 3290 1952 3371 principii,
1994 3289 2389 3352 considerari

896 3387 1089 3449 etiam
1120 3395 1327 3470 potest
1356 3389 1709 3450 secundum
1740 3389 2232 3450 determinatum
2265 3406 2393 3450 mo-

894 3486 1051 3547 dum
1081 3486 1345 3567 originis
1380 3504 1394 3547 :
1428 3493 1492 3549 et
1530 3487 1617 3548 ita
1654 3495 1803 3549 sunt
1840 3487 2106 3549 diversae
2140 3505 2214 3548 ac
2253 3505 2391 3569 spe-

897 3584 1087 3647 ciales
1148 3586 1423 3648 rationes
1484 3586 1747 3666 originis
1808 3595 1997 3668 atque
2062 3585 2384 3667 principii.

894 3684 1129 3746 Verum
1180 3685 1300 3747 hoc
1353 3702 1481 3747 non
1538 3684 1691 3747 facit
1749 3684 2316 3766 aequivocationem
2371 3701 2384 3745 :

896 3781 1027 3843 imo
1088 3781 1204 3855 sic,
1266 3782 1619 3843 secundum
1681 3781 2159 3863 Philosophum,
2229 3782 2388 3844 ratio

895 3879 1189 3942 animalis
1231 3880 1583 3941 secundum
1630 3881 2151 3961 unumquodque,
2188 3880 2248 3941 id
2296 3888 2391 3942 est

897 3979 1247 4040 secundum
1311 3978 1665 4061 quamlibet
1727 3978 2007 4060 speciem
2071 3978 2234 4058 ejuS,
2294 3986 2391 4041 est

895 4076 1037 4139 alia.
1073 4077 1215 4139 Haec
1258 4077 1525 4139 Thomas
1570 4077 1635 4137 in
1677 4076 1944 4157 Scripto.

2506 3090 2648 3153 liter
2706 3091 3060 3155 dissentire.
3123 3092 3487 3175 Loquendo,
3546 3092 3866 3175 inquienS,
3919 3091 4000 3154 de

2504 3190 2822 3272 principio
2861 3210 2989 3273 quo
3027 3191 3172 3273 quis
3209 3192 3523 3274 producit,
3557 3192 3650 3254 sic
3691 3208 3820 3253 non
3861 3191 4002 3252 uni-

2501 3307 2656 3352 voce
2706 3290 2986 3368 dicitur;
3038 3291 3150 3352 sed
3207 3290 3599 3372 principium
3659 3289 3999 3352 essentiale

2503 3388 2659 3449 dicit
2689 3397 3049 3470 respectum
3079 3389 3160 3450 ad
3193 3396 3368 3451 extra
3407 3396 3468 3451 et
3501 3388 3874 3451 relationem
3905 3406 4002 3449 ra-

2503 3485 2714 3560 tioniS‚
2747 3494 2811 3548 et
2851 3486 2916 3548 in
2955 3495 3265 3568 quantum
3307 3493 3405 3549 est
3439 3486 3836 3570 principium
3875 3485 3999 3549 ori-

2500 3584 2667 3665 ginis
2698 3585 2773 3646 ad
2806 3586 2991 3659 intra,
3025 3592 3122 3647 est
3153 3584 3338 3648 realis
3369 3584 3608 3647 relatio.
3646 3584 3818 3647 Talia
3847 3600 4000 3646 vero

2503 3699 2630 3744 non
2673 3682 2910 3744 habent
2953 3684 3297 3745 univocum
3345 3682 3624 3765 aliquod,
3663 3682 3832 3744 sicut
3879 3700 4000 3743 nec

2501 3781 2693 3843 homo
2727 3790 3012 3843 mortuus
3043 3790 3106 3844 et
3136 3782 3327 3845 homo
3357 3782 3560 3843 vivus.
3587 3780 3744 3843 Nam
3775 3780 3999 3843 relatio

2503 3879 2764 3941 rationis
2795 3888 2890 3941 est
2929 3881 3148 3943 relatio
3187 3880 3540 3943 secundum
3581 3879 3756 3961 quid.
3793 3878 3858 3941 Si
3893 3898 4002 3940 au-

2503 3984 2630 4038 tem
2681 3978 3016 4059 loquamur
3052 3978 3130 4039 de
3173 3978 3490 4059 principio
3531 3976 3998 4059 personalitatis

2504 4075 2967 4156 prout,dicitur
2995 4076 3073 4138 de
3103 4084 3443 4156 generante
3473 4083 3535 4138 θῖ
3567 4075 3872 4157 spirante,
3905 4074 3998 4137 sic

975 4176 1323 4238 Richardus
1366 4192 1620 4257 quoque
1666 4175 2023 4249 concordat,
2067 4175 2339 4237 dicendo
2374 4192 2387 4236 :
2422 4178 2471 4239 D
2503 4182 2599 4235 est
2629 4174 2974 4237 univocum
3007 4174 3421 4257 principium,
3455 4174 3998 4257 quemadmodum

895 4273 1289 4354 Principium
1344 4290 1472 4336 non
1525 4272 1761 4335 dicitur
1811 4274 2079 4336 univoce
2129 4273 2208 4335 de
2264 4274 2416 4335 Deo·

898 4378 1191 4454 respectu
1230 4371 1649 4433 emanationis
1690 4389 1975 4453 personae
2005 4378 2067 4433 et
2097 4379 2390 4454 respectu

897 4477 1223 4543 creaturae,
1255 4470 1406 4551 quia
1435 4470 1596 4532 ratio
1636 4470 1936 4551 principii
1977 4488 2105 4532 non
2147 4470 2392 4532 inveni-

899 4576 1003 4629 tur
1031 4568 1359 4649 aequaliter
1388 4568 1746 4649 utrobique.
1782 4568 2191 4648 Principiatio
2221 4587 2394 4630 nam-

898 4686 1024 4750 que
1056 4673 1488 4729 creaturarum
1530 4675 1624 4729 est
1663 4666 1842 4748 quasi
1884 4667 2037 4748 quid
2072 4668 2391 4750 exempla-

897 4774 1036 4828 tum
1066 4785 1103 4827 a
1133 4765 1624 4848 principiatione
1656 4783 1941 4847 personae
1971 4766 2206 4829 divinae
2236 4784 2249 4827 ε
2280 4784 2394 4847 per

900 4865 1077 4948 prius
1120 4882 1270 4945 ergo
1314 4865 1628 4946 reperitur
1672 4864 1831 4927 ratio
1880 4865 2392 4946 principiationis

898 4966 966 5026 in
1018 4964 1432 5045 productione
1491 4982 1775 5046 personae
1822 4983 2015 5046 quam
2066 4972 2387 5027 creaturae.

897 5064 1026 5127 Nec
1066 5072 1277 5126 tamen
1322 5063 1556 5125 dicitur
1598 5082 1754 5145 pure
1798 5064 2142 5145 aequivoce,
2177 5063 2396 5145 quoni-

898 5181 1001 5225 am
1052 5162 1255 5243 major
1302 5169 1504 5225 exstat
1564 5162 1673 5223 illa
1727 5162 2151 5224 communitas
2201 5181 2393 5244 quam

899 5260 1074 5325 vocis
1104 5261 1319 5324 solius.
1350 5262 1526 5325 Ratio
1556 5279 1705 5343 ergo
1735 5260 2039 5345 principii
2069 5260 2394 5342 analogice

2503 4273 2724 4335 relatio
2774 4273 3008 4335 dicitur
3057 4273 3326 4336 univoce
3375 4274 3454 4336 de
3509 4272 3888 4354 paternitate
3935 4280 3998 4334 et

2501 4370 2835 4445 filiatione,
2869 4372 3166 4434 similiter
3193 4371 3536 4453 generatiO,
3573 4371 3908 4453 productio
3936 4378 3998 4431 et

2503 4470 2764 4551 spiratio
2813 4470 3113 4532 dicuntur
3161 4470 3451 4533 univoce.
3505 4470 3679 4533 Unde
3727 4469 3808 4531 de
3859 4470 3997 4531 istis

2503 4575 2599 4629 est
2629 4576 2973 4649 conceptus
3005 4568 3386 4643 communiS‚
3412 4586 3538 4631 non
3569 4576 3818 4631 tantum
3849 4584 3993 4639 vox,

2504 4667 2612 4728 sed
2653 4666 2933 4729 salvatur
2973 4675 3318 4749 conceptus
3362 4667 3504 4730 talis
3551 4667 3616 4728 in
3660 4666 3782 4730 hoc
3825 4674 3891 4729 θῖ
3933 4666 3996 4727 in

2505 4764 2614 4827 illo
2645 4764 2981 4846 principio.
3007 4801 3087 4809 —
3108 4766 3172 4827 Si
3201 4774 3414 4827 autem
3446 4765 3810 4846 objiciatur,
3828 4764 3998 4847 quod

2503 4863 2912 4945 principiatio
2958 4863 3097 4926 Filii
3149 4872 3245 4926 est
3288 4882 3402 4946 per
3447 4864 3706 4927 modum
3759 4863 4000 4926 intelle-

2505 4969 2660 5035 ctus,
2707 4970 2770 5024 et
2819 4961 3229 5044 principiatio
3287 4962 3562 5043 Spiritus
3621 4962 3838 5025 Sancti
3891 4980 3998 5043 per

2505 5062 2759 5124 modum
2791 5061 3158 5136 voluntatiS,
3191 5080 3333 5143 quae
3365 5078 3496 5125 non
3529 5068 3680 5123 sunt
3705 5061 3996 5142 ejusdem

2504 5161 2613 5223 sed
2645 5161 2904 5223 alterius
2944 5160 3206 5223 rationis
3241 5178 3255 5223 ε
3289 5178 3439 5241 ergo
3478 5160 3878 5243 principium
3915 5178 4000 5221 re·

2507 5267 2728 5342 spectu
2751 5259 3178 5341 generationis
3206 5266 3272 5321 et
3299 5259 3666 5342 spirationis
3697 5260 3996 5341 praedica-
