4359 6250
628 799 673 839 p.
695 787 789 834 216,
810 783 855 828 C’

590 851 635 890 et
652 861 689 892 s.

622 1182 728 1221 tom.
750 1176 854 1226 xlx,

588 1242 759 1300 [1¹57.ss
769 1245 813 1283 el.
822 1254 853 1284 8.

880 473 1001 538 362

1499 493 1563 539 IN
1603 492 1825 539 LIBRUM
1866 494 1885 538 1
1930 492 2412 538 SEN'BENTIARUM.
2457 509 2538 520 --
2578 492 2731 538 msr.
2777 493 3010 554 xxx1113
3053 493 3278 548 QUAEST.
3323 493 3366 540 n

884 664 1183 726 citatione
1214 661 1534 726 Guillelmi
1578 663 1946 726 parisiensis
1986 665 2193 728 soluta
2229 669 2378 724 sunt
2406 658 2456 719 A
2489 661 2574 722 tia
2618 678 2632 722 ε
2676 663 2980 743 quoniam
3031 662 3140 734 ait,
3191 661 3360 742 quod
3411 661 3748 723 relationes
3800 661 3866 722 in
3913 679 3986 722 ea

883 770 1254 844 argumenta
1294 782 1434 843 quae
1478 762 1810 824 Durandus
1850 771 2068 826 contra
2104 763 2376 845 primam

886 861 1059 923 illam
1106 860 1485 941 positionem
1531 861 1795 923 inducit.

971 960 1293 1022 Postremo
1353 959 1661 1021 Henricus
1722 960 1947 1041 quinto
2005 959 2380 1034 Quodlibeto

887 1066 1098 1121 movet
1133 1058 1295 1119 hanc
1327 1058 1767 1138 quaestionem,
1803 1066 2018 1121 utrum
2061 1059 2284 1120 relatio
2313 1059 2379 1120 in

884 1159 1011 1220 Deo
1042 1157 1391 1218 secundum
1436 1157 1851 1218 intentionem
1889 1156 2145 1219 differat
2173 1157 2254 1218 ab
2283 1175 2380 1218 es-

883 1257 1103 1319 sentia.
1149 1255 1235 1317 De
1286 1273 1413 1336 qua
1460 1273 1527 1316 re
1576 1274 1653 1316 ex
1701 1255 1888 1317 dictis
1938 1257 2141 1337 ipsius
2192 1255 2382 1317 intro-

883 1357 1071 1416 ducta
1120 1361 1268 1415 sunt
1310 1353 1529 1414 multa.
1574 1354 1879 1436 Ponitque
1926 1354 2246 1435 triplicem
2290 1353 2382 1415 di-

881 1453 1311 1524 stinctionem,
1364 1459 1539 1534 puta,
1594 1453 1851 1525 realem,
1902 1460 1965 1514 et
2024 1451 2379 1514 secundum

881 1551 1321 1623 intentionem,
1382 1557 1571 1632 atque
1630 1553 1981 1613 secundum
2043 1551 2373 1613 rationem.

880 1648 1363 1711 Distinctionem
1394 1665 1545 1709 vero
1574 1649 1923 1710 secundum
1957 1649 2376 1711 intentionem

879 1746 1157 1828 appellat
1204 1763 1328 1808 non
1382 1753 1571 1827 prout
1618 1746 1887 1808 intentio
1934 1746 2211 1808 sumitur
2261 1763 2374 1828 pro

2487 758 2834 820 fundantur
2873 768 3062 840 prout
3101 760 3240 841 ipsa
3281 759 3632 822 secundum
3671 777 3741 820 se
3781 759 3982 840 ipsam

2487 865 2596 936 est·
2639 856 3042 937 singularitas
3100 858 3410 938 quaedam‚
3461 875 3590 919 non
3647 864 3838 938 prout
3894 863 3985 918 est

2486 955 2761 1016 essentia
2819 954 3011 1036 hujus
3071 964 3181 1017 aut
3240 955 3412 1017 illius
3470 955 3806 1037 suppositi.
3859 954 3984 1016 Hoc

2487 1053 2659 1114 enim
2702 1071 2828 1115 non
2869 1053 3166 1115 convenit
3195 1053 3254 1115 ei
3295 1053 3418 1114 nisi
3460 1072 3575 1134 per
3613 1053 3986 1115 relationem

2491 1151 2556 1212 in
2590 1171 2663 1214 ea
2702 1150 3031 1213 fundatam
3067 1169 3081 1213 :
3117 1152 3284 1214 unde
3316 1171 3429 1233 per
3467 1151 3589 1214 hoc
3618 1152 3788 1234 quod
3831 1151 3986 1213 rela-

2491 1249 2577 1312 tio
2620 1250 2811 1312 habet
2857 1269 2995 1312 esse
3043 1258 3107 1312 et
3154 1249 3407 1312 fundari
3459 1250 3525 1313 in
3568 1250 3865 1322 essentia,
3905 1250 3989 1312 si-

2491 1347 2626 1409 mul
2662 1349 2991 1411 constituit
3021 1349 3328 1412 rationem
3369 1348 3706 1430 suppositi.
3730 1383 3811 1392 —
3840 1347 3984 1408 Haec

2488 1446 2815 1508 HenricuS.
2881 1447 2968 1508 De
3029 1447 3214 1528 cujus
3271 1445 3584 1528 positione
3643 1463 3838 1527 supra
3893 1444 3984 1506 di·
4033 1465 4236 1569 aqum.

4007 1541 4050 1582 q.
4097 1559 4110 1569 .

2489 1552 2662 1607 ctum
2707 1552 2804 1606 est
2847 1543 3116 1626 plenius,

2569 1741 2830 1823 Objecta
2868 1743 3074 1805 soluta
3113 1752 3263 1805 sunt
3293 1761 3508 1824 supra,
3541 1749 3606 1804 et
3635 1762 3808 1805 nunc
3849 1743 3986 1806 bre·

881 1845 1229 1907 intentione
1269 1844 1549 1905 secunda
1575 1844 1681 1925 (de
1718 1863 1843 1924 qua
1881 1845 2083 1924 logica
2125 1844 2377 1923 tractat)
2413 1838 2460 1900 B
2488 1840 2652 1902 viter
2694 1858 2914 1903 eorum
2959 1840 3191 1904 solutio
3234 1841 3433 1922 repeti
3479 1848 3707 1921 potest.

881 1963 995 2026 per
1053 1951 1411 2024 respectum
1469 1943 1547 2004 ad
1597 1942 1869 2023 primam
1932 1943 2372 2016 intentionem,

879 2041 987 2103 sed
1056 2047 1244 2121 prout
1301 2039 1570 2101 intentio
1630 2039 1989 2120 appellatur
2048 2040 2374 2121 pertinens

880 2139 1132 2202 realiter
1180 2139 1257 2199 ad
1308 2136 1784 2218 simplicitatem
1838 2137 2113 2218 alicujus
2160 2157 2372 2200 essen-

879 2238 1002 2311 tiae,
1045 2244 1264 2298 natum
1316 2235 1577 2317 praecise
1624 2235 1829 2316 accipi
1877 2234 2117 2316 absque
2159 2235 2376 2318 aliquo

877 2335 1003 2398 alio
1044 2354 1081 2396 a
1124 2352 1253 2417 quo
1299 2352 1426 2395 non
1475 2332 1694 2394 differt
1742 2351 1808 2394 re
1850 2333 2160 2408 absoluta,
2204 2333 2372 2416 quod

878 2433 1173 2496 similiter
1210 2431 1487 2514 pertinet
1528 2432 1605 2493 ad
1646 2431 1955 2493 eamdem.
1999 2433 2173 2494 Unde
2225 2432 2376 2494 dici-

878 2540 981 2594 tur
1031 2531 1297 2593 intentio
1347 2530 1527 2612 quasi
1587 2530 1757 2591 intus
1808 2530 2027 2604 tenti0‚
2078 2549 2155 2591 eo
2203 2530 2372 2612 quod

880 2650 1059 2693 mens
1098 2648 1215 2692 suo
1253 2637 1565 2709 conceptu
1607 2628 2023 2690 determinate
2065 2628 2269 2690 tendit
2307 2629 2370 2690 in

876 2729 1117 2810 aliquid
1162 2728 1331 2809 quod
1374 2734 1470 2788 est
1513 2726 1577 2788 in
1628 2745 1695 2788 re
1743 2726 1979 2807 aliqua,
2023 2734 2087 2786 et
2128 2744 2256 2788 non
2308 2727 2372 2788 in

876 2827 1119 2909 aliquid
1170 2825 1343 2887 aliud
1392 2825 1560 2906 quod
1618 2824 1860 2905 aliquid
1916 2832 2013 2886 est
2059 2824 2368 2903 ejusdem.

875 2927 1092 3006 Itaque
1151 2924 1315 2985 inter
1364 2921 1705 2984 essentiam
1762 2929 1827 2982 et
1882 2921 2252 2983 relationem
2306 2922 2372 2983 in

879 3023 1113 3085 divinis
1174 3038 1576 3102 nequaquam
1623 3027 1719 3081 est
1768 3019 2092 3081 distinctio
2150 3038 2373 3081 secun-

879 3125 1031 3184 dum
1081 3119 1519 3191 intentionem,
1554 3117 1857 3199 quoniam
1901 3117 2008 3179 illa
2053 3113 2376 3181 distinctio

880 3240 1017 3283 esse
1048 3238 1175 3281 non
1207 3226 1413 3300 potest
1442 3218 1566 3279 nisi
1598 3217 1762 3279 inter
1791 3236 1867 3279 ea
1895 3237 2037 3299 quae
2067 3218 2378 3279 uniuntur

882 3320 945 3381 in
998 3318 1220 3381 eodem
1272 3317 1623 3377 secundum
1676 3334 1832 3389 rem,
1881 3316 1966 3377 ita
2014 3315 2184 3398 quod
2234 3334 2378 3378 con-

880 3424 1103 3499 ceptus
1148 3416 1337 3477 unius
1378 3414 1633 3496 penitus
1677 3413 1957 3475 excludit
1996 3422 2374 3495 conceptum

878 3516 1139 3578 alterius
1187 3522 1252 3575 et
1296 3520 1583 3590 econtra3
1637 3512 1736 3574 vel
1790 3512 1874 3573 ita
1915 3512 2085 3593 quod
2134 3512 2376 3594 aliquid

879 3614 1050 3695 quod
1092 3620 1187 3674 est
1236 3612 1299 3673 in
1351 3619 1664 3692 conceptu
1714 3610 1926 3683 unius,
1971 3610 2226 3692 penitus
2278 3630 2379 3672 ex-

880 3711 1174 3774 cludatur
1229 3718 1405 3772 ex'tra
1462 3709 1526 3770 id
1574 3709 1744 3790 quod
1792 3717 1890 3770 est
1940 3708 2003 3769 in
2064 3715 2377 3790 conceptu

879 3810 1159 3873 alterius.
1185 3809 1611 3889 Quaecumque
1641 3815 1852 3869 autem
1886 3815 2033 3869 sunt
2065 3806 2236 3880 talia,
2271 3826 2381 3868 ne-

880 3908 1153 3972 cessario
1202 3915 1447 3989 ponunt
1497 3906 2025 3986 compositionem
2076 3906 2141 3966 in
2191 3923 2268 3967 eo
2313 3905 2378 3967 in

880 4026 1008 4090 quo
1064 4015 1212 4068 sunt
1272 4025 1491 4066 unum.
1546 4003 1785 4065 Relatio
1834 4022 1985 4066 vero
2043 4011 2105 4065 et
2163 4004 2380 4065 divina

879 4105 1154 4168 essentia
1222 4103 1461 4165 nullam
1526 4120 1783 4182 prorsus
1849 4102 2377 4183 compositionem

2569 1938 2655 2000 Ea
2684 1956 2834 2018 ergo
2863 1958 3006 2021 quae
3037 1937 3540 2001 convertibiliter
3567 1947 3630 2000 et
3657 1939 3988 2020 adaequate

2487 2043 2635 2098 sunt
2679 2036 2873 2109 idem,
2906 2036 2994 2098 ita
3037 2055 3103 2099 se
3144 2036 3402 2105 habent,
3437 2037 3606 2118 quod
3653 2055 3784 2099 uno
3825 2037 3988 2098 mul·

2487 2134 2792 2217 tiplicato,
2829 2135 3292 2216 multiplicatur
3317 2143 3382 2197 et
3408 2135 3617 2213 aliud3
3649 2135 3742 2197 sic
3769 2143 3986 2196 autem

2487 2251 2613 2295 non
2645 2242 2794 2295 sunt
2823 2234 3016 2308 idem,
3053 2234 3428 2316 proprietas,
3450 2235 3727 2296 essentia
3755 2241 3820 2296 et
3851 2253 3988 2316 per-

2489 2348 2660 2394 sona.
2696 2367 2776 2376 —
2804 2332 2896 2393 Ad
2939 2332 3314 2405 secundum,
3349 2332 3520 2414 quod
3560 2332 3728 2394 idem
3761 2331 3986 2394 eodem

2489 2430 2678 2492 modo
2727 2437 3080 2511 sumptum,
3130 2449 3240 2492 seu
3289 2431 3642 2492 secundum
3693 2431 3986 2492 eamdem

2490 2529 2963 2610 proprietatem,
3007 2527 3459 2611 perfectionem
3511 2537 3618 2590 aut
3663 2528 3986 2610 dispositi-

2489 2645 2695 2699 onem,
2739 2645 2866 2689 non
2919 2635 3014 2688 est
3063 2646 3254 2690 causa
3303 2627 3732 2690 distinctionis
3780 2635 3846 2689 et
3893 2628 3988 2690 in—

2489 2725 2936 2788 distinctioniS.
2967 2761 3049 2771 -—
3081 2726 3173 2787 Ad
3219 2726 3476 2787 tertium
3524 2726 3722 2788 simili
3773 2727 3984 2798 modo,

2489 2823 2656 2906 quod
2709 2843 2906 2886 unum
2955 2830 3021 2886 et
3067 2824 3235 2886 idem
3289 2825 3642 2886 secundum
3693 2827 3988 2888 eamdem

2491 2922 2796 2985 rationem
2845 2930 2910 2984 et
2958 2923 3410 3004 proprietatem
3458 2940 3586 2984 non
3634 2931 3732 2985 est
3781 2923 3990 2987 relati-

2415 3021 2459 3085 C
2491 3039 2642 3083 vum
2681 3028 2744 3082 et
2781 3020 3164 3083 absolutum.
3199 3020 3354 3082 Nam
3394 3028 3459 3082 et
3488 3020 3553 3082 in
3594 3020 3788 3083 rebus
3821 3040 3989 3085 crea-

2489 3117 2568 3181 tis
2620 3118 2789 3180 idem
2837 3118 3238 3201 suppositum
3288 3126 3385 3180 est
3432 3118 3625 3182 homo
3671 3128 3736 3181 et
3785 3129 3984 3201 pater,

2488 3225 2553 3279 et
2596 3216 2989 3279 humanitate
3039 3217 3103 3278 in
3154 3236 3384 3298 genere
3433 3217 3826 3293 substantiae,
3881 3239 3988 3301 pa-

2490 3314 2782 3377 ternitate
2829 3316 2891 3377 in
2934 3334 3164 3395 genere
3208 3315 3552 3379 relationis,

2930 3640 3405 3714 QUAESTIO
3473 3642 3549 3703 II

2633 3903 2900 3967 Uaeritur
2967 3910 3451 3983 consequenter,
3517 3902 3812 3971 Utrum
3891 3906 3988 3973 de

2659 4000 3290 4083 proprietatibus
3331 4003 3416 4068 et.
3454 4002 3994 4071 relationibus

2488 4100 2814 4167 valeant
2842 4099 3258 4180 praedicari
3295 4099 3696 4181 adjecttva
3728 4116 3993 4167 essen-

880 4210 1127 4285 ponunt
1166 4202 1232 4263 in
1275 4201 1420 4263 Deo.
1456 4200 1698 4263 Idcirco
1738 4217 1863 4261 non
1904 4199 2216 4261 differunt
2253 4200 2375 4261 nisi
2409 4202 2458 4263 D
2488 4198 2726 4264 tiana.
2766 4199 2849 4264 et
2894 4197 3368 4278 personalia.

880 4302 1231 4363 secundum
1275 4300 1606 4371 rationem,
1648 4298 1711 4360 id
1750 4306 1847 4361 est
1885 4297 2239 4360 secundum
2279 4298 2376 4359 di-

880 4417 1135 4461 versum
1170 4397 1429 4459 modum
1461 4395 1861 4477 concipiendi
1903 4395 2167 4476 aliquid,
2203 4395 2377 4457 vide-

884 4497 1033 4558 licet
1073 4495 1425 4557 secundum
1470 4494 1743 4556 rationes
1786 4493 2117 4555 distinctas
2158 4492 2380 4573 praedi-

882 4594 1155 4656 camenti
1212 4592 1581 4655 substantiae
1637 4600 1700 4653 et
1756 4594 1844 4651 ad
1898 4592 2186 4670 aliquid,
2238 4610 2379 4672 quae

880 4693 1051 4755 circa
1081 4692 1249 4754 idem
1280 4691 1516 4753 cadunt
1543 4689 1785 4771 absque
1826 4689 2286 4770 compositione
2315 4696 2378 4750 et

880 4790 1244 4853 diversitate
1289 4789 1354 4850 in
1399 4807 1487 4862 re,
1522 4788 1659 4849 sine
1698 4806 1825 4869 qua
1862 4805 2000 4848 esse
2045 4804 2171 4849 non
2213 4786 2381 4849 valet

879 4888 1215 4951 diversitas
1256 4885 1701 4948 intentionum.

962 4987 1224 5049 Videtur
1267 4985 1525 5047 demum
1576 4983 1641 5045 in
1692 4982 2220 5045 determinatione
2268 4982 2382 5043 hu-

878 5086 984 5167 jus
1024 5084 1273 5169 quaesiti
1306 5084 1613 5146 Henricus
1652 5081 2015 5165 aliqualiter
2044 5081 2382 5143 dissentire

887 5205 923 5248 a
969 5184 1227 5267 praefata
1264 5183 1685 5265 quorumdam
1730 5182 2042 5263 positione
2082 5181 2159 5243 de
2201 5182 2388 5243 modo

896 5282 1288 5345 fundationis
1346 5280 1725 5344 relationum
1789 5280 1853 5341 in
1904 5279 2121 5341 divina
2178 5296 2389 5341 essen—

2567 4296 2830 4358 Videtur
2875 4296 3044 4378 quod
3101 4296 3216 4370 sic,
3265 4296 3568 4377 quoniam
3619 4296 3798 4359 nulla
3849 4316 3992 4380 pro-

2491 4395 2718 4475 positio
2760 4394 2971 4456 verior
3016 4413 3206 4475 quam
3260 4393 3324 4455 in
3372 4412 3498 4476 qua
3537 4394 3704 4456 idem
3751 4395 3994 4458 dicitur

2490 4494 2568 4556 de
2615 4513 2682 4555 se
2735 4494 2892 4575 ipso.
2938 4493 3142 4566 Quum
3194 4511 3342 4573 ergo
3393 4492 3811 4575 proprietates
3863 4496 3992 4557 sint

2491 4592 2743 4654 realiter
2790 4592 2944 4673 ipsae
2989 4609 3273 4673 personae
3315 4608 3388 4653 ac
3431 4590 3648 4654 divina
3687 4594 3990 4666 essentia,

2490 4690 2743 4752 videtur
2778 4691 2947 4771 quod
2995 4690 3209 4752 omnia
3246 4708 3396 4751 vere
3440 4689 3870 4773 praedicentur
3911 4692 3992 4754 de

2492 4787 3010 4871 proprietatibuS,
3043 4807 3186 4869 quae
3216 4788 3294 4849 de
3335 4788 3622 4869 personis
3661 4797 3856 4871 atque
3897 4810 3995 4853 es-

2491 4887 2695 4949 sentia
2737 4886 3180 4967 praedicantur.

2571 4984 2641 5043 ln
2693 4982 3059 5064 oppositum
3119 4989 3214 5044 est
3263 4982 3553 5046 doctrina
3609 4984 3998 5052 communis,

2493 5082 2644 5162 quia
2673 5082 3017 5163 paternitas
3047 5099 3167 5143 non
3200 5080 3432 5143 dicitur
3455 5100 4000 5164 generans,quum

2495 5198 2796 5260 generare
2836 5180 2916 5241 sit·
2959 5198 3265 5261 personae,
3301 5181 3645 5262 paternitas
3677 5198 3828 5243 vero
3869 5200 4001 5244 non

2501 5278 2901 5358 significatur
2945 5285 3014 5339 ut
3058 5294 3344 5359 persona.
