4359 6250
848 468 970 534 202

1502 497 1567 542 m
1607 497 1829 543 LIBRUM
1871 500 1890 545 Ι
1934 499 2416 546 SENTENTlARUu.
2462 519 2543 528 —
2582 502 2735 547 DtsT.
2781 503 2968 566 XXV13
3011 503 3234 559 QUAEST.
3283 506 3302 550 1

845 659 1161 724 deorsum.
1198 664 1553 747 Aliquando
1591 685 1742 730 vero
1779 677 2105 750 respectus
2149 669 2341 750 signi·
2369 668 2420 731 A
2452 689 2576 751 que
2621 670 2956 733 differrent
2999 672 3133 735 solo
3179 673 3366 735 modo
3409 673 3728 754 loquendi.
3771 673 3964 747 Quod

842 757 1075 822 ficatus
1107 781 1219 844 per
1250 782 1323 826 ea
1353 784 1493 846 quae
1524 767 1824 828 dicuntur
1851 768 1927 829 ad
1960 768 2224 849 aliquid,
2245 777 2340 830 est

844 867 1090 921 tantum
1140 863 1204 924 in
1254 865 1759 945 apprehensione
1819 868 2077 930 rationis
2139 887 2338 930 unum

842 957 1023 1020 alteri
1064 959 1447 1024 conferentis
1494 981 1507 1025 :
1549 973 1611 1026 et
1651 972 1804 1026 tunc
1844 974 1940 1028 est
1986 967 2209 1029 relatio
2249 987 2342 1030 ra-

843 1056 1034 1119 tionis
1095 1067 1375 1138 tantum3
1428 1062 1593 1124 sicut
1642 1063 1796 1125 dum
1855 1074 2177 1146 comparat
2230 1067 2338 1129 ho-

846 1153 1084 1218 minem
1114 1157 1191 1219 ad
1223 1159 1457 1221 animal
1498 1162 1663 1223 sicut
1695 1163 1973 1244 speciem
2004 1165 2081 1225 ad
2112 1182 2333 1245 genuS.

842 1255 1032 1316 Porro
1090 1256 1241 1317 dum
1302 1258 1541 1340 aliquid
1602 1262 1887 1341 procedit
1936 1281 1971 1323 a
2022 1263 2340 1345 principio

845 1352 1134 1432 ejusdem
1185 1363 1446 1430 naturae,
1487 1366 1736 1439 oportet
1777 1361 1946 1441 quod
1994 1361 2206 1436 amb0,
2247 1361 2339 1424 vi-

847 1451 1078 1514 delicet
1109 1460 1235 1514 tam
1279 1456 1626 1536 procedens
1656 1476 1847 1537 quam
1884 1458 1946 1519 id
1978 1476 2013 1519 a
2044 1477 2171 1539 quo
2203 1477 2340 1541 pro-

848 1550 1035 1624 cedit,
1072 1551 1135 1612 in
1167 1552 1389 1615 eodem
1423 1556 1804 1617 conveniant
1832 1557 2093 1619 ordine:
2119 1558 2339 1638 sicque

847 1667 1105 1710 necesse
1136 1660 1231 1712 est
1262 1658 1331 1712 ut
1362 1652 1559 1714 reales
1591 1662 1917 1735 respectus
1948 1656 2025 1717 ad
2059 1656 2335 1718 invicem

845 1747 1136 1810 habeant.
1153 1749 1485 1831 Quumque
1518 1770 1802 1832 personae
1835 1753 1897 1816 in
1930 1754 2165 1816 divinis
2198 1773 2338 1835 pro—

2451 777 2614 830 stare
2667 787 2792 831 non
2847 778 3072 851 potest,
3115 772 3266 851 quia
3305 772 3368 834 in
3413 772 3631 833 eadem
3683 789 3970 853 persona

2450 875 2600 927 sunt
2653 869 3070 949 proprietates
3130 869 3500 932 differentes
3559 888 3687 932 non
3742 871 3966 932 solum

2450 964 2517 1026 in
2575 966 2762 1028 modo
2817 967 3139 1048 loquendi,
3189 969 3298 1030 sed
3345 977 3410 1031 et
3458 969 3730 1030 realiter.
3771 969 3970 1029 Vide—

2453 1083 2595 1125 mus
2653 1065 2826 1126 enim
2887 1066 3055 1146 quod
3114 1085 3240 1128 una
3303 1085 3572 1148 persona
3631 1085 3758 1129 uno
3811 1084 3968 1128 mo-

2451 1162 2531 1224 do
2581 1162 2854 1225 refertur
2911 1164 2988 1225 ad
3050 1184 3266 1238 unam,
3317 1174 3388 1226 ut
3437 1163 3618 1228 Pater
3672 1166 3748 1228 ad
3801 1165 3966 1227 Fili-

2454 1279 2582 1322 um.
2612 1262 2914 1324 Videmus
2947 1282 3201 1345 quoque
3232 1284 3426 1326 unam
3457 1282 3790 1346 personam
3821 1283 3967 1326 uno

2453 1359 2641 1422 modo
2695 1379 2806 1421 seu
2863 1380 2990 1424 una
3044 1361 3416 1424 habitudine
3471 1362 3822 1444 comparari
3876 1363 3962 1424 ad

2454 1458 2691 1539 plureS,
2745 1467 2813 1520 ut
2865 1459 3174 1541 Spiritum
3224 1461 3522 1524 Sanctum
3581 1462 3659 1523 ad
3706 1462 3964 1523 Patrem

2452 1566 2516 1620 et
2559 1557 2827 1636 Filium3
2869 1565 2932 1620 et
2982 1559 3134 1620 item
3188 1579 3380 1621 unam
3434 1577 3769 1642 personam
3815 1560 3968 1641 plu-

2453 1656 2632 1718 ribus
2687 1657 2890 1719 modis
2935 1659 3287 1739 comparari
3337 1659 3414 1719 ad
3469 1658 3707 1740 plureS,
3749 1665 3822 1719 ut
3866 1660 3970 1720 Fi-

2456 1755 2612 1816 lium
2653 1755 2731 1816 ad
2771 1756 3016 1817 Patrem
3059 1764 3120 1817 et
3153 1757 3462 1838 Spiritum
3504 1757 3824 1819 Sanctum.
3864 1757 3968 1819 Si-

844 1845 1161 1919 cedenteS,
1197 1849 1539 1928 procedant
1584 1849 1647 1911 in
1693 1850 2018 1913 identitate
2069 1861 2333 1927 naturae,
2377 1859 2424 1921 B
2455 1852 2694 1914 militer
2742 1853 3035 1916 videmus
3095 1855 3311 1935 plures
3369 1872 3670 1936 personas
3729 1856 3965 1917 eodem

845 1963 1103 2006 necesse
1153 1955 1248 2007 est
1292 1953 1361 2006 ut
1408 1947 1744 2010 relationes
1793 1968 1935 2030 quae
1984 1951 2336 2012 secundum

844 2042 1092 2104 divinas
1135 2045 1537 2124 accipiuntur
1581 2047 2039 2127 processioneS‚
2078 2049 2206 2111 sint
2247 2069 2339 2110 re—

846 2140 1109 2202 lationes
1169 2141 1388 2203 reales,
1442 2179 1522 2188 —
1579 2144 1641 2205 Si
1702 2153 1913 2206 autem
1972 2145 2334 2226 objiciatur,

844 2239 1010 2319 quod
1044 2239 1379 2301 relationes
1414 2241 1477 2302 in
1502 2241 1737 2303 divinis
1770 2242 2116 2305 fundantur
2148 2263 2341 2326 super

734 2357 747 2368 ·
842 2345 1054 2399 actum
1102 2338 1459 2400 intellectus
1499 2349 1562 2401 et
1602 2341 1967 2416 voluntatis,
2002 2361 2151 2424 ergo
2192 2351 2340 2404 sunt

844 2436 1104 2497 rationis
1145 2437 1471 2499 dumtaxat
1514 2457 1528 2500 ε
1573 2438 1938 2514 dicendum,
1970 2442 2141 2522 quod
2184 2441 2339 2503 rela-

843 2533 1045 2596 tiones
1087 2554 1227 2616 quae
1267 2545 1623 2617 sequuntur
1666 2539 1865 2600 solam
1905 2539 2340 2620 operationem

844 2632 1224 2707 intellectuS,
1258 2643 1407 2696 sunt
1450 2636 1512 2697 in
1560 2636 1715 2716 ipsis
1762 2637 1953 2699 rebus
1998 2637 2340 2700 intellectis

842 2730 1177 2793 relationes
1237 2733 1497 2794 rationis
1557 2733 1980 2809 solummodo,
2034 2735 2338 2816 quoniam

841 2830 1001 2891 ratio
1046 2838 1260 2891 nostra
1308 2831 1635 2894 adinvenit
1682 2850 1789 2893 eas
1840 2833 2008 2894 circa
2056 2840 2121 2894 et
2172 2834 2339 2895 inter

842 2947 941 2988 res
991 2928 1365 2991 intellectas,
1410 2929 1765 2991 Relationes
1809 2949 1961 2992 vero
2004 2951 2145 3012 quae
2195 2949 2340 2993 con-

2455 1951 2642 2013 modo
2691 1952 3044 2032 comparari
3093 1953 3438 2033 adunam,
3480 1961 3551 2015 ut
3595 1954 3839 2015 Patrem
3896 1961 3970 2016 et

2456 2049 2684 2110 Filium
2723 2050 2802 2111 ad
2847 2049 3156 2130 Spiritum
3191 2051 3511 2113 Sanctum.
3547 2051 3710 2131 Ergo
3739 2051 3966 2113 unitas

2454 2147 2849 2210 habitudinis
2887 2167 3013 2211 non
3058 2157 3260 2230 potest
3296 2151 3502 2232 accipi
3538 2169 3614 2212 ex
3655 2157 3830 2231 parte
3863 2169 3969 2211 es-

2454 2245 2695 2320 sentiae,
2740 2265 2858 2308 nec
2902 2266 2977 2308 ex
3027 2255 3203 2328 part-e
3247 2265 3534 2329 personae
3575 2267 3717 2330 quae
3759 2247 3967 2310 reser-

2456 2353 2579 2418 tur,
2642 2363 2850 2426 neque
2906 2364 2984 2406 ex
3045 2353 3220 2427 parte
3283 2362 3567 2427 personae
3623 2346 3700 2406 ad
3759 2365 3962 2426 quam

2453 2443 2742 2504 refertur.
2780 2444 2987 2505 Restat
3020 2461 3170 2524 ergo
3203 2444 3372 2524 quod
3417 2445 3500 2505 sit
3528 2444 3691 2506 alius
3727 2445 3967 2506 modus

2453 2540 2706 2603 dicendi
2751 2561 2828 2602 ex
2873 2551 3050 2622 parte
3095 2543 3205 2605 rei.

2531 2640 2690 2701 Hinc
2747 2639 2880 2719 jam
2931 2642 3290 2704 communis
3351 2648 3520 2703 tenet
3580 2642 3832 2723 positio,
3891 2642 3962 2704 in

2451 2737 2686 2799 divinis
2725 2757 2863 2800 esse
2906 2739 3324 2820 proprietates
3369 2740 3730 2820 personales
3770 2740 3964 2801 reali-

2453 2843 2548 2896 ter
2579 2834 2950 2897 differentes
2981 2836 3061 2898 ab
3094 2836 3394 2910 invicem,
3429 2856 3501 2899 ac
3535 2855 3647 2919 per
3682 2837 3800 2899 hoc
3830 2835 3964 2898 dif-

2451 2931 2727 2996 ferentes
2785 2935 2976 2995 etiam
3035 2954 3071 2996 a
3120 2936 3408 3016 personis
3466 2935 3680 3017 aliquo
3737 2937 3960 2998 modo,

840 3034 1195 3107 sequuntur
1253 3029 1685 3108 operationem
1749 3029 2131 3104 intellectus,
2197 3049 2338 3110 quae
2377 3034 2420 3097 C
2450 3031 2996 3104 Quemadmodum
3029 3035 3202 3095 enim
3234 3035 3382 3114 quia
3421 3034 3484 3096 in
3519 3033 3790 3095 essentia
3819 3051 3960 3096 non

842 3135 991 3187 sunt
1035 3126 1199 3187 inter
1240 3126 1511 3188 verbum
1562 3128 2077 3191 intellectualiter
2122 3148 2337 3210 proce-

842 3225 999 3285 dens
1036 3232 1099 3285 et
1139 3225 1201 3286 id
1240 3244 1277 3286 a
1314 3244 1441 3307 quo
1485 3226 1791 3307 procedit,
1824 3244 1951 3288 non
1996 3236 2145 3289 sunt
2183 3228 2338 3289 rela-

841 3322 1044 3384 tiones
1095 3324 1355 3385 rationis
1407 3331 1675 3399 tantum,
1718 3325 1827 3386 sed
1878 3326 1966 3388 rei
2011 3343 2025 3386 :
2077 3326 2226 3407 quia
2277 3333 2340 3387 et

843 3421 979 3502 ipse
1020 3420 1379 3483 intellectus
1422 3441 1495 3483 ac
1537 3422 1697 3484 ratio
1740 3441 1839 3484 res
1886 3424 2176 3504 quaedam
2218 3432 2334 3497 est,

840 3528 903 3581 et
942 3527 1347 3601 comparatur
1394 3520 1647 3582 realiter
1692 3522 1770 3583 ad
1820 3522 1885 3583 id
1930 3522 2097 3602 quod
2150 3522 2334 3584 intel-

842 3618 1170 3699 ligibiliter
1197 3618 1277 3680 ab
1304 3619 1441 3700 ipso
1474 3620 1777 3700 procedit,
1797 3621 2333 3700 quemadmodum

839 3736 938 3779 res
984 3718 1327 3799 corporalis
1368 3718 1445 3778 ad
1493 3718 1554 3779 id
1596 3719 1764 3799 quod
1808 3718 2222 3800 corporaliter
2256 3720 2336 3781 ab

839 3817 976 3898 ipsa
1036 3816 1337 3897 procedit.
1393 3817 1552 3878 Hinc
1603 3817 1947 3899 paternitas
1996 3826 2059 3879 et
2106 3818 2337 3880 filiatio

839 3923 987 3976 sunt
1030 3914 1228 3976 reales
1278 3915 1614 3977 relationes
1664 3916 1729 3977 in
1775 3916 2028 3978 divinis,
2075 3952 2154 3961 —
2193 3916 2337 3979 Haec

840 4012 1109 4074 Thomas
1164 4011 1227 4073 in
1281 4012 1558 4075 Summa.
1611 4014 1685 4074 Et
1728 4022 2192 4095 consequenter
2239 4032 2334 4077 os-

840 4110 1043 4172 tendit
1081 4110 1343 4183 ibidem,
1380 4111 1549 4191 quod
1592 4111 1656 4172 in
1697 4111 1825 4172 Deo
1865 4112 1993 4173 sint
2033 4112 2202 4174 idem
2242 4131 2337 4174 es-

2452 3130 2816 3211 plurificata
2857 3132 3156 3213 ponimus
3194 3133 3408 3214 plures
3451 3150 3772 3213 personas,
3807 3134 3964 3196 ideo

2455 3229 2678 3291 modus
2737 3229 2990 3291 dicendi
3053 3231 3477 3292 essentialiter
3522 3250 3559 3292 a
3615 3230 3802 3293 modo
3861 3232 3962 3293 di-

2452 3328 2637 3389 cendi
2681 3327 3098 3409 personaliter
3136 3328 3377 3400 differt,
3412 3346 3539 3391 non
3581 3329 3788 3391 solum
3827 3330 3960 3391 dis-

2452 3426 2719 3489 serentia
2778 3437 3032 3510 sumpta
3080 3447 3157 3490 ex
3217 3438 3393 3509 parte
3452 3429 3674 3501 nostri,
3725 3429 3835 3491 sed
3889 3440 3960 3493 et

2450 3546 2527 3587 ex
2565 3534 2742 3608 parte
2783 3528 2912 3598 rei3
2947 3527 3037 3588 sic
3077 3526 3482 3588 sentiendum
3522 3536 3618 3589 est
3649 3529 3725 3590 de
3760 3530 3960 3593 modo

2449 3624 2700 3686 dicendi
2763 3625 3200 3705 personaliter,
3252 3633 3442 3707 atque
3490 3626 3570 3687 de
3621 3627 3807 3688 modo
3855 3628 3958 3689 di-

2451 3722 2633 3783 cendi
2668 3722 3090 3784 notionaliter.
3119 3722 3364 3785 ldcirco
3393 3722 3796 3803 distinguunt
3825 3742 3962 3787 ma-

2449 3820 2631 3899 gistri
2682 3828 2808 3882 tres
2871 3820 3090 3882 modos
3143 3820 3398 3882 dicendi
3457 3820 3520 3881 in
3578 3821 3814 3884 divinis
3871 3840 3956 3885 ex

2452 3927 2630 4001 parte
2679 3919 2792 3991 rei,
2836 3919 3136 3981 videlicet
3183 3918 3610 3993 essentialem,
3657 3938 3960 4000 persona—

2452 4018 2600 4091 lem,
2634 4024 2696 4078 et
2727 4017 3151 4097 notionalem3
3193 4016 3556 4097 diciturque
3597 4020 3959 4081 communi-

2451 4122 2547 4177 ter
2574 4115 2743 4195 quod
2787 4122 2912 4176 tres
2953 4122 3102 4175 sunt
3138 4115 3203 4176 in
3233 4114 3470 4176 divinis
3513 4116 3685 4177 modi
3725 4117 3958 4197 praedi-

842 4206 1045 4269 sentia
1092 4215 1282 4288 atque
1330 4207 1572 4282 relatio,
1616 4227 1731 4289 per
1778 4228 1853 4270 ea
1896 4228 2037 4290 quae
2078 4210 2212 4289 jam
2259 4228 2337 4270 ex
2371 4220 2418 4279 D
2451 4213 2657 4287 candi,
2710 4212 3010 4274 videlicet
3057 4214 3131 4272 in
3180 4214 3366 4291 quid,
3417 4214 3492 4271 in
3541 4215 3712 4291 quis,
3764 4221 3828 4275 et
3877 4217 3956 4275 in

843 4306 1092 4387 Scripto
1134 4323 1249 4368 suo
1293 4313 1441 4367 sunt
1484 4306 1859 4368 introducta.

921 4404 1029 4466 His
1061 4422 1413 4466 consonans
1442 4405 1921 4467 Bonaventura:
1957 4404 2210 4480 Omnes,
2245 4407 2339 4468 in-

839 4504 1001 4584 quit,
1042 4502 1338 4565 catholici
1380 4510 1747 4565 tractatores
1803 4513 2151 4585 posuerunt
2197 4522 2338 4586 pro-

842 4601 1141 4683 prietates
1202 4619 1617 4682 personarum
1679 4602 1743 4663 in
1793 4602 2051 4675 diviniS,
2104 4603 2214 4664 sed
2273 4604 2338 4665 in

839 4700 1029 4764 modo
1059 4698 1336 4781 ponendi
1368 4698 1782 4761 diversificati
1813 4708 1980 4761 sunt.
2014 4700 2171 4762 Nam
2205 4701 2342 4782 qui-

838 4798 982 4860 dam
1018 4798 1481 4879 perpendentes
1514 4816 1829 4859 summam
1862 4798 2339 4879 simplicitatem

838 4916 976 4959 esse
1027 4898 1093 4959 in
1145 4896 1433 4978 personis
1483 4896 1651 4957 sicut
1700 4896 1765 4957 in
1815 4897 2110 4971 essentia,
2152 4914 2339 4978 posu-

838 5004 1027 5057 erunt
1058 4995 1229 5077 quod
1268 4994 1435 5056 sicut
1464 4994 1528 5056 in
1560 4994 1835 5057 essentia
1875 4995 2129 5076 penitus
2170 4996 2340 5057 idem

838 5104 935 5157 est
985 5098 1159 5175 quod
1205 5104 1297 5154 est
1344 5102 1407 5155 et
1456 5114 1581 5174 quo
1630 5105 1748 5165 est,
1796 5096 1889 5157 sic
1941 5095 2006 5157 in
2056 5094 2344 5176 personis

847 5195 1015 5257 idem
1074 5194 1159 5255 sit
1215 5192 1327 5274 qui
1388 5192 1800 5273 distinguitur
1857 5200 1920 5254 et
1975 5210 2124 5276 quo,
2178 5192 2348 5254 scili-

850 5300 950 5355 cet
1014 5291 1419 5373 suppositum
1474 5299 1665 5373 atque
1728 5291 2081 5375 proprietas
2140 5309 2154 5353 :
2221 5290 2346 5352 sic-

2450 4330 2616 4389 quoe.
2653 4310 2828 4372 Unde
2860 4310 3084 4371 incidit
3114 4309 3365 4372 fallacia
3398 4309 3622 4391 figurae
3652 4311 3958 4374 dictionis

2448 4427 2525 4470 ex
2568 4409 3064 4471 commutatione
3109 4408 3337 4470 horum
3381 4408 3740 4483 modorum,
3783 4410 3960 4472 sicut

2451 4506 2515 4567 in
2582 4506 2888 4568 creaturis
2946 4526 3020 4568 ex
3082 4506 3578 4569 commutatione
3643 4507 3956 4588 praedica-

2453 4612 2834 4666 mentorum.
2880 4604 3425 4677 Quemadmodum
3475 4622 3625 4685 ergo
3674 4606 3740 4666 in
3793 4604 3960 4667 divi-

2450 4703 2550 4764 nis
2593 4711 2690 4764 est
2728 4721 2877 4764 vera
2918 4703 3194 4764 essentia
3234 4710 3298 4765 et
3337 4721 3502 4765 verae
3545 4710 3695 4764 sunt
3735 4721 3958 4784 perso-

2452 4820 2572 4873 nae‚
2606 4800 2695 4862 ita
2735 4808 2800 4861 et
2842 4818 3006 4862 verre
3049 4800 3466 4881 proprietates
3509 4817 3952 4882 personarum.

2453 4897 2859 4979 Proprietatis
2892 4916 3167 4979 namque
3199 4906 3293 4959 est
3324 4897 3716 4978 distinguere
3749 4916 3764 4961 :
3799 4917 3960 4981 ergo

2455 4995 2620 5057 sicut
2672 4996 2837 5057 inter
2893 5013 3191 5076 personas
3249 5004 3346 5057 est.
3393 5014 3543 5057 vera
3599 4996 3955 5073 distinctio,

2456 5093 2547 5156 sic
2580 5094 2646 5155 in
2678 5092 2966 5175 personis
3005 5101 3154 5155 sunt
3186 5092 3494 5155 veraciter
3531 5094 3958 5176 proprietates

2457 5192 2939 5272 distinguentes
2983 5226 3064 5237 -—
3104 5191 3390 5273 Denique
3439 5192 3606 5255 sicut
3651 5201 3749 5256 est
3789 5193 3963 5259 alius

2460 5290 2692 5353 modus
2737 5290 3066 5371 quaerendi
3110 5290 3188 5352 de
3242 5290 3518 5353 essentia
3557 5298 3622 5353 et
3661 5309 3963 5373 persona,
