4359 6250
875 481 998 548 572
1801 507 1976 556 Lmen
2017 510 2038 555 1
2080 509 2563 556 sumam-uinum.
2594 529 2675 540 —
2712 510 2865 557 ms'r.
2906 511 3055 556 xum

1642 914 2635 1030 DISTINCTIO
2772 873 3207 1029 XLl'll

1027 1271 1111 1335 A.
1165 1274 1418 1347 Opinio
1469 1275 1989 1348 quorumdam,
2042 1272 2443 1334 dicentium
2490 1275 2719 1335 Deum
2766 1277 2877 1335 nil
2916 1289 3133 1348 posse
3180 1279 3330 1338 nist
3374 1281 3566 1352 quod
3606 1276 3816 1348 facit.

1141 1611 1357 1673 conati
1404 1611 1580 1672 sunt.
1633 1609 1854 1682 Quum
1902 1608 2076 1672 enim
2125 1608 2375 1688 dicunt,
2422 1609 2782 1690 Hucusque
2829 1611 3046 1693 potest
3092 1613 3296 1692 DeuS,
3337 1614 3403 1676 et
3446 1631 3578 1676 non
3627 1615 3920 1695 amplius
3958 1636 3974 1677 :

1138 1726 1299 1806 quid
1353 1727 1479 1788 hoc
1527 1727 1626 1788 est
1680 1725 1860 1788 aliud
1911 1743 2108 1805 quam
2161 1725 2306 1805 ejus
2360 1726 2745 1806 potentiam,
2796 1745 2944 1808 quae
2997 1729 3253 1792 infinita
3303 1730 3423 1807 est,
3476 1730 3863 1794 concludere
3914 1734 3980 1794 et

873 1842 1265 1923 restringere
1307 1842 1389 1905 ad
1427 1841 1856 1905 mensuram?
1895 1842 2103 1904 Aiunt
2138 1843 2317 1905 enim
2360 1863 2373 1904 :
2416 1843 2567 1904 Non
2603 1845 2820 1924 potest
2861 1844 3041 1907 Deus
3088 1845 3268 1908 aliud
3306 1846 3515 1909 facere
3553 1864 3753 1926 quam
3793 1847 3973 1928 facit,

873 1976 994 2021 nec
1044 1958 1283 2022 melius
1331 1958 1541 2022 facere
1595 1959 1663 2021 id
1709 1959 1887 2040 quod
1939 1957 2116 2038 facit,
2159 1975 2279 2021 nec
2330 1957 2580 2039 aliquid
2635 1960 3131 2041 praetermittere
3182 1961 3262 2025 de
3312 1962 3417 2024 his
3467 1979 3615 2042 quae
3668 1962 3847 2027 facit.
3890 1999 3979 2010 —-

874 2074 1209 2154 Istamque
1237 2090 1506 2154 pravam
1536 2092 1726 2137 suam
1758 2074 2133 2154 opinionem
2165 2074 2639 2138 verisimilibus
2674 2077 3078 2155 argumentis
3115 2077 3460 2157 causisque
3495 2079 3978 2143 commenticiis

873 2206 1126 2252 necnon
1157 2190 1222 2253 et
1249 2207 1582 2252 sacrarum
1619 2189 2080 2252 auctoritatum
2123 2190 2521 2253 testimoniis
2558 2191 2817 2254 munire
2846 2193 3186 2271 conantur,
3227 2192 3517 2256 dicentes
3540 2213 3555 2254 :
3578 2193 3728 2256 Non
3757 2195 3980 2274 potest

874 2307 1055 2369 Deus
1095 2305 1304 2370 facere
1341 2306 1469 2370 nisi
1509 2287 1686 2387 quod
1723 2306 1971 2369 bonum
2011 2307 2075 2369 et
2105 2307 2363 2388 justum
2405 2309 2503 2371 est
2538 2308 2701 2371 fieri.
2734 2309 2884 2371 Non
2921 2310 3021 2372 est
3057 2311 3277 2372 autem
3318 2308 3576 2389 Justum
3614 2311 3679 2373 et
3720 2310 3977 2373 bonum

875 2422 1017 2486 fieri
1055 2422 1137 2486 ab
1175 2439 1251 2486 eo
1299 2423 1428 2486 nisi
1468 2424 1645 2505 quod
1694 2423 1871 2486 facit.
1907 2423 1976 2486 Si
2022 2423 2199 2486 enim
2238 2423 2417 2486 aliud
2458 2423 2718 2503 Justum
2764 2427 2863 2487 est
2909 2426 2974 2487 et
3022 2424 3270 2488 bonum
3320 2442 3471 2488 eum
3511 2425 3723 2488 facere
3772 2444 3979 2507 quam

875 2538 1052 2621 facit,
1093 2558 1228 2603 non
1266 2558 1419 2621 ergo
1459 2540 1616 2603 facit
1652 2557 1846 2604 omne
1884 2540 2062 2621 quod
2097 2539 2357 2621 justum
2396 2541 2495 2604 est
2532 2542 2596 2604 et
2632 2540 2878 2604 bonum
2919 2558 3067 2605 eum
3110 2542 3321 2606 facere
3354 2563 3371 2605 :
3406 2543 3522 2607 sed
3550 2544 3701 2624 quis
3738 2544 3982 2608 audeat

877 2657 1002 2720 hoc
1047 2657 1262 2721 dicere
1292 2656 1322 2719 ⁴?

883 1487 1397 1810 QUIDAM
1433 1495 1651 1556 tamen
1690 1493 1770 1556 de
1799 1510 1921 1556 suo
1959 1509 2158 1555 sensu
2188 1493 2565 1572 glorianteS,
2598 1493 2721 1557 Dei
2760 1495 3121 1576 potentiam
3154 1495 3277 1560 sub
3314 1515 3622 1562 mensura
3648 1501 3979 1563 coarctare

2057 2887 2132 2949 B.
2186 2891 2517 2954 Secunda
2564 2892 2792 2954 rattO.

983 3103 1277 3183 ‚Addunt
1318 3105 1516 3169 etiam
1559 3124 1573 3165 ε
1615 3103 1765 3166 Non
1806 3102 2022 3185 potest
2059 3100 2271 3164 facere
2309 3100 2437 3163 nisi
2475 3101 2653 3182 quod
2686 3101 2947 3182 justitia
2984 3101 3129 3184 ejus
3167 3102 3405 3185 exigit3
3448 3105 3563 3169 sed
3598 3124 3733 3169 non
3772 3107 3980 3189 exigit

874 3222 1021 3303 eJus
1066 3222 1328 3303 justitia
1372 3224 1448 3285 ut
1500 3222 1697 3285 faciat
1754 3220 1880 3283 nisi
1940 3220 2118 3300 quod
2173 3218 2331 3281 facit
2382 3238 2396 3278 ε
2449 3236 2580 3280 non
2637 3236 2789 3299 ergo
2846 3221 3064 3299 potest
3110 3219 3321 3283 facere
3379 3221 3509 3285 nisi
3555 3223 3735 3303 quod
3794 3223 3971 3286 facit.

874 3340 1253 3420 Eademque
1284 3338 1545 3419 justitia
1589 3338 1793 3418 exigit
1829 3338 1902 3400 ut
1941 3336 2008 3398 id
2043 3353 2177 3398 non
2217 3335 2412 3398 faciat
2449 3336 2627 3415 quod
2665 3353 2797 3398 non
2835 3336 2993 3399 facit
3026 3356 3040 3397 ε
3074 3354 3205 3399 non
3248 3339 3471 3401 autem
3507 3340 3727 3420 potest
3762 3340 3977 3405 facere

876 3456 1102 3518 contra
1133 3454 1464 3535 justitiam
1503 3470 1713 3517 suam.
1747 3453 1898 3516 Non
1935 3469 2089 3532 ergo
2128 3452 2345 3533 potest
2388 3450 2639 3531 aliquid
2676 3468 2903 3515 eorum
2945 3452 3155 3517 facere
3192 3471 3340 3534 quae
3379 3454 3681 3519 dimittit.

1785 3692 1854 3755 C.
1907 3696 2302 3767 Responsio
2355 3698 2451 3757 ad
2488 3696 2707 3767 prius
2753 3695 3051 3757 dictum.

1007 3909 1134 3973 His
1171 3910 1392 3973 autem
1423 3908 1920 3989 respondemus,
1952 3907 2285 3989 duplicem
2322 3905 2673 3969 verborum
2712 3906 3212 3987 intelligentiam
3251 3908 3639 3990 aperientes,
3673 3913 3738 3973 et
3766 3911 3854 3974 ab
3882 3912 3981 3975 eis

875 4027 1172 4090 involuta
1209 4026 1608 4105 evolventeS,
1642 4026 1737 4089 sic
1771 4045 1784 4086 ε
1819 4026 1968 4088 Non
2005 4025 2222 4106 potest
2250 4024 2431 4087 Deus
2469 4024 2679 4087 facere
2716 4023 2845 4087 nisi
2875 4024 3053 4105 quod
3088 4023 3333 4088 bonum
3377 4026 3477 4088 est
3505 4028 3569 4089 et
3590 4025 3879 4107 justum,
3914 4028 3981 4091 ld

875 4144 996 4221 est,
1045 4160 1178 4205 non
1228 4142 1444 4223 potest
1492 4141 1703 4205 facere
1750 4142 1879 4204 nisi
1927 4140 2093 4203 illud
2146 4139 2325 4221 quod
2374 4140 2432 4203 si
2482 4140 2743 4218 faceret,
2782 4138 3029 4203 bonum
3079 4142 3144 4203 et
3183 4139 3443 4221 Justum
3489 4144 3699 4224 esset3
3746 4161 3983 4207 verum

874 4260 993 4323 est.
1037 4258 1167 4323 Sed
1212 4256 1423 4320 multa
1471 4257 1687 4338 potest
1736 4256 1946 4320 facere
2001 4275 2148 4337 quae
2198 4272 2330 4318 non
2379 4255 2551 4318 bona
2601 4258 2757 4318 sunt
2802 4272 2921 4318 nec
2966 4255 3148 4336 justa
3203 4276 3217 4317 ε
3273 4256 3430 4337 quia
3478 4275 3599 4320 nec
3650 4261 3809 4322 sunt
3858 4278 3983 4324 nec

875 4374 1089 4452 erunt,
1132 4391 1251 4437 nec
1287 4373 1450 4437 bene
1487 4373 1656 4436 fiunt
1693 4391 1811 4436 nec
1847 4374 2028 4453 fient,
2069 4374 2227 4454 quia
2262 4390 2601 4453 nunquam
2640 4372 2817 4435 fient.
2852 4407 2939 4417 —
2978 4374 3144 4435 Item
3187 4372 3365 4453 quod
3402 4375 3689 4438 secundo
3727 4394 3981 4458 propo·-

874 4493 1079 4555 situm
1127 4491 1276 4568 fuit,
1315 4489 1466 4552 Non
1504 4490 1720 4569 potest
1759 4488 1968 4552 facere
2007 4489 2137 4551 nisi
2176 4489 2354 4569 quod
2386 4488 2647 4569 justitia
2682 4506 2801 4551 sua
2839 4489 3065 4569 exigit,
3110 4490 3173 4551 et
3220 4506 3350 4552 non
3399 4491 3616 4571 potest
3652 4491 3721 4553 id
3764 4492 3981 4557 facere

874 4608 1052 4691 quod
1096 4606 1358 4689 Justitia
1413 4623 1533 4669 sua
1589 4605 1794 4686 exigit
1845 4607 1918 4668 ut
1973 4623 2104 4667 non
2160 4606 2276 4669 fiat
2328 4624 2342 4666 :
2394 4604 2701 4683 dicimus,
2740 4606 2898 4685 quia
2946 4606 3308 4669 exactionis
3364 4606 3641 4670 verbum
3696 4608 3777 4671 de
3834 4610 3980 4673 Deo

875 4742 1160 4806 congrue
1212 4740 1346 4787 non
1401 4722 1662 4802 dicitur,
1717 4740 1838 4785 nec
1891 4723 2153 4803 proprie
2220 4722 2572 4803 accipitur3
2632 4723 2696 4784 et
2751 4721 2819 4783 in
2876 4722 3012 4784 illis
3069 4721 3514 4785 locutionibus
3570 4723 3819 4804 duplex
3878 4728 3983 4789 est

875 4859 1130 4905 sensus,
1172 4840 1242 4905 Si
1282 4839 1458 4903 enirn
1499 4838 1827 4918 intelligas
1870 4858 1884 4899 ε
1927 4839 2075 4900 Non
2121 4839 2339 4919 potest
2378 4838 2587 4901 facere
2634 4838 2761 4901 nisi
2801 4838 2978 4919 quod
3016 4854 3137 4901 sua
3167 4836 3430 4917 Justitia
3469 4838 3695 4919 exigit,
3730 4839 3796 4902 id
3848 4844 3975 4919 est,

875 4957 1004 5021 nisi
1037 4958 1213 5039 quod
1243 4956 1549 5019 voluntas
1585 4973 1706 5018 sua
1727 4955 1910 5035 justa
1947 4955 2124 5036 vult3
2165 4954 2407 5017 falsum
2439 4956 2625 5018 dicis,
2658 4954 2929 5017 Justitia
2954 4954 3133 5017 enim
3169 4954 3317 5035 Dei,
3351 4954 3563 5035 ipsius
3593 4956 3981 5036 aequissima

623 5098 648 5126 ι
697 5098 749 5127 au
781 5044 852 5189 «2¹¹1I
881 5074 1186 5137 voluntas
1234 5072 1594 5153 accipitur3
1635 5071 1916 5152 qualiter
1963 5071 2202 5153 accipit
2250 5071 2686 5152 Augustinus,
2732 5071 2847 5133 illa
2897 5070 3094 5134 verba
3148 5071 3420 5135 Domini
3468 5070 3538 5133 in
3586 5072 3827 5135 Genesi
3878 5072 3983 5135 lo-

791 5178 801 5189 '
837 5178 1143 5271 'quentis
1180 5188 1260 5251 ad
1299 5188 1446 5268 Lot,
1488 5188 1638 5251 Non
1683 5204 1956 5268 possum
1995 5186 2359 5268 quidquam
2398 5187 2606 5250 facere
2641 5188 2849 5250 donec
2886 5186 3001 5249 illo
3040 5188 3349 5267 introeam,
3391 5204 3726 5267 exponens
3767 5206 3783 5248 ε
3824 5187 3982 5251 Non

611 5362 650 5374 ,,
727 5284 848 5323 '¹⁸¹'
877 5324 1073 5388 posse
1110 5304 1378 5388 (inquit)
1417 5322 1488 5367 se
1525 5304 1718 5385 dixit,
1751 5303 1929 5385 quod
1966 5303 2108 5368 sine
2145 5303 2347 5367 dubio
2386 5305 2641 5386 poterat
2676 5321 2793 5386 per
2829 5303 3217 5387 potentiam,
3248 5303 3364 5368 sed
3400 5321 3532 5366 non
3569 5305 3826 5385 poterat
3859 5323 3985 5387 per
