4359 6250
1289 501 1465 547 11111111
1507 503 1527 546 1
1568 501 2050 548 81111111111111111111.
2096 521 2177 530 -
2217 503 2370 548 11181.
2416 504 2590 548 xxxii
3365 477 3486 544 323

464 665 534 728 In
566 667 890 751 principio
927 670 1187 733 demum
1218 670 1413 752 hujus
1451 671 1881 734 distinctionis
1910 672 1961 734 A
1991 671 2414 735 similitudine
2441 691 2456 734 ε
2482 674 2558 736 (18
2589 673 2824 755 quibus
2855 674 2976 737 hoc
3007 673 3144 737 loco
3175 681 3484 756 pertrans-

387 773 609 828 tractat
646 767 941 848 Magister
968 769 1047 831 de
1086 769 1367 832 relativis
1406 789 1519 832 seu
1562 770 1880 832 relationi·
1990 788 2087 846 ec,
2120 771 2428 852 quoniam
2459 791 2671 852 supra,
2705 772 3114 836 distinctione
3143 773 3478 836 nonadeci-
3519 794 3563 835 r·
3585 785 3637 825 ⁹6
3656 784 3753 826 ets

386 865 505 928 bus
535 865 945 948 quibusdam,
979 867 1277 930 videlicet
1310 868 1389 930 de
1421 868 1779 950 aequalitate
1818 876 1881 931 et
1992 888 2117 943 ma,
2163 870 2243 931 (18
2287 869 2444 951 ipsis
2488 877 2821 933 tractatum
2863 877 2976 933 est.

1186 1265 2109 1427 111811Νο110
2223 1315 2677 1425 xxxii

569 1683 649 1746 A.
708 1685 969 1746 Utrum
1014 1684 1245 1746 Pater
1290 1687 1405 1744 vel
1450 1683 1685 1744 Filius
1726 1683 2016 1756 Spiritu
2056 1685 2326 1748 Sancto
2375 1688 2664 1763 diliaat,
2716 1702 2938 1762 quum
2983 1690 3294 1765 diliaere

1434 1801 1630 1861 idem
1676 1800 1820 1860 Deo
1868 1801 1968 1861 sit
2013 1804 2204 1874 quod
2248 1816 2424 1863 esse.

662 2023 745 2086 IC
814 2022 1021 2085 oritur
1075 2021 1354 2102 quaestio
1415 2038 1497 2084 ex
1552 2020 1884 2101 praedictis
1938 2021 2238 2084 deducta.
2297 2023 2565 2086 Dictum
2623 2025 2720 2088 est
2775 2025 2954 2088 enim
3009 2043 3230 2106 supra,
3288 2026 3484 2107 atque
3552 2041 3624 2097 cs.
3658 2042 3702 2084 d·
3703 2045 3762 2086 ιιι.

694 2138 1087 2204 Sanctorum
1130 2135 1631 2200 auctoritatibus
1679 2137 2041 2216 ostensum,
2082 2139 2262 2218 quod
2311 2139 2596 2219 Spiritus
2641 2141 2920 2204 Sanctus
2965 2142 3065 2205 est
3107 2142 3486 2205 communio
3583 2104 3698 2148 '⁵¹¹⁴‘

694 2255 912 2319 Patris
949 2255 1014 2318 et
1052 2254 1229 2332 Filii,
1271 2255 1336 2316 et
1372 2270 1556 2316 amor
1593 2270 1725 2334 quo
1761 2253 1957 2316 Pater
1997 2254 2059 2316 et
2096 2253 2309 2318 Filius
2345 2272 2416 2318 se
2452 2257 2738 2321 invicem
2774 2257 3078 2338 diligunt.
3115 2257 3269 2320 Ideo
3308 2275 3491 2338 quae·-

380 2373 569 2450 ritur,
606 2373 835 2434 utrum
888 2370 1085 2433 Pater
1130 2369 1491 2432 vel-Filius
1540 2385 1657 2449 per
1707 2369 2027 2449 Spiritum
2078 2369 2392 2433 Sanctum
2438 2371 2690 2452 diligat.
2733 2372 2924 2445 Quod
2966 2373 3196 2453 utique
3231 2373 3492 2436 videtur

382 2489 679 2568 oportere
742 2487 875 2549 dici
937 2485 1301 2550 secundum
1366 2484 1787 2548 auctoritates
1850 2502 2047 2566 supra
2104 2487 2377 2566 positaS,
2429 2487 2671 2568 quihus
2727 2488 3116 2569 ostenditur,
3168 2488 3488 2569 Spiritum

380 2605 695 2668 Sanctum
746 2621 889 2666 esse
946 2620 1079 2683 quo
1126 2602 1387 2682 genitus
1441 2617 1480 2662 a
1534 2600 1841 2682 gignente
1886 2601 2197 2682 diligatur
2246 2605 2740 2685 genitoremque
2795 2622 2994 2668 suum
3048 2604 3300 2685 diligat.
3358 2603 3486 2666 Sed

381 2722 666 2800 econtra,
706 2721 765 2782 si
804 2720 999 2782 Pater
1028 2717 1132 2781 vel
1166 2718 1379 2780 Filius
1416 2717 1669 2780 dicatur
1706 2717 1977 2798 diligere
2014 2737 2129 2799 per
2170 2719 2492 2799 Spiritum
2530 2721 2867 2801 Sanctum,
2911 2721 3172 2784 videtur
3200 2737 3343 2784 esse
3371 2737 3487 2801 per

380 2837 703 2918 Spiritum
748 2836 1087 2914 Sanctum,
1120 2835 1277 2915 quia
1313 2851 1445 2896 non
1488 2835 1588 2896 est
1623 2833 1804 2897 aliud
1850 2835 1989 2899 Deo
2033 2852 2200 2914 8888,
2235 2837 2299 2898 81
2344 2835 2524 2898 aliud
2562 2837 2855 2917 diligere,
2896 2837 3012 2900 sed
3049 2837 3287 2900 idem:
3330 2837 3488 2918 quia

378 2955 453 3016 ut
485 2953 583 3016 ait
609 2952 1025 3033 Augustinus
1064 2951 1135 3012 in
1164 2949 1653 3030 quintodecimo
1686 2949 1851 3014 libro
1882 2951 1962 3014 de
1999 2951 2342 3031 Trinitate,
2377 2953 2699 3034 quidquid
2736 2954 3099 3018 secundum
3138 2953 3488 3034 qualitates
3517 2967 3578 3010 Αιι
3551 2967 3678 3023 agn
3651 2966 3782 3010 em-
3911 2951 3916 2958 '

380 3071 447 3134 in
510 3069 629 3133 illa
692 3068 980 3150 simplici
1034 3067 1271 3131 natura
1333 3066 1465 3129 dici
1518 3067 1801 3145 videtur,
1863 3067 2230 3132 secundum
2286 3069 2636 3133 essentiam
2696 3071 2796 3134 est
2849 3069 3374 3152 intelligendum,
3413 3069 3570 3136 ut„
3515 3031 3668 3080 'mm'
3671 3029 3777 3135 θιὼ

380 3189 614 3267 11011118,
664 3203 969 3267 magnus,
1012 3184 1433 3264 immortalis,
1478 3184 1763 3266 sapiens,
1803 3184 2107 3265 diligenS,
2149 3185 2216 3249 et
2259 3186 2667 3267 hujusmodi.
2712 3187 2997 3268 Ideoque
3049 3188 3107 3251 81
3152 3188 3348 3251 Pater
3384 3186 3488 3250 vel

380 3304 591 3367 Filius
656 3302 877 3382 diligit
937 3319 1055 3383 per
1108 3300 1430 3383 Spiritum
1486 3300 1822 3379 Sanctum,
1880 3317 1997 3381 per
2050 3301 2275 3382 ipsum
2338 3302 2661 3384 Spiritum
2725 3320 2869 3367 esse
2918 3304 3224 3385 videtur3
3275 3320 3488 3384 neque

385 3421 641 3484 tantum
688 3418 973 3483 essentia
1018 3435 1141 3482 sua
1185 3416 1423 3497 diligit,
1475 3418 1591 3480 sed
1638 3417 1837 3481 etiam
1883 3417 2079 3481 dono.

667 3670 746 3735 Β.
797 3673 967 3736 Haec
1012 3671 1313 3747 quaestio
1362 3673 1521 3733 imo
1529 3672 1778 3734 labilis
1822 3673 1954 3745 est,
2005 3674 2414 3736 humanum
2459 3688 2826 3747 superans
2869 3689 3189 3749 sensum,

1196 3791 1277 3852 in
1322 3803 1466 3864 qua
1516 3789 2004 3852 auctoritates
2047 3792 2194 3853 sibi
2238 3793 2662 3855 occurrunt.

520 4014 701 4077 Huic
764 4011 1139 4093 quaestioni,
1201 4027 1409 4089 quum
1473 4010 1888 4074 altitudinem
1936 4011 2159 4075 nimiae
2213 4011 2680 4093 profunditatis
2735 4012 3085 4093 contineat,
3143 4013 3213 4076 id
3264 4014 3483 4079 solum

382 4131 859 4214 respondemus
910 4126 1087 4208 quod
1124 4126 1538 4207 Augustinus
1586 4126 1951 4206 significare
1990 4126 2270 4205 videtur,
2312 4126 2559 4191 scilicet
2607 4128 2784 4207 quod
2820 4128 3013 4193 Pater
3048 4131 3114 4191 et
3156 4128 3368 4192 Filius
3413 4148 3484 4194 se

379 4248 658 4329 diligant
694 4247 760 4309 et
795 4244 1116 4307 unitatem
1158 4243 1442 4322 servent,
1482 4259 1616 4305 non
1657 4242 1875 4304 solum
1914 4242 2199 4305 essentia
2239 4259 2381 4322 sua,
2421 4245 2537 4307 sed
2574 4262 2695 4307 suo
2734 4245 2905 4308 dono
2942 4246 3264 4326 proprio:
3307 4246 3486 4327 quod

376 4364 533 4428 licet
568 4379 771 4444 supra
807 4360 1100 4442 positum
1142 4359 1253 4439 sit,
1293 4358 1528 4421 iterare
1576 4358 1796 4421 tamen
1842 4374 1971 4419 non
2019 4357 2223 4438 piget,
2265 4358 2421 4437 quia
2458 4360 2554 4420 sic
2601 4360 2886 4438 expedit.
2919 4360 3034 4423 Ait
3068 4377 3220 4441 ergo
3259 4362 3488 4442 Augu·
3541 4370 3614 4427 Gr·
3633 4370 3778 4413 dis-1²

378 4482 595 4545 stinus
623 4479 693 4541 in
731 4476 919 4541 sexto
959 4474 1125 4538 libro
1161 4477 1243 4539 de
1270 4474 1587 4537 Trinitate
1624 4474 1772 4537 ita:
1814 4473 2238 4537 Manifestum
2279 4475 2378 4537 881
2406 4474 2583 4555 quod
2617 4491 2754 4537 non
2790 4475 3028 4556 aliquis
3065 4477 3349 4542 duorum
3387 4481 3487 4542 est
3514 4432 3631 4539 'iffi
3643 4495 3752 4539 nav
3725 4508 3778 4547 vr,

378 4614 513 4678 quo
550 4596 829 4675 uterque
866 4592 1309 4674 conjungitur,
1343 4608 1474 4672 quo
1512 4592 1775 4672 genitus
1813 4609 1852 4654 a
1888 4591 2192 4672 gignente
2230 4590 2542 4671 diligatur
2577 4591 3068 4673 genitoremque
3105 4612 3299 4658 suum
3339 4594 3488 4658 dili·
3511 4560 3620 4602 '¹''⁷

376 4712 522 4799 gat,
545 4710 811 4790 sintque
838 4725 973 4771 non
1004 4707 1502 4789 participatione
1540 4707 1656 4770 sed
1696 4707 1979 4770 essentia
2014 4724 2158 4786 sua,
2191 4723 2404 4786 neque
2447 4706 2618 4769 dono
2659 4707 3018 4788 superioris
3053 4708 3334 4790 alicujus
3368 4710 3485 4773 sed

378 4844 501 4891 suo
532 4825 825 4908 propriO,
858 4824 1193 4887 servantes
1229 4823 1552 4886 unitatem
1581 4823 1783 4904 pacis.
1818 4824 1982 4885 Ecce
2020 4822 2129 4886 hic
2161 4822 2345 4902 dicit,
2379 4822 2557 4903 quod
2587 4822 2871 4886 essentia
2907 4840 3027 4886 sua
3063 4825 3127 4887 et
3156 4824 3326 4888 dono
3361 4842 3482 4889 suo

378 4942 647 5008 servant
672 4940 1019 5003 unitatem.
1056 4939 1238 5002 Idem
1268 4940 1336 5001 in
1377 4939 1867 5021 quintodecimo
1896 4938 2063 5001 libro
2093 4938 2173 5002 de
2205 4938 2522 5001 Trinitate
2561 4938 2654 5001 ait
2683 4959 2696 4999 :
2733 4938 2812 5000 In
2840 4937 2955 5000 illa
2981 4938 3297 5002 Trinitate
3333 4939 3484 5020 quis
3555 4958 3661 5001 ibid.
3689 4957 3768 5001 nb.

378 5058 620 5123 audeat
666 5056 905 5136 dicere,
946 5055 1210 5118 Patrem
1258 5072 1377 5119 nec
1424 5074 1495 5119 se
1543 5074 1663 5120 nec
1711 5056 1960 5118 Filium
1997 5072 2116 5118 nec
2161 5054 2485 5135 Spiritum
2523 5054 2836 5118 Sanctum
2883 5054 3154 5134 diligere
3204 5054 3334 5117 nisi
3369 5074 3486 5137 per
3512 5034 3647 5071 mu.
3673 5024 3740 5065 ¹²⁸

378 5175 710 5258 Spiritum
750 5172 1063 5237 Sanctum
1084 5172 1115 5233 ‘2
1152 5172 1279 5235 Hic
1316 5174 1537 5254 aperte
1577 5173 1885 5253 ostendit,
1920 5172 2184 5235 Patrem
2211 5188 2341 5235 non
2377 5172 2632 5234 tantum
2669 5188 2786 5251 per
2815 5170 3134 5252 Spiritum
3172 5171 3484 5234 Sanctum

384 5291 711 5375 diligere3
762 5304 897 5352 non
946 5288 1168 5354 autem
1210 5289 1599 5371 simpliciter
1648 5288 1831 5368 dicit,
1862 5288 2127 5353 Patrem
2161 5304 2295 5352 non
2333 5286 2602 5367 diligere
2637 5303 2755 5369 per
2790 5286 3112 5369 Spiritum
3149 5286 3482 5351 Sanctum.
