4359 6250
834 464 915 528 82
1453 479 1518 526 m
1559 478 1780 524 uarum
1823 476 1843 522 1
1887 472 2369 521 snm-ammaum.
2414 489 2497 498 —
2538 471 2689 515 msr.
2736 469 2928 529 xv1113
2972 469 3195 524 oufflsr.
3243 467 3311 513 ιιι

837 654 920 716 εἰῖ
951 653 1144 714 Filius
1185 659 1418 724 noster,
1449 657 1640 730 atque
1679 649 1756 709 de
1797 645 2036 728 Spiritu
2076 645 2325 715 Sanct0,
2362 642 2411 702 Α
2440 639 2832 703 voluntatem
2878 638 3076 700 Patris
3122 637 3270 709 mei,
3306 636 3441 717 ipse
3488 654 3669 696 meus
3712 634 3931 706 frater,

837 752 1007 833 quod
1038 751 1121 812 sit
1151 749 1424 831 Spiritus
1455 748 1720 810 Sanctus
1757 752 1970 807 noster
1997 750 2060 804 et
2091 742 2329 803 donum
2442 755 2617 799 soror
2655 745 2718 798 et
2758 743 2959 797 mater
2988 742 3084 796 est
3118 753 3131 796 ε
3168 735 3221 796 si
3260 751 3410 814 ergo
3452 733 3559 795 illc
3596 739 3692 794 est
3736 740 3938 792 mater

839 856 1126 910 nostrum
1169 865 1242 909 ac
1284 863 1463 908 amor
1501 852 1736 906 noster.
2444 836 2583 897 Filii
2631 835 2765 907 Dei,
2798 851 2947 915 ergo
2992 833 3185 895 Filius
3226 832 3336 895 Dei
3376 840 3470 894 est
3517 831 3693 892 filius
3735 831 3933 891 illius.

919 948 986 1008 In
1036 945 1403 1027 oppositum
1455 950 1551 1005 est
1607 941 1948 1004 auctoritas
1994 935 2331 1018 Augustini
2442 934 2817 1006 Dicendum,
2851 932 3020 1013 quod
3063 930 3254 993 verba
3297 931 3407 992 illa
3444 936 3593 992 sunt
3631 947 3781 990 vera
3814 927 3941 990 sub

837 1045 902 1107 in
947 1044 1177 1117 littera,
1227 1041 1451 1104 saltem
1495 1048 1805 1121 quantum
1847 1038 1926 1100 ad
1969 1037 2200 1118 aliqua.
2442 1030 2991 1103 determinatione,
3024 1036 3087 1091 et
3130 1036 3439 1110 quantum
3480 1028 3559 1089 ad
3602 1028 3721 1089 hoc
3766 1026 3937 1108 quod

2444 1129 2813 1211 hujusmodi
2862 1129 3054 1190 homo
3095 1127 3312 1190 obedit
3355 1127 3503 1198 Deo,
3536 1125 3656 1187 hoc
3698 1133 3797 1187 est
3841 1143 3941 1186 se-

916 1240 1008 1303 Ad
1068 1240 1188 1302 hoc
1249 1239 1589 1319 respondet
1643 1236 1938 1300 Albertus
1991 1251 2004 1296 :
2057 1235 2335 1307 Quatuor
2445 1228 2727 1290 cundum
2777 1226 2931 1308 quid
2982 1233 3046 1287 et
3094 1226 3301 1306 quoad
3353 1225 3634 1306 aliquam
3687 1221 3945 1304 partici-

839 1338 1182 1418 exiguntur
1219 1337 1299 1398 ad
1343 1337 1463 1398 hoc
1506 1335 1674 1417 quod
1721 1333 1917 1396 dictio
1960 1331 2335 1412 significans

838 1436 904 1496 in
953 1435 1191 1497 divinis
1240 1434 1525 1496 divinam
1573 1432 1915 1494 essentiam
1965 1430 2065 1492 vel
2127 1445 2338 1509 perso·

838 1552 1009 1605 nam,
1044 1533 1245 1614 possit
1276 1531 1560 1612 recipere
1596 1529 1985 1592 additionem
2019 1525 2336 1608 pronomi-

841 1651 996 1693 num
1029 1630 1279 1703 horum,
1315 1636 1547 1701 noster,
1583 1647 1783 1700 meuS,
1820 1635 1988 1698 tuus,
2020 1632 2128 1686 aut
2157 1643 2330 1685 suuS.
2446 1620 2685 1682 tionem
2736 1627 3038 1681 aeternam
3082 1637 3207 1699 qua
3254 1618 3527 1679 refertur
3568 1618 3645 1678 ad
3694 1617 3943 1679 Patrem

839 1729 1121 1791 Primum
1161 1735 1278 1797 est,
1313 1727 1482 1808 quod
1522 1725 1846 1806 significet
1886 1743 1998 1786 seu
2039 1729 2336 1784 connotet
2447 1725 2510 1780 et
2543 1718 2791 1779 Filium.
2827 1717 3125 1791 Quamvis
3165 1716 3356 1778 etiam
3397 1715 3591 1778 Filius
3631 1716 3813 1778 datus
3842 1721 3947 1776 est
4004 1730 4085 1773 ιε.
4113 1745 4179 1782 ιιι,
4208 1734 4251 1771 ε.

840 1825 1145 1889 effectum
1179 1825 1243 1887 in
1275 1833 1597 1903 creatura3
1631 1823 1982 1886 secundum
2013 1829 2130 1894 est,
2165 1819 2335 1900 quod
2373 1815 2420 1878 B
2450 1817 2657 1890 nobis,
2680 1834 2807 1879 non
2836 1823 3049 1877 tamen
3080 1822 3174 1876 est
3203 1815 3443 1876 donum
3474 1822 3795 1892 nos'trum3
3828 1813 3943 1875 sed

841 1924 1166 2005 significet
1222 1923 1663 1985 habitudinem
1721 1920 1964 2001 agentis
2023 1918 2101 1980 ad
2153 1917 2336 1978 illum
2450 1922 2655 1996 potest
2693 1915 2821 1977 dici
2860 1914 3080 1976 datum
3118 1921 3430 1986 nostrum,
3464 1912 3527 1974 id
3564 1920 3660 1975 est
3698 1912 3945 1974 bonum

843 2022 1187 2099 effectum3
1220 2021 1501 2094 tertium,
1536 2019 1705 2102 quod
1735 2036 1862 2081 non
1893 2015 2218 2098 significet
2248 2033 2339 2077 re·
2450 2013 2635 2076 nobis
2665 2012 2986 2076 collatum.
3006 2012 3143 2074 Non
3173 2018 3386 2073 autem
3417 2012 3600 2073 datus
3626 2007 3727 2073 'est
3754 2009 3948 2072 nobis

844 2121 1143 2183 lationem
1194 2119 1692 2200 distinguentem
1739 2117 1804 2178 in
1848 2115 2124 2192 divinis3
2157 2133 2341 2195 quar-
2452 2111 2517 2173 in
2558 2111 2793 2184 filium,
2828 2111 2937 2173 sed
2981 2110 3046 2171 in
3086 2111 3485 2183 salvatorem,
3520 2109 3952 2190 legislatorem

843 2225 1004 2293 tum,
1038 2217 1207 2299 quod
1239 2234 1363 2278 non
1394 2215 1718 2296 significet
1747 2213 2188 2276 habitudinem
2220 2211 2342 2274 for-
2450 2216 2513 2271 et
2545 2209 2918 2289 magistrum
2955 2226 2967 2269 ε
3006 2208 3147 2270 ideo
3180 2207 3307 2269 dici
3345 2214 3550 2288 potest
3589 2214 3804 2269 noster
3831 2207 3957 2270 sal-

845 2334 964 2379 mae
995 2335 1072 2378 ex
1101 2314 1566 2396 comparatione
1596 2314 1672 2374 ad
1708 2312 1770 2374 id
1801 2311 1900 2373 cui
1932 2312 2095 2373 inest
2123 2309 2336 2372 forma.
2453 2314 2649 2382 vator,
2709 2307 3049 2387 legislator,
3102 2305 3403 2386 magister
3459 2313 3521 2367 et
3576 2305 3815 2367 doctor.
3868 2341 3957 2350 —

846 2413 1088 2476 ldcirco
1136 2430 1263 2475 non
1313 2412 1609 2484 dicimus,
1656 2410 1864 2472 Deitas
1917 2417 2150 2480 nostra,
2199 2425 2338 2480 nec,
2454 2406 2574 2467 Sed
2604 2413 2666 2467 et
2697 2405 2971 2486 Spiritus
3003 2405 3267 2467 Sanctus
3298 2412 3360 2465 et
3390 2403 3693 2485 quaelibet
3731 2403 3957 2465 divina

845 2511 1072 2573 Divina
1100 2510 1376 2573 essentia
1410 2517 1623 2571 nostra
1652 2525 1666 2570 :
1698 2508 2000 2589 quoniam
2032 2505 2345 2568 deficiunt
2456 2521 2744 2585 persona,
2780 2510 2987 2585 potest
3016 2503 3143 2564 dici
3181 2520 3360 2564 amor
3388 2510 3601 2564 noster
3630 2501 3953 2582 objective

845 2609 938 2670 ibi
964 2609 1261 2691 primum,
1282 2607 1634 2670 secundum
1661 2615 1724 2667 et
1748 2613 2058 2686 quartum.
2083 2604 2158 2665 Et
2184 2623 2348 2684 quae-
2454 2608 2645 2682 atque
2686 2601 3041 2672 causaliter,
3076 2619 3201 2662 non
3244 2599 3594 2662 formaliter
3612 2617 3629 2678 3
3661 2618 3779 2662 nec
3814 2599 3951 2681 Spi-

847 2707 994 2768 dam
1043 2707 1168 2769 alia
1214 2705 1527 2768 deficiunt
1577 2705 1641 2765 in
1690 2704 1855 2776 aliis,
1895 2711 1964 2764 ut
2015 2702 2203 2763 l'acile
2250 2707 2346 2762 est
2458 2700 2616 2761 ritus
2666 2700 2932 2762 Sanctus
2974 2706 3069 2761 est
3110 2717 3289 2762 amor
3331 2705 3544 2760 noster
3594 2699 3949 2760 secundum

847 2823 1133 2885 pensare.
1176 2839 1256 2848 —
1298 2803 1458 2864 Hinc
1507 2803 1718 2863 dicere
1770 2818 2131 2881 possumuS,
2179 2799 2344 2860 Deus
2456 2800 2624 2881 quod
2674 2816 2852 2860 amor
2894 2797 3169 2860 sumitur
3214 2815 3328 2878 pro
3372 2797 3631 2878 proprio
3674 2797 3951 2879 Spiritus

849 2911 1063 2968 noster
1097 2920 1110 2964 ε
1145 2902 1297 2984 quia
1339 2901 1458 2962 hoc
1503 2916 1759 2972 nomen,
1803 2900 1991 2972 DeuS,
2024 2897 2347 2978 significat
2458 2897 2692 2968 Sancti,
2726 2897 2846 2958 hoc
2894 2904 2991 2958 est
3041 2913 3155 2977 pro
3197 2912 3411 2957 amore
3454 2897 3715 2977 spirato,
3747 2903 3813 2956 et
3858 2895 3952 2957 in-

849 3001 1157 3065 Deitatem
1208 3007 1277 3060 ut
1327 2999 1391 3059 in
1441 2997 1751 3075 habente3
1793 2996 2146 3078 imponitur
2195 3013 2348 3078 quo·
2384 2993 2426 3055 C
2458 2995 2661 3058 cludit
2689 2995 3062 3057 relationem
3103 3002 3421 3056 aeternam.
3458 2994 3599 3056 Haec
3631 2993 3945 3056 AlbertuS.

850 3118 976 3184 que
1020 3098 1100 3161 ab
1147 3097 1396 3159 actibus
1439 3094 1822 3178 quibusdam
1866 3093 2347 3175 designantibus
2540 3094 2627 3156 Ex
2670 3093 2906 3176 quibus
2949 3099 3121 3175 patet
3160 3093 3239 3155 ad
3282 3092 3531 3173 objecta
3573 3091 3824 3156 solutio.

849 3197 1157 3263 effectum
1192 3196 1258 3257 in
1294 3201 1580 3257 creatura
1615 3211 1628 3255 :
1664 3194 1776 3275 qui
1809 3180 1992 3255 actus
2031 3201 2179 3255 sunt
2210 3210 2350 3274 pro-

2446 1324 2790 1407 pationem,
2823 1342 2949 1386 non
2985 1331 3199 1386 autem
3237 1323 3634 1404 simpliciter.
3670 1357 3751 1366 —
3778 1321 3943 1383 Hinc

2446 1440 2700 1505 quoque
2744 1422 3018 1504 Spiritus
3064 1422 3330 1483 Sanctus
3376 1439 3501 1483 non
3552 1420 3787 1482 dicitur
3832 1419 3945 1480 do-

2446 1542 2601 1584 num
2634 1529 2945 1594 nostrum,
2980 1520 3279 1601 quoniam
3322 1520 3559 1582 donum
3596 1519 3754 1581 dicit
3783 1517 3943 1579 rela-

589 5222 840 5271 Manlum,

577 5288 643 5327 50.

851 3297 1091 3369 videre,
1125 3294 1500 3375 gubernare,
1534 3298 1598 3353 et
1628 3311 1766 3354 esse
1798 3291 2156 3354 colendum.
2194 3291 2349 3353 Con-

853 3393 1144 3458 formiter
1173 3392 1384 3455 dicere
1425 3409 1786 3472 possumus,
1822 3390 1988 3452 Deus
2027 3390 2205 3452 Pater
2240 3406 2350 3452 no-

855 3502 983 3556 ster
1018 3511 1031 3555 :
1066 3492 1218 3574 quia
1255 3509 1457 3573 quum
1497 3488 1771 3550 dicimus
1810 3489 1988 3550 Pater
2027 3497 2243 3551 noster
2271 3487 2349 3549 de

857 3593 1006 3664 Deo,
1041 3590 1316 3653 sumitur
1355 3587 1514 3650 ratio
1556 3586 1952 3668 paternitatis
1990 3585 2070 3647 ab
2109 3585 2348 3647 effectu

857 3690 1060 3772 ipsius
1107 3689 1171 3750 in
1215 3687 1421 3760 nobiS,
1455 3685 1753 3748 videlicet
1795 3704 1831 3746 a
1876 3684 2193 3746 creatione
2238 3702 2350 3745 seu

857 3787 1264 3851 recreatione.
1301 3786 1448 3847 Ideo
1475 3783 1749 3846 Trinitas
1789 3790 1918 3845 tota
1947 3790 2010 3843 et
2049 3781 2352 3863 quaelibet

856 3887 1074 3949 divina
1127 3902 1395 3967 persona
1442 3890 1536 3945 est
1596 3890 1772 3964 pater
1820 3890 2054 3955 noster,
2109 3888 2353 3943 creator

859 3993 1091 4058 noster,
1145 3991 1263 4046 etc.
1316 4017 1397 4027 -—
1443 3982 1708 4061 Insuper
1758 3979 2031 4060 Spiritus
2086 3980 2351 4041 Sanctus

859 4090 1066 4165 potest
1114 4080 1240 4142 dici
1294 4080 1560 4161 spiritus
1619 4086 1832 4139 noster
1885 4095 1898 4137 ε
1953 4077 2104 4158 quia
2151 4096 2353 4157 quum

2538 3194 2742 3274 Super
2792 3193 2911 3253 hac
2960 3191 3310 3273 quaestione
3368 3191 3592 3254 scribit
3639 3192 3746 3253 hic
3795 3192 3955 3255 Tho-

2460 3310 2594 3353 mas
2628 3308 2641 3351 :
2677 3290 2842 3352 Deus
2873 3307 2999 3351 non
3038 3296 3247 3371 potest
3275 3289 3508 3351 habere
3545 3289 3831 3371 aliquam
3858 3308 3954 3352 re-

2459 3389 2759 3451 lationem
2789 3388 2867 3449 ad
2898 3405 3034 3461 nOS,
3054 3387 3180 3450 nisi
3213 3406 3325 3469 per
3355 3387 3614 3450 modum
3647 3387 3953 3469 principii

2459 3507 2572 3550 seu
2612 3506 2833 3549 causae.
2871 3487 3205 3567 Quumque
3246 3492 3518 3567 quatuor
3554 3486 3682 3547 sint
3720 3505 3949 3559 causae,

2462 3586 2597 3667 ipse
2642 3602 2767 3647 non
2814 3592 2909 3646 est
2953 3602 3141 3645 causa
3182 3591 3396 3645 nostra
3442 3582 3807 3655 materialis,
3840 3584 3951 3646 sed

2460 3683 2775 3755 efficienS,
2821 3681 3056 3753 sinali5‚
3099 3689 3162 3742 et
3209 3681 3611 3763 exemplaris,
3656 3701 3783 3744 non
3831 3682 3957 3745 for-

2464 3782 2647 3844 malis
2688 3781 3021 3843 inhaerenS.
3057 3780 3283 3842 Omnia
3320 3798 3469 3861 ergo
3508 3780 3768 3843 nomina
3796 3781 3958 3843 divi-

2463 3899 2543 3942 na
2575 3899 2716 3961 quae
2759 3879 3104 3959 important
3143 3878 3452 3941 rationem
3493 3879 3797 3961 principii
3840 3898 3957 3961 per

2464 3979 2724 4040 modum
2764 3975 3108 4039 efficientis
3147 3985 3256 4038 aut
3294 3976 3469 4050 finis,
3505 3977 3823 4058 recipiunt
3852 3977 3959 4039 ad-

2464 4076 2772 4139 ditionem
2806 4076 3257 4156 praedietorum
3288 4075 3761 4155 pronominum.
3796 4075 3955 4138 Nam

860 4181 1096 4243 dicitur
1149 4177 1413 4259 spiritus
1476 4183 1711 4250 noster,
1774 4181 2026 4238 notatur
2083 4174 2353 4236 effectus
2384 4178 2433 4239 D
2464 4175 2762 4247 dicimus,
2804 4180 3048 4235 creator
3091 4180 3323 4247 noster,
3359 4172 3596 4235 bonum
3643 4181 3953 4237 nostrum.

861 4275 1352 4359 spiritualitatis,
1411 4274 1654 4336 ratione
1715 4273 1899 4353 cujus
1957 4273 2193 4335 dicitur
2249 4290 2355 4334 no—

863 4384 1010 4439 ster.
1047 4375 1167 4437 Sed
1199 4373 1324 4435 dici
1357 4391 1484 4435 non
1516 4379 1744 4454 potest,
1779 4372 2052 4452 Spiritus
2088 4371 2355 4433 Sanctus

863 4482 1079 4538 noster
1121 4491 1135 4535 :
1179 4471 1481 4554 quoniam
1532 4470 1939 4551 complexum
1983 4470 2122 4542 hoc,
2167 4467 2359 4549 Spiri-

864 4581 967 4635 tus
1027 4572 1314 4643 SanctuS,
1376 4576 1472 4631 est
1533 4566 2017 4629 circumlocutio
2074 4566 2356 4628 nominis

864 4678 1114 4735 aeternae
1163 4684 1490 4751 personae3
1540 4674 1602 4727 et
1651 4672 1904 4727 notatur
1958 4664 2357 4744 distinguens

866 4768 1108 4842 relatio,
1143 4765 1496 4829 secundum
1546 4782 1736 4844 quam
1789 4780 1912 4825 non
1963 4763 2237 4824 refertur
2280 4764 2357 4825 ad

867 4887 999 4932 nos.
1043 4867 1188 4929 Ideo
1235 4864 1427 4927 etiam
1479 4862 1606 4924 dici
1653 4879 1780 4923 non
1825 4868 2031 4942 potest
2074 4861 2150 4923 de
2202 4862 2360 4924 Filio

869 4966 978 5030 Dei
1011 4964 1178 5047 quod
1220 4963 1302 5025 sit
1334 4961 1530 5023 Filius
1571 4967 1805 5032 noster,
1840 4960 2141 5041 quoniam
2184 4959 2360 5021 filius

869 5072 1042 5127 notat
1084 5062 1456 5124 relationem
1507 5058 1794 5137 originis,
1836 5077 1961 5137 qua
2007 5076 2133 5119 non
2184 5065 2279 5119 est
2326 5077 2362 5118 a

870 5162 1054 5225 nobis
1105 5179 1220 5221 nec
1269 5165 1501 5220 noster.
1553 5155 1626 5217 Et
1675 5155 1727 5216 si
1778 5154 2139 5234 objiciatur,
2193 5155 2359 5236 quod

875 5262 1007 5341 ipse
1051 5260 1115 5319 in
1159 5256 1497 5335 Evangelio
1543 5260 1944 5335 protestatur,
1979 5252 2094 5325 Qui
2141 5252 2361 5314 fecerit.

2464 4276 2611 4348 Quae
2658 4281 2870 4335 autem
2921 4272 3222 4333 dicuntur
3266 4290 3379 4352 per
3427 4273 3685 4334 modum
3736 4272 3959 4337 formae

2467 4368 2856 4441 inhaerentiS,
2890 4385 3017 4430 non
3056 4368 3400 4430 admittunt
3438 4368 3805 4447 hujusmodi
3849 4370 3958 4432 ad—

2466 4466 2793 4529 ditionem.
2828 4465 2965 4528 Non
2996 4465 3169 4527 enim
3199 4465 3325 4528 dici
3358 4473 3564 4546 potest
3590 4466 3761 4547 quod
3791 4467 3959 4530 Deus

2466 4566 2552 4629 sit
2596 4564 2871 4627 essentia
2915 4571 3025 4626 aut
3071 4563 3319 4626 bonitas
3367 4571 3581 4627 nostra
3632 4582 3646 4626 ε
3698 4573 3763 4626 θῖ
3809 4565 3961 4628 'talia

2468 4671 2618 4729 sunt
2643 4663 2860 4726 omnia
2887 4662 3105 4724 divina
3142 4681 3283 4743 quae
3314 4662 3380 4723 in
3419 4662 3735 4726 abstracto
3768 4663 3964 4745 signi·

2469 4764 2761 4825 ficantur.
2796 4762 3247 4823 Verumtamen
3298 4760 3363 4822 in
3412 4760 3513 4823 his
3561 4762 3965 4825 consideran-

2470 4863 2587 4923 dus
2616 4868 2711 4923 est
2740 4860 2894 4923 ordo
2930 4876 2943 4920 τ
2971 4858 3273 4941 quoniam
3305 4860 3593 4940 quaedam
3622 4859 3965 4924 abstracto-

2472 4980 2613 5021 rum
2648 4959 2913 5021 istorum
2949 4958 3291 5039 important
3323 4958 3628 5020 rationem
3659 4960 3964 5042 principii

2472 5056 2816 5119 efficientis
2848 5063 2909 5117 et
2950 5055 3351 5135 exemplariS,
3387 5063 3455 5116 ut
3494 5057 3823 5137 sapientia,
3858 5057 3969 5121 bo-

2474 5155 2660 5224 nitaS,
2692 5163 2882 5235 atque
2935 5153 3340 5233 hujusmodi3
3373 5162 3435 5214 et
3486 5154 3549 5215 in
3603 5155 3700 5215 his
3750 5155 3824 5216 l'it
3872 5156 3967 5218 in-

2478 5252 2725 5313 terdum
2788 5250 3236 5333 pronominum
3295 5251 3522 5313 horum
3580 5252 3840 5325 additio,
3894 5264 3963 5319 ut
