4359 6250
175 5270 374 5313 lma.

145 5337 226 5378 a.

1369 503 1454 549 AN
1497 503 1753 550 CARITAS
1793 501 1996 548 Posslr
2037 502 2265 548 AUGERI
2306 504 2368 549 IN
2411 503 2723 549 [NFINJTUM

3514 481 3593 546 53

493 673 579 735 tis
625 681 1044 754 augmentum
1101 692 1214 755 per
1263 673 1404 753 ejus
1453 672 1832 754 profectum,
1887 671 1990 733 ha·
2019 669 2070 731 A
2105 677 2207 732 tus
2255 671 2313 733 ei
2359 672 2441 734 sit
2490 672 2784 755 Spiritus,
2829 673 3088 754 Propter
3130 672 3297 760 quod
3345 670 3597 752 quinto-

493 773 604 834 bet
631 771 836 834 finem
868 773 934 834 in
967 771 1256 835 rationali
1287 779 1594 844 creatura,
1629 790 1745 833 nec
1785 777 1990 851 potest

491 871 566 933 in
597 869 930 933 infinitum
969 889 1350 933 excrescere.
1386 870 1696 932 Limitatae
1737 887 1990 950 quoque

493 969 876 1051 perfectioni
906 969 1148 1052 speciei
1189 977 1499 1052 repugnat
1537 968 1822 1030 infinitas
1855 985 1991 1049 per-

489 1068 937 1131 fectionalium
987 1069 1298 1149 graduum
1353 1066 1518 1130 infra
1570 1066 1804 1129 limites
1854 1085 1992 1148 spe-

491 1167 623 1230 ciei
661 1167 970 1248 ejusdem.
1008 1165 1451 1248 Multiplicatio
1489 1173 1703 1228 autem
1747 1182 1994 1226 succes-

489 1265 638 1327 siva
700 1284 777 1328 ex
840 1273 1019 1346 parte
1078 1263 1449 1345 quantitatis
1512 1283 1623 1326 seu
1691 1261 1988 1335 materiae,

491 1383 631 1426 non
699 1363 1031 1425 includens
1095 1362 1552 1444 perfectionem
1614 1360 1993 1442 simpliciter

493 1463 761 1536 dictam,
805 1479 934 1524 non
977 1469 1287 1543 repugnat
1338 1460 1700 1523 limitationi
1752 1467 1992 1522 natura)

491 1560 840 1643 specificae.
949 1577 954 1580 ·
1595 1577 1602 1582 ·

583 1659 756 1732 Quod
809 1659 1070 1721 demum
1113 1657 1418 1739 objicitur
1468 1658 1546 1720 de
1599 1656 1855 1719 infinita
1905 1655 1993 1718 di-

491 1758 732 1820 stantia
778 1757 890 1819 Dei
949 1775 1062 1818 seu
1113 1755 1323 1818 ultimi
1379 1755 1529 1818 finis
1577 1755 1908 1836 objectalis
1956 1774 1993 1816 a

2103 770 2353 832 decimo
2411 771 2489 833 de
2536 771 2839 833 Trinitate
2898 771 3122 833 asserit
3179 768 3592 851 Augustinus,

2104 869 2276 950 quod
2312 869 2392 931 ab
2435 869 2617 933 initio
2656 889 2785 933 suae
2824 869 3257 951 conceptionis
3300 869 3457 930 adeo
3494 885 3598 928 ex-

2104 966 2267 1028 stitit
2293 967 2494 1048 gratia
2524 969 2769 1049 plenuS,
2788 969 2955 1050 quod
2988 967 3152 1029 ultra
3182 967 3247 1029 in
3278 984 3355 1029 eo
3384 965 3595 1046 augeri

2105 1065 2413 1147 nequivit.
2447 1101 2528 1111 —
2555 1066 2858 1128 Praeterea
2904 1065 3383 1138 advertendum,
3426 1063 3596 1144 quod

2103 1163 2321 1243 augeri
2366 1163 2608 1245 aliquid
2658 1165 2725 1225 in
2775 1164 3131 1238 infinitum,
3174 1162 3443 1244 intelligi
3492 1179 3597 1243 po-

2105 1269 2227 1324 test
2266 1261 2627 1344 dupliciter.
2661 1263 2891 1336 Prim0,
2926 1272 2996 1325 ut
3037 1261 3245 1324 omnis
3285 1260 3596 1324 terminus

2105 1360 2352 1442 positus
2401 1361 2741 1424 excedatur
2784 1380 2797 1424 :
2842 1361 3063 1444 sicque
3104 1360 3361 1443 proprie
3404 1358 3599 1422 sumi-

2105 1467 2210 1521 tur
2259 1459 2475 1540 augeri
2528 1459 2593 1521 in
2646 1459 2997 1533 infinitum,
3029 1459 3334 1541 quoniam
3384 1456 3599 1520 infini-

2105 1566 2243 1619 tum
2288 1566 2385 1620 est
2429 1558 2613 1639 cujus
2654 1567 2897 1640 partem
2936 1556 3401 1639 accipientibus
3438 1575 3602 1618 sem-

2109 1675 2222 1739 per
2268 1664 2364 1718 est
2412 1657 2586 1719 aliud
2634 1665 2810 1719 extra
2856 1657 3168 1739 accipere,
3202 1663 3272 1716 ut
3319 1655 3385 1717 in
3434 1653 3599 1717 libro

2108 1754 2519 1837 physicorum
2549 1755 2637 1816 ait
2666 1755 3104 1836 Philosophus
3138 1754 3215 1815 Et
3248 1752 3341 1814 sic
3372 1751 3598 1814 caritas

490 1873 906 1938 quocumque
943 1854 1232 1938 profectu
1271 1862 1737 1936 augmentoque
1778 1854 1996 1916 carita·
2031 1852 2078 1914 B
2110 1869 2237 1914 non
2277 1860 2485 1935 potest
2524 1852 2589 1914 in
2629 1853 2843 1934 aliquo
2883 1853 2948 1914 in
2989 1851 3317 1914 infinitum
3357 1850 3596 1930 augeri,

489 1956 606 2026 tis,
621 1953 895 2017 faciliter
923 1953 1209 2016 solvitur.
1230 1953 1441 2015 Primo
1468 1953 1704 2015 etenim
1733 1953 1859 2014 dici
1893 1969 1996 2034 po-

487 2061 643 2126 test,
677 2053 846 2134 quod
886 2052 1062 2114 nulla
1091 2058 1299 2114 creata
1339 2069 1518 2113 mens
1549 2059 1755 2133 potest
1791 2051 1995 2112 Deum

489 2153 810 2232 attingere
868 2151 1056 2232 plene
1112 2158 1178 2213 et
1235 2168 1349 2232 per
1403 2149 1852 2232 aequali‘tatem,
1910 2150 1997 2210 ita

491 2260 569 2312 ut
611 2249 1082 2330 contempletur
1117 2256 1180 2310 et
1224 2247 1447 2329 diligat
1489 2266 1639 2310 eum
1684 2254 1992 2328 quantum

489 2369 576 2412 ex
607 2368 723 2411 sua
758 2357 986 2410 natura
1024 2345 1537 2429 contemplabilis
1573 2345 1994 2428 amabilisque

494 2447 795 2510 consistit
827 2465 841 2508 :
879 2446 1008 2509 imo
1046 2463 1299 2528 semper
1331 2447 1396 2507 in
1437 2445 1770 2508 infinitum
1802 2445 1994 2507 etiam

493 2549 564 2610 in
616 2547 820 2629 patria
869 2545 1014 2608 inde
1064 2545 1407 2608 occumbit..
1437 2531 1773 2619 Secundo,
1826 2545 1994 2626 quod

492 2667 614 2730 per
654 2645 1012 2728 quemlibet
1055 2644 1334 2707 caritatis
1383 2653 1628 2707 motum
1670 2645 1838 2706 Deus
1887 2642 1996 2706 ali-

491 2745 775 2828 qualiter
813 2743 1160 2824 attingatur
1195 2762 1208 2806 :
1242 2743 1394 2825 quia
1432 2749 1682 2805 amatur
1721 2750 1792 2804 ut
1829 2761 1998 2804 sum-

493 2862 678 2906 mum
729 2842 994 2915 bonum,
1028 2849 1093 2903 et
1133 2841 1226 2904 sic
1271 2861 1450 2904 mens
1493 2841 1552 2904 ei
1598 2841 1817 2903 unitur
1864 2849 1998 2902 tan-

492 2959 688 3022 quam
721 2937 995 3021 object0.
1032 2938 1178 3003 Ideo
1208 2957 1498 3001 accessus
1527 2939 1605 3000 ad
1636 2940 1836 3001 Deum
1868 2957 1994 3000 non

2107 1951 2410 2032 quoniam
2455 1959 2671 2033 posset
2722 1951 3035 2034 capacitas
3082 1949 3355 2030 alicujus
3401 1949 3601 2030 gratia

2108 2051 2201 2111 sic
2242 2049 2472 2131 repleri
2518 2049 2687 2131 quod
2730 2066 2855 2111 non
2898 2057 3111 2131 posset
3149 2048 3217 2110 in
3255 2065 3330 2110 eo
3373 2047 3600 2108 caritas

2109 2148 2253 2230 plus
2316 2148 2581 2222 intendi,
2633 2147 2801 2209 sicut
2848 2147 2914 2209 in
2970 2147 3185 2210 anima
3234 2146 3465 2208 Christi
3515 2144 3602 2206 fa-

2108 2253 2284 2308 ctum
2334 2255 2447 2308 est..
2499 2247 2791 2309 Secundo
2837 2246 3078 2328 aliquid
3129 2251 3335 2327 potest
3382 2244 3597 2326 augeri

2109 2347 2174 2406 in
2208 2345 2539 2407 infinitum
2570 2362 2697 2407 non
2722 2345 3121 2427 simpliciter,
3155 2344 3265 2406 sed
3295 2342 3599 2424 quoniam

2107 2443 2455 2505 terminum
2498 2442 2623 2505 sibi
2667 2442 3004 2525 praefixum
3048 2460 3376 2524 nunquam
3417 2441 3602 2503 attin-

2106 2543 2220 2623 git,
2278 2543 2423 2604 dato
2478 2541 2671 2604 etiam
2730 2542 2898 2624 quod
2950 2540 3188 2622 jugiter
3238 2546 3600 2620 augmente-

2110 2649 2245 2702 tur:
2266 2640 2800 2723 quemadmodum
2830 2647 3003 2722 patet
3026 2657 3103 2701 ex
3128 2637 3601 2721 quintadecima

2109 2739 2541 2822 propositione
2568 2739 2734 2800 tertii
2765 2738 3140 2819 geometriae,
3155 2737 3267 2800 ubi
3297 2736 3601 2819 probatur

2108 2839 2277 2921 quod
2337 2838 2607 2919 angulus
2667 2837 2778 2919 qui
2835 2836 3122 2898 efficitur
3167 2854 3244 2897 ex
3291 2835 3602 2898 diametro

2109 2937 2336 2999 circuli
2386 2943 2450 2998 et
2498 2935 2927 3008 semicirculo,
2980 2942 3077 2996 est
3122 2934 3412 2997 omnium
3458 2951 3603 2996 acu-

491 3048 595 3100 est
641 3038 1045 3101 successivus
1093 3037 1259 3100 sicut
1309 3038 1372 3099 in
1423 3045 1598 3100 motu
1648 3037 1852 3111 locali,
1885 3037 1994 3099 sed
2033 3038 2075 3101 C
2108 3044 2318 3100 torum
2360 3035 2817 3118 amplissimus,
2850 3041 2914 3096 et
2951 3050 3079 3114 quo
3121 3032 3323 3114 maj0r
3358 3039 3455 3094 est
3483 3032 3602 3094 cir·
3658 3031 3663 3036 ’

495 3156 616 3220 per
668 3137 1291 3219 approximationem
1360 3137 1792 3219 perfectioniS,
1855 3156 1996 3218 quae

495 3236 862 3299 necessario
909 3244 1144 3298 statum
1201 3235 1392 3298 habet
1444 3236 1508 3297 in
1560 3244 1865 3297 creatura.
1921 3236 1997 3297 Et

493 3336 649 3397 dato
693 3334 866 3414 quod
913 3341 1082 3395 esset
1127 3352 1418 3395 accessus
1479 3333 1877 3395 successivus
1928 3334 1995 3396 in

495 3431 858 3506 infinitum,
893 3440 1104 3493 tamen
1136 3449 1264 3494 non
1299 3439 1672 3511 sequeretur
1701 3432 1868 3513 quod
1900 3450 1997 3494 ca-

495 3532 678 3604 ritaS,
712 3549 854 3611 quae
891 3539 990 3592 est
1019 3530 1179 3593 ratio
1214 3530 1582 3603 accedendi,
1614 3537 1827 3612 posset
1855 3549 1992 3593 esse

494 3630 760 3693 infinita
784 3647 799 3690 :
821 3629 989 3691 sicut
1019 3647 1145 3692 non
1176 3636 1496 3711 oporteret
1523 3628 1693 3710 quod
1721 3628 1994 3709 gravitas

491 3736 670 3792 essct
717 3726 994 3799 infinita,
1045 3728 1190 3789 dato
1247 3726 1416 3808 quod
1467 3727 1642 3789 locus
1700 3727 1996 3790 deorsum

491 3826 757 3891 infinite
801 3826 1084 3898 distaret,
1117 3832 1180 3887 et
1221 3834 1430 3887 motus
1469 3825 1544 3887 ad
1588 3826 1798 3907 ipsum
1838 3826 1999 3887 exsi-

488 3932 696 3989 steret
734 3924 1051 3988 infinitus.
1088 3922 1262 3985 Idem
1301 3923 1474 3985 enim
1508 3942 1768 3985 manens
1802 3923 1992 3997 idem,

489 4032 708 4108 potest
743 4023 986 4106 jugiter
1023 4022 1231 4085 facere
1271 4022 1463 4085 idem.
1499 4022 1728 4103 Sicque
1771 4024 1995 4085 caritas

489 4122 686 4187 finita
715 4123 884 4185 sicut
913 4129 978 4185 et
1006 4121 1280 4202 gravitas
1311 4119 1515 4193 finita,
1535 4120 1838 4202 quamdiu
1872 4141 1996 4183 ma-

2109 3137 2316 3209 culuS,
2361 3144 2537 3198 'tanto
2584 3141 2682 3197 est
2732 3134 2929 3215 magis
2989 3132 3264 3214 ampluS,
3310 3140 3374 3194 et
3429 3131 3483 3193 si
3532 3132 3600 3194 in

2109 3234 2441 3296 infinitum
2473 3240 2784 3295 cresceret
2818 3231 3121 3304 circulus,
3154 3248 3481 3311 nunquam
3514 3238 3601 3292 ta-

2108 3351 2255 3394 men
2288 3330 2651 3412 perveniret
2685 3330 2763 3392 ad
2796 3328 3213 3410 quantitatem
3251 3327 3469 3408 anguli
3508 3346 3601 3389 re-

2107 3432 2215 3505 cti,
2251 3430 2361 3511 qui
2404 3446 2531 3491 non
2570 3429 2777 3491 solum
2822 3427 3047 3489 finitus
3090 3433 3207 3500 est,
3250 3426 3361 3487 sed
3404 3424 3597 3488 etiam

2110 3528 2435 3591 invenitur
2465 3526 2668 3608 major
2697 3544 2792 3599 eo,
2826 3534 2979 3609 puta
3008 3524 3293 3587 obtusus.
3321 3523 3423 3586 Sic
3452 3541 3601 3605 quo·

2107 3646 2231 3710 que
2282 3625 2608 3687 caritatem
2656 3624 2719 3686 in
2772 3624 3098 3686 infinitum
3146 3642 3427 3685 crescere
3470 3640 3597 3685 non

2106 3732 2202 3787 est
2250 3723 2729 3796 inconveniens,
2764 3723 2849 3784 ita
2890 3729 2961 3783 ut
3008 3708 3440 3804 praefixo'sibi
3488 3721 3597 3784 ali-

2107 3842 2235 3906 quo
2266 3822 2558 3895 termino,
2578 3820 2875 3883 videlicet
2902 3821 3159 3882 caritate
3190 3819 3601 3901 pa'triae,nun-

2106 3940 2298 4002 quam
2332 3920 2659 3983 deveniret
2697 3919 2774 3980 ad
2816 3918 2999 3980 illum
3039 3917 3344 3999 quamdiu
3385 3926 3598 3979 manet

2108 4020 2172 4080 in
2218 4020 2355 4099 via3
2399 4038 2516 4081 nec
2560 4027 2771 4081 tamen
2821 4016 3047 4079 caritas
3097 4034 3288 4097 quam
3337 4014 3598 4078 habebit

2108 4117 2174 4179 in
2226 4118 2449 4199 patria,
2497 4118 2618 4179 erit
2668 4116 3027 4177 immensa:
3064 4114 3191 4177 imo
3236 4113 3599 4176 invenietur

491 4229 700 4295 neret,
737 4229 954 4304 posset
994 4238 1254 4282 causare
1294 4236 1622 4281 accessum
1662 4220 1740 4281 ad
1781 4220 1993 4281 termi-
2024 4222 2073 4284 D
2108 4216 2335 4278 caritas
2384 4215 2587 4297 major
2632 4234 2726 4288 ea,
2759 4213 3057 4276 videlicet
3100 4213 3327 4275 caritas
3368 4206 3599 4275 animae

491 4338 658 4383 num
699 4328 1293 4401 quantumcumque
1338 4316 1698 4379 distantem.
1735 4354 1816 4363 -—
1852 4318 1995 4380 Haec

493 4418 854 4482 DuranduS.

577 4516 848 4597 Insuper
895 4514 1065 4577 circa
1108 4514 1227 4576 ista
1265 4513 1548 4595 AEgidius
1591 4514 1814 4576 recitat
1859 4513 1997 4575 dili-

491 4622 722 4697 genter
750 4613 1008 4675 Thomae
1048 4611 1454 4695 positionem,
1486 4631 1752 4694 eamque
1787 4630 1996 4695 repro-

493 4714 631 4787 bat,
662 4714 829 4776 sicut
855 4712 990 4795 jam
1022 4712 1259 4775 factum
1289 4720 1388 4775 est
1418 4729 1432 4773 ε
1466 4711 1616 4793 quia
1645 4711 1996 4773 secundum

493 4832 665 4885 eam,
698 4811 914 4874 anima
958 4810 1190 4874 Christi
1234 4818 1473 4894 quanto
1517 4809 1822 4891 maj0rem
1864 4828 1998 4890 gra-

495 4910 608 4973 tiae
637 4909 1106 4992 plenitudinem
1135 4909 1216 4971 ab
1245 4910 1508 4972 exordio
1545 4908 1997 4971 incarnationis

495 5009 770 5091 accepit,
795 5016 972 5071 tanto
1003 5008 1262 5088 majoris
1295 5007 1520 5070 fuisset
1547 5008 1762 5088 gratiae
1792 5026 1999 5069 susce-

499 5108 722 5190 ptiva3
769 5106 994 5188 sicque
1041 5106 1182 5187 ejus
1232 5106 1548 5189 capacitas
1597 5124 1724 5168 non
1775 5105 2000 5167 fuisset

499 5214 634 5270 tota
695 5205 959 5287 repleta,
1014 5224 1215 5287 quum
1269 5214 1483 5267 tamen
1543 5205 1606 5266 in
1661 5204 2002 5284 Evangelio

501 5304 822 5387 scriptum
866 5303 972 5379 sit,
1007 5304 1178 5386 quod
1217 5320 1344 5366 non
1382 5304 1460 5367 ad
1501 5321 1862 5366 mensuram
1901 5303 2006 5365 da-

2108 4315 2361 4378 Christi.
2404 4351 2484 4359 —
2530 4314 2650 4377 Sed
2693 4313 2792 4375 his
2836 4312 3033 4392 objici
3082 4319 3291 4393 potest
3332 4329 3345 4372 :
3391 4311 3455 4373 Si
3503 4319 3600 4373 est

2109 4414 2256 4475 dare
2298 4413 2640 4475 terminum
2684 4412 2749 4474 in
2780 4419 3121 4492 augmento
3158 4411 3459 4485 caritatiS,
3494 4429 3602 4493 po-

2109 4521 2296 4576 natur
2353 4513 2418 4575 in
2476 4511 2690 4593 aliquo
2750 4510 2975 4573 caritas
3036 4509 3317 4593 perfecta
3373 4528 3387 4572 t
3446 4517 3599 4571 tunc

2108 4630 2323 4695 quaero
2361 4631 2441 4673 an
2480 4620 2657 4673 actus
2692 4629 2768 4671 ex
2803 4628 2877 4672 ea
2910 4617 3041 4672 toto
3080 4618 3307 4672 conatu
3346 4608 3597 4671 elicitus

2112 4717 2428 4773 mereatur
2484 4708 2763 4771 caritatis
2821 4715 3256 4789 augmentum,
3307 4726 3388 4769 an
3445 4725 3591 4770 non.

2109 4809 2172 4871 Si
2227 4816 2526 4880 meretur,
2577 4806 2863 4887 ergo·ibi
2913 4824 3040 4869 non
3089 4815 3185 4867 est
3221 4812 3430 4867 status
3480 4824 3597 4867 nec

2108 4906 2423 4970 terminus
2470 4906 2792 4987 augmenti
2843 4903 3119 4967 caritatis
3163 4922 3177 4966 ε
3222 4903 3404 4983 cujus
3455 4920 3602 4966 con-

2110 5006 2377 5068 trarium
2426 5004 2957 5087 proesupponitur.
3004 5003 3067 5065 Si
3119 5021 3245 5066 non
3295 5009 3595 5076 meretur,

2111 5123 2261 5186 ergo
2292 5103 2609 5186 potentior
2636 5109 2733 5165 est
2769 5111 2947 5164 actus
2987 5100 3265 5164 caritatis
3304 5100 3600 5182 imperfe-

2114 5212 2252 5277 c'tae,
2284 5202 2395 5285 qui
2431 5210 2707 5264 meretur
2736 5200 2989 5263 habitus
3030 5200 3129 5262 sui
3159 5207 3595 5281 augmentum,

2115 5321 2310 5385 quam
2339 5310 2518 5364 actus
2560 5299 2837 5362 caritatis
2874 5298 3187 5381 perfectae.
3223 5298 3597 5373 Dicendum,
