4359 6250
850 435 966 499 168

1485 457 1550 503 IN
1592 457 1810 503 LIBRUM
1854 459 1873 503 1
1919 458 2401 504 SENTENTIARUM.
2448 478 2530 488 -·
2568 462 2723 507 DIST.
2770 463 2961 526 xxl113
3006 464 3227 519 QUAEs‘r.
3275 466 3319 511 11

849 625 1295 689 intellectualis
1328 636 1568 691 naturae
1597 629 2219 692 incommunicabilis
2243 648 2346 691 ex·
2374 630 2423 691 A
2457 632 2851 695 municatum
2905 635 3174 698 univoce
3222 643 3285 697 et
3334 636 3829 718 multiplicatum
3880 638 3947 699 in

849 724 1160 799 sistentia,
1195 746 1336 808 quae
1375 726 1668 791 definitio
1706 737 1802 790 est
1837 729 2150 812 expositio
2188 729 2345 790 defi-

848 822 1112 884 nitionis
1143 823 1340 886 Boetii
1365 842 1378 885 :
1400 824 1464 887 in
1497 826 1635 897 hac,
1660 826 1943 908 inquam,
1967 826 2341 888 definitione

847 920 940 981 nil
1000 922 1258 1004 ponitur
1307 925 1480 1005 quod
1541 924 1862 1005 significet
1923 926 2340 987 intentionem

847 1023 1192 1083 secundam
1248 1039 1261 1083 :
1313 1024 1616 1104 quoniam
1666 1042 1742 1085 ex
1793 1031 2016 1085 natura
2064 1025 2153 1085 rei
2204 1024 2340 1085 sine

846 1138 1037 1202 opere
1087 1122 1469 1197 intellectus,
1513 1131 1608 1185 est
1651 1124 1717 1184 in
1760 1123 1936 1185 Patre
1980 1132 2204 1185 natura
2249 1124 2342 1184 in-

846 1219 1228 1281 tellectualis
1287 1228 1346 1282 et
1401 1222 1630 1283 entitas
1691 1221 2336 1284 incommunicabilis,

849 1318 925 1379 Et
956 1318 1643 1383 incommunicabilitas
1683 1321 1803 1382 ista
1831 1329 1928 1383 est
1957 1320 2215 1402 duplex,
2252 1339 2344 1381 se-

849 1418 1130 1478 cundum
1170 1418 1337 1499 quod
1371 1419 1904 1482 communicabile
1939 1419 2174 1481 dicitur
2210 1437 2341 1481 mo-

846 1516 944 1577 dis
993 1516 1262 1579 duobus.
1316 1518 1544 1593 Primo,
1599 1526 1786 1599 prout
1835 1519 1899 1581 id
1946 1519 2115 1601 quod
2174 1536 2342 1581 com-

847 1614 1235 1676 municabile
1279 1623 1394 1689 est,
1429 1623 1526 1677 est
1567 1617 1820 1679 realiter
1864 1617 2030 1679 idem
2076 1618 2343 1680 cuilibet

847 1730 1065 1775 eorum
1131 1714 1366 1796 quibus
1430 1716 1958 1790 communicatur,
2022 1717 2109 1778 ita
2169 1718 2338 1799 quod

2452 729 2567 803 θίε,
2602 730 2837 793 dicitur
2873 733 2949 794 de
2990 734 3232 795 eisdem
3273 736 3624 797 secundum
3663 736 3948 817 aliquam

2454 829 2761 891 rationem
2806 831 3207 909 universam,
3240 833 3342 896 vel
3384 834 3609 895 saltem
3652 834 3949 897 habentis

2454 947 2520 990 se
2570 948 2684 1010 per
2733 930 2991 991 modum
3043 931 3438 995 universalis
3480 968 3561 977 —
3596 933 3945 1004 Postrem0‚

2452 1028 2621 1108 quod
2663 1046 2933 1109 persona
2972 1038 3160 1111 prout
3195 1048 3231 1092 a
3267 1031 3483 1094 Boetio
3520 1050 3594 1093 ac
3634 1031 3948 1095 Richardo

2452 1125 2781 1200 definitur,
2834 1145 2961 1190 non
3022 1128 3190 1190 dicat
3248 1129 3665 1191 intentionem
3724 1148 3951 1192 secun-

2453 1224 2596 1286 dam
2647 1226 2931 1305 praecise,
2982 1227 3175 1288 etiam
3236 1227 3328 1288 sic
3378 1227 3681 1309 probatur
3729 1246 3743 1289 ε
3794 1229 3951 1309 quia

2453 1340 2738 1404 personae
2772 1324 2980 1386 taliter
3010 1324 3293 1388 definitae
3327 1326 3627 1388 convenit
3654 1345 3791 1388 esse
3826 1334 3951 1388 ter-

2455 1420 2703 1482 minum
2746 1422 3183 1503 productionis
3224 1422 3411 1485 realis
3449 1443 3561 1486 seu
3598 1425 3949 1505 generatio-

2454 1519 2553 1581 nis
2600 1528 2871 1595 aeternae,
2925 1540 2997 1582 ac
3046 1522 3315 1593 adorari,
3360 1530 3423 1584 et
3469 1542 3607 1584 esse
3655 1522 3947 1585 omnium

2453 1626 2799 1680 creatorem
2852 1637 2866 1681 ε
2920 1615 3061 1700 qua».
3109 1622 3403 1684 secundae
3452 1622 3787 1684 intentioni
3837 1642 3950 1683 ne-

2454 1736 2771 1797 quaquam
2804 1720 3209 1781 conveniunt.
3237 1720 3535 1792 Quamvis
3564 1728 3777 1783 autem
3810 1740 3952 1803 per-

846 1812 1175 1893 quodlibet
1219 1814 1472 1876 illorum
1519 1816 1601 1877 sit
1645 1816 1856 1896 ipsum
1893 1833 1906 1877 :
1941 1816 2159 1897 sicque
2205 1816 2341 1877 uni·
2376 1816 2425 1879 B
2454 1833 2607 1877 sona
2664 1816 2755 1877 sic
2804 1815 3073 1879 definita
3128 1825 3317 1900 atque
3365 1818 3725 1901 aliqualiter
3774 1837 3951 1882 com-

843 1912 1086 1973 versale
1118 1914 1626 1975 communicatur
1656 1914 2066 1977 inferioribus
2097 1916 2173 1976 de
2205 1916 2341 1997 qui-

847 2007 967 2070 bus
1009 2017 1072 2071 et
1115 2010 1513 2090 praedicatur.
1559 2013 1870 2086 Secundo,
1913 2014 2342 2089 communica-

847 2114 950 2167 tur
987 2106 1228 2189 aliquid
1267 2116 1338 2170 ut
1373 2108 1578 2171 forma
1626 2130 1752 2192 qna
1788 2112 2030 2193 aliquid
2069 2119 2185 2185 est,
2230 2113 2340 2174 sed

847 2223 974 2267 non
1033 2214 1130 2267 est
1188 2206 1402 2288 ipsum
1461 2228 1474 2271 ε
1532 2211 2069 2290 quemadmodum
2127 2211 2341 2272 anima

847 2305 1356 2368 communicatur
1397 2308 1668 2389 corpori,
1712 2328 1852 2391 quae
1897 2327 2024 2372 non
2069 2318 2165 2371 est
2209 2327 2341 2372 cor-

847 2423 984 2484 pus.
1041 2404 1116 2465 Et
1165 2412 1432 2487 utroque
1493 2408 1680 2470 modo
1738 2408 1938 2470 deitas
1987 2409 2340 2471 communi-

846 2501 1070 2564 cabilis
1114 2509 1230 2577 est,
1277 2522 1546 2586 persona
1586 2512 1800 2567 autem
1845 2515 2070 2569 neutro
2112 2507 2336 2587 modo;

845 2607 906 2661 et
939 2608 1206 2683 utraque
1246 2602 1936 2667 incommunicabilitas
1979 2606 2098 2667 ista
2131 2612 2227 2667 est
2259 2606 2338 2667 de

846 2699 1087 2762 ratione
1132 2718 1435 2782 personae.
1471 2703 1730 2784 Propter
1773 2705 1943 2786 quod
1988 2704 2201 2766 anima
2243 2722 2338 2766 εθ-

846 2805 1061 2879 parata
1095 2816 1219 2861 non
1266 2807 1364 2861 est
1398 2818 1688 2881 persona,
1722 2801 1874 2882 quia
1906 2802 2201 2883 quamvis
2235 2803 2339 2864 ha-

844 2894 991 2957 beat
1032 2897 1306 2978 primam
1351 2897 2162 2975 incommunicabilitatem,
2208 2920 2337 2964 non

2454 1914 2732 1976 muniter
2790 1923 3064 1997 sumpta,
3127 1916 3294 1978 dicat
3350 1915 3593 1998 aliquid
3652 1919 3950 1981 secundae

2453 2012 2846 2088 intentionis,
2898 2015 3018 2078 hoc
3077 2023 3289 2078 tamen
3346 2023 3442 2078 est
3500 2016 3565 2077 in
3625 2026 3945 2091 cunerem,

2451 2128 2578 2173 non
2630 2112 2695 2173 in
2742 2112 3059 2177 abstracto
3105 2132 3119 2175 ε
3169 2115 3310 2177 ideo
3357 2122 3565 2196 potest
3614 2116 3947 2198 praedicari

2450 2210 2528 2272 de
2560 2210 2751 2273 rebus
2793 2212 3017 2293 primae
3057 2213 3450 2287 intentioniS,
3485 2220 3548 2275 et
3586 2231 3949 2296 supponere

2452 2327 2567 2390 pro
2608 2308 2870 2372 eisdem.

2530 2408 2837 2481 Quoniam
2868 2415 3027 2471 teste
3057 2409 3336 2484 Alberto,
3373 2410 3635 2473 materia
3663 2411 3785 2473 ista
3819 2431 3951 2473 una

2449 2513 2545 2567 est
2578 2506 2655 2567 de
2690 2505 3171 2570 difficilioribus
3212 2508 3406 2590 hujus
3445 2508 3593 2571 libri
3636 2509 3944 2595 materiis,

2452 2605 2594 2668 ideo
2637 2612 2767 2667 tam
2810 2605 3048 2669 diffuse
3092 2607 3321 2689 scripsi
3364 2607 3441 2670 de
3484 2626 3575 2670 ea.

2534 2802 2837 2865 Praeterea
2870 2803 3039 2865 circa
3072 2802 3549 2867 distinctionem
3580 2804 3743 2866 hanc
3773 2823 3949 2885 quae-

2448 2902 2531 2963 rit
2564 2902 3026 2976 Bonaventura,
3060 2902 3299 2976 PetruS,
3334 2902 3702 2977 Richardus,
3735 2910 3801 2965 et
3830 2904 3947 2965 alii

847 3002 1061 3055 tamen
1101 2996 1464 3057 secundam.
1502 2995 1577 3058 Et
1611 3004 1878 3079 utraque
1910 2997 2337 3061 incommuni-
2375 2999 2418 3063 C
2448 3000 2731 3082 quidam,
2764 3001 2859 3062 An
2900 3001 3067 3063 sicut
3099 3002 3165 3063 in
3205 3000 3441 3064 divinis
3474 3002 3773 3063 dicuntur
3806 3002 3953 3083 plu-

846 3092 1137 3156 cabilitas
1177 3094 1525 3176 requiritur
1556 3096 1634 3158 ad
1677 3096 1983 3160 rationem
2026 3116 2333 3180 personae,

845 3200 910 3254 et
951 3200 1048 3255 est
1094 3194 1159 3255 in
1208 3212 1275 3255 re
1325 3212 1400 3256 ex
1448 3201 1671 3257 natura
1714 3196 1805 3257 rei
1850 3215 1864 3259 ε
1909 3196 2128 3279 sicque
2173 3199 2337 3260 nihil

845 3290 924 3352 de
967 3291 1210 3354 ratione
1254 3311 1539 3373 personae
1582 3293 1737 3355 dicit
1781 3294 2199 3359 intentionem
2244 3317 2337 3360 se-

845 3389 1140 3451 cundam.
1183 3390 1326 3453 Haec
1371 3391 1610 3454 Scotus.

926 3490 995 3550 In
1028 3489 1212 3571 cujus
1242 3490 1455 3552 verbis
1488 3491 1738 3553 videtur
1767 3492 2133 3566 obscurum,
2168 3497 2337 3576 quod

845 3588 933 3650 ait
980 3588 1376 3651 divinitatem
1430 3597 1699 3670 utroque
1747 3592 1935 3654 modo
1985 3595 2338 3656 communi-

846 3687 1138 3749 cabilem.
1201 3688 1338 3750 Non
1397 3688 1568 3750 enim
1630 3690 2139 3754 communicatur
2198 3712 2338 3774 per-

845 3785 1016 3848 sonis
1057 3785 1292 3848 divinis
1332 3805 1539 3868 neque
1573 3789 1648 3849 ad
1686 3788 1850 3850 intra
1888 3789 2014 3851 nisi
2053 3791 2154 3852 his
2189 3810 2335 3853 cum

845 3883 1080 3964 quibus
1121 3885 1374 3946 realiter
1414 3884 1583 3947 idem
1615 3895 1732 3961 est,
1765 3895 1828 3949 et
1857 3907 2128 3969 quarum
2168 3910 2337 3971 quae-

847 3982 1002 4044 libet
1033 3990 1128 4044 est
1159 3984 1412 4044 realiter
1452 3984 1662 4046 Deitas
1700 3986 1870 4067 ipsa3
1904 4007 2020 4049 nec
2057 4005 2339 4049 commu-

845 4080 1097 4142 nicatur
1125 4081 1316 4143 rebus
1347 4083 1575 4145 creatis
1607 4091 1676 4145 ut
1705 4085 1926 4146 forma.
1957 4085 2092 4148 Nisi
2120 4085 2335 4149 forsan

2450 3118 2551 3162 res
2598 3117 2903 3182 personae,
2948 3100 3037 3162 ita
3078 3100 3205 3162 dici
3255 3108 3515 3183 possent
3564 3100 3779 3183 plures
3825 3101 3945 3176 dii,

2451 3197 2665 3280 plures
2709 3199 3001 3262 essentiae
3045 3200 3179 3262 sive
3228 3198 3617 3264 substantiae.

2529 3296 2621 3359 Ad
2681 3298 2849 3378 quod
2910 3298 3347 3360 Bonaventura
3406 3299 3743 3381 respondet
3802 3319 3815 3362 :
3872 3301 3947 3362 In

2449 3395 2622 3458 omni
2665 3395 3018 3458 substantia
3056 3397 3159 3458 cui
3200 3396 3499 3459 convenit
3530 3416 3667 3460 esse
3702 3405 3764 3459 et
3791 3416 3949 3480 ope—

2448 3493 2596 3567 rari,
2650 3494 3006 3557 necessario
3066 3494 3484 3576 intelligimus
3541 3503 3831 3558 naturam
3880 3505 3950 3558 et

2449 3592 2787 3654 habentem
2828 3601 3155 3673 naturam3
3198 3612 3527 3675 quumque
3558 3595 3685 3657 Deo
3714 3613 3949 3658 conve—

2451 3690 2582 3752 niat
2620 3710 2757 3753 esse
2800 3699 2860 3752 et
2900 3691 3172 3774 operari,
3208 3692 3507 3773 ponimus
3547 3693 3613 3754 in
3648 3712 3724 3755 eo
3761 3704 3949 3757 natu-

2450 3810 2607 3864 ram,
2660 3791 2724 3852 id
2770 3797 2864 3852 est
2915 3790 3334 3852 substantiam
3395 3790 3529 3854 sive
3576 3793 3945 3866 essentiam,

2448 3897 2512 3951 et
2557 3889 2897 3951 habentem
2958 3896 3271 3959 naturam,
3325 3889 3388 3951 id
3438 3897 3535 3953 est
3582 3909 3943 3972 personam.

2449 3988 2991 4061 Quemadmodum
3035 3995 3248 4050 autem
3294 3989 3620 4052 rationalis
3658 3998 3953 4054 creatura

2448 4087 2637 4150 habet
2668 4087 2883 4168 plures
2913 4095 3191 4161 naturas,
3220 4087 3521 4150 videlicet
3552 4090 3949 4170 corporalem

847 4177 1069 4240 Scotus
1109 4179 1322 4241 dicere
1351 4179 1527 4254 velit,
1562 4183 1731 4262 quod
1773 4183 1841 4243 in
1880 4183 2127 4246 Christo
2165 4202 2335 4246 com-
2367 4185 2417 4246 D
2446 4205 2519 4248 ac
2551 4186 2974 4268 spiritualem,
3008 4205 3119 4248 seu
3152 4202 3383 4267 corpus
3412 4193 3475 4247 et
3505 4187 3816 4265 animam;
3848 4188 3949 4250 sic

847 4277 1169 4339 municata
1216 4285 1313 4338 est
1360 4285 1600 4341 naturae
1647 4289 1990 4362 assumptae
2037 4299 2050 4342 :
2098 4283 2201 4343 cui
2252 4290 2338 4344 ta-

844 4394 992 4438 men
1038 4394 1163 4439 non
1209 4383 1305 4438 est
1347 4378 1814 4440 communicata
1857 4388 1926 4441 ut
1966 4379 2169 4443 forma
2210 4401 2337 4463 qua

844 4474 984 4555 ipsa
1029 4481 1254 4536 natura
1310 4484 1637 4557 assumpta
1697 4475 2048 4540 formaliter
2093 4478 2197 4554 sit,
2250 4480 2337 4541 ita

842 4571 1012 4653 quod
1065 4571 1148 4633 sit
1195 4571 1400 4635 forma
1449 4574 1588 4655 ejus
1639 4573 1983 4637 intrinseca
2029 4583 2093 4638 et
2140 4576 2335 4640 infor-

844 4688 1043 4732 manS.
1078 4706 1159 4715 —
1186 4671 1510 4746 Praeterea,
1544 4674 1838 4754 quamvis
1879 4681 1948 4734 ut
1983 4674 2206 4737 Scotus
2245 4674 2334 4736 af-

840 4769 1079 4844 firmat,
1135 4770 1296 4833 nihil
1358 4770 1606 4832 dicatur
1665 4771 1730 4833 in
1789 4771 2164 4835 definitione
2226 4773 2335 4835 illa

842 4887 1127 4951 personae
1175 4869 1342 4951 quod
1393 4870 1469 4932 ad
1520 4870 1862 4932 secundam
1914 4872 2332 4935 intentionem

839 4967 925 5030 sit
954 4968 1301 5049 pertinenS,
1326 4985 1596 5050 persona
1626 4977 1838 5031 tamen
1870 4977 2058 5051 prout
2090 4970 2153 5032 in
2186 4990 2335 5051 qua-

839 5067 985 5129 dam
1036 5067 1445 5147 generalitate
1494 5068 1581 5130 ita
1629 5067 2032 5142 describitur,
2083 5069 2335 5131 videtur

839 5165 1033 5228 etiam
1082 5166 1323 5248 aliquid
1373 5168 1667 5230 secundas
1711 5167 2082 5230 intentionis
2131 5167 2334 5229 inclu-

843 5263 1010 5324 dere.
1037 5264 1234 5326 Omne
1263 5265 1436 5326 enim
1469 5284 1807 5328 commune
1839 5265 2132 5348 pluribus
2163 5284 2331 5328 com-

2447 4302 2790 4347 econverso
2821 4285 2887 4345 in
2921 4285 3049 4346 Deo
3086 4291 3345 4366 propter
3382 4302 3699 4346 summam
3736 4285 3949 4368 ipsius

2446 4381 2945 4464 simplicitatem,
3010 4382 3075 4444 in
3139 4381 3434 4463 pluribus
3497 4383 3785 4464 personis
3844 4393 3951 4446 est

2448 4500 2574 4542 una
2618 4489 2861 4554 natura,
2895 4500 3037 4562 quae
3080 4480 3204 4542 alio
3243 4488 3307 4542 et
3345 4481 3469 4542 alio
3514 4482 3699 4544 modo
3729 4501 3767 4544 a
3798 4501 3951 4564 per-

2447 4580 2620 4642 sonis
2682 4579 2969 4641 habetur.
3036 4579 3242 4653 Quum
3304 4597 3453 4660 ergo
3518 4579 3601 4641 sit
3662 4580 3751 4642 ibi
3810 4601 3951 4644 una

2446 4695 2714 4739 numero
2752 4684 2996 4749 natura,
3030 4694 3157 4739 non
3192 4676 3399 4738 divisa
3435 4695 3553 4738 nec
3586 4687 3945 4748 numerata,

2446 4776 2588 4838 ideo
2632 4793 2757 4837 non
2804 4783 2951 4837 sunt
3001 4775 3065 4836 in
3111 4775 3348 4836 divinis
3392 4775 3609 4856 plures
3653 4775 3957 4839 substan—

2445 4874 2570 4948 tiae,
2605 4893 2723 4936 nec
2761 4873 2976 4955 plures
3010 4873 3336 4952 essentiae3
3379 4874 3487 4936 sed
3521 4874 3671 4956 quia
3708 4873 3954 4938 haben-

2445 4979 2539 5034 tes
2590 4979 2879 5033 naturam
2938 4979 3086 5033 sunt
3133 4970 3371 5052 plureS‚
3422 4979 3592 5033 recte
3640 4971 3954 5036 dicuntur

2446 5071 2662 5152 plures
2700 5088 3003 5151 personae.
3038 5105 3119 5118 --
3147 5069 3307 5131 Hinc
3338 5087 3592 5152 quoque
3624 5088 3750 5133 non
3790 5069 3956 5135 licet

2446 5169 2655 5230 dicere
2696 5169 2939 5230 Patrem
2971 5175 3034 5229 et
3064 5167 3296 5229 Filium
3336 5187 3409 5229 ac
3450 5166 3758 5249 Spiritum
3796 5187 3953 5234 esse

2449 5267 2661 5348 plures
2720 5275 2827 5328 aut
2874 5274 3001 5329 tres
3050 5267 3223 5342 deoS,
3273 5266 3573 5349 quoniam
3631 5285 3953 5332 numerus
