4359 6250
759 491 962 541 mm(
1007 493 1420 541 PRAEscutNTtA
1463 493 1575 540 sm:
1619 491 2022 540 movim-:mla
2067 493 2168 540 nm
2210 493 2479 542 inportu·
2518 495 2709 543 REBUS
2752 495 3203 543 NECESSITATEM

3410 477 3531 544 479

425 659 981 746 infallibiliterque
1030 665 1408 747 praenoverit
1453 671 1516 727 et
1566 671 1922 748 cognoscat,
1954 662 2006 726 A
2037 663 2136 738 iis,
2169 665 2545 740 necessaria,
2581 665 2643 728 id
2674 674 2769 729 est
2798 684 2924 730 non
2955 676 3179 750 potens
3210 685 3335 730 non
3366 685 3526 741 6336,

423 758 512 820 ita
551 761 722 841 quod
763 762 956 825 simul
993 770 1160 826 stent
1195 763 1552 825 infallibilis
1594 763 1927 845 providen-

423 858 512 920 tia
567 879 640 921 ac
697 861 966 924 scientia
1023 863 1156 935 Dei,
1207 871 1272 924 et
1328 863 1586 925 libertas
1641 863 1926 925 volunta-

423 956 508 1018 tis
555 966 803 1032 creatae,
835 979 910 1022 ac
956 961 1389 1042 contingentia
1429 968 1493 1023 et
1537 960 1926 1024 mutabilitas

422 1073 660 1118 rerum.

502 1155 768 1218 Videtur
805 1159 974 1240 quod
1020 1177 1167 1222 non.
1202 1159 1432 1234 Prim0,
1478 1158 1628 1241 quia
1671 1167 1740 1220 ut
1782 1158 1926 1221 Tul-

423 1251 550 1314 lius
593 1256 825 1336 arguit,
867 1256 919 1318 si
969 1256 1330 1321 infallibilis
1375 1257 1771 1340 providentia
1813 1257 1923 1320 Dei

419 1359 540 1426 est,
575 1360 787 1415 certus
831 1363 926 1417 est
963 1355 1120 1418 ordo
1169 1375 1502 1418 causarum
1548 1373 1562 1418 ε
1606 1374 1732 1438 quo
1783 1375 1927 1419 con-

420 1467 623 1524 66330,
665 1459 896 1514 cuncta
939 1454 1016 1515 de
1061 1454 1435 1516 necessitate
1478 1455 1802 1516 eveniunt.

502 1549 816 1626 Secunde,
872 1552 1057 1615 detur
1102 1553 1271 1634 quod
1314 1553 1500 1615 aliter
1539 1553 1739 1635 possit
1783 1570 1926 1615 con-

418 1646 666 1729 tingere
716 1669 908 1732 quam
956 1670 993 1713 a
1037 1652 1166 1715 Deo
1214 1651 1674 1734 praecognitum
1720 1657 1816 1713 est
1863 1658 1925 1713 et

419 1746 788 1827 praevisum,
833 1768 979 1813 mox
1023 1750 1441 1814 concludetur
1481 1750 1650 1832 quod
1693 1767 1926 1833 praeco-

2035 761 2288 825 videtur
2331 764 2499 845 quod
2542 764 2683 844 ejus
2724 764 2996 828 effectus
3040 766 3123 827 sit
3164 765 3327 828 tatis.

2115 861 2309 924 Multa
2356 862 2725 941 hujusmodi
2775 874 3147 946 argumenta
3196 865 3363 926 circa
3413 864 3533 926 1106

2036 959 2577 1041 comprobandum
2604 971 2863 1044 possent
2880 963 3107 1025 adduci
3128 982 3299 1045 :quae
3319 982 3537 1046 quam-

2037 1058 2131 1121 vis
2171 1060 2249 1120 ad
2292 1059 2669 1122 solvendum
2710 1060 3005 1123 difficilia
3042 1079 3181 1124 esse
3212 1062 3529 1136 videntur,

2037 1164 2249 1220 tamen
2291 1157 2673 1220 facillimum
2716 1169 2812 1222 631.
2853 1159 3117 1241 probare
3159 1160 3326 1242 quod
3372 1160 3533 1222 nihil

2036 1256 2435 1319 concludant.
2474 1257 2853 1338 Experimur
2894 1259 3066 1320 enim
3118 1259 3183 1320 in
3227 1259 3411 1321 nobis
3460 1259 3532 1320 li-

2037 1353 2345 1416 bertatem
2376 1354 2646 1430 arbitrii,
2670 1364 2734 1418 et
2763 1375 2979 1420 casum
3012 1358 3534 1438 contingentiam-

2035 1471 2160 1533 que
2196 1452 2260 1514 in
2303 1453 2511 1514 rebus,
2547 1453 2681 1516 Imo
2714 1454 2767 1516 si
2803 1456 3017 1518 omnia
3050 1457 3127 1518 de
3159 1455 3531 1517 necessitate

2035 1551 2348 1624 venirent,
2376 1552 2557 1633 impii
2588 1571 2715 1615 non
2744 1563 2955 1616 essent
2988 1553 3293 1636 puniendi
3324 1572 3531 1636 neque

2035 1649 2399 1724 damnandi,
2452 1660 2515 1713 et
2564 1671 2797 1714 vanum
2857 1661 3024 1715 esset
3071 1653 3401 1716 consulere
3458 1671 3533 1714 ac

2034 1747 2156 1809 sibi
2211 1748 2328 1829 ipsi
2376 1749 2453 1812 de
2499 1751 2873 1813 necessariis
2923 1751 3278 1832 providere,
3320 1759 3383 1813 et
3426 1768 3534 1813 no-

415 1844 622 1924 gni'tio
653 1852 715 1908 et
753 1849 1154 1928 providentia
1191 1850 1304 1912 Dei
1344 1868 1470 1912 non
1509 1849 1703 1912 fuerit
1745 1848 1924 1911 infal-
1958 1848 2006 1911 B
2035 1846 2194 1908 civis
2236 1848 2529 1911 resistcre
2562 1868 2636 1910 ac
2670 1849 2955 1931 pericula
2993 1849 3311 1932 devitare3
3352 1859 3415 1912 et
3444 1851 3534 1913 vi-

419 1940 643 2017 libitis,
679 1963 828 2008 vera
868 1953 932 2008 et
974 1955 1164 2010 certa.

499 2041 732 2118 Tertio,
761 2046 931 2127 quod
965 2046 1094 2109 Deo
1123 2053 1220 2108 est.
1250 2047 1394 2122 tale,
1419 2055 1512 2110 est
1543 2047 1924 2130 simpliciter

417 2142 564 2203 tale.
597 2143 720 2206 Sed
765 2162 879 2226 per
919 2147 1456 2228 comparationem
1499 2147 1578 2208 ad
1618 2148 1817 2209 Deum
1859 2154 1921 2208 et

417 2240 499 2302 ad
527 2241 670 2322 ejus
711 2242 1001 2306 notitiam
1043 2243 1205 2305 nihil
1245 2253 1340 2306 est
1371 2244 1642 2318 casuale,
1677 2244 1776 2306 vel
1815 2263 1921 2326 po-

417 2346 560 2401 tens
597 2340 784 2404 aliter
817 2341 1094 2405 evenire.
1131 2341 1294 2422 Ergo
1331 2341 1618 2404 absolute
1661 2343 1920 2425 loquen-

411 2437 521 2511 do,
553 2439 715 2502 nihil
755 2449 852 2502 est
891 2441 1160 2504 casuale.
1184 2477 1266 2486 —
1290 2441 1356 2504 Si
1395 2449 1606 2504 autem
1648 2443 1916 2518 dicatur,

417 2537 588 2618 quod
624 2556 740 2619 per
771 2538 1140 2602 relationem
1171 2549 1230 2604 et
1263 2549 1625 2623 respectum
1658 2543 1736 2604 ad
1777 2561 1916 2616 603,

411 2634 662 2716 aliquid
719 2644 816 2698 est
876 2638 1147 2712 casuale,
1198 2639 1506 2702 variabile
1564 2649 1628 2704 et
1678 2641 1920 2704 contin·

413 2752 602 2814 gens3
634 2733 962 2816 objicitur,
997 2737 1164 2818 quod
1193 2757 1272 2800 ex
1307 2738 1426 2801 hoc
1467 2757 1594 2802 606
1633 2741 1920 2822 sequitur

417 2833 588 2914 quod
637 2834 1018 2917 simpliciter
1069 2836 1386 2918 loquendo
1433 2837 1513 2899 sit
1563 2840 1812 2902 casuale
1855 2846 1918 2901 et

415 2933 815 3013 contingens,
848 2934 958 2996 sed
990 2934 1194 2997 solum
1231 2937 1582 2998 secundum
1615 2939 1790 3019 quid,
1825 2939 1915 3000 vi-

2036 1946 2120 2007 tia
2167 1946 2505 2008 hominum
2564 1964 2691 2010 non
2750 1947 3141 2022 hominibuS,
3194 1949 3303 2011 sed
3352 1968 3535 2032 supe-

2033 2044 2308 2107 rioribus
2357 2045 2564 2108 causis
2607 2064 2851 2119 eorum,
2896 2045 3023 2109 imo
3064 2055 3129 2108 et
3171 2048 3299 2110 Deo
3334 2049 3532 2130 (quod

2033 2141 2210 2205 nefas
2250 2143 2373 2224 est)
2405 2145 2775 2226 imputanda
2815 2145 3255 2220 consisterent,
3288 2165 3405 2208 nec
3441 2147 3533 2208 in-

2030 2249 2198 2304 esset
2236 2242 2547 2304 voluntati
2593 2241 2871 2316 libertaS,
2907 2261 3024 2305 666
3066 2263 3179 2306 663
3225 2244 3531 2308 dividere-

2031 2345 2135 2400 tur
2176 2359 2291 2421 per
2334 2338 2765 2402 necessarium
2806 2347 2869 2402 et
2914 2340 3307 2423 contingens,

2107 2537 2202 2600 Ad
2263 2537 2431 2599 istud
2481 2538 2751 2601 Thomas
2812 2539 3150 2620 respondet
3204 2557 3219 2601 z
3269 2540 3528 2622 Propter

2027 2636 2396 2717 hujusmodi
2429 2635 2843 2700 difficultates
2875 2637 3131 2718 quidam
3162 2639 3525 2721 philosophi

2027 2743 2417 2815 negaverunt
2464 2735 2663 2796 Deum
2716 2736 2792 2797 de
2843 2735 3333 2816 particularibus
3383 2756 3527 2800 con-

2028 2833 2420 2914 tingentibus
2470 2833 2702 2895 habere
2747 2833 3197 2914 cognitionem,
3236 2835 3525 2915 judican-

2028 2939 2119 2993 tes
2150 2932 2228 2993 de
2267 2931 2595 2994 intellectu
2633 2931 2851 2995 divino
2892 2933 3059 2994 sicut
3089 2934 3165 2995 de
3198 2933 3527 2996 intellectu

413 3029 648 3092 delicet
682 3049 760 3092 ex
791 3031 1272 3113 imperfectione
1303 3042 1365 3096 et
1394 3033 1643 3096 deiectu
1687 3044 1915 3100 nostrae
1951 3036 1994 3098 c
2026 3030 2307 3093 humano
2341 3047 2354 3091 τ
2391 3030 2532 3092 ideo
2562 3039 2949 3094 erraverunt.
2984 3033 3160 3106 Quod
3191 3041 3403 3095 autem
3437 3033 3527 3094 in-

411 3130 660 3193 notitiae
702 3148 716 3193 :
766 3131 916 3213 quia
965 3140 1092 3193 tam
1144 3133 1374 3195 debilis
1423 3141 1519 3196 est
1565 3142 1778 3197 noster
1826 3135 1916 3198 in—

411 3228 732 3303 tellectus,
787 3238 916 3291 tam
963 3230 1390 3306 defectuosus,
1440 3234 1608 3315 quod
1662 3234 1914 3297 univer-

411 3346 556 3389 sum
609 3328 897 3391 ordinem
942 3336 1004 3391 et
1048 3330 1475 3411 colligantiam
1525 3332 1916 3396 cohabitudi-

411 3444 694 3509 nemque
741 3445 1074 3489 causarum
1136 3428 1656 3492 intermediarum
1713 3451 1913 3514 usque

409 3523 492 3585 ad
538 3524 1006 3606 providentiam
1048 3527 1159 3588 Dei
1201 3528 1546 3602 nescimuS,
1580 3537 1641 3592 et
1685 3530 1915 3593 intelli·

405 3640 559 3702 gere
603 3641 732 3685 non
781 3624 1066 3688 valemus
1101 3645 1116 3689 ε
1151 3646 1294 3707 quae
1335 3628 1551 3689 omnia
1591 3629 1643 3691 si
1690 3648 1915 3709 cogno-

406 3739 760 3795 sceremuS,
786 3722 878 3783 nil
909 3725 1116 3805 quoad
1147 3743 1261 3787 nos
1291 3734 1456 3787 esset
1487 3728 1758 3801 casuale,
1793 3727 1916 3792 for-

407 3819 748 3893 tuitum‚et
775 3821 961 3882 aliter
989 3830 1212 3903 potens
1241 3823 1548 3887 accidere.
1568 3860 1649 3870 —
1671 3826 1734 3888 Si
1765 3846 1914 3891 vero

407 3918 893 4000 respondeatur,
937 3921 1104 4002 quod
1154 3941 1254 3985 res
1302 3923 1431 3985 sint
1475 3924 1911 4006 contingentes

405 4036 530 4100 per
573 4026 934 4100 respectum
974 4019 1052 4082 ad
1097 4022 1407 4103 proprias,
1444 4022 1762 4104 proximas
1806 4044 1912 4087 na-

403 4115 780 4197 turalesque
837 4136 1078 4192 666363,
1132 4138 1244 4181 seu
1306 4122 1512 4202 quoad
1571 4121 1914 4186 intrinseca

2027 3129 2316 3192 tellectus
2356 3130 2613 3193 divinus
2655 3149 2781 3194 non
2824 3132 3208 3214 impediatur
3240 3151 3276 3195 a
3304 3134 3525 3196 distin-

2025 3236 2125 3289 cta
2168 3229 2529 3309 cognitione
2574 3231 3057 3311 particularium
3102 3232 3343 3296 ratione
3388 3254 3524 3316 par-

2025 3327 2425 3389 ticularitatis
2474 3335 2537 3389 et
2585 3328 3040 3409 singularitatis
3099 3352 3241 3413 quae
3298 3340 3394 3394 est
3444 3352 3520 3395 ex

2024 3434 2202 3508 parte
2248 3426 2548 3500 materiae,
2589 3434 2916 3489 ostensum
2960 3436 3057 3490 est
3100 3450 3293 3512 supra
3340 3432 3521 3493 trice·
3570 3457 3813 3514 cs‚p‚29⁶‚

2023 3524 2185 3585 sima
2227 3532 2403 3586 sexta
2444 3524 2869 3587 distinctione.
2913 3526 3095 3589 Nunc
3137 3546 3287 3609 ergo
3330 3538 3522 3592 restat
3548 3522 3715 3565 ⁰⁰¹⁸·

2025 3621 2369 3703 inquirere,
2419 3640 2499 3684 an
2560 3622 2705 3684 inde
2766 3622 3151 3704 impediatur
3207 3645 3283 3687 ex
3344 3636 3521 3708 parte

2024 3720 2472 3800 contingentiae
2501 3738 2735 3782 rerum.
2773 3721 3213 3802 Contingentia
3246 3743 3521 3806 namque

2023 3818 2302 3880 divinam
2332 3816 2615 3899 effugere
2647 3819 3062 3900 cognitionem
3091 3822 3388 3885 videntur
3416 3824 3523 3886 du-

2023 3917 2175 3998 plici
2209 3917 2468 3980 ratione.
2503 3917 2733 3993 PrimO,
2768 3926 3027 4000 propter
3055 3920 3343 3982 ordinem
3376 3940 3521 3991 cau-

2023 4034 2106 4077 36)
2134 4015 2213 4077 6(1
2247 4024 2594 4090 causatum,
2615 4017 2765 4099 quia
2795 4017 3189 4081 invariabilis
3220 4028 3283 4082 et
3312 4039 3524 4084 neces-

2023 4114 2203 4176 sariae
2252 4132 2457 4178 causae
2506 4114 2777 4178 effectus
2826 4116 3078 4180 videtur
3127 4120 3521 4184 necessarius

405 4222 474 4276 61
503 4214 868 4277 essentialia
896 4234 1010 4277 sua
1039 4217 1387 4301 principia3
1413 4219 1740 4301 objicitur,
1763 4222 1912 4304 quia
1946 4221 1993 4283 D
2022 4231 2161 4274 esse
2181 4230 2195 4273 t
2217 4232 2532 4295 quumque
2564 4214 2827 4276 36166116
2852 4215 2962 4277 Dei
2995 4216 3074 4278 sit
3102 4236 3285 4280 causa
3314 4236 3524 4284 rerum

405 4314 464 4375 si
497 4331 628 4375 non
659 4320 861 4375 stetur
891 4314 954 4376 in
987 4316 1194 4378 causis
1230 4316 1390 4388 istis,
1424 4319 1533 4381 sed
1568 4319 1722 4401 ipsae
1751 4321 1914 4383 ordi-

404 4418 560 4473 nate
621 4410 976 4473 referantur
1033 4432 1234 4495 usque
1296 4414 1362 4477 in
1412 4435 1634 4479 causas
1691 4436 1912 4481 omnes

405 4509 706 4573 coelestes
737 4509 920 4572 nobis
958 4529 1074 4593 pro
1115 4512 1388 4575 maxima
1428 4521 1604 4595 parte
1647 4516 1910 4596 1360163,

404 4616 476 4671 61
505 4608 762 4670 tandem
803 4628 1008 4691 usque
1045 4610 1124 4671 ad
1163 4611 1627 4691 providentiam
1669 4622 1731 4675 et
1766 4635 1917 4697 pra>-

406 4706 752 4769 scientiam
789 4706 925 4779 Dei,
964 4706 1326 4771 invenietur
1365 4710 1430 4770 in
1471 4711 1564 4772 eis
1603 4718 1812 4774 certus
1852 4721 1914 4775 et

409 4804 778 4870 infallibilis
822 4806 994 4867 ordo,

494 4906 822 4978 Praeterea,
854 4904 1022 4966 sicut
1059 4905 1265 4986 posita
1303 4925 1492 4970 causa
1529 4909 1788 4990 ponitur
1822 4910 1912 4972 ef-

409 5002 642 5077 fectuS‚
684 5003 778 5065 sic
821 5001 1029 5085 posita
1066 5021 1254 5066 causa
1297 5004 1644 5079 infallibili,
1687 5007 1916 5070 invari-

407 5102 590 5177 abili,
623 5102 1002 5175 necessaria,
1036 5102 1297 5183 ponitur
1338 5103 1529 5166 etiam
1580 5105 1722 5168 talis
1760 5106 1917 5169 effe-

409 5201 790 5275 ctuS.Quum
817 5216 968 5280 ergo
998 5199 1395 5281 providentia
1426 5210 1487 5263 et
1518 5203 1914 5285 praescicntia

409 5300 524 5365 Dei
565 5300 652 5363 sit
680 5318 871 5362 causa
904 5316 1116 5361 rerum
1161 5297 1574 5375 invariabilis,
1611 5300 1912 5366 infallibi-

2023 4320 2084 4373 et
2125 4312 2520 4375 invariabilis
2564 4314 2667 4385 sit,
2701 4332 2829 4377 non
2868 4325 3130 4398 apparet
3169 4319 3336 4399 quod
3378 4338 3525 4383 con·

2022 4411 2407 4491 tingentium
2455 4431 2593 4474 esse
2643 4414 2861 4495 possit.
2909 4415 3220 4491 Secunde,
3264 4428 3525 4502 propter

2022 4510 2313 4572 ordinem
2358 4511 2641 4574 scientiae
2679 4512 2759 4573 ad
2802 4512 3055 4575 scitum.
3098 4515 3302 4588 Quum
3347 4518 3521 4581 enim

2023 4609 2291 4672 scientia
2338 4610 2420 4671 sit
2469 4618 2641 4672 certa
2690 4612 2988 4692 cognitio,
3034 4632 3111 4675 ex
3157 4613 3293 4695 ipsa
3342 4618 3523 4679 certi-

2023 4708 2265 4771 tudinis
2305 4709 2567 4782 ratione‚
2600 4710 2793 4772 etiam
2831 4711 3090 4774 exclusa
3130 4713 3517 4789 causalitate,

2023 4807 2294 4888 requirit
2332 4808 2778 4871 certitudinem
2821 4816 2883 4871 et
2926 4810 3518 4877 determinationem

2025 4907 2088 4969 in
2133 4906 2315 4981 scito,
2351 4926 2506 4989 quas
2549 4908 2980 4988 contingentia
3018 4908 3269 4971 videtur
3310 4912 3521 4975 exclu-

2023 5008 2191 5069 dere.
2227 5006 2401 5079 Quod
2444 5015 2655 5069 autem
2700 5007 2965 5069 scientia
2999 5004 3075 5069 ex
3110 5009 3351 5073 ratione
3392 5030 3523 5074 cer-

2023 5106 2317 5167 titudinis
2385 5124 2515 5167 suae
2581 5105 3175 5169 determinationem
3239 5110 3520 5191 requirat

2025 5205 2355 5279 scitorum,
2414 5203 2480 5265 in
2539 5211 2753 5267 nostra
2810 5211 2981 5286 patet
3037 5205 3324 5282 scientia,
3377 5227 3519 5290 quae

2027 5322 2154 5367 606
2204 5308 2299 5364 631
2348 5320 2538 5364 causa
2588 5321 2822 5377 rerum,
2868 5310 2932 5365 et
2982 5303 3047 5365 in
3096 5304 3364 5369 scientia
3404 5307 3519 5373 Dci
