4359 6250
1256 516 1429 560 menn
1471 516 1491 560 1
1535 514 2019 561 sssx‘rnnrmnuu.
2066 533 2147 543 —
2189 516 2342 560 msr.
2388 517 2535 560 xxvr
3337 497 3452 561 197

372 693 431 755 Si
476 708 729 772 semper
778 691 960 753 Patri
1009 689 1351 771 proprium
1408 689 1507 751 est
1555 687 1735 768 quod
1788 704 2048 767 semper
2098 689 2199 750 est
2244 688 2460 768 Pater,
2509 707 2772 753 necesse
2821 692 2920 754 est
2974 708 3232 772 semper
3281 691 3452 752 Filio
3529 702 3663 776 uigu-
3693 703 3748 747 de

372 807 692 888 proprium
730 823 873 869 esse
902 805 1079 886 quod
1108 821 1367 884 semper
1405 804 1502 866 est
1539 803 1751 865 Filius
1785 823 1799 862 :
1833 802 1947 865 ubi
1976 803 2153 866 enim
2193 821 2452 884 semper
2478 805 2674 868 Pater
2712 809 2832 885 est,
2865 823 3124 887 semper
3153 807 3218 869 et
3244 804 3454 868 Filius
3478 764 3746 881 ili-32:32³.

372 924 476 986 est.
508 923 679 1002 Ergo
715 921 831 1001 qui
868 936 1001 982 non
1038 936 1298 999 semper
1335 918 1530 982 Pater
1570 921 1691 998 est,
1723 936 1857 981 non
1893 935 2153 999 semper
2181 921 2430 999 genuit.
2477 921 2646 984 Item
2685 922 2751 982 in
2791 921 3023 984 eodem
3057 941 3072 983 z
3104 922 3274 985 Nato
3311 921 3450 984 Deo
3481 935 3588 980 nid.
3609 948 3654 978 ιι.
3677 938 3742 979 15.

370 1036 779 1100 manifestum
825 1036 925 1098 est
970 1035 1315 1115 proprium
1362 1051 1504 1097 esse
1552 1035 1730 1114 quod
1775 1033 1987 1096 Filius
2033 1035 2153 1097 est.

554 1280 635 1342 D.
696 1282 937 1348 Quare
982 1280 1283 1342 dicatur·
1328 1292 1483 1341 esse
1523 1275 1923 1352 proprium
1979 1279 2371 1354 Uniyeniti,
2415 1284 2604 1355 quod
2651 1281 2764 1343 est
2807 1284 3045 1344 Filius
3091 1283 3248 1356 Dei,

1171 1410 1393 1472 quum
1439 1396 1671 1458 etiam
1715 1399 2048 1458 homines
2090 1397 2243 1459 sint
2284 1397 2425 1468 tilii
2469 1399 2621 1459 Dei.

488 1612 607 1676 Hic
646 1611 988 1694 quaeritur,
1021 1611 1356 1692 quomodo
1394 1609 1651 1673 dicatur
1687 1609 2030 1690 proprium
2062 1626 2204 1672 esse
2233 1608 2387 1671 nato
2417 1609 2582 1688 De0‚
2615 1609 2793 1690 quod
2823 1612 2923 1673 est
2951 1611 3074 1674 Dei
3106 1609 3316 1674 Filius
3353 1610 3459 1673 vel

368 1729 609 1808 genitus
648 1745 733 1791 ex
779 1728 944 1807 Dee,
978 1743 1187 1808 quum
1238 1727 1436 1790 etiam
1483 1725 1787 1788 homines
1838 1725 1959 1788 filii
2008 1725 2131 1788 Dei
2184 1725 2485 1788 dicantur
2523 1727 2589 1788 et
2633 1725 2789 1806 sint,
2831 1727 3193 1790 secundum
3239 1725 3452 1788 illud:

368 1845 505 1907 Filii
554 1844 816 1907 Excelsi
868 1861 1120 1906 omnes.
1172 1843 1257 1905 Et
1302 1843 1384 1904 ad
1430 1842 1705 1922 Moysen
1753 1842 1834 1904 de
1887 1840 2131 1923 populo
2185 1841 2388 1904 Israel
2433 1841 2761 1904 Dominus
2809 1842 2901 1904 ait
2947 1862 2962 1902 :
3003 1841 3214 1904 Filius
3269 1858 3457 1905 meus
3483 1854 3750 1904 ptumo.

368 1960 831 2041 primogenitus
872 1959 1094 2022 Israel.
1130 1959 1260 2023 Sed
1301 1975 1538 2038 magna
1574 1959 1673 2020 est
1715 1957 2048 2020 distantia.
2088 1949 2410 2020 Homines
2448 1957 2626 2020 enim
2666 1957 2786 2020 filii
2823 1958 2947 2021 Dei
2985 1959 3139 2020 sunt
3183 1957 3454 2037 factura,
3487 1917 3672 2024 zgxffl'
3693 1930 3750 1968 π’

368 2093 488 2138 non
531 2075 896 2139 nativitatis
946 2076 1376 2156 proprietate3
1421 2074 1603 2138 Deus
1649 2075 1870 2136 autem
1922 2072 2155 2152 Filius,
2205 2073 2479 2153 originis
2526 2073 2928 2154 proprietate
2973 2073 3185 2136 Filius
3233 2074 3354 2152 est,
3396 2075 3462 2136 et

370 2192 623 2255 veritate
669 2191 1057 2268 nativitatis,
1100 2206 1233 2253 non
1275 2190 1525 2252 factura
1563 2188 1669 2251 vel
1713 2189 2085 2269 adoptione.
2122 2189 2206 2250 Et
2243 2188 2340 2249 illi
2378 2189 2647 2268 quidem
2687 2190 2836 2252 ante
2878 2191 3055 2268 sunt,
3098 2206 3296 2268 quam
3340 2189 3460 2253 filii

369 2310 479 2372 Dei
527 2308 682 2371 sunt
733 2326 747 2366 :
799 2306 968 2369 fiunt
1015 2307 1191 2370 enim
1242 2305 1387 2386 filii,
1429 2322 1561 2368 non
1611 2307 1971 2368 nascuntur
2016 2304 2137 2368 filii
2185 2304 2331 2368 Dei.
2385 2305 2573 2368 Unde
2620 2304 2918 2367 Hilarius
2970 2305 3188 2368 solum
3243 2305 3460 2368 Deum

368 2427 581 2490 natum
620 2423 897 2504 originis
935 2423 1331 2504 proprietate
1368 2423 1491 2486 Dei
1529 2422 1776 2484 Filium
1816 2422 2190 2502 ostendens,
2223 2422 2393 2484 inter
2429 2423 2650 2502 ipsum
2691 2422 2755 2484 et
2790 2421 3094 2484 homines
3129 2420 3302 2484 filios
3339 2421 3461 2484 Dei

370 2540 844 2604 evidentissime
871 2539 1243 2619 distinguit,
1262 2539 1331 2601 in
1359 2538 1749 2602 duodecimo
1780 2537 1947 2600 libro
1979 2538 2059 2600 de
2096 2538 2415 2601 Trinitate
2445 2538 2538 2600 ita
2565 2538 2790 2601 dicens
2824 2557 2837 2597 ε
2873 2536 3045 2599 Vero
3071 2536 3252 2599 Patri
3281 2536 3464 2600 solus
3517 2551 3653 2626 nau.
3673 2564 3745 2606 op.

369 2657 473 2735 qui
508 2673 587 2718 ex
624 2656 767 2718 Deo
807 2654 1099 2716 nascitur
1139 2671 1291 2716 vere
1328 2653 1539 2716 Filius
1590 2655 1710 2716 est.
1747 2654 1833 2716 Et
1872 2670 1995 2716 nos
2036 2653 2306 2733 quidem
2343 2653 2464 2716 filii
2503 2654 2625 2716 Dei
2664 2670 2921 2731 sumuS,
2955 2651 3071 2714 sed
3106 2669 3222 2732 per
3259 2651 3465 2714 factu·
3490 2617 3754 2665 ⁰¹²‘'¹'¹²'¹³‘

369 2789 497 2834 ram
531 2793 545 2832 :
578 2772 833 2834 fuimus
882 2772 1060 2834 enim
1107 2770 1459 2850 aliquando
1512 2770 1633 2833 filii
1684 2769 2063 2848 iracundiae,
2113 2769 2230 2832 sed
2277 2769 2398 2831 filii
2439 2769 2572 2832 -Dei
2621 2786 2740 2850 per
2781 2768 3203 2848 adoptionem
3251 2767 3464 2832 effecti
3489 2782 3755 2840 Epium.

370 2905 585 2950 sumus
627 2887 854 2968 potius
896 2904 1095 2968 quam
1132 2887 1487 2949 nascimur.
1530 2887 1615 2948 Et
1651 2886 1807 2966 quia
1850 2902 2043 2949 omne
2088 2885 2266 2964 quod
2311 2885 2408 2964 fit,
2443 2885 2795 2964 antequam
2833 2884 2949 2947 fiat
2982 2901 3116 2946 non
3153 2883 3304 2963 fuit,
3343 2901 3466 2948 nos

370 3020 557 3082 quum
603 3002 727 3066 filii
774 3019 909 3065 non
955 3001 1337 3080 fuissemUS,
1380 3001 1719 3064 efficimur.
1762 3001 1933 3064 Ante
1981 3001 2157 3063 enim
2206 3001 2328 3063 filii
2375 3016 2508 3063 non
2547 3017 2830 3080 eramuS,
2873 3000 2987 3063 sed
3034 3016 3150 3080 per
3187 3000 3464 3080 gratiam

368 3116 510 3181 facti
546 3135 808 3197 sumuS,
840 3134 973 3181 non
1012 3117 1151 3180 nati
1188 3134 1402 3198 neque
1444 3116 1757 3198 generati,
1790 3116 1905 3179 sed
1942 3115 2248 3198 acquisiti
2284 3136 2297 3176 τ
2331 3114 2684 3197 acquisivit
2720 3115 2895 3179 enim
2934 3133 3056 3179 nos
3093 3116 3274 3180 Deus
3309 3115 3461 3197 sibi,

369 3236 427 3296 et
452 3253 563 3315 per
598 3235 728 3298 hoc
764 3234 1007 3297 dicitur
1033 3250 1157 3297 nos
1192 3233 1519 3315 genuisse.
1550 3232 1871 3297 Genuisse
1909 3232 2085 3294 enim
2124 3231 2340 3293 Deum
2379 3232 2576 3311 filios,
2605 3248 2946 3312 nunquam
2987 3249 3138 3295 cum
3174 3234 3467 3314 proprie-

367 3351 509 3414 tatis
536 3350 1018 3432 significatione
1057 3350 1517 3429 cognoscimus
1554 3347 1706 3410 dici.
1740 3348 1841 3409 Ex
1878 3346 2229 3427 adoptione
2268 3348 2446 3410 enim
2483 3348 2683 3411 homo
2725 3348 2935 3411 factus
2974 3350 3073 3411 est
3099 3348 3277 3412 fflius
3314 3350 3460 3429 Dei,
3519 3364 3755 3439 namq».

369 3482 488 3527 non
534 3485 613 3529 ex
658 3465 1117 3547 generatione;
1157 3481 1371 3543 neque
1404 3464 1463 3526 ei
1501 3462 1864 3543 proprietas
1903 3462 2024 3540 est,
2066 3461 2181 3525 sed
2238 3463 2641 3542 nuncupatio
2691 3483 2704 3523 ε
2751 3479 2824 3525 ac
2865 3480 2982 3543 per
3027 3463 3096 3525 id
3138 3480 3272 3526 non
3313 3481 3464 3527 vere
3492 3432 3632 3473 ⁶¹‘'¹¹'
3655 3430 3719 3470 ¹⁵'

370 3580 532 3645 filius
568 3584 691 3661 est,
734 3581 891 3662 quia
936 3598 1057 3644 nec
1094 3579 1356 3661 proprie
1404 3580 1597 3641 natus
1641 3577 1901 3656 dicitur,
1942 3594 2063 3639 nec
2101 3594 2362 3657 semper
2401 3578 2528 3639 fuit
2568 3578 2768 3640 filius.
2812 3578 3206 3658 Unigenitus
3243 3579 3462 3641 autem

368 3696 534 3761 Deus
570 3715 693 3761 nec
732 3697 863 3759 fuit
900 3695 1252 3776 aliquando
1290 3711 1423 3757 non
1454 3693 1688 3772 Filius,
1722 3709 1841 3755 nec
1872 3692 1999 3754 fuit
2026 3692 2279 3773 aliquid
2308 3694 2661 3773 antequam
2687 3692 2922 3773 Filius,
2954 3710 3074 3757 nec
3103 3693 3464 3773 quidquam

370 3813 499 3892 ipse
543 3814 673 3875 nisi
712 3811 949 3875 Filius.
992 3810 1210 3891 Atque
1260 3810 1351 3872 ita
1388 3810 1503 3890 qui
1549 3824 1809 3888 semper
1846 3809 1945 3870 est
1979 3808 2215 3886 Filius,
2256 3807 2713 3871 nascibilitatis
2750 3808 3145 3889 proprietate
3183 3824 3258 3870 ac
3294 3806 3466 3871 veri-

368 3930 488 3993 tate
521 3929 737 3992 Filius
784 3927 885 3991 est
922 3926 1067 4007 ejus
1103 3926 1313 3989 solius
1350 3926 1466 4006 qui
1514 3925 1773 4005 genuit3
1814 3924 1879 3987 et
1925 3923 2036 3985 ille
2084 3924 2343 3985 tantum
2381 3925 2497 4004 qui
2534 3924 2783 4004 genuit,
2825 3924 3019 3987 Pater
3054 3924 3266 4004 ipsius
3304 3924 3403 3986 est
3445 3942 3459 3984 ε

370 4046 513 4125 quia
554 4047 731 4110 sicut
776 4044 889 4108 ille
937 4043 1149 4107 Filius
1198 4042 1471 4123 origine,
1513 4042 1607 4104 ita
1650 4041 1762 4105 ille
1809 4041 2005 4103 Pater
2051 4040 2490 4121 generatione.

858 4286 937 4349 E.
988 4287 1187 4353 Quod
1226 4288 1439 4347 homo
1490 4284 1766 4345 dicitur
1807 4284 2008 4355 silius
2053 4282 2469 4357 Trinitatis,
2514 4283 2586 4344 et
2637 4282 2968 4345 Trinitas

1339 4401 1579 4474 potest
1622 4402 1770 4462 dici
1808 4400 2032 4473 pater
2078 4401 2482 4462 hominum.

495 4616 715 4679 Homo
744 4631 925 4695 ver0,
958 4615 1076 4697 qui
1112 4614 1291 4678 filius
1323 4613 1447 4676 Dei
1486 4614 1586 4676 est
1614 4612 1887 4692 factura,
1921 4629 2053 4675 non
2090 4611 2348 4674 tantum
2378 4612 2616 4689 Patris,
2650 4612 2766 4674 sed
2795 4614 2860 4674 et
2897 4611 3048 4673 Filii
3081 4613 3144 4674 et
3182 4612 3468 4692 Spiritus

374 4732 579 4795 Sancti
618 4733 799 4796 filius
830 4731 950 4811 est,
982 4731 1053 4793 id
1090 4732 1191 4793 est
1218 4730 1421 4792 totius
1458 4729 1821 4808 TrinitatiS,
1856 4730 1920 4791 et
1948 4728 2236 4791 Trinitas
2273 4727 2418 4807 ipsa
2445 4728 2631 4808 pater
2667 4726 2811 4807 ejus
2849 4727 2978 4789 dici
3007 4728 3244 4808 potest.
3279 4728 3467 4791 Unde

374 4846 777 4929 Augustinus
813 4848 882 4909 in
931 4847 1162 4927 quinto
1210 4845 1377 4908 libro
1416 4843 1498 4908 de
1540 4844 1857 4907 Trinitate
1903 4844 2062 4907 dicit
2106 4864 2118 4903 :
2160 4844 2306 4904 Non
2353 4844 2570 4922 potest
2606 4842 2890 4905 Trinitas
2926 4842 3056 4905 dici
3092 4845 3297 4923 pater,
3337 4844 3465 4905 nisi
3496 4857 3764 4933 ,symeoni-

378 4962 531 5027 forte
578 4962 964 5027 translative
1010 4961 1094 5026 ad
1142 4963 1506 5025 creaturam
1552 4962 1819 5042 propter
1870 4960 2292 5041 adoptionem
2343 4958 2653 5021 filiorum.
2699 4958 2888 5031 Quod
2927 4959 3104 5021 enim
3150 4960 3472 5041 scriptum·
3498 4920 3760 5036 gsstffhf'b'

378 5080 489 5158 est,
531 5079 730 5159 Audi,
764 5078 990 5158 Israel,
1023 5078 1351 5142 Dominus
1387 5078 1569 5141 Deus
1606 5079 1786 5156 tuuS,
1818 5077 1999 5139 Deus
2034 5092 2208 5137 unus
2247 5076 2367 5153 est,
2409 5090 2542 5135 non
2579 5073 2807 5153 utique
2845 5074 3116 5155 excepto
3149 5074 3321 5138 Filio
3361 5078 3475 5140 aut
3502 5093 3764 5141 mutam.

381 5194 619 5275 Spiritu
671 5195 911 5259 Sancto
963 5195 1219 5276 oportet
1273 5193 1576 5274 intelligi,
1628 5210 1824 5274 quem
1878 5194 1943 5255 et
1990 5209 2200 5255 unum
2255 5189 2616 5254 Dominum
2675 5188 2889 5251 Deum
2947 5191 3248 5253 nostrum
3303 5194 3477 5257 recte

390 5309 689 5391 dicimuS,
721 5312 923 5375 etiam
963 5312 1217 5392 patrem
1254 5311 1555 5376 nostrum
1592 5326 1712 5391 per
1746 5308 2022 5390 gratiam
2059 5324 2249 5373 suam
2284 5324 2406 5370 nos
2442 5304 2950 5386 regenerantem.
2985 5306 3084 5371 De
3121 5306 3247 5373 hoc
3283 5309 3482 5375 etiam
