4359 6250
1141 523 1227 568 AN
1266 521 1708 568 APPRoPmATlo
1748 520 1982 567 HILAml
2022 521 2249 566 Exsrm·
2289 520 2666 568 coNVENIENs

3332 501 3454 566 315

366 692 753 774 propriatum
786 693 1139 754 secundum
1170 691 1477 754 rationem
1510 710 1685 754 suam
1717 709 1851 772 pro·
1880 690 1929 751 A
1962 699 2176 753 nostro
2209 691 2532 754 intellectu
2573 693 2694 755 nisi
2725 693 3126 774 completive,
3160 694 3271 755 sed
3309 712 3452 755 cau-

366 791 563 873 priam
593 810 666 853 ac
699 791 1030 853 formalem
1062 791 1263 872 magis
1292 791 1680 853 assimilatur
1710 807 1851 871 pro-

364 891 495 972 prio
530 890 721 952 unius
752 909 1039 972 personae
1074 910 1265 973 quam
1298 890 1595 968 alterius3
1621 908 1845 950 verum

364 1009 451 1051 res
503 989 643 1071 ipsa
692 1008 821 1050 una
868 997 931 1050 et
979 991 1197 1052 eadem
1249 1008 1321 1051 ac
1370 989 1848 1071 simplicissima

363 1097 447 1150 est
496 1087 562 1150 in
611 1087 817 1149 tribus
876 1088 1469 1169 supervenerandis,
1523 1088 1845 1168 superglo-

364 1186 723 1248 riosissimis
764 1185 1499 1268 incomparabilibusque
1534 1187 1839 1267 personis.

422 1284 1033 1366 Praeterea,qualiter
1062 1305 1215 1346 usus
1244 1285 1687 1365 approprietur
1717 1285 1848 1365 Spi-

364 1385 501 1446 ritui
573 1383 824 1456 SanctO,
894 1383 1243 1445 Richardus
1312 1382 1589 1446 declarat
1658 1385 1845 1446 modo

364 1483 714 1565 aliqualiter
762 1481 1045 1563 speciali,
1101 1482 1370 1545 dicendo
1423 1500 1437 1543 :
1491 1482 1651 1544 Usus
1710 1482 1844 1544 sive

364 1581 699 1662 accipiatur
739 1580 994 1662 proprie
1032 1588 1095 1642 et
1134 1581 1199 1641 in
1238 1579 1705 1662 significatione
1745 1599 1845 1642 ac-

365 1681 498 1748 tiva,
522 1680 659 1742 sive
692 1678 1041 1760 improprie
1074 1695 1187 1760 pro
1218 1678 1367 1752 frui,
1393 1679 1845 1740 convenienter

364 1779 796 1860 appropriatur
845 1777 1109 1858 Spiritui
1170 1777 1398 1839 Sancto
1451 1795 1465 1838 :
1518 1795 1642 1840 non
1694 1778 1845 1859 quia

1959 797 2134 850 satur
2171 810 2208 851 a
2248 809 2334 862 re,
2369 810 2510 872 quae
2548 791 2738 852 etiam
2778 799 2945 852 esset
2983 792 3274 873 quamvis
3314 791 3450 852 nul-

1959 887 2057 951 lus
2109 888 2467 950 intellectus
2515 896 2762 950 creatus
2811 887 3199 951 consisteret.
3239 890 3450 952 Nihilo

1959 987 2171 1050 minus
2220 987 2430 1049 Sancti
2482 1005 2627 1048 cum
2673 1006 2922 1049 summa
2970 988 3296 1068 diligentia
3343 1007 3446 1050 ex-

1956 1085 2316 1166 quisierunt
2347 1086 2484 1167 ipsa
2521 1086 2947 1166 appropriata,
2982 1086 3132 1166 quia
3169 1105 3283 1167 per
3313 1087 3449 1168 ipsa

1958 1193 2258 1265 tanquam
2301 1203 2413 1265 per
2451 1184 2694 1247 notiora
2732 1185 3104 1246 devenimus
3145 1185 3208 1245 in
3247 1184 3446 1246 fidem

1958 1282 2479 1364 intellectumque
2539 1283 2962 1364 propriorum.
3016 1283 3246 1365 Sicque
3293 1284 3449 1365 apti-

1958 1381 2109 1442 tudo
2156 1380 2764 1461 appropriabilitatis
2813 1399 2954 1462 quae
3002 1390 3096 1443 est
3143 1401 3220 1443 ex
3271 1390 3448 1463 parte

1957 1478 2069 1550 rei,
2105 1497 2218 1559 per
2249 1496 2362 1540 nos
2395 1479 2458 1539 in
2496 1487 2708 1539 actum
2746 1478 3088 1541 reducitur.
3124 1481 3447 1542 Interdum

1957 1593 2210 1658 quoque
2259 1575 2336 1637 fit
2382 1577 2813 1658 appropriatio
2863 1578 2941 1638 ad
2993 1578 3445 1641 insinuandum

1956 1676 2125 1758 quod
2191 1677 2446 1757 propria
2512 1676 2770 1738 nomina
2838 1695 3252 1758 personarum
3319 1697 3446 1741 non

1957 1775 2344 1836 conveniunt
2388 1775 2480 1836 eis
2523 1793 2670 1837 cum
2717 1775 3222 1857 imperfectione,
3260 1786 3449 1858 prout

366 1878 549 1958 magis
610 1875 866 1938 realiter
930 1875 1227 1938 convenit
1289 1875 1552 1957 Spiritui
1615 1875 1843 1938 Sancto
1881 1874 1928 1936 B
1958 1873 2346 1934 conveniunt
2409 1874 2733 1936 creaturis.
2797 1875 3026 1957 Sicque
3095 1877 3444 1938 secundum

364 1996 539 2057 quam
571 1975 735 2037 Patri
766 1983 831 2038 et
870 1974 1049 2046 Filio,
1083 1973 1592 2055 quaelibetenim
1635 1993 1845 2056 perso-

366 2095 434 2136 na
472 2075 672 2136 utitur
710 2083 1033 2152 creatura3
1065 2081 1341 2136 attamen
1382 2073 1683 2155 quoniam
1725 2075 1839 2148 uti,

364 2181 447 2234 est
482 2173 747 2254 diligere
787 2173 1031 2254 aliquid
1076 2179 1333 2253 propter
1376 2171 1571 2245 aliud,
1605 2179 1667 2233 et
1705 2172 1841 2254 Spi-

364 2272 507 2333 ritus
548 2272 817 2333 Sanctus
854 2279 947 2332 est
987 2287 1163 2333 amor
1200 2271 1475 2352 spiratus
1509 2287 1523 2331 :
1559 2271 1709 2331 hinc
1749 2270 1841 2331 uti

365 2369 419 2430 in
457 2378 765 2451 quantum
805 2377 902 2431 est
939 2374 1117 2430 actus
1157 2369 1413 2440 amoriS‚
1449 2367 1646 2448 magis
1690 2369 1842 2430 assi-

366 2469 607 2531 milatur
642 2476 705 2530 et
745 2467 1045 2530 convenit
1083 2485 1229 2528 cum
1276 2467 1533 2548 proprio
1571 2467 1843 2548 Spiritus

365 2567 578 2628 Sancti.
630 2567 730 2629 Uti
780 2583 932 2628 vero
984 2567 1230 2647 passive
1278 2574 1629 2646 sumptum,
1682 2565 1839 2626 nulli

366 2665 643 2726 convenit
703 2682 989 2746 personae
1046 2663 1301 2736 divinae,
1355 2663 1654 2744 quoniam
1715 2681 1839 2725 non

362 2771 445 2824 est
489 2763 579 2825 eis
629 2762 962 2831 utendum,
1009 2762 1119 2823 sed
1171 2760 1531 2823 fruendum.
1574 2797 1654 2807 —
1691 2763 1844 2824 Rur-

364 2880 479 2934 suS,
530 2879 731 2942 quum
786 2859 912 2921 frui
962 2859 1199 2941 aliquo.
1252 2859 1333 2920 sit
1383 2859 1474 2921 illi
1535 2858 1841 2920 inhaerere

362 2977 559 3020 amore
590 2966 850 3040 propter
882 2956 1114 3038 ipsum,
1140 2964 1202 3018 et
1231 2957 1521 3038 quamvis
1551 2977 1843 3038 unaquae-

364 3075 475 3138 que
521 3056 739 3119 divina
792 3074 1061 3137 persona
1112 3055 1359 3116 fruatur
1411 3055 1551 3116 aliis
1605 3055 1839 3116 divinis
1878 3061 1921 3121 C
1955 3056 2233 3138 proprie,
2288 3055 2515 3118 habeat
2564 3055 2688 3118 sibi
2738 3056 3145 3137 conjunctam
3200 3075 3213 3119 :

364 3156 637 3237 personis
678 3155 841 3217 sicut
881 3174 949 3217 se
991 3154 1147 3236 ipsa,
1191 3161 1401 3215 tamen
1446 3154 1583 3235 ipsa
1620 3153 1842 3215 fruitio

362 3255 588 3317 ratione
628 3254 863 3315 amoris
905 3252 973 3313 in
1016 3271 1131 3313 sua
1167 3253 1409 3315 ratione
1448 3252 1701 3326 inclusi,
1735 3271 1843 3333 po-

362 3354 591 3415 tissime
640 3351 1029 3414 assimilatur
1074 3350 1332 3432 proprio
1375 3350 1648 3432 Spiritus
1691 3352 1841 3413 San-

362 3452 455 3512 cti.
487 3450 877 3533 Augustinus
924 3457 1138 3511 autem
1189 3468 1378 3511 usum
1426 3448 1678 3511 videtur
1728 3468 1842 3531 pro

362 3549 649 3613 fruitione
676 3550 991 3629 accipere,
1024 3548 1325 3629 quoniam
1356 3548 1443 3609 ait
1473 3548 1640 3629 quod
1673 3566 1841 3610 com-

361 3648 571 3728 plexus
609 3646 808 3709 Patris
848 3666 922 3708 ac
965 3646 1106 3708 Filii
1153 3663 1279 3707 non
1324 3654 1417 3707 est
1457 3646 1594 3707 sine
1639 3646 1843 3708 fruiti-

359 3764 489 3819 one,
533 3747 793 3809 caritate
842 3753 906 3807 et
953 3743 1219 3824 gaudi03
1252 3743 1628 3825 videturque
1677 3744 1839 3807 velle

360 3845 515 3923 quod
558 3843 801 3906 ratione
845 3841 1169 3904 fruitionis
1211 3840 1383 3902 illius
1422 3861 1575 3903 usus
1618 3860 1842 3923 appro-

360 3943 591 4022 prietur
632 3941 901 4023 Spiritui
947 3940 1192 4002 Sancto,
1242 3939 1384 4002 Haec
1427 3939 1793 4002 RicharduS.

428 4041 511 4101 De
554 4040 652 4102 his
682 4038 908 4101 scribit
939 4038 1235 4100 Albertus
1266 4036 1523 4111 diffuse,
1558 4038 1666 4099 sed
1698 4057 1839 4099 sen-

357 4158 454 4200 sus
506 4139 845 4201 verborum
903 4137 1043 4218 ejus
1097 4137 1161 4199 in
1221 4135 1585 4218 praehabitis
1642 4137 1839 4197 conti-

358 4244 547 4299 netur.

428 4336 749 4398 Udalricus
794 4336 1054 4397 demum
1098 4335 1162 4395 in
1205 4334 1466 4395 Summa
1505 4352 1639 4406 sua,
1676 4332 1838 4395 libro

358 4434 551 4507 tertio,
585 4433 867 4515 loquitur
890 4450 903 4493 ε
928 4432 1422 4513 Αρρῐορτίαιιιηι
1453 4430 1608 4493 dicit
1636 4450 1841 4493 acces-

360 4551 489 4594 sum
544 4533 623 4594 ad
672 4531 1029 4613 proprium,
1080 4538 1142 4590 et
1190 4529 1425 4590 dicitur
1469 4529 1838 4610 appropria-

360 4638 505 4703 tum,
556 4648 682 4693 non
733 4630 887 4711 quia
934 4628 1141 4689 solum
1192 4628 1491 4689 convenit
1538 4628 1649 4689 uni
1698 4646 1838 4709 per-

360 4746 536 4800 sonae,
584 4728 735 4810 quia
778 4728 871 4789 sic
920 4724 1247 4807 proprium
1300 4732 1487 4798 esset,
1530 4743 1648 4786 nec
1698 4726 1839 4787 ideo

361 4826 499 4907 quia
540 4824 1041 4889 antonomastice
1091 4823 1391 4885 convenit
1439 4822 1521 4896 ei,
1575 4824 1725 4903 quia
1773 4823 1836 4884 in

362 4942 599 4987 summa
626 4924 931 4987 Trinitate
961 4939 1089 4984 non
1118 4929 1215 4983 est
1251 4920 1457 5001 majus
1488 4929 1550 4982 et
1584 4919 1795 4982 minus
1821 4938 1836 4997 3

360 5022 459 5083 sed
500 5023 801 5103 quoniam
854 5020 1127 5082 rationes
1177 5019 1511 5080 nominum
1563 5018 1728 5079 inter
1773 5038 1839 5081 se

362 5120 545 5201 magis
583 5119 990 5182 conveniunt.
1027 5118 1231 5191 Quum
1275 5116 1466 5197 igitur
1500 5116 1564 5176 in
1607 5116 1839 5178 divinis

360 5236 739 5300 unaquaeque
772 5214 1081 5297 perfectio
1109 5233 1289 5277 suam
1322 5220 1531 5275 servet
1561 5214 1841 5295 proprie-

360 5323 560 5389 tatem,
597 5322 767 5396 patet
807 5313 977 5394 quod
1020 5311 1455 5393 appropriatio
1499 5328 1626 5373 non
1669 5318 1763 5371 est
1806 5330 1841 5372 a

1954 1971 2404 2051 Augustinum,
2439 1973 2588 2054 quia
2619 1973 2684 2034 in
2725 1973 2913 2036 rebus
2954 1974 3250 2036 humanis
3283 1975 3447 2056 patri

1955 2071 2110 2132 solet
2163 2071 2370 2132 inesse
2418 2090 2496 2132 ex
2552 2073 2926 2153 antiquitate
2977 2071 3337 2147 infirmitas,
3371 2074 3446 2134 fi—

1957 2168 2041 2230 lio
2071 2188 2147 2230 ex
2181 2168 2638 2250 inexperientia
2674 2171 3046 2252 ignorantia,
3081 2172 3335 2253 spiritui
3371 2191 3446 2233 ex

1955 2267 2412 2348 spirituositate
2443 2275 2654 2331 tumor
2683 2279 2744 2330 et
2775 2271 3177 2348 animositas3
3211 2271 3448 2332 idcirco

1954 2365 2246 2446 opposita
2277 2363 2501 2427 horum
2530 2368 3022 2449 appropriantur
3050 2367 3284 2430 divinis
3317 2387 3453 2450 per-

1954 2464 2147 2536 sonis,
2202 2464 2280 2524 ad
2331 2465 2724 2526 innuendum
2777 2466 2944 2547 quod
2995 2466 3157 2528 nihil
3207 2467 3329 2528 tale
3381 2469 3445 2530 in

1954 2564 2045 2624 eis
2076 2563 2175 2624 sit.
2213 2563 2442 2644 Sicque
2473 2563 2635 2625 Patri
2667 2565 3112 2645 appropriatur
3143 2565 3443 2646 potentia,

1955 2662 2113 2723 Filio
2143 2662 2476 2743 sapientia,
2499 2662 2758 2742 Spiritui
2794 2663 3021 2725 Sancto
3053 2662 3321 2737 bonitaS,
3342 2663 3447 2725 he-

1954 2760 2251 2840 nignitaS‚
2297 2759 2755 2822 benevolentia.
2790 2761 3238 2823 Verumtamen
3289 2763 3446 2824 ratio

1953 2859 2071 2920 ista
2118 2859 2654 2940 appropriationis
2701 2877 2828 2920 non
2876 2859 3062 2934 valet,
3090 2843 3241 2921 'nisi
3291 2879 3447 2942 prae-

1952 2956 2142 3017 fatam
2175 2957 2738 3038 rationem,utpote
2771 2957 3272 3020 convenientiam
3305 2977 3448 3020 cum

3265 3057 3449 3119 aliter

1953 3174 2228 3236 namque
2276 3156 2709 3236 appropriatio
2756 3164 2923 3218 esset
2971 3158 3178 3218 solum
3227 3176 3448 3219 secun-

1953 3254 2104 3315 dum
2165 3273 2302 3327 ηοε,
2357 3273 2474 3315 nec
2524 3254 2784 3317 haberet
2841 3255 3328 3318 fundamentum
3381 3258 3446 3318 in

1953 3372 2039 3413 re.
2091 3388 2171 3397 —
2221 3353 2296 3413 Et
2343 3352 2397 3413 si
2448 3362 2786 3433 quaeratur,
2835 3373 2914 3415 an
2965 3355 3444 3435 appropriatum

1954 3452 2309 3512 necessario
2341 3458 2790 3531 praesupponat
2822 3451 3148 3532 proprium
3187 3470 3200 3513 ε
3235 3453 3446 3514 dicen-

1953 3549 2106 3609 dum
2150 3548 2319 3629 quod
2371 3549 2518 3621 imo,
2555 3548 2871 3629 loquendo
2917 3548 2994 3610 de
3037 3551 3443 3631 appropriato

1953 3646 2338 3724 formaliter3
2378 3666 2494 3707 nec
2541 3646 2632 3707 sic
2674 3653 2886 3707 essent
2927 3648 3352 3727 appropriata,
3387 3648 3440 3710 si

1952 3762 2078 3807 non
2110 3752 2321 3807 essent
2353 3744 2608 3826 propria
2639 3762 3070 3825 personarum.
3097 3745 3239 3807 Haec
3272 3746 3445 3808 Udal·

1952 3842 2141 3903 ricus,

2040 3941 2155 4013 Qui
2208 3948 2668 4021 consequenter
2714 3941 3295 4022 appropriationem
3345 3942 3446 4003 Hi-

1953 4038 2092 4101 larii
2143 4038 2304 4099 bene
2349 4045 2410 4099 et
2452 4038 2603 4099 sat-is
2649 4039 2890 4120 prolixe
2935 4040 3216 4120 exponit,
3252 4048 3448 4121 patet-

1952 4153 2074 4217 que
2126 4154 2349 4197 sensus
2398 4154 2474 4195 ex
2524 4135 2728 4195 dictis,
2783 4136 3016 4197 Tamen
3068 4138 3144 4198 de
3205 4138 3443 4219 Spiritu

1874 4236 1921 4296 D
1953 4234 2179 4296 Sancto
2232 4232 2522 4314 adjungit
2555 4250 2568 4293 :
2603 4233 2807 4305 Quum
2857 4235 3210 4297 secundum
3255 4255 3445 4319 expo-

1953 4332 2248 4393 sitionem
2291 4331 2650 4411 Augustini,
2685 4350 2838 4391 usus
2884 4331 3135 4393 dicatur
3178 4334 3446 4396 delecta-

1952 4430 2041 4491 tio
2086 4429 2530 4510 jucunditasve
2582 4428 2939 4503 amborum,
2975 4448 3102 4493 non
3147 4432 3444 4513 intelligi-

1956 4536 2056 4590 tur
2114 4528 2233 4589 hoc
2290 4528 2367 4588 de
2420 4527 2818 4607 jucunditate
2869 4536 2978 4589 aut
3029 4529 3442 4594 delectatione

1954 4625 2332 4707 principiata
2374 4624 2454 4687 ab
2502 4626 2592 4687 eis
2643 4634 2712 4687 ut
2755 4634 2903 4687 sunt
2946 4627 3259 4692 distinctae
3305 4650 3443 4711 per-

1952 4742 2120 4785 sonae
2166 4742 2204 4784 a
2252 4722 2490 4803 Spiritu
2542 4724 2816 4785 Sancto:
2861 4725 2979 4787 hoc
3025 4745 3297 4808 namque
3346 4736 3441 4789 est

1953 4820 2284 4903 proprium
2317 4821 2588 4902 Spiritus
2630 4822 2840 4883 Sancti
2881 4824 3082 4905 magis
3114 4843 3304 4904 quam
3335 4844 3442 4905 ap-

1954 4920 2370 5001 propriatum,
2424 4939 2622 5001 quum
2675 4920 3035 4982 includatur
3085 4922 3149 4982 in
3199 4922 3440 4984 ratione

1952 5018 2187 5079 amoris
2242 5018 2588 5098 personalis
2638 5026 2826 5098 atque
2876 5017 3136 5098 spirati3
3188 5020 3296 5080 sed
3347 5021 3441 5082 in-

1952 5116 2259 5197 telligitur
2320 5116 2397 5177 de
2456 5116 2868 5177 delectatione
2927 5122 2990 5175 ct
3043 5115 3442 5196 jucunditate

1954 5233 2079 5296 qua
2116 5214 2296 5275 Pater
2333 5221 2395 5274 et
2437 5212 2628 5274 Filius
2669 5211 3019 5274 sormaliter
3058 5223 3208 5276 sunt
3249 5214 3438 5289 beati,

1953 5331 2095 5392 quae
2146 5309 2494 5372 includitur
2540 5310 2602 5371 in
2655 5327 2868 5370 amore
2923 5311 3244 5374 essentiali
3290 5330 3304 5375 ε
3347 5315 3440 5377 sic
