4359 6250
129 2379 228 2421 Luc.
248 2393 292 2428 v,
319 2383 366 2422 6.

113 2782 238 2824 Dent.
255 2795 290 2838 1,
311 2785 379 2825 tt.

132 3178 212 3221 loa
231 3191 382 3226 xuni,

974 515 1060 561 AN
1101 514 1325 561 citurus
1367 515 1440 560 ΕΤ
1481 515 1870 561 munnulus
1913 515 2005 561 SIT
2043 516 2327 564 Nummus
2370 519 2965 565 PRAEnsssrlNATonmt
3018 571 3023 578 ‚

3403 496 3521 562 517

412 682 600 746 liberi
650 693 858 748 exstat
905 686 1174 760 arbitrii,
1224 693 1288 746 et
1337 693 1546 768 potest
1603 683 1997 767 praeceptaA
2027 686 2398 750 destinatus.
2450 724 2531 734 -
2578 688 2645 751 Si
2691 707 2842 752 vero
2892 689 2985 752 sic
3032 695 3353 769 arguatur,
3402 688 3524 750 Iste

413 781 525 844 Dei
579 783 851 866 implere
904 803 918 846 :
969 803 1120 865 ergo
1169 790 1377 866 potest
1423 782 1672 846 salvari.
1725 784 1918 845 Multa

411 880 512 943 his
543 882 907 945 consimilia
936 890 1205 965 possunt
1231 888 1602 963 argumenta
1634 881 1912 944 formari.

489 1081 583 1144 Ad
645 1081 780 1144 haec
826 1081 1182 1144 Alexander
1240 1081 1578 1162 respondet
1629 1097 1642 1142 :
1696 1080 1916 1144 Certus

407 1189 504 1243 est
546 1199 856 1242 numerus
899 1179 1246 1242 electorum
1297 1179 1466 1261 apud
1515 1179 1738 1254 Deum,
1781 1180 1916 1241 sive

409 1278 806 1360 intelligatur
860 1279 936 1340 de
999 1295 1268 1340 numero
1329 1286 1726 1351 numerante,
1789 1295 1916 1359 quo

407 1375 658 1439 seilicet
704 1395 1140 1450 numeramus,
1183 1375 1318 1438 sive
1360 1376 1439 1438 de
1489 1394 1755 1438 numero
1804 1395 1916 1438 nu-

408 1482 674 1548 merato,
736 1475 800 1536 id
857 1482 954 1536 est
1010 1475 1088 1536 de
1145 1473 1336 1536 rebus
1394 1474 1744 1536 numeratis
1802 1491 1915 1536 seu

407 1572 764 1655 suppositis
823 1571 1307 1654 praedestinatis,
1371 1559 1616 1653 Duplex
1676 1570 1916 1634 etenim

405 1671 674 1752 ponitur
723 1688 1052 1742 numeruS,
1105 1675 1324 1751 utpote
1379 1689 1394 1733 ε
1447 1688 1754 1732 numerus
1802 1689 1916 1732 nu-

405 1789 687 1842 merans,
719 1776 790 1830 ut
831 1769 1076 1841 decem,
1120 1776 1400 1842 centum,
1445 1768 1658 1846 mille3
1699 1776 1764 1830 et
1803 1788 1918 1832 nu-

2025 793 2234 866 potest
2271 804 2411 848 esse
2448 787 2952 868 praedestinatuS,
2985 794 3047 849 et
3079 788 3195 848 iste
3235 793 3331 848 est
3368 805 3527 868 prae-

2025 881 2245 956 scitus,
2280 900 2429 964 ergo
2472 885 2803 966 praescitus
2852 891 3060 966 potest
3105 903 3244 946 esse
3293 884 3529 966 praede-

2026 979 2339 1058 stinatus3
2399 999 2526 1043 non
2586 983 2894 1063 sequitur,
2957 983 3067 1044 sed
3126 988 3223 1043 est
3278 980 3531 1044 fallacia

2025 1078 2374 1140 accidentis
2428 1097 2442 1141 ε
2495 1080 2797 1161 quoniam
2856 1080 3030 1142 aliud
3082 1087 3175 1142 est
3228 1079 3401 1161 loqui
3450 1079 3529 1140 de

2028 1175 2149 1239 isto
2190 1185 2259 1238 ut
2288 1185 2384 1239 est
2424 1178 2563 1250 iste,
2598 1177 2768 1240 aliud
2813 1186 2884 1240 ut
2921 1185 3019 1239 est
3052 1177 3381 1260 praescitus
3421 1184 3532 1239 aut

2028 1277 2529 1358 praedestinatus
2566 1277 2771 1350 Quum
2812 1277 2987 1338 enim
3022 1277 3256 1339 dicitur
3296 1279 3532 1360 praede-

2027 1375 2297 1436 stinatus
2356 1374 2730 1450 formaliter,
2790 1383 3045 1439 notatur
3104 1375 3399 1457 praevisio
3455 1394 3529 1436 ac

2025 1471 2372 1556 praet'initio
2410 1473 2831 1535 immutabilis
2867 1493 2879 1536 ε
2916 1473 3152 1536 idcirco
3182 1491 3311 1536 non
3340 1472 3531 1535 debet

2027 1571 2312 1644 concedi,
2340 1571 2823 1634 Praedestinatus
2855 1579 3062 1654 potest
3091 1571 3401 1642 damnari,
3424 1570 3528 1633 vel

2027 1671 2357 1753 praescitus
2410 1679 2619 1753 potest
2656 1671 2922 1750 salvari3
2964 1671 3075 1734 sed
3126 1679 3333 1754 potest
3379 1689 3527 1733 eon·

2027 1769 2189 1843 cedi,
2214 1770 2335 1832 Iste
2366 1777 2573 1852 potest
2602 1769 2937 1844 salvari,et
2968 1769 3086 1832 iste
3117 1776 3324 1852 potest
3352 1769 3526 1831 dam-

405 1887 626 1931 merus
676 1875 1066 1930 numeratus,
1119 1867 1284 1928 Deus
1332 1874 1546 1929 autem
1593 1868 1917 1948 cognoscit
1952 1869 2000 1930 B
2027 1869 2186 1930 nari.
2222 1904 2301 1913 ——
2329 1869 2473 1931 llaec
2515 1869 2887 1930 Alexander.

405 1965 518 2046 qui
549 1964 989 2036 salvabuntur,
1009 1971 1072 2025 et
1103 1972 1258 2045 quot
1287 1964 1736 2028 salvabuntur:
1760 1965 1915 2028 alias

405 2063 550 2142 ejus
583 2063 854 2124 scientia
881 2061 1016 2124 falli
1050 2069 1266 2143 posset
1293 2069 1402 2124 aut
1433 2062 1684 2144 persici,
1709 2063 1914 2125 minui

405 2169 516 2223 aut
557 2160 799 2242 augeri.

490 2259 555 2322 Si
613 2267 828 2321 autem
879 2259 1241 2341 objiciatur,
1298 2259 1450 2340 quia
1508 2278 1702 2341 super
1753 2260 1914 2322 illud

407 2358 597 2420 Lucae
658 2358 905 2439 quinto,
969 2358 1408 2440 Rumpebatur
1473 2365 1627 2432 rete,
1693 2359 1920 2421 asserit

408 2456 630 2520 Glossa
677 2476 694 2520 :
739 2455 878 2518 Non
927 2463 1018 2518 tot
1066 2455 1304 2518 intrant
1356 2456 1434 2518 de
1481 2456 1713 2520 Judaeis
1761 2465 1917 2539 quot

408 2564 558 2618 sunt
603 2555 1054 2638 praedestinati.
1091 2555 1253 2636 Ergo
1300 2555 1502 2616 minui
1554 2563 1760 2637 potest
1802 2576 1917 2617 nu-

409 2673 626 2717 merus
669 2654 1038 2717 electorum.
1075 2689 1152 2699 -—
1191 2654 1476 2736 Insuper,
1520 2673 1707 2735 super
1754 2654 1912 2716 illud

408 2752 910 2826 Deuteronomii,
933 2751 1136 2814 Addat
1164 2752 1472 2814 Dominus
1505 2753 1668 2814 Deus
1699 2760 1914 2815 noster

408 2852 486 2914 ad
529 2852 704 2914 hunc
741 2869 1084 2912 numerum
1126 2850 1326 2912 multa
1366 2850 1588 2924 millia,
1621 2850 1711 2912 ait
1743 2851 1916 2914 Glos-

409 2969 480 3012 sa
511 2967 526 3012 :
563 2949 656 3012 Ad
692 2949 865 3011 hunc
895 2967 1236 3010 numerum
1267 2946 1608 3010 definitum
1650 2949 1714 3010 in
1759 2969 1914 3031 prae-

2117 1967 2235 2041 Qui
2294 1967 2504 2030 denuo
2567 1969 2630 2030 in
2691 1968 2813 2029 alia
2878 1968 3249 2050 quaestione,
3310 1967 3530 2030 videli-

2029 2073 2156 2140 cet,
2214 2085 2294 2128 an
2360 2066 2629 2129 effectus
2692 2066 3269 2149 praedestinationis
3328 2067 3531 2148 possit

2029 2165 2285 2239 cassari,
2318 2166 2396 2227 de
2427 2165 2527 2227 his
2562 2165 2865 2227 diffusius
2906 2165 3131 2228 scribit
3167 2183 3181 2227 :
3215 2166 3405 2239 DeuS,
3440 2167 3531 2228 in-

2029 2263 2279 2344 quiens,
2333 2271 2541 2344 potest
2594 2281 2914 2345 apponere
2966 2263 3233 2346 gratiam
3294 2263 3529 2345 quibus

2029 2380 2158 2424 non
2216 2363 2501 2445 apponit,
2555 2370 2619 2424 et
2674 2362 3045 2424 subtrahere
3104 2361 3341 2443 quibus
3398 2380 3526 2425 non

2029 2459 2362 2522 subtrahit.
2406 2461 2536 2523 Hoc
2585 2478 2734 2541 ergo
2781 2461 2858 2522 de
2908 2459 3197 2542 possibili
3248 2477 3415 2542 pono
3459 2460 3524 2523 in

2027 2577 2166 2620 esse
2204 2576 2217 2618 :
2254 2576 2404 2640 ergo
2448 2576 2574 2620 non
2625 2559 3104 2640 praedestinatus
3152 2557 3521 2632 salvabitur,

2027 2664 2090 2718 et
2135 2657 2619 2739 praedestinatus
2660 2656 3081 2718 damnabitur.
3116 2657 3173 2718 Is
3211 2656 3383 2718 enim
3430 2656 3524 2718 in-

2027 2754 2394 2817 dubitanter
2441 2755 2739 2828 salvatur,
2772 2754 2877 2816 cui
2922 2755 3121 2835 gratia
3171 2753 3385 2817 finalis
3436 2754 3527 2816 in-

2026 2852 2359 2931 fundit-ur3
2400 2862 2462 2915 et
2502 2852 2608 2914 ille
2652 2870 2767 2934 pro
2810 2859 2983 2916 certo
3022 2854 3379 2927 damnatur,
3420 2853 3525 2914 cui

2024 2950 2226 3031 gratia
2270 2949 2381 3013 illa
2425 2950 2837 3012 subtrahitur.
2883 2951 2973 3012 Ad
3024 2950 3143 3012 hoc
3187 2951 3527 3032 respondet

408 3047 680 3110 scientia
737 3046 849 3108 Dei
906 3046 1216 3108 Dominus
1272 3046 1478 3107 addat.
1539 3081 1621 3092 --
1679 3046 1915 3108 Simili·
1947 3047 1990 3111 C
2023 3050 2337 3132 Magister,
2371 3051 2541 3133 quod
2581 3050 2647 3112 in
2681 3069 2872 3112 sensu
2906 3050 3257 3133 composito
3297 3051 3529 3132 impos-

408 3156 526 3221 ter,
579 3166 774 3229 super
821 3145 981 3208 illud
1027 3146 1166 3221 Job,
1221 3146 1513 3210 Conteret
1572 3147 1804 3211 multos
1854 3156 1917 3210 et

409 3244 938 3318 innumerabileS,
993 3252 1057 3306 et
1113 3252 1279 3307 stare
1338 3245 1527 3307 faciet
1582 3245 1739 3308 alios
1798 3263 1916 3327 pro

407 3344 526 3418 eis,
577 3343 738 3406 dicit
785 3342 1005 3406 Glossa
1055 3362 1070 3407 ε
1121 3342 1358 3405 Locum
1409 3344 1576 3415 vitae,
1628 3343 1770 3406 aliis
1819 3364 1916 3406 ca-

408 3442 733 3517 dentibus,
772 3441 882 3504 alii
921 3441 1293 3504 sortiuntur.
1328 3478 1408 3486 —
1438 3441 1750 3524 AmpliuS,
1785 3460 1916 3503 om-

406 3541 511 3606 nis
557 3542 752 3603 homo
801 3540 1010 3603 facere
1055 3547 1264 3622 potest
1305 3540 1475 3621 quod
1528 3540 1594 3601 in
1643 3558 1711 3602 se
1756 3549 1852 3603 est
1896 3561 1909 3605 :

403 3657 559 3723 ergo
609 3646 819 3721 potest
864 3639 1116 3712 salvari,
1167 3638 1470 3720 quoniam
1521 3638 1770 3700 nullum
1821 3640 1914 3701 sic

404 3746 704 3821 agentem
748 3737 984 3800 deserit
1024 3738 1210 3800 Deus.

474 3838 832 3901 Dicendum
863 3838 940 3899 ad
973 3837 1243 3919 primam
1274 3837 1912 3919 auctoritatem,quod

407 3937 688 3999 refertur
713 3936 792 3998 ad
825 3935 1108 3997 diversos
1139 3943 1338 3997 status
1365 3936 1746 4000 Judaeorum.
1771 3937 1914 4010 Qui-

406 4038 554 4099 dam
605 4035 782 4098 enim
829 4035 1191 4097 Judaeorum
1239 4034 1501 4097 fuerunt
1542 4035 1620 4097 ad
1669 4034 1789 4099 hoc
1838 4054 1912 4097 ac

403 4136 620 4198 taliter
650 4132 1108 4216 praedestinati,
1143 4140 1212 4193 ut
1243 4134 1574 4197 crederent
1604 4134 1671 4196 in
1703 4135 1912 4216 primo

2024 3148 2212 3211 sibile
2261 3158 2357 3211 est
2400 3149 2916 3232 praedestinatum
2968 3168 3094 3211 non
3142 3149 3395 3222 salvari,
3436 3149 3529 3209 vi-

2024 3248 2256 3310 delicet
2287 3248 2604 3330 loquendo
2645 3248 2723 3309 de
2764 3247 3055 3328 subjecto
3096 3267 3243 3309 cum
3284 3246 3523 3327 lorma3

2023 3346 2116 3407 sic
2147 3364 2401 3428 quoque
2434 3345 2831 3428 impossibile
2862 3353 2959 3407 est
2990 3346 3354 3427 praescitum
3396 3363 3523 3408 non

2023 3443 2329 3505 damnari.
2366 3445 2435 3505 In
2475 3463 2665 3506 sensu
2705 3452 2918 3505 autem
2958 3444 3163 3506 diviso
3207 3443 3527 3525 praedesti-

2024 3549 2208 3603 natus
2254 3550 2460 3624 potest
2505 3541 2814 3616 damnari,
2848 3549 2909 3602 et
2957 3541 3285 3622 praescitus
3326 3540 3525 3602 salva-

2023 3640 2077 3701 ri
2112 3657 2126 3701 ε
2162 3640 2313 3721 quia
2350 3640 2754 3721 suppositum
2801 3639 2956 3700 illud
2999 3646 3067 3699 ut
3100 3639 3219 3699 tale
3258 3656 3331 3699 ac
3367 3637 3523 3700 libe-

2024 3756 2166 3799 rum
2211 3736 2453 3799 habens
2496 3736 2831 3798 arbitrium
2879 3755 3005 3799 non
3045 3734 3519 3809 confirmatum,

2024 3844 2232 3919 potest
2273 3835 2622 3915 transgredi
2665 3844 2729 3897 et
2773 3835 3000 3917 perire.
3030 3871 3110 3879 —
3140 3834 3261 3896 Sed
3304 3853 3523 3895 rursus

2021 3934 2327 4015 objicitur
2358 3954 2373 3997 :
2407 3933 2673 3996 Omnem
2715 3933 3232 4014 praedestinatum
3264 3950 3524 3993 necesse

2021 4042 2118 4096 est
2166 4032 2433 4110 salvari3
2479 4032 2595 4093 iste
2644 4039 2741 4093 est
2790 4031 3273 4112 praedestinatus
3318 4051 3331 4093 :
3374 4048 3525 4111 ergo

2021 4150 2281 4194 necesse
2330 4138 2427 4192 est
2473 4148 2620 4191 eum
2676 4129 2926 4191 salvari.
2979 4130 3134 4192 Item
3190 4146 3203 4191 :
3255 4129 3523 4192 Omnem

407 4234 643 4297 Christi
694 4233 1004 4311 adventu3
1045 4232 1304 4312 quidam
1357 4240 1428 4293 ut
1475 4232 1644 4294 circa
1692 4252 1914 4294 secun·
1942 4230 1992 4292 D
2023 4228 2510 4292 immutabiliter
2553 4227 2926 4290 salvandum
2973 4246 3231 4291 necesse
3273 4234 3369 4290 est
3407 4228 3525 4290 sal-

406 4332 564 4393 dum
619 4330 760 4411 ejus
809 4330 1072 4392 credant.
1118 4330 1479 4392 adventum.
1520 4331 1738 4412 Itaque
1785 4349 1911 4393 non

409 4437 499 4492 tot
538 4448 616 4491 ex
653 4428 884 4492 Judaeis
925 4428 1334 4490 crediderunt
1373 4428 1438 4489 in
1480 4428 1799 4491 Christum
1847 4429 1911 4491 in

411 4526 742 4610 primitiva
769 4525 1077 4599 Ecclesia,
1111 4534 1265 4607 quot
1293 4544 1370 4587 ex
1398 4527 1759 4589 Judaeorum
1790 4530 1914 4611 ple·

407 4626 489 4689 be
539 4632 694 4688 sunt
739 4623 1167 4706 praedestinati
1222 4644 1237 4686 ε
1290 4624 1440 4706 quia
1501 4624 1772 4688 instante
1820 4647 1915 4689 se-

407 4723 622 4788 cundo
671 4722 900 4785 Christi
957 4723 1258 4795 adventu,
1312 4721 1497 4784 multi
1547 4724 1806 4785 credent
1853 4732 1916 4785 et.

405 4822 844 4887 salvabuntur.
893 4857 978 4867 —
1024 4820 1180 4883 Aliae
1227 4821 1634 4883 auctoritates
1685 4821 1916 4883 intelli-

407 4929 651 5001 guntur
679 4919 760 4980 de
789 4937 1056 4982 numero
1086 4926 1396 5000 quantum
1429 4919 1505 4980 ad
1541 4926 1914 5000 praesentem

409 5016 752 5099 justitiam,
805 5024 993 5098 atque
1054 5018 1132 5079 de
1181 5016 1310 5078 vita
1366 5017 1603 5097 gratiae,
1655 5035 1780 5079 non
1841 5019 1918 5080 de

413 5116 546 5179 vita
596 5115 815 5196 gloriae
863 5123 927 5177 et
972 5116 1050 5178 de
1100 5132 1331 5177 corona
1377 5114 1660 5196 justitiae.
1694 5152 1774 5160 —
1818 5116 1920 5177 Sic

414 5229 676 5294 quoque
725 5211 1092 5285 dicendum,
1143 5212 1312 5292 quod
1363 5211 1484 5273 iste
1530 5211 1922 5294 quicumque

417 5310 626 5374 viator
671 5316 882 5390 potest
923 5309 1176 5382 salvari,
1219 5317 1284 5371 et
1327 5316 1534 5391 potest
1581 5328 1720 5372 esse
1771 5330 1924 5392 prae-

2021 4328 2194 4406 vari3
2248 4326 2365 4388 iste
2426 4324 2913 4387 immutabiliter
2959 4333 3055 4387 est
3112 4325 3449 4388 salvandus
3504 4344 3518 4388 :

2021 4444 2170 4507 ergo
2221 4444 2479 4487 necesse
2535 4430 2631 4485 est
2680 4423 2875 4486 istum
2934 4423 3182 4485 salvari.
3235 4424 3523 4487 Probatio

2024 4524 2305 4605 majoris.
2347 4521 2837 4585 Immutabiliter
2879 4530 2973 4583 est
3016 4523 3519 4604 praedestinatuS,

2023 4624 2134 4707 qui
2181 4622 2304 4684 suit
2342 4622 2422 4683 ab
2460 4629 2695 4683 aeterno
2740 4620 3220 4702 praedestinatus
3259 4629 3323 4683 et·
3360 4640 3521 4684 sem-

2026 4742 2138 4805 per
2185 4720 2307 4784 erit
2348 4720 2830 4804 praedestinatus
2874 4726 2937 4780 et
2976 4736 3103 4780 non
3148 4727 3355 4801 potest
3396 4738 3523 4782 non

2025 4839 2161 4882 esse
2216 4818 2717 4902 praedestinatus
2766 4816 2927 4897 Ergo
2976 4824 3071 4877 est
3114 4816 3526 4878 immutabili-

2027 4927 2123 4980 ter
2153 4916 2638 5000 praedestinatus
2674 4936 2685 4977 :
2722 4931 2871 4994 ergo
2902 4913 3387 4976 immutabiliter
3414 4915 3527 4977 sal·

2029 5018 2291 5079 vandus.
2326 5013 2783 5096 Respondetur,
2817 5012 2987 5093 quod
3033 5012 3097 5073 in
3139 5011 3241 5073 his
3279 5023 3342 5075 et
3380 5031 3525 5075 con-

2029 5114 2348 5177 similibus
2391 5110 2820 5176 locutionibus
2860 5110 3043 5171 aliter
3081 5118 3175 5172 est
3215 5130 3413 5191 quum
3450 5112 3529 5174 sit

2030 5230 2238 5274 sermo
2274 5211 2351 5273 de
2386 5208 2715 5291 supposito
2746 5214 3027 5286 tantum3
3069 5215 3132 5269 et
3160 5208 3344 5271 aliter
3373 5210 3528 5273 dum

2030 5309 2108 5372 fit
2147 5326 2358 5371 sermo
2396 5308 2473 5371 de
2512 5305 2843 5388 supposito
2884 5324 3033 5368 cum
3075 5305 3281 5369 forma
3314 5325 3327 5370 ε
3364 5309 3529 5372 sicut
