4359 6250
512 505 599 550 AN
640 505 887 551 Kouma
928 505 1061 550 ism
1104 502 1281 549 nic-u
1326 502 1404 547 nn
1445 501 1564 547 nno
1604 500 1683 544 nx
1726 498 2024 552 murone,
2060 498 2398 544 ousiam-:NT
2439 497 2700 543 nivium
2741 497 3101 553 assumunt,
3137 495 3264 540 iii-c,
3331 474 3446 539 301

367 673 701 737 terminum
754 694 868 736 seu
913 674 1210 735 ultimum
1258 672 1479 734 finem.
1526 671 1585 734 Si
1642 670 1851 752 primo
1880 668 1931 730 A
1960 668 2496 750 quemadmodum
2555 667 2786 749 aliquis
2844 673 3050 748 potest
3100 664 3452 744 intelligere

368 771 562 844 mod0‚
600 773 721 834 hoc-
762 773 1073 853 contingit
1106 771 1448 853 dupliciter
1482 787 1496 832 z
1530 777 1639 831 aut
1676 768 1850 830 enim

368 870 614 951 propria
658 871 1105 951 praedicatione
1146 869 1449 952 praedicat
1491 867 1731 948 aliquid
1772 867 1849 927 de

366 968 481 1030 Deo
521 986 603 1029 ex
650 977 935 1050 tempore
978 969 1147 1050 quod
1196 966 1484 1048 designat
1533 964 1853 1027 habitudi-

366 1085 495 1127 nem
524 1066 833 1148 principii
866 1067 943 1128 ad
976 1065 1455 1147 principiatum3
1476 1071 1584 1125 aut
1608 1062 1849 1144 aliquid

366 1165 519 1245 quod
562 1165 855 1245 designat
894 1165 1105 1246 ipsum
1147 1163 1603 1245 principiatum
1632 1179 1669 1222 a
1698 1161 1846 1234 Dec,

366 1269 426 1323 ut
470 1262 728 1343 quando
781 1261 1149 1344 praedicatio
1200 1269 1294 1322 est
1350 1279 1463 1342 per
1518 1277 1772 1321 causam
1830 1275 1843 1318 :

364 1360 515 1422 sicut
548 1361 703 1422 dum
736 1361 993 1434 dicitur,
1028 1361 1192 1422 Deus
1223 1367 1320 1421 est
1350 1377 1495 1440 spes
1526 1365 1756 1420 nostra.
1784 1356 1847 1418 Si

366 1457 562 1538 primo
596 1459 803 1533 mod0,
839 1457 959 1520 hoc
999 1456 1311 1537 contingit
1340 1455 1698 1537 dupliciter.
1725 1455 1850 1516 Ali-

363 1557 608 1636 quando
651 1557 825 1617 enim
867 1573 1099 1618 nomen
1146 1555 1498 1636 imponitur
1536 1554 1613 1615 ad
1660 1551 1851 1633 signi-

364 1652 681 1715 ficandum
733 1653 1177 1715 habitudinem
1231 1652 1461 1733 ipsam,
1516 1651 1681 1712 sicut
1728 1650 1848 1712 hoc

362 1768 607 1824 nomen,
641 1751 970 1824 DominuS,
1001 1759 1063 1812 et
1092 1749 1485 1830 hujusmodi,
1519 1768 1661 1830 quae
1701 1755 1849 1810 sunt

1958 775 2069 828 aut
2100 765 2428 829 nominare
2469 767 2667 826 Deum
2706 773 2815 827 aut
2850 765 3314 846 paternitatem.
3352 763 3454 823 Se-

1962 866 2192 938 cundo,
2227 883 2422 946 penes
2467 864 3032 944 exemplaritatem,
3065 870 3136 923 ut
3181 862 3246 923 in
3288 879 3457 922 crea-

1962 963 2134 1025 tione
2185 981 2398 1024 rerum
2440 968 2535 1023 est
2578 962 2939 1023 terminatio
2989 961 3052 1021 in
3092 959 3456 1022 similitudi-

1962 1079 2109 1122 nem
2156 1060 2594 1123 essentialium
2637 1060 3110 1132 attributorum,
3151 1066 3342 1141 atque
3388 1058 3454 1118 in

1960 1159 2240 1221 caritatis
2291 1158 2611 1220 infusione
2659 1165 2754 1219 est
2798 1157 3159 1221 terminatio
3208 1174 3454 1238 proces-

1961 1257 2157 1318 sionis
2200 1256 2566 1337 temporalis
2611 1255 2884 1336 Spiritus
2930 1256 3160 1317 Sancti.
3203 1255 3315 1316 Vel
3359 1261 3455 1316 est

1960 1356 2324 1418 terminatio
2369 1349 2722 1417 secundum
2766 1374 2926 1428 esse,
2961 1362 3023 1416 et
3066 1354 3184 1416 iste
3229 1352 3454 1414 modus

1962 1462 2055 1516 est
2101 1454 2441 1534 singularis
2491 1453 2556 1514 in
2602 1453 3060 1526 lncarnatione,
3103 1470 3217 1532 per
3258 1469 3451 1531 quam

1960 1552 2240 1614 humana
2289 1560 2512 1613 natura
2559 1558 2886 1632 assumpta
2933 1558 3029 1612 est
3077 1550 3153 1612 ad
3203 1568 3342 1612 esse
3391 1556 3452 1610 et

1962 1651 2271 1712 unitatem
2319 1651 2552 1712 divinae
2601 1668 2908 1731 personae,
2951 1667 3079 1712 non
3127 1649 3204 1710 ad
3257 1647 3456 1710 unita-

1962 1757 2089 1811 tem
2120 1749 2352 1810 divinae
2383 1757 2640 1810 naturae.
2661 1748 2896 1809 Verum
2929 1747 3048 1809 ista
3077 1747 3296 1809 relatio
3329 1765 3454 1828 qua

362 1849 613 1910 relativa
652 1849 1004 1911 secundum
1046 1867 1185 1910 esse
1221 1868 1235 1911 ε
1269 1857 1333 1910 et
1373 1848 1522 1909 talia
1563 1847 1731 1908 dicta
1770 1846 1847 1908 de
1884 1842 1931 1904 B
1961 1846 2235 1909 refertur
2282 1855 2570 1908 creatura
2617 1847 2694 1908 ad
2743 1847 2942 1908 Deum
2991 1845 3158 1907 sicut
3204 1847 3282 1907 ad
3333 1852 3453 1907 ter-

362 1947 497 2020 Deo,
532 1955 683 2009 sunt
712 1947 973 2029 quidem
1016 1947 1300 2020 relativa,
1335 1945 1637 2028 quoniam
1679 1953 1743 2006 et
1770 1962 1848 2006 ex

363 2046 559 2126 primo
606 2062 722 2107 suo
771 2045 1099 2107 intellectu
1148 2045 1481 2125 designant
1532 2043 1848 2105 habitudi-

364 2162 499 2204 nem
530 2163 673 2226 quae
702 2151 799 2204 est
828 2143 1181 2204 secundum
1223 2143 1533 2204 rationem
1575 2142 1639 2202 in
1681 2142 1845 2218 Deo;

361 2250 417 2301 et
442 2261 516 2303 ex
548 2241 961 2322 consequenti
994 2241 1331 2321 designant
1358 2239 1722 2313 essentiam,
1757 2257 1849 2301 se-

364 2340 633 2402 cundum
676 2340 847 2422 quod
890 2339 1032 2400 talis
1078 2339 1385 2402 habitudo
1429 2338 1733 2400 fundatur
1780 2338 1846 2399 in

364 2439 565 2520 aliquo
595 2438 919 2500 essentiali
957 2438 1021 2499 in
1054 2439 1200 2500 Deo.
1234 2438 1595 2519 Aliquando
1633 2444 1843 2498 autem

364 2553 583 2598 nomen
624 2537 979 2618 imponitur
1005 2536 1084 2597 ad
1120 2536 1617 2617 significandum
1650 2535 1712 2596 id
1744 2555 1847 2596 su-

364 2653 466 2714 per
492 2635 661 2716 quod
694 2634 999 2696 fundatur
1030 2634 1356 2706 habitudo,
1392 2634 1560 2696 sicut
1589 2634 1710 2695 hoc
1741 2650 1847 2696 no-

364 2750 519 2806 men,
550 2733 839 2806 scientia,
874 2733 1197 2813 significat
1236 2732 1608 2814 qualitatem
1652 2750 1843 2812 quam

362 2829 634 2910 sequitur
666 2839 995 2912 respectus
1024 2830 1285 2913 quidam
1315 2830 1392 2891 ad
1424 2829 1668 2891 scibile.
1686 2830 1845 2892 Hinc

362 2926 473 2990 ista
504 2945 627 2990 non
664 2936 815 2990 sunt
852 2929 1115 2992 relativa
1154 2928 1507 2991 secundum
1538 2947 1698 3003 esse,
1734 2929 1842 2990 sed

1961 1945 2233 2018 minum,
2269 1945 2540 2007 includit
2575 1963 2652 2006 ex
2693 1943 3106 2026 consequenti
3148 1945 3211 2005 in
3253 1961 3320 2005 se
3359 1962 3453 2005 re-

1963 2044 2262 2106 lationem
2311 2063 2454 2126 quae
2502 2051 2600 2105 est
2644 2043 2722 2104 ad
2771 2042 2972 2104 Deum
3025 2049 3325 2125 tanquam
3373 2042 3451 2104 ad

1959 2142 2373 2224 principium.
2410 2142 2582 2205 Unde
2616 2141 2682 2204 in
2711 2140 3012 2204 omnibus
3051 2160 3192 2222 quae
3230 2141 3454 2202 dicun-

1959 2248 2063 2300 tur
2092 2241 2171 2302 de
2204 2242 2329 2301 Deo
2361 2240 2713 2301 secundum
2744 2239 3188 2301 habitudinem
3217 2238 3294 2300 ad
3327 2257 3458 2299 cre-

1958 2346 2204 2400 aturam
2253 2357 2331 2400 ex
2379 2355 2454 2400 eo
2500 2340 2670 2419 quod
2721 2344 3007 2400 creatura
3067 2337 3339 2399 refertur
3385 2337 3451 2397 in

1960 2436 2159 2498 Deum
2204 2437 2370 2498 sicut
2412 2437 2476 2498 in
2517 2437 2886 2510 terminum,
2923 2435 3451 2497 considerandum

1958 2543 2054 2597 est
2083 2535 2253 2616 quod
2293 2542 2602 2616 quantum
2641 2535 2719 2596 ad
2759 2533 3200 2596 habitudinem
3243 2535 3454 2596 termi-

1957 2633 2047 2706 ni,
2090 2641 2358 2714 possunt
2403 2633 2742 2694 convenire
2793 2633 2904 2694 uni
2948 2640 3194 2694 tantum
3244 2650 3454 2714 perso-

1957 2749 2085 2810 nae3
2120 2732 2232 2793 sed
2271 2731 2431 2793 ratio
2461 2731 2765 2812 principii
2803 2751 2944 2812 quae
2975 2731 3063 2792 ibi
3105 2731 3456 2793 includitur

1956 2849 2033 2892 ex
2066 2830 2505 2912 consequenti,
2524 2828 2640 2891 toti
2671 2829 2968 2891 convenit
2998 2829 3307 2892 Trinitati.
3331 2829 3456 2892 Sic-

1956 2947 2081 3011 que
2112 2929 2463 2991 secundum
2496 2927 2934 2990 habitudinem
2964 2946 3157 2990 unam
3189 2934 3455 3010 possunt

362 3026 555 3088 solum
595 3027 953 3089 secundum
994 3026 1121 3087 dici
1164 3043 1178 3088 :
1222 3025 1365 3089 ideo
1406 3026 1845 3108 principaliter
1882 3027 1925 3090 C
1957 3027 2300 3108 importare
2343 3027 2739 3089 intellectum
2786 3044 3090 3108 personae,
3129 3035 3192 3090 et
3231 3046 3452 3089 secun-

364 3124 691 3207 important
740 3144 877 3187 rem
926 3124 1187 3187 alterius
1238 3125 1736 3205 praedicamenti‚
1782 3132 1845 3187 et

362 3242 435 3285 ex
457 3224 860 3306 consequenti
893 3231 1113 3286 notant
1140 3223 1525 3286 relationem.
1545 3224 1634 3286 Ita
1657 3225 1845 3285 etiam

364 3330 449 3382 est
484 3322 545 3384 in
583 3322 735 3396 Deo,
779 3329 851 3384 ut
892 3328 1063 3403 patet
1101 3322 1169 3383 in
1218 3322 1477 3383 nomine
1526 3321 1668 3395 hoc,
1712 3340 1845 3384 cre-

362 3427 505 3493 ator,
557 3421 729 3502 quod
795 3420 1151 3501 imponitur
1207 3419 1287 3481 ad
1346 3419 1843 3500 significandum

363 3518 659 3581 actionem
720 3518 1028 3592 divinam,
1090 3536 1231 3600 quae
1292 3525 1388 3580 est
1449 3518 1559 3580 Dei
1628 3536 1844 3581 essen-

363 3615 443 3676 tia
472 3632 485 3677 :
516 3636 705 3698 quam
745 3616 1064 3677 actionem
1102 3615 1504 3697 consequitur
1540 3615 1846 3679 habitudo

366 3714 633 3792 quaedam
681 3714 763 3775 ad
811 3720 1184 3775 creaturam.
1232 3714 1308 3775 Et
1354 3714 1475 3775 ista
1511 3714 1845 3795 designant

366 3810 626 3874 divinam
663 3812 1029 3885 essentiam,
1070 3820 1135 3873 et
1172 3830 1249 3873 ex
1291 3812 1705 3895 consequenti
1752 3832 1845 3875 re-

367 3918 635 3989 spectum
665 3911 745 3972 ad
777 3918 1151 3971 creaturam.
1187 3908 1428 3972 Similis
1460 3911 1621 3973 ratio
1650 3918 1745 3973 est
1776 3911 1841 3973 in

371 4006 483 4069 illis
535 4009 601 4070 in
658 4008 897 4091 quibus
953 4015 1048 4069 est
1109 4008 1473 4089 praedicatio
1526 4027 1640 4090 per
1691 4027 1841 4071 cau-

372 4124 511 4180 sam,
559 4106 864 4188 quoniam
915 4106 1067 4167 tales
1118 4106 1469 4169 locutiones
1520 4107 1842 4169 resolvun-

1955 3127 2110 3187 dum
2135 3126 2579 3188 habitudinem
2605 3126 2795 3187 aliam
2825 3126 3220 3188 intellectum
3249 3144 3456 3188 essen-

1957 3224 2059 3286 tiae
2094 3241 2107 3285 :
2152 3231 2225 3285 ut
2261 3243 2460 3307 quum
2501 3223 2737 3285 dicitur
2778 3224 3163 3299 incarnatus,
3198 3225 3317 3286 hoc
3360 3242 3454 3287 so·

1958 3322 2091 3383 lum
2123 3322 2420 3384 convenit
2445 3322 2616 3393 Filio,
2634 3322 2937 3404 quoniam
2967 3322 3172 3386 solum
3203 3325 3281 3385 ad
3311 3322 3450 3403 ejus

1957 3438 2294 3500 personam
2334 3426 2428 3481 est
2466 3418 2822 3481 Incarnatio
2864 3421 3219 3495 terminata,
3256 3439 3449 3503 quam

1957 3525 2169 3580 tamen
2215 3525 2344 3579 tota
2387 3517 2657 3579 Trinitas
2700 3516 2870 3579 fecit.
2915 3519 3057 3582 Haec
3100 3519 3388 3581 Thomas.

2038 3616 2387 3679 Concordat
2419 3616 2636 3678 Petrus
2663 3633 2676 3677 :
2702 3616 2947 3690 Omnia,
2972 3616 3288 3699 inquienS,
3309 3636 3451 3699 quae

1956 3713 2258 3776 dicuntur
2286 3715 2365 3776 de
2398 3715 2524 3776 Deo
2556 3732 2633 3775 ex
2668 3720 2974 3795 tempore,
3008 3714 3450 3776 habitudinem

1957 3813 2067 3875 Dei
2104 3814 2183 3875 ad
2226 3819 2578 3875 creaturam
2619 3812 2964 3894 important
3003 3831 3117 3894 per
3145 3812 3450 3876 effectum

1956 3912 2023 3973 in
2053 3919 2342 3974 creatura
2372 3918 2732 3989 causatum3
2764 3918 2827 3972 et
2856 3911 3006 3993 quia
3038 3910 3308 3973 effectus
3340 3912 3450 3974 ille

1952 4011 2308 4073 communis
2345 4017 2440 4073 est
2470 4009 2676 4071 tribus
2707 4010 3016 4091 personiS,
3050 4010 3192 4073 ideo
3222 4011 3453 4092 princi-

1953 4109 2181 4191 paliter
2223 4108 2556 4189 designant
2599 4108 2879 4170 divinam
2928 4109 3288 4170 essentiam.
3333 4108 3452 4171 Ho-

378 4210 465 4263 tur
505 4204 569 4265 in
625 4204 1033 4266 habitudines
1091 4221 1316 4278 causae,
1370 4212 1441 4265 ut
1488 4224 1686 4286 quum
1743 4206 1839 4267 di·
1871 4210 1921 4272 D
1954 4227 2096 4269 rum
2135 4226 2288 4270 vero
2326 4207 2448 4268 tria
2486 4214 2634 4268 sunt
2667 4225 2917 4287 genera.
2959 4206 3114 4268 Nam
3155 4208 3447 4289 quaedam

140 4300 337 4356 aaut.
379 4300 521 4362 citur
568 4319 581 4363 :
634 4304 801 4365 Deus
848 4310 946 4363 est
994 4302 1297 4383 patientia
1345 4310 1581 4375 nostra,
1634 4303 1696 4365 id
1746 4312 1842 4365 est

381 4414 545 4462 causa
583 4401 903 4483 patientiae
946 4408 1193 4463 nostrai.
1228 4400 1299 4461 In
1341 4401 1642 4463 omnibus
1691 4420 1844 4483 quo-

380 4514 485 4578 que
520 4499 614 4561 his
654 4518 797 4581 quae
836 4498 1137 4561 dicuntur
1166 4499 1245 4561 de
1286 4500 1412 4562 Deo
1440 4518 1517 4561 ex
1555 4507 1843 4582 tempore

379 4602 429 4655 et
466 4595 800 4679 important
847 4596 1288 4659 habitudinem
1339 4597 1642 4679 principii
1692 4599 1841 4661 sim-

381 4692 622 4772 pliciter,
664 4715 891 4759 verum
941 4703 1037 4757 est
1082 4696 1251 4776 quod
1298 4696 1409 4758 toti
1455 4697 1845 4759 conveniunt

380 4788 656 4855 Trinitati.
698 4829 783 4839 —
824 4793 888 4856 Si
938 4810 1091 4855 vero
1139 4793 1574 4856 consideretur
1624 4795 1845 4859 relatio

383 4900 653 4955 creaturae
710 4893 793 4955 ad
846 4892 1205 4955 Creatorem
1266 4892 1430 4953 sicut
1488 4893 1564 4954 ad
1626 4894 1846 4955 termi-

386 5006 537 5063 num,
562 4998 764 5071 potest
796 4990 941 5053 talis
972 4998 1273 5053 creaturae
1304 4990 1524 5053 relatio
1555 4991 1633 5053 ad
1666 4992 1846 5054 Crea-

386 5092 561 5149 torem
607 5108 745 5152 esse
793 5090 873 5152 ad
918 5088 1162 5170 aliquid
1212 5089 1569 5163 essentiale,
1620 5090 1721 5151 vel
1770 5091 1849 5153 ad

388 5182 601 5265 aliquid
646 5187 979 5270 personale
1032 5205 1047 5249 ε
1099 5194 1163 5249 et
1211 5187 1330 5248 hoc
1380 5188 1692 5268 contingit
1743 5188 1849 5251 tri-

392 5280 631 5363 pliciter.
690 5286 923 5361 Prim0‚
980 5286 1331 5349 secundum
1390 5286 1847 5367 operationem,

1952 4313 2296 4370 connotant
2341 4312 2703 4386 respectum
2753 4312 3056 4368 creaturoe
3102 4306 3446 4387 specialem

1951 4405 2029 4467 ad
2079 4405 2294 4466 Deum.
2330 4403 2537 4465 solum
2587 4410 2656 4464 ut
2698 4404 2777 4465 ad
2826 4403 3239 4485 principium,
3281 4405 3449 4467 sicut

1954 4503 2075 4565 hoc
2114 4519 2370 4574 nomen,
2409 4508 2652 4563 creator
2687 4521 2700 4565 ε
2734 4509 2797 4564 et
2835 4502 2968 4564 haec
3008 4502 3122 4564 toti
3157 4502 3448 4564 Trinitati

1956 4600 2360 4663 conveniunt.
2388 4600 2684 4672 Quaedam
2715 4607 3056 4663 connotant
3086 4608 3449 4681 respectum

1956 4706 2256 4762 aeternum
2287 4715 2573 4778 personae
2612 4698 2689 4759 ad
2722 4716 3052 4778 personam
3083 4706 3150 4759 ut
3178 4699 3254 4760 ad
3287 4699 3455 4781 prin-

1957 4795 2223 4878 cipium,
2247 4803 2318 4856 ut
2349 4796 2581 4857 missus
2612 4812 2626 4856 ε
2659 4804 2722 4857 et
2755 4796 2873 4857 ista
2904 4796 3292 4858 conveniunt
3321 4816 3458 4879 per·

1958 4914 2126 4958 sonae
2172 4894 2276 4955 cui
2322 4901 2650 4975 respectus
2694 4893 2802 4955 ille
2846 4894 3142 4957 convenit
3184 4901 3450 4958 tantum.

1958 4992 2253 5066 Quaedam
2285 4998 2628 5053 connotant
2653 4998 3011 5072 respectum
3036 4992 3456 5073 temporalem

1960 5097 2262 5153 creaturae
2319 5089 2811 5151 determinatum
2857 5090 2934 5150 ad
2989 5108 3182 5151 unam
3240 5109 3454 5171 perso·

1962 5207 2129 5263 nam,
2154 5187 2458 5270 quoniam
2490 5194 2830 5249 connotant
2859 5195 3220 5268 respectum
3249 5190 3326 5251 ad
3350 5191 3457 5252 De-

1962 5306 2073 5349 um
2102 5294 2174 5349 ut
2202 5287 2281 5348 ad
2311 5285 2818 5359 terminum‚non
2851 5292 2922 5346 ut
2947 5286 3025 5348 ad
3057 5286 3453 5369 principium
