4359 6250
1011 508 1096 555 AN
1137 508 1362 555 mvmffi:
1405 507 1692 553 ransom:
1735 507 1869 553 surr
1911 506 2027 551 sim
2069 505 2319 551 nwman
2359 505 2742 562 cOAEQUALES,
2784 505 2910 551 mc.
3432 485 3509 548 97

409 673 626 737 simile
655 675 778 738 sihi
815 677 971 759 ipsi;
1007 686 1217 740 tamen
1248 677 1574 758 aequalitas
1604 696 1796 759 supra
1825 675 1905 739 si·
1935 674 1986 737 Α
2017 675 2262 738 sionem
2312 675 2753 738 similitudinis
2796 686 2859 737 et
2906 676 3302 757 {equalitatis
3352 674 3509 737 Nam

408 773 843 836 milit-udinem
884 774 1128 857 aliquid
1169 776 1341 838 addit
1371 784 1435 837 et
1463 793 1602 837 eam
1639 775 1908 837 includit

402 890 609 951 quum
658 872 896 934 dicitur
937 874 1016 935 de
1063 875 1297 935 divinis
1345 874 1654 956 personis
1701 874 1904 947 Quum

400 969 646 1031 etenim
697 970 764 1032 in
813 970 1053 1033 divinis
1105 990 1232 1033 non
1280 972 1362 1033 sit
1414 971 1540 1033 nisi
1589 970 1907 1053 quantitas

401 1067 687 1142 virtutiS,
713 1088 854 1149 quae
885 1068 1192 1131 fundatur
1219 1070 1288 1131 in
1317 1070 1643 1152 qualitate,
1671 1070 1736 1130 in
1770 1068 1908 1130 uni-

401 1172 534 1227 tate
569 1166 709 1228 talis
749 1168 1123 1249 quantitatis
1165 1169 1425 1249 ponitur
1456 1169 1665 1230 unitas
1705 1167 1907 1249 quali-

401 1264 556 1325 tatis
585 1274 646 1326 et
685 1266 974 1347 privatur
1015 1266 1392 1329 intensionis
1433 1285 1751 1329 excessua.
1787 1266 1906 1327 Un-

405 1362 486 1424 de
537 1382 958 1445 quaecumque
1015 1365 1284 1446 aequalia
1341 1372 1489 1426 sunt
1550 1366 1615 1426 in
1675 1364 1905 1437 colore,

406 1468 654 1523 suntet
692 1462 950 1537 similia,
984 1463 1095 1525 sed
1136 1481 1262 1525 non
1305 1464 1713 1525 convertitur.
1751 1462 1909 1523 Hinc

408 1558 860 1621 convenientia
904 1560 1024 1623 ista
1063 1561 1128 1623 in
1173 1562 1410 1623 divinis
1451 1561 1517 1623 in
1559 1559 1908 1623 essentiali-

407 1656 556 1729 huS,
599 1658 812 1739 potius
851 1658 1211 1740 appellatur
1239 1659 1567 1739 aequalitas
1603 1677 1796 1740 quam
1827 1658 1908 1719 si-

409 1754 726 1818 militudo.

2015 776 2309 855 quamvis
2350 782 2636 836 creatura
2675 774 2909 837 dicitur
2948 775 3177 837 similis
3209 773 3507 846 Creatori,

2017 890 2144 935 non
2175 881 2387 935 tamen
2428 880 2701 936 econtra.
2735 873 3033 947 Quamvis
3072 880 3287 935 autem
3326 872 3391 933 in
3423 871 3512 932 di-

2014 971 2181 1033 vinis
2214 971 2501 1053 personis
2532 990 2659 1033 non
2690 972 2818 1033 sint
2847 990 3037 1033 causa
3064 980 3127 1033 et
3158 977 3507 1042 causatum,

2013 1078 2109 1132 est
2159 1078 2372 1133 tamen
2424 1071 2512 1132 ibi
2561 1072 2954 1152 principium
3005 1078 3068 1131 et
3114 1069 3284 1152 quod
3333 1076 3429 1130 est
3476 1087 3513 1129 a

2015 1169 2355 1251 principio.
2411 1170 2709 1242 Quamvis
2760 1187 2910 1250 ergo
2957 1168 3153 1231 Filius
3204 1175 3301 1229 est
3347 1166 3512 1228 Patri

2013 1267 2246 1329 similis
2277 1275 2340 1329 et
2370 1267 2651 1348 aequaliS,
2686 1285 2811 1330 non
2854 1274 3065 1329 tamen
3105 1273 3379 1328 econtra.
3413 1265 3513 1326 Di-

2017 1366 2315 1439 cendum,
2369 1365 2538 1448 quod
2596 1366 2661 1426 B.
2715 1366 3051 1447 Dionysius
3102 1364 3387 1445 loquitur
3434 1363 3511 1425 de

2017 1466 2244 1526 creatis
2311 1473 2375 1527 et
2438 1465 2732 1539 causatiS‚
2796 1484 2939 1545 quae
3004 1482 3165 1527 non·
3195 1463 3513 1545 recipiunt

2017 1563 2297 1645 perfecte
2328 1563 2817 1625 similitudinem
2850 1583 2979 1625 suae
3010 1582 3233 1627 causae.
3262 1598 3343 1607 —
3370 1562 3512 1625 Haec

2017 1661 2287 1724 Thomas
2333 1662 2397 1722 in
2443 1662 2709 1743 Scripto.

2098 1761 2176 1821 At
2219 1778 2369 1822 vero
2413 1760 2480 1821 in
2530 1760 2738 1842 prima
2785 1767 2962 1841 parte
3012 1760 3309 1835 Summae,
3348 1778 3518 1841 quae-

489 1853 601 1915 Est
643 1871 899 1937 quoque
949 1855 1014 1916 in
1060 1854 1294 1917 divinis
1346 1854 1634 1937 personis
1685 1862 1906 1916 mutua
1942 1859 1989 1921 B
2020 1858 2224 1919 stione
2262 1858 2744 1939 quadragesima
2782 1858 3080 1931 secunda,
3116 1857 3463 1920 conscribit
3498 1874 3511 1916 :

404 1953 758 2033 aequalitas,
792 1952 1276 2036 similitudoque
1318 1962 1559 2027 mutua,
1595 1973 1794 2036 quum
1836 1952 1902 2013 in

405 2068 792 2133 unaquaque
821 2070 1042 2112 earum
1083 2052 1165 2113 sit
1195 2052 1477 2134 perfecta
1509 2052 1902 2133 magnitudO,

404 2146 660 2212 bonitas
690 2158 754 2211 et
783 2150 1112 2232 sapientia.
1139 2151 1345 2224 Quum
1377 2150 1550 2212 enim
1581 2150 1906 2231 aequalitas

407 2246 717 2311 fundetur
767 2249 834 2310 in
883 2250 1126 2311 unitate
1173 2249 1570 2331 quantitatis,
1623 2257 1686 2311 et
1733 2248 1908 2309 simi-

409 2346 614 2409 litudo
664 2348 732 2408 in
776 2348 1017 2409 unitate
1061 2348 1406 2427 qualitatis,
1441 2348 1612 2408 idem
1661 2353 1756 2409 est
1802 2346 1912 2407 ali-

408 2446 566 2525 quid
597 2464 740 2507 esse
768 2444 1010 2527 aequale
1042 2446 1244 2515 alteri,
1264 2447 1433 2527 quod
1464 2445 1697 2508 habere
1727 2464 1914 2527 quan-

407 2543 658 2605 titatem
703 2562 816 2605 seu
864 2544 1371 2624 magnitudinem
1419 2544 1597 2625 ejus3
1628 2552 1691 2606 et
1741 2544 1910 2606 idem

404 2649 506 2703 est
546 2661 690 2704 esse
729 2642 940 2704 simile
983 2643 1186 2717 alteri,
1217 2644 1391 2725 quod
1432 2644 1666 2706 habere
1708 2643 1911 2725 quali-

407 2746 606 2802 tatem
667 2740 870 2822 ipsius
925 2758 938 2801 :
992 2749 1055 2803 et
1111 2743 1366 2823 quando
1421 2742 1742 2824 quantitas
1798 2761 1910 2803 seu

405 2838 684 2919 qualitas
713 2846 811 2901 est
839 2839 906 2900 in
939 2846 1206 2921 utroque
1239 2840 1539 2921 perfecta,
1565 2848 1908 2920 utrumque

403 2936 646 2999 dicitur
694 2937 876 2998 alteri
921 2937 1132 2999 simile
1175 2946 1284 2999 aut
1331 2939 1590 3019 aequale.
1627 2938 1911 3012 Quando-

2019 1956 2384 2019 Secundum
2421 1956 2874 2038 Philosophum
2916 1956 3165 2019 decimo
3196 1955 3514 2037 Metaphy-

2018 2056 2188 2130 sicae,
2222 2054 2463 2136 aequale
2508 2055 2743 2117 dicitur
2787 2074 2901 2136 per
2940 2054 3338 2135 negationem
3385 2073 3513 2115 ma·

2014 2154 2170 2234 joris
2200 2162 2263 2215 et
2294 2154 2577 2217 minoris
2614 2155 2682 2215 In
2714 2154 2949 2215 divinis
2980 2161 3193 2215 autem
3226 2153 3513 2234 personis

2018 2270 2146 2313 non
2190 2260 2286 2314 est
2328 2254 2558 2333 gradus
2609 2252 2985 2333 majoritatis
3032 2260 3142 2314 aut
3190 2252 3514 2314 minorita-

2018 2351 2099 2411 tis
2139 2370 2150 2411 :
2193 2350 2332 2413 ideo
2376 2359 2524 2413 sunt
2566 2352 2860 2432 aequales.
2895 2388 2975 2397 -
3005 2351 3124 2413 Sed
3167 2350 3365 2430 objici
3411 2367 3519 2431 po-

2019 2450 2325 2531 ·test‚quia
2355 2449 2531 2511 nulla
2562 2450 2781 2511 relatio
2813 2458 2909 2511 est
2938 2449 3286 2511 communis
3318 2449 3515 2511 tribus

2020 2548 2345 2628 personis3
2378 2548 2703 2629 aequalitas
2732 2555 2945 2609 autem
2979 2547 3200 2610 relatio
3227 2546 3515 2628 quaedam

2019 2653 2114 2708 est
2169 2664 2183 2707 :
2236 2662 2363 2708 non
2413 2655 2509 2707 est
2564 2663 2713 2726 ergo
2764 2646 3089 2727 aequalitas
3147 2645 3238 2707 eis
3294 2663 3517 2708 conve-

2020 2743 2221 2806 niens.
2244 2744 2796 2826 Respondendum,
2818 2745 2985 2825 quod
3020 2744 3085 2805 in
3116 2743 3351 2805 divinis
3383 2762 3518 2824 per-

2020 2842 2193 2905 sonis
2243 2842 2404 2904 nihil
2453 2842 2888 2906 consideratur
2933 2842 3057 2904 nisi
3108 2841 3402 2915 essentia,
3450 2842 3514 2904 in

2019 2961 2146 3022 qua
2175 2940 2670 3013 communicant,
2699 2948 2762 3002 et
2792 2940 3147 3013 relationeS‚
3182 2940 3247 3001 in
3278 2939 3514 3021 quibus

404 3054 536 3115 que
581 3042 802 3097 autem
849 3035 1121 3117 qualitas
1171 3035 1236 3097 in
1291 3054 1418 3099 uno
1465 3044 1560 3097 est
1612 3037 1799 3117 plene
1847 3043 1910 3097 et
1939 3034 1982 3098 C
2021 3039 2519 3119 distinguuntur.
2554 3040 2897 3120 AEqualitas
2926 3047 3140 3101 autem
3172 3047 3515 3119 utrumque

405 3135 692 3216 proprie,
725 3134 794 3196 in
830 3134 956 3196 alio
993 3142 1208 3197 autem
1248 3134 1622 3217 imperfecte
1665 3143 1726 3197 et
1771 3135 1910 3197 imi-

407 3233 606 3295 tative
649 3250 666 3294 τ
711 3241 774 3295 et
823 3241 976 3294 tunc
1024 3233 1295 3314 qualitas
1340 3234 1450 3296 illa
1499 3251 1626 3296 non
1677 3235 1911 3297 dicitur

405 3332 769 3414 utriusque,
803 3331 915 3394 sed
943 3332 1084 3412 ejus
1117 3332 1284 3413 quod
1320 3331 1510 3394 habet
1538 3351 1676 3395 eam
1707 3333 1913 3414 perfe-

405 3437 546 3509 cte3
580 3437 644 3492 et
687 3431 860 3512 quod
903 3429 1095 3491 habet
1137 3449 1276 3492 eam
1326 3431 1718 3512 imperfecte,
1755 3431 1910 3493 dici-

407 3536 517 3589 tur
545 3528 759 3591 simile
789 3528 1048 3591 habenti
1080 3547 1221 3590 eam
1253 3528 1553 3610 perfecte,
1575 3547 1701 3591 non
1734 3548 1914 3593 econ-

409 3627 607 3689 trario
670 3643 686 3688 ε
747 3627 916 3688 sicut
977 3627 1226 3709 pictura
1287 3627 1573 3707 imagove
1632 3628 1910 3690 hominis

405 3724 652 3787 dicitur
701 3725 933 3787 similis
981 3725 1248 3800 homini,
1301 3743 1428 3788 non
1477 3734 1750 3788 econtra.
1805 3727 1912 3789 As-

333 3819 342 3824 ’
405 3823 681 3886 similari
712 3841 885 3896 vem,
919 3843 1114 3904 supra
1151 3824 1213 3885 id
1245 3824 1415 3907 quod
1445 3833 1540 3886 est
1577 3825 1788 3888 simile
1819 3845 1913 3888 θε-

405 3941 500 3993 εθ,
523 3922 680 3984 dicit
711 3922 1054 4003 quemdam
1089 3930 1332 3984 motum
1364 3929 1554 4004 atque
1583 3941 1911 3986 accessum

407 4020 490 4081 ad
539 4019 876 4082 veritatem
925 4019 1297 4101 qualitatis3
1347 4029 1410 4082 et
1467 4020 1764 4082 similiter
1810 4023 1914 4084 ad-

405 4118 672 4200 aequari,
706 4119 784 4180 ad
829 4118 1268 4200 quantitatem.
1304 4118 1374 4180 In
1418 4118 1654 4180 divinis
1697 4127 1910 4182 autem

2024 3139 2347 3220 importat,
2392 3137 2689 3201 videlicet
2724 3156 2737 3199 ε
2772 3139 3253 3200 distinctionem
3304 3155 3516 3219 perso-

2023 3257 2273 3310 narum,
2313 3256 2514 3318 quum
2566 3236 2724 3298 nihil
2771 3237 2851 3298 sit
2895 3236 3021 3298 sibi
3066 3237 3187 3318 ipsi
3238 3236 3515 3317 aequale3

2023 3344 2086 3397 et
2145 3337 2453 3398 unitatem
2509 3335 2819 3408 essentiae,
2870 3335 3022 3417 quia
3076 3355 3153 3397 ex
3205 3335 3325 3396 hoc
3378 3353 3517 3414 per-

2025 3451 2195 3496 sonae
2243 3435 2519 3496 invicem
2572 3441 2715 3495 sunt
2776 3434 3071 3515 aequaleS,
3123 3434 3274 3514 quia
3326 3433 3517 3495 unius

2027 3532 2481 3613 magnitudinis
2540 3540 2687 3594 sunt
2739 3540 2927 3614 atque
2981 3531 3288 3594 essentiae.
3343 3531 3516 3592 ldem

2022 3639 2235 3693 aut-em
2276 3649 2401 3693 non
2442 3631 2715 3692 refertur
2750 3631 2829 3692 ad
2868 3649 2935 3692 se
2973 3630 3185 3710 ipsum
3228 3629 3378 3690 reali
3422 3647 3516 3690 re—

2026 3729 2295 3807 latione3
2348 3747 2466 3790 nec
2514 3729 2745 3790 iterum
2796 3747 2921 3789 una
2970 3725 3191 3788 relatio
3244 3725 3517 3786 refertur

2021 3828 2098 3890 ad
2147 3828 2339 3890 aliam
2389 3845 2504 3909 per
2549 3826 2827 3906 aliquam
2874 3825 3065 3886 aliam
3119 3824 3509 3910 relationem.

2022 3927 2183 3988 Hinc
2242 3926 2566 4007 aequalitas
2624 3932 2687 3986 et
2744 3923 3097 3986 similitudo
3156 3922 3221 3983 in
3279 3921 3515 3983 divinis

2023 4024 2334 4107 personis,
2370 4042 2496 4086 non
2526 4031 2620 4085 est
2658 4022 2871 4105 aliqua
2912 4021 3096 4083 realis
3138 4021 3358 4083 relatio
3390 4020 3515 4081 dis-

2023 4124 2222 4184 tincta
2264 4142 2301 4184 a
2344 4121 2757 4185 relationibus
2797 4120 3260 4201 personalihuS,
3294 4119 3405 4182 sed
3449 4119 3515 4180 in

407 4217 706 4299 personis
751 4235 880 4279 non
931 4225 1026 4279 est
1075 4217 1320 4295 motus;
1355 4219 1464 4280 sed
1510 4217 1648 4280 loco
1699 4227 1908 4281 motus
1942 4225 1990 4286 D
2022 4238 2137 4283 suo
2178 4219 2504 4281 intellectu
2548 4219 2817 4280 includit
2856 4227 2984 4280 tam
3026 4219 3361 4281 relationes
3392 4217 3516 4279 dis-

406 4323 508 4377 est
551 4314 644 4376 ibi
687 4315 976 4397 acceptio
1019 4334 1144 4397 qua
1187 4335 1313 4377 una
1356 4333 1626 4398 persona
1667 4317 1748 4379 ab
1787 4318 1912 4379 alia

407 4414 650 4496 accipit
692 4433 850 4476 esse.
887 4413 1062 4476 Unde
1099 4431 1226 4475 non
1271 4422 1367 4476 est
1403 4414 1493 4476 ibi
1537 4416 1910 4479 assimilatio

406 4529 530 4573 nec
551 4510 908 4593 adaequatio
929 4511 1053 4573 nisi
1075 4512 1316 4575 ratione
1345 4514 1753 4595 acceptionis.
1773 4515 1910 4576 Pro·

405 4617 630 4692 pterea
672 4628 946 4692 persona
984 4609 1304 4692 accipiens
1345 4618 1554 4693 potest
1592 4612 1719 4673 dici
1757 4613 1908 4675 assi-

407 4707 622 4770 milari
650 4715 716 4770 et
752 4707 1073 4790 adaequari
1114 4726 1400 4791 personae
1438 4709 1672 4774 divinae
1707 4731 1744 4772 a
1783 4730 1910 4793 qua

401 4807 664 4889 accipit,
709 4824 837 4870 non
877 4815 1151 4870 econtra.
1197 4807 1358 4869 Hinc
1398 4808 1562 4870 inter
1605 4828 1905 4891 personas

403 4914 508 4968 est
537 4913 760 4969 mutua
791 4905 1146 4968 similitudo
1174 4914 1366 4988 atque
1394 4907 1746 4989 aequalitas,
1780 4927 1907 4971 non

409 5014 638 5067 mutua
694 5004 1070 5068 assimilatio
1121 5024 1238 5068 nec
1296 5006 1665 5087 adaequatio.
1717 5042 1798 5051 —
1844 5007 1906 5069 Si

405 5113 626 5168 autem
684 5103 1051 5184 objiciatur,
1103 5105 1255 5186 quia
1311 5122 1480 5166 nono
1528 5104 1606 5166 dc
1664 5105 1909 5167 Divinis

405 5203 786 5267 nominibus
836 5202 1114 5284 capitulo
1163 5203 1222 5266 S.
1268 5203 1606 5285 Dionysius
1654 5203 1742 5264 ait
1783 5221 1797 5265 :
1841 5205 1910 5266 ln

403 5302 623 5366 causis
660 5309 724 5364 et
763 5300 1038 5363 causatis
1082 5319 1210 5364 non
1254 5300 1603 5383 recipimus
1651 5319 1910 5364 conver-

670 5435 736 5488 T.
773 5435 856 5487 20.

2023 4318 2383 4399 tinguentes
2433 4335 2755 4400 personaS‚
2798 4336 2991 4398 quam
3039 4317 3327 4379 essentiae
3378 4317 3517 4378 uni-

2020 4423 2237 4490 tatem,
2291 4424 2361 4478 ut
2410 4415 2576 4477 infra
2624 4414 2883 4496 patebit.
2936 4415 3079 4476 Haec
3125 4414 3395 4477 Thomas
3446 4415 3512 4475 in

2021 4515 2300 4576 Summa.

2113 4611 2295 4675 Circa
2350 4611 2484 4674 haec
2536 4612 2976 4673 Bonaventura
3028 4627 3041 4672 :
3082 4609 3366 4692 AEquale,
3422 4610 3515 4672 in-

2019 4711 2178 4792 quit,
2217 4718 2279 4772 et
2332 4709 2641 4791 inaequale
2692 4716 2787 4770 est
2836 4708 3094 4791 propria
3143 4708 3353 4790 passio
3402 4727 3515 4770 seu

2019 4809 2372 4892 proprietas
2413 4826 2806 4890 consequens
2837 4807 3274 4890 quantitatem.
3310 4808 3513 4880 Quan-

2018 4908 2164 4970 titas
2194 4925 2345 4970 vero
2375 4907 2717 4989 dupliciter
2746 4906 3001 4980 dicitur,
3038 4905 3284 4968 scilicet
3314 4924 3510 4986 quan-

2022 5005 2169 5068 titas
2212 5006 2420 5078 moliS,
2454 5013 2516 5067 et
2555 5004 2920 5067 translative
2960 5004 3279 5084 quantitas
3318 5003 3515 5065 virtu-

2021 5105 2118 5168 tis.
2151 5104 2496 5186 AEqualitas
2536 5121 2683 5184 ergo
2724 5109 3059 5184 utramque
3092 5101 3503 5182 consequitur

2018 5203 2456 5286 quantitatem.
2492 5203 2826 5281 Quumque
2868 5197 3186 5281 quantitas
3232 5199 3352 5260 ista
3390 5199 3515 5260 vir·

2021 5301 2203 5376 tutis,
2253 5301 2317 5363 id
2364 5307 2459 5363 est
2508 5297 2940 5381 perfectioniS,
2991 5296 3073 5358 sit
3124 5297 3399 5359 maxime
3449 5297 3513 5358 in

3240 5432 3269 5482 7
