4359 6250
891 472 1012 538 370
1788 493 1963 540 mmm
2004 495 2023 539 1
2067 492 2549 538 snm-nmmum.
2595 510 2676 520 —
2717 491 2869 537 msr.
2915 493 3103 538 xxxiv

891 766 967 828 F.
1016 769 1214 835 Quod
1259 769 1430 831 licet
1474 768 1836 843 potentia,
1894 769 2293 842 sapientia,
2346 770 2660 842 bonna-5,
2715 772 2801 830 de
2852 770 2995 830 Deo
3046 771 3448 832 secundum
3495 766 3996 830 substanttam

1028 887 1402 960 dicantur,
1445 888 1525 949 in
1560 887 1953 960 Scriptura
1996 887 2250 948 tamen
2296 886 2536 949 solent
2578 889 2727 948 hoec
2776 888 3084 949 nomina
3123 885 3463 948 distincte
3503 889 3602 946 ad
3629 897 3998 957 personas

1031 1003 1408 1065 interdum
1452 1003 1757 1076 referri.

646 1226 727 1318 Cr.
760 1263 864 1306 dist.
1028 1251 1131 1312 Ex
1179 1249 1512 1331 praedictis
1564 1250 1841 1327 constat,
1880 1249 2059 1330 quod
2110 1249 2284 1310 sicut
2333 1246 2640 1326 essentia,
2692 1247 2783 1309 ita
2831 1247 3147 1327 potentia,
3197 1247 3540 1328 sapientia,
3587 1248 3873 1325 bonitaS,
3919 1247 4000 1312 de

598 1338 653 1366 ¹¹
812 1356 823 1367 '
894 1366 1033 1429 Deo
1082 1367 1389 1430 dicuntur
1436 1366 1799 1430 secundum
1851 1364 2310 1428 substantiam.
2346 1363 2508 1435 Quae
2556 1364 2776 1425 autem
2827 1363 3191 1425 secundum
3240 1362 3677 1427 substantiam
3727 1363 3810 1427 de
3856 1364 3998 1427 Deo

890 1482 1219 1562 dicuntur,
1253 1482 1465 1545 tribus
1501 1480 1803 1562 personis
1837 1480 2082 1561 pariter
2119 1479 2542 1542 conveniunt.
2580 1478 2726 1542 Una
2763 1481 2861 1542 est
2898 1495 3051 1559 ergo
3089 1478 3405 1560 potentia,
3439 1481 3788 1561 sapientia,
3807 1479 4000 1542 boni-

888 1599 990 1662 tas
1026 1599 1242 1661 Patris
1279 1601 1346 1662 et
1385 1598 1540 1660 Filii
1580 1599 1646 1661 et
1682 1597 1969 1678 Spiritus
2019 1597 2280 1675 Sancti3
2323 1597 2388 1658 et
2433 1595 2503 1658 hi
2549 1597 2682 1658 tres
2735 1594 2963 1658 eadem
3011 1594 3327 1675 potentia,
3371 1596 3598 1659 eadem
3643 1596 3994 1676 sapientia,

886 1715 1113 1779 eadem
1153 1714 1431 1777 bonitas.
1468 1713 1654 1777 Unde
1692 1713 1982 1794 aperitur
2019 1713 2087 1774 in
2116 1712 2435 1775 Trinitate
2472 1728 2735 1775 summa
2763 1729 2904 1775 esse
2943 1711 3278 1792 perfectio.
3303 1711 3374 1774 Si
3405 1713 3582 1776 enim
3611 1711 3703 1775 ibi
3741 1713 4000 1776 deesset

884 1831 1201 1912 potentia,
1236 1831 1341 1894 vel
1389 1830 1735 1911 sapientia,
1775 1829 1881 1892 vel
1932 1828 2214 1906 bonitas,
2257 1845 2389 1891 non
2441 1830 2613 1892 esset
2658 1845 2998 1891 summum
3050 1827 3322 1890 bonum.
3364 1828 3492 1892 Sed
3543 1829 3702 1910 quia
3753 1829 3848 1892 ibi
3899 1831 4000 1892 est

886 1945 1174 2026 perfecta
1226 1945 1542 2026 potentia,
1603 1944 1861 2007 infinita
1920 1943 2267 2023 sapientia,
2321 1941 3006 2023 incomprehensibilis
3063 1941 3346 2022 bonitas,
3402 1945 3576 2006 recte
3631 1943 3879 2007 dicitur
3935 1945 4000 2007 et

888 2060 1174 2124 creditur
1222 2077 1559 2124 summum
1610 2060 1881 2123 bonum.
1924 2059 2277 2139 Quumque
2326 2075 2534 2121 unum
2583 2059 2648 2120 et
2693 2058 2868 2121 idem
2916 2057 3181 2138 penitus
3229 2058 3318 2120 sit
3365 2059 3432 2121 in
3485 2060 3627 2123 Deo
3675 2061 3996 2141 potentia,

887 2177 1232 2258 sapientia,
1273 2176 1569 2257 bonitas;
1618 2177 1688 2237 in
1740 2193 1923 2238 sacra
1960 2175 2183 2238 tamen
2220 2174 2556 2255 Scriptura
2592 2173 2966 2254 frequenter
3011 2173 3225 2236 solent
3264 2173 3404 2238 haec
3442 2176 3716 2239 nomina
3762 2176 4001 2238 distin-

887 2295 987 2356 cte
1034 2293 1118 2356 ad
1170 2310 1484 2374 personas
1530 2291 1781 2371 referri,
1829 2293 1902 2354 ut
1945 2291 2125 2354 Patri
2171 2290 2488 2371 potentia,
2528 2290 2698 2353 Filio
2746 2291 3090 2371 sapientia,
3137 2290 3412 2371 Spiritui
3458 2291 3698 2356 Sancto
3737 2292 4000 2355 bonitas

886 2409 1280 2473 attribuatur
1320 2428 1335 2469 :
1377 2408 1556 2490 quod
1602 2426 1803 2489 quare
1850 2406 1987 2488 fiat,
2028 2424 2160 2470 non
2211 2408 2312 2470 est
2357 2407 2648 2470 otiosum
2694 2406 3048 2487 inquirere.

1351 2667 1431 2732 G.
1491 2670 1732 2736 Quare
1780 2671 1857 2731 id
1897 2667 2052 2741 fiat,
2092 2667 2376 2728 scilicet
2423 2670 2612 2742 quod
2657 2669 2880 2730 Patri
2917 2667 3280 2741 potentia,
3325 2670 3513 2730 Filio

1964 2783 2354 2856 ,sapientia
2403 2782 2887 2844 attribuatur.

1026 3036 1101 3099 Id
1139 3052 1293 3115 ergo
1340 3033 1507 3097 sacri
1545 3031 1812 3112 Eloquii
1859 3031 2207 3112 prudentia
2256 3031 2466 3095 facere
2517 3031 2791 3112 curavit,
2832 3048 2914 3095 ne
2953 3032 3075 3095 Dei
3123 3032 3636 3097 immensitatem
3683 3034 4006 3098 similitu-

893 3154 1045 3216 dine
1097 3153 1411 3215 creaturae
1459 3149 1864 3212 metiremur.
1908 3148 2180 3210 Dixerat
2232 3148 2409 3210 enim
2457 3147 2796 3228 Scriptura
2844 3165 3050 3229 sacra,
3093 3150 3249 3229 quia
3298 3149 3479 3212 Deus
3526 3150 3722 3214 Pater
3772 3154 3900 3231 est,
3942 3154 4008 3215 et

893 3267 1072 3350 quod
1116 3268 1297 3330 Deus
1334 3265 1547 3327 Filius
1590 3266 1724 3344 est;
1766 3266 1830 3327 et
1866 3262 2121 3326 audivit
2167 3262 2293 3325 hoc
2339 3262 2564 3342 home,
2610 3262 2721 3343 qui
2775 3264 3114 3327 hominem
3162 3265 3416 3345 patrem
3463 3265 3737 3346 viderat,
3781 3266 4002 3331 Deum

893 3385 1156 3447 Patrem
1186 3400 1319 3445 non
1346 3381 1621 3460 viderat,
1646 3382 1710 3443 et
1740 3380 2025 3459 cogitare
2055 3378 2252 3459 coepit
2279 3379 2372 3441 ita
2402 3396 2544 3441 esse
2573 3378 2641 3440 in
2671 3378 2972 3442 Creatore
3005 3381 3078 3442 ut
3104 3380 3358 3444 viderat
3386 3399 3528 3445 esse
3557 3382 3623 3444 in
3656 3384 4003 3463 creaturiS,

896 3519 933 3563 a
971 3499 1211 3581 quibus
1249 3498 1389 3561 haec
1425 3496 1695 3559 nomina
1738 3493 2051 3558 translata
2088 3496 2244 3557 sunt
2287 3496 2370 3557 ad
2403 3494 2780 3559 Creatorem
2814 3516 2828 3557 ε
2862 3498 2932 3559 in
2973 3498 3215 3578 quibus
3251 3501 3436 3579 pater
3481 3502 3580 3563 est
3615 3502 3800 3582 prior
3837 3501 4003 3579 filio,

897 3617 1073 3681 filius
1124 3617 1224 3680 est
1262 3614 1585 3695 posterior
1633 3612 1850 3693 patre3
1894 3611 1960 3674 et
2002 3627 2083 3673 ex
2126 3610 2516 3691 antiquitate
2565 3611 2633 3673 in
2683 3614 2865 3692 patre
2911 3612 3227 3694 defectuS,
3271 3632 3352 3678 ex
3399 3617 3890 3697 posterioritate
3941 3619 4008 3680 in

893 3735 1031 3798 filio
1072 3731 1479 3814 imperfectio
1520 3746 1752 3792 sensus
1794 3728 1961 3791 solet
2008 3726 2244 3789 notari.
2279 3727 2435 3790 Ideo
2475 3729 2757 3790 occurrit
2793 3696 3151 3810 Scriptura,
3194 3730 3418 3795 dicens
3455 3733 3722 3797 Patrem
3771 3737 4014 3817 poten-

896 3854 1055 3931 tem,
1088 3868 1170 3913 ne
1200 3847 1499 3910 videatur
1534 3846 1714 3927 prior
1746 3844 1938 3923 Filio,
1972 3844 2037 3906 et
2064 3842 2212 3906 ideo
2245 3844 2466 3906 minus
2493 3846 2762 3926 potens3
2804 3846 2866 3907 et
2896 3845 3141 3909 Filium
3171 3849 3559 3930 sapientem,
3591 3867 3674 3912 ne
3703 3850 4014 3915 videatur

895 3967 1220 4048 posterior
1264 3964 1485 4041 Patre,
1528 3962 1590 4025 et
1636 3960 1783 4024 ideo
1832 3961 2055 4022 minus
2102 3959 2386 4039 sapiens.

1473 4214 1561 4276 H.
1622 4216 1862 4282 Quare
1905 4213 2224 4287 Spiritui
2272 4215 2541 4277 Sancto
2592 4215 2886 4278 bonitas
2931 4217 3424 4280 attribuatur.

1036 4468 1271 4531 Dictus
1311 4468 1409 4530 est
1446 4466 1646 4529 etiam
1684 4463 1967 4545 Spiritus
2006 4464 2284 4527 Sanctus
2314 4464 2517 4544 DeuS,
2552 4466 2616 4528 et
2646 4466 2862 4529 dictus
2900 4469 3000 4529 est
3042 4466 3277 4530 habere
3315 4466 3637 4548 Spiritum
3674 4468 3909 4553 Deus3
3951 4472 4018 4533 et

904 4584 1247 4649 videbatur
1292 4584 1417 4646 hoc
1472 4582 1662 4663 quasi
1714 4598 1956 4644 nomen
1998 4580 2359 4643 inflationis
2416 4582 2481 4644 et
2535 4582 2841 4645 tumoris.
2893 4582 3080 4645 Unde
3127 4583 3417 4646 humana
3472 4585 3883 4648 conscientia
3935 4586 4020 4649 ad

904 4702 1119 4765 Deum
1164 4716 1280 4781 pro
1319 4700 1533 4778 rigore
1579 4698 1643 4761 et
1680 4696 2063 4760 crudelitate
2108 4697 2412 4760 accedere
2451 4698 2707 4761 metuit.
2743 4698 2898 4761 Ideo
2937 4698 3271 4778 Scriptura
3312 4699 3704 4780 temperavit
3755 4718 4024 4766 sermo-

903 4835 1055 4882 nem
1100 4833 1322 4895 suum,
1364 4813 1683 4895 Spiritum
1721 4812 1969 4875 bonum
2017 4812 2392 4892 nominanS,
2433 4830 2515 4876 ne
2554 4813 2836 4877 crudelis
2881 4815 3221 4895 putaretur
3257 4815 3373 4896 qui
3419 4814 3602 4878 mitis
3640 4818 3782 4879 erat
3827 4838 3843 4877 :
3888 4836 4029 4882 non

907 4934 1084 5017 quod
1134 4933 1329 4996 Pater
1378 4931 1561 4993 solus
1608 4930 1694 4993 sit
1745 4930 1980 5010 potens
2027 4928 2133 4992 vel
2185 4930 2396 5009 magis
2446 4930 2703 5009 potens,
2747 4932 2812 4993 et
2859 4930 3070 4993 Filius
3116 4932 3298 4994 solus
3348 4932 3611 5012 sapiens
3647 4933 3754 4995 vel
3803 4937 4029 5018 magis

909 5052 1194 5133 sapiens,
1236 5051 1301 5113 et
1337 5048 1624 5129 Spiritus
1671 5048 1949 5111 Sanctus
1998 5047 2181 5111 solus
2231 5046 2446 5111 bonus
2483 5048 2585 5111 vel
2633 5049 2845 5129 magis
2892 5049 3125 5112 bonus.
3161 5048 3307 5113 Una
3354 5053 3453 5113 est
3491 5067 3642 5130 ergo
3690 5054 4028 5135 potentia,

910 5167 1253 5247 sapientia,
1296 5164 1555 5228 bonitas
1592 5163 1819 5241 trium,
1862 5163 2033 5227 sicut
2078 5180 2211 5226 una
2257 5164 2560 5226 essentia.
2605 5165 2893 5246 Ideoque
2939 5166 3111 5228 sicut
3146 5165 3388 5228 dicitur
3422 5166 3633 5229 Filius
3671 5172 4024 5250 ὁμοούσιες,

910 5284 977 5346 id
1022 5284 1123 5345 est
1167 5279 1741 5344 consubstantialis
1785 5279 1989 5357 Patri,
2030 5280 2123 5341 ita
2168 5280 2233 5341 et
2279 5280 2798 5361 coomnipotens.
