4359 6250
619 5216 702 5257 art.
727 5216 768 5259 4.

877 485 998 554 562

1551 507 1616 556 IN
1658 509 1878 556 Limum
1921 511 1940 556 1
1984 507 2465 556 SENTENTlARUM.
2512 529 2593 540 ·-
2633 507 2784 557 ms'r.
2831 509 2996 574 xm3
3040 510 3263 568 QUAEST.
3310 512 3332 558 1

877 697 954 742 co
992 679 1394 761 omnipotens
1434 680 1538 754 sit,
1573 681 1872 763 quoniam
1915 689 2119 762 potest
2150 688 2377 742 cuncta
2408 679 2461 742 A
2491 689 2619 742 tem
2666 700 2956 764 reparare
3002 682 3323 744 amissam.
3368 682 3697 764 Siquidem
3743 689 4004 764 praeter·

877 779 1210 860 possibilia
1247 787 1488 842 naturae
1523 787 1746 842 creatae
1781 800 1794 842 :
1831 782 1980 862 quia
2016 781 2233 842 divina
2269 797 2378 860 po-

878 877 1076 938 tentia
1132 895 1200 938 se
1247 877 1326 938 ad
1384 877 1568 959 plura
1623 879 1925 940 extendit.
1982 879 2380 959 Relinquitur

878 992 1028 1055 ergo
1077 975 1246 1056 quod
1293 983 1558 1038 vocetur
1611 976 2014 1058 omnipotens
2073 977 2376 1059 quoniam

879 1080 1086 1154 potest
1142 1072 1358 1136 omnia
1416 1074 1746 1156 possibilia
1803 1074 2088 1136 absolute
2141 1095 2154 1138 :
2209 1075 2376 1156 quod

877 1179 972 1233 est
1011 1172 1170 1233 alter
1212 1173 1439 1234 modus
1483 1173 1734 1236 dicendi
1777 1173 2099 1254 possibile.
2136 1174 2381 1236 Dicitur

878 1278 1090 1332 autem
1149 1270 1392 1353 aliquid
1455 1271 1761 1353 possibile
1820 1272 1920 1334 vel
1981 1272 2379 1354 impossibile

878 1368 1188 1442 absolute,
1222 1387 1300 1430 ex
1329 1369 1704 1432 habitudine
1734 1370 2150 1432 terminorum
2189 1390 2202 1433 :
2239 1389 2378 1452 pos-

877 1466 1065 1528 sibile
1113 1467 1395 1548 quidem,
1437 1469 1738 1549 quoniam
1788 1469 2197 1549 praedicatum
2251 1487 2377 1530 non

840 1571 1188 1644 =repugnat
1246 1564 1556 1646 subjectO,
1610 1575 1677 1626 ut
1736 1567 2055 1628 Socratem
2115 1567 2375 1644 sedere3

876 1661 1276 1743 impossibile
1327 1681 1476 1726 vero
1523 1664 1832 1736 absolute,
1879 1665 2030 1744 quia
2077 1665 2377 1745 praedica-

873 1767 1011 1821 tum
1054 1759 1344 1840 subjecto
1387 1770 1696 1843 repugnat
1739 1763 2022 1836 omnino,
2062 1771 2131 1824 ut
2173 1762 2375 1824 homi-

2489 778 2575 841 ita
2621 797 2748 841 non
2798 779 3017 853 fuisse,
3065 780 3350 862 implicat
3398 780 3996 849 contradictionem,

2489 885 2559 938 ut
2616 879 2842 958 patuit,
2892 887 3010 940 etc.
3062 879 3221 940 Hinc
3281 887 3500 941 contra
3559 880 3851 940 Faustum
3908 879 4003 939 lo-

2488 975 2707 1056 quitur
2736 976 3164 1057 Augustinus:
3190 978 3489 1060 Quisquis
3520 977 3695 1051 dicit,
3730 976 3793 1038 Si
3823 977 3999 1038 Deus

2488 1074 2889 1155 omnipotens
2938 1082 3054 1148 est,
3098 1074 3288 1137 faciat
3331 1084 3401 1137 ut
3438 1095 3580 1157 quae
3629 1075 3793 1137 facta
3842 1083 3999 1136 sunt

2488 1190 2616 1233 non
2658 1173 2929 1250 fuerint3
2972 1191 3099 1235 non
3143 1175 3317 1236 videt
3367 1174 3485 1236 hoc
3536 1193 3602 1236 se
3648 1174 3879 1248 dicere,
3928 1174 3997 1235 Si

2489 1270 2893 1352 omnipotens
2952 1279 3068 1344 est,
3134 1271 3324 1333 faciat
3380 1281 3451 1333 ut
3508 1291 3581 1334 ea
3642 1291 3783 1354 quae
3842 1291 3999 1333 vera

2489 1375 2657 1440 sunt,
2702 1387 2777 1430 eo
2823 1369 2962 1450 ipso
3012 1370 3179 1450 quod
3228 1389 3373 1432 vera
3420 1378 3589 1442 sunt,
3634 1370 3791 1431 falsa
3838 1370 3991 1431 sint.

2489 1465 2905 1548 Philosophus
2938 1485 3191 1550 quoque
3222 1477 3398 1531 sexto
3430 1469 3797 1530 Ethicorum
3821 1487 3835 1531 :
3861 1469 3996 1530 Hoc

2490 1564 2623 1625 solo
2672 1565 2959 1645 privatur
3008 1566 3193 1640 DeuS‚
3249 1566 3528 1647 ingenita
3573 1567 3667 1647 (id
3714 1574 3811 1627 est
3860 1585 3993 1628 non

2488 1661 2679 1742 facta)
2711 1662 2917 1725 facere
2964 1683 3104 1745 quae
3148 1673 3295 1726 sunt
3342 1663 3524 1726 facta.
3561 1664 3997 1727 Consimiliter

2489 1778 2740 1822 omnem
2796 1763 3268 1844 corruptionem
3324 1764 3553 1825 mentis
3600 1771 3663 1824 et
3706 1765 3995 1846 corporis

872 1877 1020 1920 nem
1080 1877 1218 1920 esse
1277 1858 1546 1921 asinum.
1603 1895 1683 1904 ——
1728 1860 1994 1942 Insuper
2049 1861 2377 1922 adverten-
2412 1855 2459 1918 B
2493 1866 2694 1939 potest
2737 1859 2904 1921 Deus
2952 1861 3202 1923 auferre
3252 1880 3287 1921 a
3338 1861 3605 1924 muliere
3654 1869 3989 1944 corrupta3

791 2013 794 2018 .
871 1957 1225 2039 dnm,quod
1258 1977 1458 2040 quum
1491 1960 1984 2041 unumquodque
2015 1979 2205 2041 agens
2236 1967 2378 2040 agat

871 2055 1083 2117 simile
1113 2056 1260 2130 sibi,
1287 2057 1634 2139 unicuique
1663 2059 1884 2120 activae
1917 2059 2215 2139 potentiae
2247 2076 2378 2119 cor-

871 2155 1212 2236 respondet
1271 2154 1574 2237 possibile
1627 2163 1698 2217 ut
1745 2155 2068 2235 objectum
2129 2156 2376 2238 propri-

871 2272 1005 2328 um,
1059 2254 1412 2315 secundum
1469 2256 1778 2317 rationem
1838 2255 2011 2317 illius
2070 2263 2249 2317 actus
2308 2255 2375 2317 in

871 2368 1000 2432 quo
1049 2350 1354 2413 fundatur
1401 2352 1606 2414 activa
1656 2353 1939 2434 potentia
1987 2373 2000 2414 :
2051 2353 2217 2415 sicut
2266 2372 2374 2434 po·

872 2449 1071 2511 tentia
1114 2449 1486 2513 calefactiva
1530 2450 1802 2512 refertur
1853 2452 1931 2513 ad
1974 2470 2162 2514 omne
2214 2453 2375 2514 cale-

869 2549 1156 2612 factibile
1196 2557 1496 2632 tanquam
1538 2551 1616 2612 ad
1659 2551 1988 2633 proprium
2033 2571 2222 2613 suum
2265 2551 2374 2614 ob-

865 2648 1128 2728 jectum.
1166 2649 1316 2710 Esse
1361 2659 1573 2711 autem
1619 2650 1933 2725 divinum,
1968 2670 2160 2732 super
2204 2651 2373 2733 quod

869 2746 1173 2809 fundatur
1221 2748 1381 2811 ratio
1429 2749 1661 2812 divinae
1721 2749 2039 2830 potentiae,
2092 2757 2189 2811 est
2236 2768 2373 2811 esse

868 2844 1221 2919 infinitum,
1246 2864 1371 2909 non
1405 2845 1747 2908 limitatum
1777 2847 1854 2908 ad
1885 2846 2140 2928 aliquod
2171 2865 2371 2926 genus

867 2943 1055 3017 entiS,
1089 2944 1200 3005 sed
1237 2943 1610 3025 praehabens
1643 2945 1706 3006 in
1743 2964 1809 3007 se
1841 2945 2031 3008 totius
2063 2964 2203 3007 esse
2236 2965 2372 3027 per-

2487 1957 2597 2018 sed
2638 1958 2756 2019 hoc
2794 1957 2873 2018 ab
2910 1977 2983 2020 ea
3018 1978 3345 2022 removere
3386 1979 3514 2022 non
3554 1968 3783 2042 potest,
3818 1961 3990 2042 quod

2486 2072 2613 2117 non
2674 2055 2869 2117 fuerit
2931 2066 3249 2139 corrupta,
3314 2057 3479 2120 sicut
3541 2077 3659 2120 nec
3718 2058 3801 2121 ab
3863 2058 3991 2121 alio

2488 2159 2966 2234 transgressore,
3010 2155 3177 2236 quod
3229 2173 3355 2218 non
3406 2156 3489 2218 sit
3535 2163 3985 2237 transgressus

2486 2251 2628 2313 Haec
2673 2251 2939 2314 ibidem.

2563 2349 2866 2412 Praeterea
2904 2351 2981 2412 de
3022 2351 3141 2413 ista
3181 2352 3449 2414 materia
3484 2351 3709 2414 scribit
3748 2353 3989 2415 diffuse

2485 2447 2549 2508 in
2592 2447 2855 2510 Summa
2894 2456 3113 2511 contra
3152 2451 3445 2531 gentileS‚
3473 2451 3638 2512 libro
3678 2452 3986 2525 secundo,

2485 2563 2598 2627 per
2645 2546 2893 2608 diversa
2944 2548 3220 2629 capitula
3263 2566 3277 2610 :
3320 2549 3855 2631 Unumquodque,
3897 2550 3991 2612 in·

2483 2644 2643 2724 quit,
2675 2645 2804 2725 agit
2847 2647 3201 2708 secundum
3246 2648 3416 2729 quod
3460 2656 3557 2710 est
3596 2655 3775 2728 actu;
3819 2649 3989 2711 Deus

2482 2751 2693 2804 autem
2740 2752 2835 2804 est
2882 2763 3078 2825 purus
3122 2753 3299 2807 actus
3345 2763 3359 2808 ε
3404 2747 3545 2808 ideo
3588 2747 3889 2809 convenit
3927 2747 3989 2809 ei

2482 2841 2698 2902 omnia
2744 2859 2929 2921 agere
2978 2850 3038 2903 et
3087 2861 3363 2918 movere,
3404 2861 3530 2905 non
3581 2843 3725 2905 fieri
3775 2863 3987 2926 neque

2485 2938 2743 2999 moveri.
2798 2939 3135 3021 Quumque
3198 2940 3282 3002 sit
3340 2941 3863 3023 simplicissimus
3924 2952 3987 3005 et

867 3040 1231 3104 sectionem.
1281 3043 1441 3104 Hinc
1500 3043 1810 3125 quidquid
1872 3051 2078 3126 potest
2136 3043 2370 3105 habere
2407 3039 2452 3102 C
2483 3053 2598 3115 per
2633 3036 2973 3098 essentiam
3025 3041 3316 3118 operans,
3355 3039 3985 3121 substantialiterque

869 3140 1178 3202 rationem
1226 3141 1414 3215 entis,
1469 3142 1830 3205 continetur
1877 3142 1997 3205 sub
2051 3143 2369 3223 possibili-

869 3237 990 3299 bus
1038 3237 1347 3301 absolutis
1392 3258 1664 3322 quorum
1711 3249 2003 3323 respectu
2052 3242 2217 3303 Deus
2262 3260 2371 3303 no-

869 3334 1150 3397 minatur
1178 3336 1602 3418 omnipotens.
1639 3337 1809 3399 Nihil
1842 3356 1990 3400 vero
2024 3340 2372 3421 opponitur

867 3433 1098 3495 rationi
1146 3434 1310 3496 entis
1357 3434 1480 3496 nisi
1531 3453 1657 3497 non
1705 3454 1816 3496 ens
1862 3452 1876 3496 :
1920 3436 2038 3497 hoc
2087 3454 2237 3517 ergo
2282 3456 2372 3499 re-

867 3540 1108 3613 pugnat
1151 3532 1379 3595 rationi
1431 3532 1755 3615 possibilis
1804 3533 2078 3596 absoluti
2130 3533 2368 3596 subditi

865 3628 1098 3692 divinae
1137 3630 1458 3712 potentiae,
1494 3631 1662 3712 quod
1705 3630 1992 3711 implicat
2023 3631 2086 3692 in
2127 3650 2195 3693 se
2230 3650 2367 3693 esse

864 3735 928 3788 et
971 3746 1099 3789 non
1148 3746 1288 3790 esse
1335 3727 1549 3790 simul.
1599 3728 1675 3789 Et
1723 3729 1843 3790 hoc
1890 3730 2369 3811 omnipotentiae

863 3826 976 3887 Dei
1011 3843 1139 3888 non
1173 3825 1413 3899 subest,
1449 3844 1576 3887 non
1607 3844 1684 3887 ex
1720 3827 2204 3909 imperfectione
2234 3846 2366 3889 om-

865 3924 1254 4006 nipotentiae,
1285 3924 1393 3985 sed
1425 3942 1502 3985 ex
1537 3923 2025 3999 infactibilitate,
2058 3926 2369 4007 incapaci-

862 4030 990 4084 tate
1022 4022 1666 4105 impossibilitateque
1699 4024 1788 4084 rei
1821 4042 1963 4103 quae
2002 4041 2126 4085 non
2160 4032 2369 4105 potest

862 4119 1098 4182 habere
1141 4122 1449 4183 rationem
1501 4120 1806 4182 factibilis
1851 4140 2056 4203 neque
2102 4121 2370 4203 possibi-

2481 3133 2801 3214 perfectus
2864 3142 2925 3195 et
2986 3134 3442 3216 independenS‚
3505 3144 3751 3199 constat
3814 3139 3983 3219 quod

2481 3231 2620 3310 ejus
2658 3232 2941 3313 potentia
2977 3250 3103 3295 non
3144 3234 3379 3297 sitnisi
3421 3254 3536 3297 sua
3572 3236 3870 3298 essentia.
3904 3272 3985 3283 --

2478 3330 2793 3412 AmpliuS,
2827 3330 3035 3392 omnis
3073 3332 3276 3393 virtus
3322 3332 3603 3414 perfecta
3644 3334 3723 3395 ad
3766 3336 3983 3397 omnia

2480 3446 2547 3489 se
2595 3428 2879 3490 extendit-
2936 3430 3013 3491 ad
3072 3449 3213 3511 quae
3270 3450 3337 3492 se
3387 3440 3594 3513 potest
3640 3434 3983 3495 extendere

2478 3525 2631 3587 finis
2674 3544 2787 3607 per
2830 3545 2896 3588 se
2942 3527 3365 3609 propriusque
3408 3527 3680 3591 effectus
3715 3547 3728 3591 :
3762 3550 3985 3613 quem-

2477 3624 2818 3686 admodum
2868 3643 2970 3686 ars
3020 3626 3401 3687 aedificativa
3446 3627 3499 3688 si
3544 3627 3627 3689 sit
3673 3628 3980 3709 perfecta,

2479 3739 2545 3781 se
2577 3722 2857 3783 extendit
2886 3722 2964 3783 ad
2996 3722 3210 3783 omnia
3238 3741 3381 3803 quae
3410 3724 3721 3786 rationem
3752 3724 3983 3787 domus

2478 3838 2591 3880 seu
2630 3818 2887 3881 aedificii
2929 3828 3172 3901 queunt
3210 3819 3461 3883 habere..
3496 3821 3723 3883 Divina
3764 3832 3981 3885 autem

2481 3918 2763 3999 potentia
2802 3926 2897 3979 est
2939 3937 3051 3999 per
3090 3936 3156 3979 se
3200 3937 3390 3980 causa
3430 3920 3705 3995 essendi,
3737 3929 3801 3982 et
3842 3942 3981 3983 esse

2478 4022 2573 4077 est
2603 4016 2899 4097 proprius
2934 4016 3074 4095 ejus
3108 4016 3399 4079 effectuS.
3435 4019 3579 4080 Ideo
3611 4020 3832 4082 omnia
3872 4039 3979 4103 po—

2478 4121 2597 4175 test
2627 4114 2862 4195 quibus
2891 4114 3142 4176 essendi
3176 4116 3334 4178 ratio
3364 4134 3489 4179 non
3522 4128 3833 4198 repugnat
3868 4136 3884 4181 ε
3917 4126 3979 4181 et

866 4217 963 4278 lis.
999 4217 1425 4300 Quaecumque
1456 4235 1606 4298 ergo
1640 4218 2206 4281 contradictionem
2240 4236 2366 4281 non
2398 4219 2447 4281 D
2477 4212 2597 4274 hoe
2652 4219 2750 4273 est
2806 4230 2945 4273 esse
3003 4213 3529 4295 omnipotentem.
3583 4250 3665 4260 —
3710 4216 3975 4291 Rursus,

865 4314 1218 4396 implicant,
1253 4318 1418 4378 Deus
1459 4324 1684 4399 potest.
1720 4316 1807 4378 Ea
1848 4335 1997 4379 vero
2039 4337 2180 4399 quae
2221 4335 2366 4380 con-

862 4411 1306 4474 tradictionem
1353 4414 1704 4495 implicant,
1741 4414 1861 4475 sub
1908 4414 2124 4477 divina
2166 4417 2368 4477 omni-

863 4509 1146 4591 potentia
1175 4528 1301 4573 non
1334 4512 1918 4594 continentur,quia
1947 4531 2074 4574 non
2107 4522 2369 4595 possunt

861 4607 1096 4671 habere
1145 4609 1550 4691 possibilium
1601 4611 1930 4673 rationein.
1975 4610 2365 4675 Convenien-

859 4707 986 4768 tius
1022 4714 1235 4770 tamen
1275 4708 1576 4770 dicuntur
1606 4709 1756 4770 talia
1795 4709 2363 4773 contradictionem

861 4804 1258 4887 implicantia
1314 4823 1440 4868 non
1499 4824 1685 4887 posse
1734 4805 1901 4881 fieri,
1955 4827 2148 4889 quam
2199 4810 2366 4889 quod

859 4903 1025 4965 Deus
1055 4904 1304 4965 dicatur
1332 4922 1406 4965 ea
1435 4922 1561 4966 non
1594 4904 1803 4966 facere
1837 4922 2045 4986 posse,
2069 4913 2188 4967 etc.
2222 4906 2366 4969 Haec

858 5001 1130 5063 Thomas
1171 5001 1282 5063 ibi.

941 5099 1031 5160 Ex
1081 5099 1316 5181 quibus
1374 5107 1546 5181 patet
1604 5102 1936 5183 responsio
1993 5102 2363 5183 quaestionis

860 5216 986 5278 qua
1043 5198 1371 5279 quaeritur,
1424 5207 1639 5260 utrum
1690 5202 1856 5263 Deus
1906 5200 2107 5282 possit
2154 5200 2363 5262 facere

859 5294 1028 5379 quod
1078 5296 1396 5378 praeterita
1439 5314 1568 5359 non
1617 5296 1877 5374 fuerint,
1929 5306 1993 5362 et
2040 5297 2365 5381 virginita-

2477 4310 2652 4372 omni
2712 4311 2978 4392 passivae
3028 4312 3324 4392 poten'tiae
3384 4314 3837 4395 correspondet
3882 4334 3979 4379 ac-

2477 4408 2605 4470 tiva
2655 4409 2953 4490 potentia.
3004 4410 3072 4470 In
3124 4410 3407 4491 potentia
3462 4419 3676 4474 autem
3726 4414 3981 4494 passiva

2476 4508 2641 4569 entis
2685 4506 2979 4569 creabilis
3023 4526 3135 4569 seu
3180 4510 3396 4583 creati,
3438 4518 3533 4571 est
3575 4528 3765 4573 omne
3807 4513 3979 4593 quod

2476 4606 2608 4667 enti
2641 4614 2849 4669 creato
2882 4626 3008 4669 non
3039 4616 3351 4689 repugnat
3384 4627 3398 4672 ε
3432 4626 3581 4689 ergo
3613 4610 3833 4673 omnia
3871 4610 3979 4673 illa

2478 4712 2685 4787 potest
2729 4706 2894 4768 Deus
2937 4706 3216 4769 efficere.

2555 4804 2787 4865 Verum
2822 4823 3022 4885 quum
3061 4806 3344 4886 potentia
3375 4805 3485 4868 Dei
3521 4806 3605 4868 sit
3636 4826 3796 4888 pure
3826 4807 3977 4870 acti-

2476 4922 2553 4964 va
2602 4909 2664 4965 et
2710 4902 2975 4965 omnino
3028 4902 3329 4984 perfecta,
3383 4905 3525 4967 ideo
3583 4922 3709 4967 non
3766 4914 3977 4987 potest

2474 5021 2615 5083 quae
2658 5008 2807 5063 sunt
2846 5001 3113 5083 passivae
3152 5004 3451 5083 potentiae
3490 5011 3552 5066 et
3586 5004 3976 5086 imperfecti·

2474 5118 2661 5162 onem
2694 5100 3053 5174 includunt,
3087 5102 3173 5162 ita
3202 5103 3370 5183 quod
3403 5103 3774 5166 immediate
3802 5122 3975 5185 egre-

2474 5198 2728 5260 diantur
2764 5199 2846 5260 ab
2878 5200 3018 5281 ipso
3052 5199 3209 5261 tales
3249 5200 3549 5275 actioneS,
3582 5202 3685 5265 vel
3728 5202 3793 5263 in
3834 5202 3969 5284 ipso

2475 5297 2865 5380 recipiantur
2903 5296 3272 5379 hujusmodi
3318 5299 3663 5380 passiones
3700 5300 3775 5362 Et
3818 5319 3967 5385 quo-
