<?xml version="1.0" encoding="UTF-8"?>
<!DOCTYPE html PUBLIC "-//W3C//DTD XHTML 1.0 Transitional//EN"
    "http://www.w3.org/TR/xhtml1/DTD/xhtml1-transitional.dtd">
<html xmlns="http://www.w3.org/1999/xhtml" xml:lang="en" lang="en">
 <head>
  <title>
</title>
<meta http-equiv="Content-Type" content="text/html;charset=utf-8" />
  <meta name='ocr-system' content='tesseract 3.04.00' />
  <meta name='ocr-capabilities' content='ocr_page ocr_carea ocr_par ocr_line ocrx_word'/>
</head>
<body>
  <div class='ocr_page' id='page_1' title='image "./doctorisecstati11unkngoog_0066.png"; bbox 0 0 4359 6250; ppageno 0'>
   <div class='ocr_carea' id='block_1_1' title="bbox 577 3437 822 3493">
    <p class='ocr_par' dir='ltr' id='par_1_1' title="bbox 577 3437 822 3493">
     <span class='ocr_line' id='line_1_1' title="bbox 577 3437 822 3493; baseline -0.004 -14"><span class='ocrx_word' id='word_1_1' title='bbox 577 3437 714 3493; x_wconf 82' lang='lat' dir='ltr'><strong>Apoc.</strong></span> <span class='ocrx_word' id='word_1_2' title='bbox 727 3450 768 3487; x_wconf 84' lang='grc' dir='ltr'><strong>ιι,</strong></span> <span class='ocrx_word' id='word_1_3' title='bbox 781 3439 822 3487; x_wconf 71' lang='lat'><strong>4,</strong></span> 
     </span>
    </p>
   </div>
   <div class='ocr_carea' id='block_1_2' title="bbox 583 4217 831 4270">
    <p class='ocr_par' dir='ltr' id='par_1_2' title="bbox 583 4217 831 4270">
     <span class='ocr_line' id='line_1_2' title="bbox 583 4217 831 4270; baseline -0.004 -9"><span class='ocrx_word' id='word_1_4' title='bbox 583 4217 726 4262; x_wconf 72' lang='lat' dir='ltr'><strong>Eccli.</strong></span> <span class='ocrx_word' id='word_1_5' title='bbox 745 4231 831 4270; x_wconf 77' lang='lat' dir='ltr'><strong>xix,</strong></span> 
     </span>
    </p>
   </div>
   <div class='ocr_carea' id='block_1_3' title="bbox 847 471 3308 551">
    <p class='ocr_par' dir='ltr' id='par_1_3' title="bbox 847 471 3308 551">
     <span class='ocr_line' id='line_1_3' title="bbox 847 471 3308 551; baseline 0 -17"><span class='ocrx_word' id='word_1_6' title='bbox 847 471 926 534; x_wconf 79' lang='lat'><strong>54</strong></span> <span class='ocrx_word' id='word_1_7' title='bbox 1477 492 1540 537; x_wconf 78' lang='lat' dir='ltr'><strong>m</strong></span> <span class='ocrx_word' id='word_1_8' title='bbox 1583 491 1803 536; x_wconf 76' lang='lat' dir='ltr'><strong>mnium</strong></span> <span class='ocrx_word' id='word_1_9' title='bbox 1847 491 1867 535; x_wconf 92' lang='lat'>1</span> <span class='ocrx_word' id='word_1_10' title='bbox 1909 489 2391 535; x_wconf 70' lang='lat' dir='ltr'><strong>snm-emmanu.</strong></span> <span class='ocrx_word' id='word_1_11' title='bbox 2438 507 2519 516; x_wconf 94' lang='lat'><strong>—-</strong></span> <span class='ocrx_word' id='word_1_12' title='bbox 2558 489 2712 534; x_wconf 73' lang='lat' dir='ltr'><strong>nisr.</strong></span> <span class='ocrx_word' id='word_1_13' title='bbox 2759 489 2928 551; x_wconf 82' lang='lat' dir='ltr'>xv113</span> <span class='ocrx_word' id='word_1_14' title='bbox 2973 489 3196 545; x_wconf 69' lang='lat' dir='ltr'><strong>onffls&#39;r.</strong></span> <span class='ocrx_word' id='word_1_15' title='bbox 3243 489 3308 535; x_wconf 85' lang='lat' dir='ltr'><strong>1x</strong></span> 
     </span>
    </p>
   </div>
   <div class='ocr_carea' id='block_1_4' title="bbox 848 657 3939 744">
    <p class='ocr_par' dir='ltr' id='par_1_4' title="bbox 848 657 3939 744">
     <span class='ocr_line' id='line_1_4' title="bbox 848 657 3939 744; baseline -0.001 -25"><span class='ocrx_word' id='word_1_16' title='bbox 848 661 1018 740; x_wconf 89' lang='lat' dir='ltr'><strong>quod</strong></span> <span class='ocrx_word' id='word_1_17' title='bbox 1057 666 1235 744; x_wconf 78' lang='lat' dir='ltr'><strong>actus</strong></span> <span class='ocrx_word' id='word_1_18' title='bbox 1276 661 1554 724; x_wconf 88' lang='lat' dir='ltr'><strong>caritatis</strong></span> <span class='ocrx_word' id='word_1_19' title='bbox 1597 660 1894 743; x_wconf 72' lang='lat' dir='ltr'><strong>perfectae</strong></span> <span class='ocrx_word' id='word_1_20' title='bbox 1934 660 1999 720; x_wconf 93' lang='lat' dir='ltr'><strong>in</strong></span> <span class='ocrx_word' id='word_1_21' title='bbox 2039 659 2334 731; x_wconf 78' lang='lat' dir='ltr'><strong>termine,</strong></span> <span class='ocrx_word' id='word_1_22' title='bbox 2368 657 2419 719; x_wconf 89' lang='lat' dir='ltr'><strong>A</strong></span> <span class='ocrx_word' id='word_1_23' title='bbox 2450 677 2599 739; x_wconf 87' lang='lat' dir='ltr'><strong>ergo</strong></span> <span class='ocrx_word' id='word_1_24' title='bbox 2638 667 3049 738; x_wconf 85' lang='lat' dir='ltr'><strong>augmentum</strong></span> <span class='ocrx_word' id='word_1_25' title='bbox 3090 667 3149 721; x_wconf 86' lang='lat' dir='ltr'><strong>et</strong></span> <span class='ocrx_word' id='word_1_26' title='bbox 3181 658 3523 721; x_wconf 87' lang='lat' dir='ltr'>diminutio</span> <span class='ocrx_word' id='word_1_27' title='bbox 3556 657 3939 721; x_wconf 88' lang='lat' dir='ltr'><strong>contrarien-</strong></span> 
     </span>
    </p>
   </div>
   <div class='ocr_carea' id='block_1_5' title="bbox 846 759 2343 1213">
    <p class='ocr_par' dir='ltr' id='par_1_5' title="bbox 846 759 2343 1213">
     <span class='ocr_line' id='line_1_5' title="bbox 848 759 2341 840; baseline 0 -23"><span class='ocrx_word' id='word_1_28' title='bbox 848 775 975 820; x_wconf 90' lang='lat' dir='ltr'><strong>non</strong></span> <span class='ocrx_word' id='word_1_29' title='bbox 1021 767 1301 821; x_wconf 85' lang='lat' dir='ltr'><strong>meret-ur</strong></span> <span class='ocrx_word' id='word_1_30' title='bbox 1338 759 1592 822; x_wconf 88' lang='lat' dir='ltr'><strong>habitus</strong></span> <span class='ocrx_word' id='word_1_31' title='bbox 1637 761 1737 822; x_wconf 89' lang='lat' dir='ltr'><strong>sui</strong></span> <span class='ocrx_word' id='word_1_32' title='bbox 1780 766 2195 840; x_wconf 76' lang='lat' dir='ltr'><strong>augmentum</strong></span> <span class='ocrx_word' id='word_1_33' title='bbox 2229 775 2243 818; x_wconf 90' lang='lat'><strong>:</strong></span> <span class='ocrx_word' id='word_1_34' title='bbox 2277 764 2341 818; x_wconf 91' lang='lat' dir='ltr'><strong>et</strong></span> 
     </span>
     <span class='ocr_line' id='line_1_6' title="bbox 847 856 2340 940; baseline 0 -23"><span class='ocrx_word' id='word_1_35' title='bbox 847 856 967 919; x_wconf 91' lang='lat' dir='ltr'><strong>hoc</strong></span> <span class='ocrx_word' id='word_1_36' title='bbox 1007 875 1134 920; x_wconf 91' lang='lat' dir='ltr'><strong>non</strong></span> <span class='ocrx_word' id='word_1_37' title='bbox 1175 866 1270 918; x_wconf 91' lang='lat' dir='ltr'><strong>est</strong></span> <span class='ocrx_word' id='word_1_38' title='bbox 1306 877 1385 920; x_wconf 83' lang='lat' dir='ltr'><strong>ex</strong></span> <span class='ocrx_word' id='word_1_39' title='bbox 1424 858 1801 940; x_wconf 80' lang='lat' dir='ltr'>impotentia</span> <span class='ocrx_word' id='word_1_40' title='bbox 1839 856 2207 938; x_wconf 89' lang='lat' dir='ltr'><strong>hujusmodi</strong></span> <span class='ocrx_word' id='word_1_41' title='bbox 2239 874 2340 917; x_wconf 88' lang='lat' dir='ltr'><strong>ac-</strong></span> 
     </span>
     <span class='ocr_line' id='line_1_7' title="bbox 848 956 2340 1037; baseline -0.001 -22"><span class='ocrx_word' id='word_1_42' title='bbox 848 962 972 1028; x_wconf 90' lang='lat' dir='ltr'><strong>tus,</strong></span> <span class='ocrx_word' id='word_1_43' title='bbox 1023 956 1133 1016; x_wconf 90' lang='lat' dir='ltr'><strong>sed</strong></span> <span class='ocrx_word' id='word_1_44' title='bbox 1183 956 1486 1037; x_wconf 85' lang='lat' dir='ltr'><strong>quoniam</strong></span> <span class='ocrx_word' id='word_1_45' title='bbox 1545 956 1799 1018; x_wconf 89' lang='lat' dir='ltr'><strong>habitus</strong></span> <span class='ocrx_word' id='word_1_46' title='bbox 1857 975 2010 1017; x_wconf 91' lang='lat' dir='ltr'><strong>suus</strong></span> <span class='ocrx_word' id='word_1_47' title='bbox 2069 972 2197 1017; x_wconf 92' lang='lat' dir='ltr'><strong>non</strong></span> <span class='ocrx_word' id='word_1_48' title='bbox 2245 961 2340 1015; x_wconf 88' lang='lat' dir='ltr'><strong>est</strong></span> 
     </span>
     <span class='ocr_line' id='line_1_8' title="bbox 847 1050 2343 1136; baseline 0 -23"><span class='ocrx_word' id='word_1_49' title='bbox 847 1055 1171 1134; x_wconf 81' lang='lat' dir='ltr'><strong>augmenti</strong></span> <span class='ocrx_word' id='word_1_50' title='bbox 1213 1054 1490 1135; x_wconf 88' lang='lat' dir='ltr'><strong>amplius</strong></span> <span class='ocrx_word' id='word_1_51' title='bbox 1535 1055 1954 1136; x_wconf 89' lang='lat' dir='ltr'><strong>susceptivus.</strong></span> <span class='ocrx_word' id='word_1_52' title='bbox 1997 1054 2140 1116; x_wconf 77' lang='lat' dir='ltr'><strong>Haec</strong></span> <span class='ocrx_word' id='word_1_53' title='bbox 2179 1050 2343 1133; x_wconf 83' lang='lat' dir='ltr'><strong>AEgi-</strong></span> 
     </span>
     <span class='ocr_line' id='line_1_9' title="bbox 846 1151 1008 1213; baseline -0.006 0"><span class='ocrx_word' id='word_1_54' title='bbox 846 1151 1008 1213; x_wconf 90' lang='lat' dir='ltr'><strong>dius.</strong></span> 
     </span>
    </p>
   </div>
   <div class='ocr_carea' id='block_1_6' title="bbox 849 1347 2344 1820">
    <p class='ocr_par' dir='ltr' id='par_1_6' title="bbox 849 1347 2344 1820">
     <span class='ocr_line' id='line_1_10' title="bbox 928 1347 2339 1432; baseline -0.001 -22"><span class='ocrx_word' id='word_1_55' title='bbox 928 1349 1190 1411; x_wconf 86' lang='lat' dir='ltr'><strong>Videtur</strong></span> <span class='ocrx_word' id='word_1_56' title='bbox 1221 1357 1540 1432; x_wconf 84' lang='lat' dir='ltr'><strong>postremo</strong></span> <span class='ocrx_word' id='word_1_57' title='bbox 1571 1349 1801 1431; x_wconf 90' lang='lat' dir='ltr'><strong>positio</strong></span> <span class='ocrx_word' id='word_1_58' title='bbox 1831 1349 1950 1411; x_wconf 87' lang='lat' dir='ltr'><strong>ista</strong></span> <span class='ocrx_word' id='word_1_59' title='bbox 1988 1347 2339 1409; x_wconf 78' lang='lat' dir='ltr'><strong>dicentium</strong></span> 
     </span>
     <span class='ocr_line' id='line_1_11' title="bbox 849 1449 2338 1529; baseline -0.001 -20"><span class='ocrx_word' id='word_1_60' title='bbox 849 1449 913 1510; x_wconf 89' lang='lat' dir='ltr'><strong>in</strong></span> <span class='ocrx_word' id='word_1_61' title='bbox 969 1457 1309 1529; x_wconf 88' lang='lat' dir='ltr'><strong>augmento</strong></span> <span class='ocrx_word' id='word_1_62' title='bbox 1358 1450 1635 1512; x_wconf 83' lang='lat' dir='ltr'><strong>caritatis</strong></span> <span class='ocrx_word' id='word_1_63' title='bbox 1685 1449 2029 1511; x_wconf 79' lang='lat' dir='ltr'><strong>consistere</strong></span> <span class='ocrx_word' id='word_1_64' title='bbox 2079 1455 2338 1519; x_wconf 87' lang='lat' dir='ltr'><strong>statum,</strong></span> 
     </span>
     <span class='ocr_line' id='line_1_12' title="bbox 850 1548 2342 1630; baseline 0 -23"><span class='ocrx_word' id='word_1_65' title='bbox 850 1553 974 1609; x_wconf 87' lang='lat' dir='ltr'><strong>tam</strong></span> <span class='ocrx_word' id='word_1_66' title='bbox 1017 1567 1094 1609; x_wconf 86' lang='lat' dir='ltr'><strong>ex</strong></span> <span class='ocrx_word' id='word_1_67' title='bbox 1139 1556 1316 1630; x_wconf 88' lang='lat' dir='ltr'><strong>parte</strong></span> <span class='ocrx_word' id='word_1_68' title='bbox 1357 1548 1636 1611; x_wconf 89' lang='lat' dir='ltr'><strong>caritatis</strong></span> <span class='ocrx_word' id='word_1_69' title='bbox 1678 1567 1870 1630; x_wconf 87' lang='lat' dir='ltr'><strong>quam</strong></span> <span class='ocrx_word' id='word_1_70' title='bbox 1910 1567 1986 1609; x_wconf 91' lang='lat' dir='ltr'><strong>ex</strong></span> <span class='ocrx_word' id='word_1_71' title='bbox 2029 1554 2205 1628; x_wconf 88' lang='lat' dir='ltr'><strong>parte</strong></span> <span class='ocrx_word' id='word_1_72' title='bbox 2246 1565 2342 1607; x_wconf 89' lang='lat' dir='ltr'><strong>ca-</strong></span> 
     </span>
     <span class='ocr_line' id='line_1_13' title="bbox 850 1645 2344 1727; baseline 0 -21"><span class='ocrx_word' id='word_1_73' title='bbox 850 1645 1139 1727; x_wconf 87' lang='lat' dir='ltr'><strong>pacitatis</strong></span> <span class='ocrx_word' id='word_1_74' title='bbox 1172 1647 1402 1708; x_wconf 87' lang='lat' dir='ltr'><strong>mentis</strong></span> <span class='ocrx_word' id='word_1_75' title='bbox 1434 1655 1678 1718; x_wconf 57' lang='lat' dir='ltr'><strong>creatio,</strong></span> <span class='ocrx_word' id='word_1_76' title='bbox 1705 1653 1830 1707; x_wconf 86' lang='lat' dir='ltr'><strong>tam</strong></span> <span class='ocrx_word' id='word_1_77' title='bbox 1863 1646 2052 1707; x_wconf 88' lang='lat' dir='ltr'><strong>etiam</strong></span> <span class='ocrx_word' id='word_1_78' title='bbox 2084 1663 2160 1706; x_wconf 91' lang='lat' dir='ltr'><strong>ex</strong></span> <span class='ocrx_word' id='word_1_79' title='bbox 2194 1663 2344 1726; x_wconf 71' lang='lat' dir='ltr'><strong>prae·</strong></span> 
     </span>
     <span class='ocr_line' id='line_1_14' title="bbox 849 1743 2343 1820; baseline -0.001 -14"><span class='ocrx_word' id='word_1_80' title='bbox 849 1744 1245 1808; x_wconf 86' lang='lat' dir='ltr'><strong>ordinatione</strong></span> <span class='ocrx_word' id='word_1_81' title='bbox 1285 1745 1521 1820; x_wconf 89' lang='lat' dir='ltr'><strong>divina,</strong></span> <span class='ocrx_word' id='word_1_82' title='bbox 1555 1745 1764 1808; x_wconf 83' lang='lat' dir='ltr'><strong>verior</strong></span> <span class='ocrx_word' id='word_1_83' title='bbox 1790 1764 1863 1806; x_wconf 89' lang='lat' dir='ltr'><strong>ac</strong></span> <span class='ocrx_word' id='word_1_84' title='bbox 1903 1743 2343 1806; x_wconf 79' lang='lat' dir='ltr'><strong>rationabilior</strong></span> 
     </span>
    </p>
   </div>
   <div class='ocr_carea' id='block_1_7' title="bbox 2448 755 4251 1822">
    <p class='ocr_par' dir='ltr' id='par_1_7' title="bbox 2448 755 3940 838">
     <span class='ocr_line' id='line_1_15' title="bbox 2448 755 3940 838; baseline -0.001 -21"><span class='ocrx_word' id='word_1_85' title='bbox 2448 764 2571 830; x_wconf 88' lang='lat' dir='ltr'><strong>tur,</strong></span> <span class='ocrx_word' id='word_1_86' title='bbox 2605 765 2669 819; x_wconf 83' lang='lat' dir='ltr'><strong>et</strong></span> <span class='ocrx_word' id='word_1_87' title='bbox 2715 767 3137 838; x_wconf 75' lang='lat' dir='ltr'><strong>augmentum,</strong></span> <span class='ocrx_word' id='word_1_88' title='bbox 3174 758 3416 820; x_wconf 86' lang='lat' dir='ltr'><strong>caritati</strong></span> <span class='ocrx_word' id='word_1_89' title='bbox 3462 756 3817 828; x_wconf 87' lang='lat' dir='ltr'><strong>conveniat,</strong></span> <span class='ocrx_word' id='word_1_90' title='bbox 3850 755 3940 816; x_wconf 89' lang='lat' dir='ltr'><strong>vi-</strong></span> 
     </span>
    </p>

    <p class='ocr_par' dir='ltr' id='par_1_8' title="bbox 2448 855 3939 938">
     <span class='ocr_line' id='line_1_16' title="bbox 2448 855 3939 938; baseline -0.002 -21"><span class='ocrx_word' id='word_1_91' title='bbox 2448 855 2635 917; x_wconf 87' lang='lat' dir='ltr'><strong>detur</strong></span> <span class='ocrx_word' id='word_1_92' title='bbox 2662 856 2830 938; x_wconf 90' lang='lat' dir='ltr'><strong>quod</strong></span> <span class='ocrx_word' id='word_1_93' title='bbox 2860 864 2925 918; x_wconf 88' lang='lat' dir='ltr'><strong>et</strong></span> <span class='ocrx_word' id='word_1_94' title='bbox 2952 855 3727 938; x_wconf 71' lang='lat' dir='ltr'><strong>diminutio—Septimo,</strong></span> <span class='ocrx_word' id='word_1_95' title='bbox 3746 873 3939 935; x_wconf 90' lang='lat' dir='ltr'><strong>super</strong></span> 
     </span>
    </p>

    <p class='ocr_par' dir='ltr' id='par_1_9' title="bbox 2448 953 4249 1235">
     <span class='ocr_line' id='line_1_17' title="bbox 2450 953 4249 1037; baseline 0 -22"><span class='ocrx_word' id='word_1_96' title='bbox 2450 953 2608 1016; x_wconf 92' lang='lat' dir='ltr'><strong>illud</strong></span> <span class='ocrx_word' id='word_1_97' title='bbox 2651 954 3156 1029; x_wconf 88' lang='lat' dir='ltr'><strong>Proverbiorum‚</strong></span> <span class='ocrx_word' id='word_1_98' title='bbox 3192 956 3435 1037; x_wconf 88' lang='lat' dir='ltr'><strong>Septies</strong></span> <span class='ocrx_word' id='word_1_99' title='bbox 3479 953 3647 1016; x_wconf 90' lang='lat' dir='ltr'><strong>cadit</strong></span> <span class='ocrx_word' id='word_1_100' title='bbox 3683 953 3893 1034; x_wconf 89' lang='lat' dir='ltr'><strong>justus</strong></span> <span class='ocrx_word' id='word_1_101' title='bbox 3916 968 3933 1030; x_wconf 91' lang='lat'>;</span> <span class='ocrx_word' id='word_1_102' title='bbox 3969 974 4249 1026; x_wconf 57' lang='lat' dir='ltr'><strong>Prot-‚um</strong></span> 
     </span>
     <span class='ocr_line' id='line_1_18' title="bbox 2448 1042 4043 1136; baseline -0.001 -22"><span class='ocrx_word' id='word_1_103' title='bbox 2448 1053 2536 1114; x_wconf 88' lang='lat' dir='ltr'><strong>ait</strong></span> <span class='ocrx_word' id='word_1_104' title='bbox 2585 1053 2803 1122; x_wconf 86' lang='lat' dir='ltr'><strong>Glossa</strong></span> <span class='ocrx_word' id='word_1_105' title='bbox 2850 1072 2863 1115; x_wconf 74' lang='grc' dir='ltr'>ε</span> <span class='ocrx_word' id='word_1_106' title='bbox 2910 1055 3024 1117; x_wconf 90' lang='lat' dir='ltr'><strong>Per</strong></span> <span class='ocrx_word' id='word_1_107' title='bbox 3071 1055 3319 1117; x_wconf 89' lang='lat' dir='ltr'><strong>veniale</strong></span> <span class='ocrx_word' id='word_1_108' title='bbox 3372 1061 3722 1136; x_wconf 86' lang='lat' dir='ltr'><strong>peceatum.</strong></span> <span class='ocrx_word' id='word_1_109' title='bbox 3776 1051 3937 1131; x_wconf 85' lang='lat' dir='ltr'><strong>Ergo</strong></span> <span class='ocrx_word' id='word_1_110' title='bbox 3968 1042 4043 1082; x_wconf 82' lang='lat'><strong>¹⁶·</strong></span> 
     </span>
     <span class='ocr_line' id='line_1_19' title="bbox 2450 1151 3939 1235; baseline -0.002 -22"><span class='ocrx_word' id='word_1_111' title='bbox 2450 1151 2617 1214; x_wconf 90' lang='lat' dir='ltr'><strong>cadit</strong></span> <span class='ocrx_word' id='word_1_112' title='bbox 2665 1171 2779 1235; x_wconf 89' lang='lat' dir='ltr'><strong>per</strong></span> <span class='ocrx_word' id='word_1_113' title='bbox 2826 1153 3109 1232; x_wconf 81' lang='lat' dir='ltr'><strong>veniale3</strong></span> <span class='ocrx_word' id='word_1_114' title='bbox 3143 1154 3252 1216; x_wconf 91' lang='lat' dir='ltr'><strong>sed</strong></span> <span class='ocrx_word' id='word_1_115' title='bbox 3303 1170 3431 1215; x_wconf 90' lang='lat' dir='ltr'><strong>non</strong></span> <span class='ocrx_word' id='word_1_116' title='bbox 3473 1152 3640 1214; x_wconf 86' lang='lat' dir='ltr'><strong>cadit</strong></span> <span class='ocrx_word' id='word_1_117' title='bbox 3683 1169 3797 1233; x_wconf 88' lang='lat' dir='ltr'><strong>per</strong></span> <span class='ocrx_word' id='word_1_118' title='bbox 3838 1168 3939 1211; x_wconf 88' lang='lat' dir='ltr'><strong>ve-</strong></span> 
     </span>
    </p>

    <p class='ocr_par' dir='ltr' id='par_1_10' title="bbox 2450 1251 3940 1332">
     <span class='ocr_line' id='line_1_20' title="bbox 2450 1251 3940 1332; baseline -0.003 -20"><span class='ocrx_word' id='word_1_119' title='bbox 2450 1251 2617 1312; x_wconf 88' lang='lat' dir='ltr'><strong>niale</strong></span> <span class='ocrx_word' id='word_1_120' title='bbox 2647 1270 2684 1312; x_wconf 87' lang='lat' dir='ltr'><strong>a</strong></span> <span class='ocrx_word' id='word_1_121' title='bbox 2713 1251 2991 1326; x_wconf 88' lang='lat' dir='ltr'><strong>caritate,</strong></span> <span class='ocrx_word' id='word_1_122' title='bbox 3026 1269 3175 1332; x_wconf 87' lang='lat' dir='ltr'><strong>ergo</strong></span> <span class='ocrx_word' id='word_1_123' title='bbox 3204 1251 3285 1314; x_wconf 88' lang='lat' dir='ltr'><strong>ab</strong></span> <span class='ocrx_word' id='word_1_124' title='bbox 3314 1251 3454 1332; x_wconf 87' lang='lat' dir='ltr'><strong>ejus</strong></span> <span class='ocrx_word' id='word_1_125' title='bbox 3484 1257 3845 1331; x_wconf 83' lang='lat' dir='ltr'><strong>augmentO,</strong></span> <span class='ocrx_word' id='word_1_126' title='bbox 3877 1255 3940 1308; x_wconf 89' lang='lat' dir='ltr'><strong>et</strong></span> 
     </span>
    </p>

    <p class='ocr_par' dir='ltr' id='par_1_11' title="bbox 2450 1347 3941 1413">
     <span class='ocr_line' id='line_1_21' title="bbox 2450 1347 3941 1413; baseline -0.002 -3"><span class='ocrx_word' id='word_1_127' title='bbox 2450 1351 2542 1411; x_wconf 92' lang='lat' dir='ltr'><strong>sic</strong></span> <span class='ocrx_word' id='word_1_128' title='bbox 2572 1350 2851 1412; x_wconf 87' lang='lat' dir='ltr'><strong>caritatis</strong></span> <span class='ocrx_word' id='word_1_129' title='bbox 2886 1350 3372 1413; x_wconf 83' lang='lat' dir='ltr'><strong>minorationem</strong></span> <span class='ocrx_word' id='word_1_130' title='bbox 3405 1348 3692 1410; x_wconf 89' lang='lat' dir='ltr'><strong>incurrit.</strong></span> <span class='ocrx_word' id='word_1_131' title='bbox 3710 1383 3803 1413; x_wconf 89' lang='lat'><strong>.—</strong></span> <span class='ocrx_word' id='word_1_132' title='bbox 3830 1347 3941 1408; x_wconf 89' lang='lat' dir='ltr'><strong>Oc-</strong></span> 
     </span>
    </p>

    <p class='ocr_par' dir='ltr' id='par_1_12' title="bbox 2452 1446 4251 1822">
     <span class='ocr_line' id='line_1_22' title="bbox 2452 1446 4251 1530; baseline 0.001 -21"><span class='ocrx_word' id='word_1_133' title='bbox 2452 1455 2615 1520; x_wconf 88' lang='lat' dir='ltr'><strong>tavo,</strong></span> <span class='ocrx_word' id='word_1_134' title='bbox 2658 1467 2851 1530; x_wconf 87' lang='lat' dir='ltr'><strong>super</strong></span> <span class='ocrx_word' id='word_1_135' title='bbox 2894 1448 3051 1510; x_wconf 91' lang='lat' dir='ltr'><strong>illud</strong></span> <span class='ocrx_word' id='word_1_136' title='bbox 3096 1449 3160 1510; x_wconf 91' lang='lat' dir='ltr'><strong>in</strong></span> <span class='ocrx_word' id='word_1_137' title='bbox 3202 1449 3436 1522; x_wconf 88' lang='lat' dir='ltr'><strong>Exod0,</strong></span> <span class='ocrx_word' id='word_1_138' title='bbox 3479 1448 3544 1508; x_wconf 91' lang='lat' dir='ltr'><strong>Si</strong></span> <span class='ocrx_word' id='word_1_139' title='bbox 3584 1446 3771 1509; x_wconf 89' lang='lat' dir='ltr'><strong>rixati</strong></span> <span class='ocrx_word' id='word_1_140' title='bbox 3808 1446 3941 1507; x_wconf 84' lang='lat' dir='ltr'><strong>fue·</strong></span> <span class='ocrx_word' id='word_1_141' title='bbox 3988 1469 4251 1518; x_wconf 56' lang='lat' dir='ltr'><strong>ewam.</strong></span> 
     </span>
     <span class='ocr_line' id='line_1_23' title="bbox 2452 1536 4046 1630; baseline 0 -22"><span class='ocrx_word' id='word_1_142' title='bbox 2452 1547 2579 1608; x_wconf 91' lang='lat' dir='ltr'><strong>rint</strong></span> <span class='ocrx_word' id='word_1_143' title='bbox 2609 1547 2729 1608; x_wconf 91' lang='lat' dir='ltr'><strong>viri</strong></span> <span class='ocrx_word' id='word_1_144' title='bbox 2772 1547 2938 1609; x_wconf 90' lang='lat' dir='ltr'><strong>inter</strong></span> <span class='ocrx_word' id='word_1_145' title='bbox 2965 1567 3053 1620; x_wconf 88' lang='lat' dir='ltr'><strong>se,</strong></span> <span class='ocrx_word' id='word_1_146' title='bbox 3088 1556 3151 1610; x_wconf 88' lang='lat' dir='ltr'><strong>et</strong></span> <span class='ocrx_word' id='word_1_147' title='bbox 3190 1546 3573 1630; x_wconf 88' lang='lat' dir='ltr'><strong>percusserit</strong></span> <span class='ocrx_word' id='word_1_148' title='bbox 3610 1546 3769 1608; x_wconf 88' lang='lat' dir='ltr'><strong>alter</strong></span> <span class='ocrx_word' id='word_1_149' title='bbox 3804 1564 3941 1627; x_wconf 88' lang='lat' dir='ltr'><strong>pro·</strong></span> <span class='ocrx_word' id='word_1_150' title='bbox 3978 1536 4046 1574; x_wconf 82' lang='lat'><strong>&#39;⁸‘</strong></span> 
     </span>
     <span class='ocr_line' id='line_1_24' title="bbox 2452 1645 3940 1725; baseline -0.001 -18"><span class='ocrx_word' id='word_1_151' title='bbox 2452 1646 2695 1708; x_wconf 83' lang='lat' dir='ltr'><strong>ximum</strong></span> <span class='ocrx_word' id='word_1_152' title='bbox 2756 1664 2996 1725; x_wconf 90' lang='lat' dir='ltr'><strong>suum;</strong></span> <span class='ocrx_word' id='word_1_153' title='bbox 3049 1646 3317 1708; x_wconf 85' lang='lat' dir='ltr'><strong>habetur</strong></span> <span class='ocrx_word' id='word_1_154' title='bbox 3363 1645 3427 1706; x_wconf 93' lang='lat' dir='ltr'><strong>in</strong></span> <span class='ocrx_word' id='word_1_155' title='bbox 3480 1645 3718 1719; x_wconf 81' lang='lat' dir='ltr'><strong>Glossa,</strong></span> <span class='ocrx_word' id='word_1_156' title='bbox 3770 1645 3940 1707; x_wconf 76' lang='lat' dir='ltr'><strong>Laesa</strong></span> 
     </span>
     <span class='ocr_line' id='line_1_25' title="bbox 2452 1741 3939 1822; baseline -0.001 -17"><span class='ocrx_word' id='word_1_157' title='bbox 2452 1743 2710 1806; x_wconf 83' lang='lat' dir='ltr'><strong>caritate</strong></span> <span class='ocrx_word' id='word_1_158' title='bbox 2742 1744 2807 1805; x_wconf 90' lang='lat' dir='ltr'><strong>in</strong></span> <span class='ocrx_word' id='word_1_159' title='bbox 2840 1762 2946 1822; x_wconf 89' lang='lat' dir='ltr'><strong>eo;</strong></span> <span class='ocrx_word' id='word_1_160' title='bbox 2977 1751 3040 1805; x_wconf 89' lang='lat' dir='ltr'><strong>et</strong></span> <span class='ocrx_word' id='word_1_161' title='bbox 3071 1745 3326 1818; x_wconf 87' lang='lat' dir='ltr'><strong>iterum,</strong></span> <span class='ocrx_word' id='word_1_162' title='bbox 3360 1743 3727 1805; x_wconf 79' lang='lat' dir='ltr'><strong>infirmatus</strong></span> <span class='ocrx_word' id='word_1_163' title='bbox 3756 1762 3793 1804; x_wconf 88' lang='lat' dir='ltr'><strong>a</strong></span> <span class='ocrx_word' id='word_1_164' title='bbox 3822 1741 3939 1803; x_wconf 84' lang='lat' dir='ltr'><strong>fer-</strong></span> 
     </span>
    </p>
   </div>
   <div class='ocr_carea' id='block_1_8' title="bbox 849 1842 3942 1924">
    <p class='ocr_par' dir='ltr' id='par_1_13' title="bbox 849 1842 3942 1924">
     <span class='ocr_line' id='line_1_26' title="bbox 849 1842 3942 1924; baseline 0 -20"><span class='ocrx_word' id='word_1_165' title='bbox 849 1861 1006 1904; x_wconf 88' lang='lat' dir='ltr'><strong>esse.</strong></span> <span class='ocrx_word' id='word_1_166' title='bbox 1058 1843 1186 1905; x_wconf 91' lang='lat' dir='ltr'><strong>Nec</strong></span> <span class='ocrx_word' id='word_1_167' title='bbox 1235 1844 1365 1905; x_wconf 89' lang='lat' dir='ltr'><strong>vidi</strong></span> <span class='ocrx_word' id='word_1_168' title='bbox 1425 1845 1542 1906; x_wconf 90' lang='lat' dir='ltr'><strong>hac</strong></span> <span class='ocrx_word' id='word_1_169' title='bbox 1597 1845 1737 1906; x_wconf 90' lang='lat' dir='ltr'><strong>vice</strong></span> <span class='ocrx_word' id='word_1_170' title='bbox 1793 1843 2070 1924; x_wconf 89' lang='lat' dir='ltr'><strong>aliquem</strong></span> <span class='ocrx_word' id='word_1_171' title='bbox 2133 1843 2343 1904; x_wconf 89' lang='lat' dir='ltr'><strong>docto·</strong></span> <span class='ocrx_word' id='word_1_172' title='bbox 2379 1844 2423 1904; x_wconf 89' lang='lat' dir='ltr'>B</span> <span class='ocrx_word' id='word_1_173' title='bbox 2452 1861 2601 1906; x_wconf 83' lang='lat' dir='ltr'><strong>vore</strong></span> <span class='ocrx_word' id='word_1_174' title='bbox 2631 1842 2991 1904; x_wconf 81' lang='lat' dir='ltr'><strong>dilectionis</strong></span> <span class='ocrx_word' id='word_1_175' title='bbox 3026 1843 3354 1924; x_wconf 87' lang='lat' dir='ltr'><strong>languerit.</strong></span> <span class='ocrx_word' id='word_1_176' title='bbox 3392 1843 3628 1906; x_wconf 88' lang='lat' dir='ltr'><strong>Caritas</strong></span> <span class='ocrx_word' id='word_1_177' title='bbox 3658 1859 3808 1923; x_wconf 88' lang='lat' dir='ltr'><strong>ergo</strong></span> <span class='ocrx_word' id='word_1_178' title='bbox 3836 1859 3942 1924; x_wconf 90' lang='lat' dir='ltr'><strong>po-</strong></span> 
     </span>
    </p>
   </div>
   <div class='ocr_carea' id='block_1_9' title="bbox 849 1941 2342 2120">
    <p class='ocr_par' dir='ltr' id='par_1_14' title="bbox 849 1941 2342 2120">
     <span class='ocr_line' id='line_1_27' title="bbox 850 1941 2342 2024; baseline 0.001 -23"><span class='ocrx_word' id='word_1_179' title='bbox 850 1959 982 2002; x_wconf 91' lang='lat' dir='ltr'><strong>rem</strong></span> <span class='ocrx_word' id='word_1_180' title='bbox 1029 1951 1389 2024; x_wconf 79' lang='lat' dir='ltr'><strong>praetactam</strong></span> <span class='ocrx_word' id='word_1_181' title='bbox 1435 1944 1493 2005; x_wconf 90' lang='lat' dir='ltr'><strong>S.</strong></span> <span class='ocrx_word' id='word_1_182' title='bbox 1539 1944 1792 2006; x_wconf 77' lang='lat' dir='ltr'><strong>Thomae</strong></span> <span class='ocrx_word' id='word_1_183' title='bbox 1831 1941 2210 2024; x_wconf 88' lang='lat' dir='ltr'><strong>positionem</strong></span> <span class='ocrx_word' id='word_1_184' title='bbox 2252 1960 2342 2003; x_wconf 83' lang='lat' dir='ltr'><strong>se—</strong></span> 
     </span>
     <span class='ocr_line' id='line_1_28' title="bbox 849 2047 1171 2120; baseline 0.003 -20"><span class='ocrx_word' id='word_1_185' title='bbox 849 2047 1171 2120; x_wconf 90' lang='lat' dir='ltr'><strong>quentem.</strong></span> 
     </span>
    </p>
   </div>
   <div class='ocr_carea' id='block_1_10' title="bbox 1263 2365 1924 2440">
    <p class='ocr_par' dir='ltr' id='par_1_15' title="bbox 1263 2365 1924 2440">
     <span class='ocr_line' id='line_1_29' title="bbox 1263 2365 1924 2440; baseline 0.002 -12"><span class='ocrx_word' id='word_1_186' title='bbox 1263 2365 1736 2440; x_wconf 89' lang='lat' dir='ltr'><strong>QUAESTIO</strong></span> <span class='ocrx_word' id='word_1_187' title='bbox 1815 2367 1924 2430; x_wconf 92' lang='lat' dir='ltr'><strong>IX</strong></span> 
     </span>
    </p>
   </div>
   <div class='ocr_carea' id='block_1_11' title="bbox 847 2631 2343 2999">
    <p class='ocr_par' dir='ltr' id='par_1_16' title="bbox 986 2631 2339 2797">
     <span class='ocr_line' id='line_1_30' title="bbox 986 2631 2339 2712; baseline 0.004 -18"><span class='ocrx_word' id='word_1_188' title='bbox 986 2631 1119 2694; x_wconf 89' lang='lat' dir='ltr'><strong>Ono</strong></span> <span class='ocrx_word' id='word_1_189' title='bbox 1175 2632 1502 2712; x_wconf 81' lang='lat' dir='ltr'><strong>quaeritur,</strong></span> <span class='ocrx_word' id='word_1_190' title='bbox 1553 2633 1682 2698; x_wconf 85' lang='lat' dir='ltr'><strong>An</strong></span> <span class='ocrx_word' id='word_1_191' title='bbox 1733 2631 2034 2699; x_wconf 75' lang='lat' dir='ltr'><strong>caritas</strong></span> <span class='ocrx_word' id='word_1_192' title='bbox 2082 2634 2339 2698; x_wconf 78' lang='lat' dir='ltr'><strong>minu-</strong></span> 
     </span>
     <span class='ocr_line' id='line_1_31' title="bbox 1011 2732 1219 2797; baseline -0.005 0"><span class='ocrx_word' id='word_1_193' title='bbox 1011 2732 1219 2797; x_wconf 81' lang='lat' dir='ltr'><strong>atur.</strong></span> 
     </span>
    </p>

    <p class='ocr_par' dir='ltr' id='par_1_17' title="bbox 925 2828 2343 2911">
     <span class='ocr_line' id='line_1_32' title="bbox 925 2828 2343 2911; baseline 0.003 -23"><span class='ocrx_word' id='word_1_194' title='bbox 925 2829 1188 2890; x_wconf 90' lang='lat' dir='ltr'><strong>Videtur</strong></span> <span class='ocrx_word' id='word_1_195' title='bbox 1230 2828 1401 2910; x_wconf 93' lang='lat' dir='ltr'><strong>quod</strong></span> <span class='ocrx_word' id='word_1_196' title='bbox 1450 2829 1562 2890; x_wconf 89' lang='lat' dir='ltr'><strong>sic.</strong></span> <span class='ocrx_word' id='word_1_197' title='bbox 1598 2828 1827 2902; x_wconf 86' lang='lat' dir='ltr'><strong>Primo,</strong></span> <span class='ocrx_word' id='word_1_198' title='bbox 1861 2848 1977 2910; x_wconf 92' lang='lat' dir='ltr'><strong>per</strong></span> <span class='ocrx_word' id='word_1_199' title='bbox 2017 2831 2343 2911; x_wconf 87' lang='lat' dir='ltr'><strong>experien-</strong></span> 
     </span>
    </p>

    <p class='ocr_par' dir='ltr' id='par_1_18' title="bbox 847 2927 2343 2999">
     <span class='ocr_line' id='line_1_33' title="bbox 847 2927 2343 2999; baseline 0.002 -13"><span class='ocrx_word' id='word_1_200' title='bbox 847 2927 1020 2988; x_wconf 82' lang='lat' dir='ltr'><strong>tiam.</strong></span> <span class='ocrx_word' id='word_1_201' title='bbox 1057 2927 1600 2999; x_wconf 87' lang='lat' dir='ltr'><strong>Quemadmodum</strong></span> <span class='ocrx_word' id='word_1_202' title='bbox 1641 2927 1813 2989; x_wconf 89' lang='lat' dir='ltr'><strong>enim</strong></span> <span class='ocrx_word' id='word_1_203' title='bbox 1844 2928 1942 2988; x_wconf 89' lang='lat' dir='ltr'><strong>vir</strong></span> <span class='ocrx_word' id='word_1_204' title='bbox 1977 2927 2183 2991; x_wconf 89' lang='lat' dir='ltr'><strong>bonus</strong></span> <span class='ocrx_word' id='word_1_205' title='bbox 2225 2929 2343 2992; x_wconf 87' lang='lat' dir='ltr'><strong>for-</strong></span> 
     </span>
    </p>
   </div>
   <div class='ocr_carea' id='block_1_12' title="bbox 2450 1940 4257 3006">
    <p class='ocr_par' dir='ltr' id='par_1_19' title="bbox 2450 1940 4257 2612">
     <span class='ocr_line' id='line_1_34' title="bbox 2454 1940 3941 2022; baseline -0.001 -20"><span class='ocrx_word' id='word_1_206' title='bbox 2454 1950 2573 2004; x_wconf 91' lang='lat' dir='ltr'><strong>test</strong></span> <span class='ocrx_word' id='word_1_207' title='bbox 2623 1940 2943 2022; x_wconf 84' lang='lat' dir='ltr'><strong>languere,</strong></span> <span class='ocrx_word' id='word_1_208' title='bbox 2980 1942 3144 2015; x_wconf 81' lang='lat' dir='ltr'><strong>laedi,</strong></span> <span class='ocrx_word' id='word_1_209' title='bbox 3190 1943 3320 2004; x_wconf 88' lang='lat' dir='ltr'><strong>imo</strong></span> <span class='ocrx_word' id='word_1_210' title='bbox 3366 1949 3429 2003; x_wconf 90' lang='lat' dir='ltr'><strong>et</strong></span> <span class='ocrx_word' id='word_1_211' title='bbox 3478 1941 3779 2004; x_wconf 85' lang='lat' dir='ltr'><strong>minorari</strong></span> <span class='ocrx_word' id='word_1_212' title='bbox 3827 1959 3941 2022; x_wconf 84' lang='lat' dir='ltr'><strong>per</strong></span> 
     </span>
     <span class='ocr_line' id='line_1_35' title="bbox 2452 2039 3941 2120; baseline -0.001 -20"><span class='ocrx_word' id='word_1_213' title='bbox 2452 2039 2726 2101; x_wconf 87' lang='lat' dir='ltr'><strong>venialia</strong></span> <span class='ocrx_word' id='word_1_214' title='bbox 2770 2039 2934 2101; x_wconf 87' lang='lat' dir='ltr'><strong>mala</strong></span> <span class='ocrx_word' id='word_1_215' title='bbox 2966 2057 2980 2100; x_wconf 91' lang='lat'>:</span> <span class='ocrx_word' id='word_1_216' title='bbox 3017 2058 3129 2120; x_wconf 89' lang='lat' dir='ltr'><strong>per</strong></span> <span class='ocrx_word' id='word_1_217' title='bbox 3170 2039 3459 2102; x_wconf 87' lang='lat' dir='ltr'><strong>mortalia</strong></span> <span class='ocrx_word' id='word_1_218' title='bbox 3498 2057 3772 2120; x_wconf 89' lang='lat' dir='ltr'><strong>namque</strong></span> <span class='ocrx_word' id='word_1_219' title='bbox 3812 2055 3941 2100; x_wconf 90' lang='lat' dir='ltr'><strong>cor-</strong></span> 
     </span>
     <span class='ocr_line' id='line_1_36' title="bbox 2452 2136 3943 2219; baseline -0.001 -21"><span class='ocrx_word' id='word_1_220' title='bbox 2452 2136 2789 2219; x_wconf 84' lang='lat' dir='ltr'><strong>rumpitur.</strong></span> <span class='ocrx_word' id='word_1_221' title='bbox 2827 2137 2902 2198; x_wconf 89' lang='lat' dir='ltr'><strong>Et</strong></span> <span class='ocrx_word' id='word_1_222' title='bbox 2933 2137 3103 2199; x_wconf 92' lang='lat' dir='ltr'><strong>istud</strong></span> <span class='ocrx_word' id='word_1_223' title='bbox 3132 2137 3383 2200; x_wconf 91' lang='lat' dir='ltr'><strong>videtur</strong></span> <span class='ocrx_word' id='word_1_224' title='bbox 3412 2156 3588 2200; x_wconf 87' lang='lat' dir='ltr'><strong>sacra</strong></span> <span class='ocrx_word' id='word_1_225' title='bbox 3618 2137 3943 2218; x_wconf 89' lang='lat' dir='ltr'><strong>Scriptura</strong></span> 
     </span>
     <span class='ocr_line' id='line_1_37' title="bbox 2453 2235 4224 2317; baseline 0 -21"><span class='ocrx_word' id='word_1_226' title='bbox 2453 2235 2866 2317; x_wconf 82' lang='lat' dir='ltr'><strong>praetendere‚</strong></span> <span class='ocrx_word' id='word_1_227' title='bbox 2901 2235 3151 2297; x_wconf 90' lang='lat' dir='ltr'><strong>dicente</strong></span> <span class='ocrx_word' id='word_1_228' title='bbox 3191 2235 3439 2298; x_wconf 90' lang='lat' dir='ltr'><strong>Christo</strong></span> <span class='ocrx_word' id='word_1_229' title='bbox 3482 2236 3752 2297; x_wconf 89' lang='lat' dir='ltr'><strong>Domino</strong></span> <span class='ocrx_word' id='word_1_230' title='bbox 3785 2252 3799 2296; x_wconf 75' lang='grc' dir='ltr'>ε</span> <span class='ocrx_word' id='word_1_231' title='bbox 3832 2235 3942 2296; x_wconf 86' lang='lat' dir='ltr'><strong>Re·</strong></span> <span class='ocrx_word' id='word_1_232' title='bbox 4032 2254 4224 2297; x_wconf 63' lang='lat' dir='ltr'><strong>mun.</strong></span> 
     </span>
     <span class='ocr_line' id='line_1_38' title="bbox 2450 2321 4193 2414; baseline 0 -19"><span class='ocrx_word' id='word_1_233' title='bbox 2450 2333 2748 2414; x_wconf 85' lang='lat' dir='ltr'><strong>frigescet</strong></span> <span class='ocrx_word' id='word_1_234' title='bbox 2796 2333 3023 2395; x_wconf 87' lang='lat' dir='ltr'><strong>caritas</strong></span> <span class='ocrx_word' id='word_1_235' title='bbox 3074 2334 3439 2396; x_wconf 83' lang='lat' dir='ltr'><strong>multorum.</strong></span> <span class='ocrx_word' id='word_1_236' title='bbox 3495 2334 3571 2396; x_wconf 88' lang='lat' dir='ltr'><strong>Et</strong></span> <span class='ocrx_word' id='word_1_237' title='bbox 3616 2333 3693 2395; x_wconf 90' lang='lat' dir='ltr'><strong>ad</strong></span> <span class='ocrx_word' id='word_1_238' title='bbox 3742 2333 3944 2395; x_wconf 86' lang='lat' dir='ltr'><strong>Timo-</strong></span> <span class='ocrx_word' id='word_1_239' title='bbox 3972 2321 4193 2368; x_wconf 62' lang='lat'><strong>&#39;‘³⁵¹‘&#39;&#39;¹²·</strong></span> 
     </span>
     <span class='ocr_line' id='line_1_39' title="bbox 2451 2431 4257 2514; baseline -0.001 -21"><span class='ocrx_word' id='word_1_240' title='bbox 2451 2432 2669 2495; x_wconf 90' lang='lat' dir='ltr'><strong>theum</strong></span> <span class='ocrx_word' id='word_1_241' title='bbox 2703 2432 3040 2514; x_wconf 88' lang='lat' dir='ltr'><strong>Apostolus</strong></span> <span class='ocrx_word' id='word_1_242' title='bbox 3076 2451 3090 2493; x_wconf 73' lang='grc' dir='ltr'>ε</span> <span class='ocrx_word' id='word_1_243' title='bbox 3124 2432 3449 2496; x_wconf 91' lang='lat' dir='ltr'><strong>Admoneo</strong></span> <span class='ocrx_word' id='word_1_244' title='bbox 3476 2431 3746 2513; x_wconf 89' lang='lat' dir='ltr'><strong>(inquit)</strong></span> <span class='ocrx_word' id='word_1_245' title='bbox 3776 2439 3838 2494; x_wconf 91' lang='lat' dir='ltr'><strong>te</strong></span> <span class='ocrx_word' id='word_1_246' title='bbox 3878 2439 3945 2492; x_wconf 90' lang='lat' dir='ltr'><strong>ut</strong></span> <span class='ocrx_word' id='word_1_247' title='bbox 3972 2451 4010 2494; x_wconf 93' lang='grc' dir='ltr'><strong>ιι</strong></span> <span class='ocrx_word' id='word_1_248' title='bbox 4034 2451 4257 2500; x_wconf 46' lang='lat' dir='ltr'><strong>Tamne.</strong></span> 
     </span>
     <span class='ocr_line' id='line_1_40' title="bbox 2452 2530 3943 2612; baseline 0 -20"><span class='ocrx_word' id='word_1_249' title='bbox 2452 2531 2791 2593; x_wconf 83' lang='lat' dir='ltr'><strong>resuscites</strong></span> <span class='ocrx_word' id='word_1_250' title='bbox 2833 2532 3102 2612; x_wconf 88' lang='lat' dir='ltr'><strong>gratiam</strong></span> <span class='ocrx_word' id='word_1_251' title='bbox 3144 2531 3256 2594; x_wconf 92' lang='lat' dir='ltr'><strong>Dei</strong></span> <span class='ocrx_word' id='word_1_252' title='bbox 3300 2531 3365 2593; x_wconf 92' lang='lat' dir='ltr'><strong>in</strong></span> <span class='ocrx_word' id='word_1_253' title='bbox 3408 2539 3487 2594; x_wconf 90' lang='lat' dir='ltr'><strong>te.</strong></span> <span class='ocrx_word' id='word_1_254' title='bbox 3521 2567 3603 2576; x_wconf 91' lang='lat'><em>-</em></span> <span class='ocrx_word' id='word_1_255' title='bbox 3631 2530 3943 2612; x_wconf 81' lang='lat' dir='ltr'><strong>AmpliuS,</strong></span> 
     </span>
    </p>

    <p class='ocr_par' dir='ltr' id='par_1_20' title="bbox 2453 2628 3945 2712">
     <span class='ocr_line' id='line_1_41' title="bbox 2453 2628 3945 2712; baseline 0 -21"><span class='ocrx_word' id='word_1_256' title='bbox 2453 2629 2619 2691; x_wconf 89' lang='lat' dir='ltr'><strong>sicut</strong></span> <span class='ocrx_word' id='word_1_257' title='bbox 2651 2629 2957 2710; x_wconf 84' lang='lat' dir='ltr'><strong>paulatim</strong></span> <span class='ocrx_word' id='word_1_258' title='bbox 2989 2628 3347 2712; x_wconf 84' lang='lat' dir='ltr'><strong>proficitur,</strong></span> <span class='ocrx_word' id='word_1_259' title='bbox 3384 2630 3467 2692; x_wconf 85' lang='lat' dir='ltr'><strong>ita</strong></span> <span class='ocrx_word' id='word_1_260' title='bbox 3508 2630 3815 2712; x_wconf 87' lang='lat' dir='ltr'><strong>paulatim</strong></span> <span class='ocrx_word' id='word_1_261' title='bbox 3846 2629 3945 2692; x_wconf 90' lang='lat' dir='ltr'><strong>de·</strong></span> 
     </span>
    </p>

    <p class='ocr_par' dir='ltr' id='par_1_21' title="bbox 2452 2727 3947 2810">
     <span class='ocr_line' id='line_1_42' title="bbox 2452 2727 3947 2810; baseline 0 -22"><span class='ocrx_word' id='word_1_262' title='bbox 2452 2727 2690 2789; x_wconf 84' lang='lat' dir='ltr'><strong>ficitur.</strong></span> <span class='ocrx_word' id='word_1_263' title='bbox 2726 2728 2900 2790; x_wconf 89' lang='lat' dir='ltr'><strong>Unde</strong></span> <span class='ocrx_word' id='word_1_264' title='bbox 2952 2729 3017 2789; x_wconf 90' lang='lat' dir='ltr'><strong>in</strong></span> <span class='ocrx_word' id='word_1_265' title='bbox 3065 2728 3441 2791; x_wconf 86' lang='lat' dir='ltr'><strong>Periarchon</strong></span> <span class='ocrx_word' id='word_1_266' title='bbox 3491 2728 3773 2810; x_wconf 89' lang='lat' dir='ltr'><strong>loquitur</strong></span> <span class='ocrx_word' id='word_1_267' title='bbox 3817 2727 3947 2789; x_wconf 89' lang='lat' dir='ltr'><strong>Ori-</strong></span> 
     </span>
    </p>

    <p class='ocr_par' dir='ltr' id='par_1_22' title="bbox 2454 2826 3947 2908">
     <span class='ocr_line' id='line_1_43' title="bbox 2454 2826 3947 2908; baseline 0 -20"><span class='ocrx_word' id='word_1_268' title='bbox 2454 2844 2646 2907; x_wconf 88' lang='lat' dir='ltr'><strong>genes</strong></span> <span class='ocrx_word' id='word_1_269' title='bbox 2671 2843 2685 2887; x_wconf 91' lang='lat'>:</span> <span class='ocrx_word' id='word_1_270' title='bbox 2710 2826 2935 2888; x_wconf 90' lang='lat' dir='ltr'><strong>Nullus</strong></span> <span class='ocrx_word' id='word_1_271' title='bbox 2966 2845 3187 2889; x_wconf 88' lang='lat' dir='ltr'><strong>eorum</strong></span> <span class='ocrx_word' id='word_1_272' title='bbox 3219 2827 3327 2908; x_wconf 89' lang='lat' dir='ltr'><strong>qui</strong></span> <span class='ocrx_word' id='word_1_273' title='bbox 3363 2827 3427 2888; x_wconf 92' lang='lat' dir='ltr'><strong>in</strong></span> <span class='ocrx_word' id='word_1_274' title='bbox 3458 2826 3743 2908; x_wconf 86' lang='lat' dir='ltr'><strong>perfecto</strong></span> <span class='ocrx_word' id='word_1_275' title='bbox 3780 2845 3947 2888; x_wconf 91' lang='lat' dir='ltr'><strong>sum-</strong></span> 
     </span>
    </p>

    <p class='ocr_par' dir='ltr' id='par_1_23' title="bbox 2457 2925 3945 3006">
     <span class='ocr_line' id='line_1_44' title="bbox 2457 2925 3945 3006; baseline -0.001 -20"><span class='ocrx_word' id='word_1_276' title='bbox 2457 2943 2687 3006; x_wconf 87' lang='lat' dir='ltr'><strong>moque</strong></span> <span class='ocrx_word' id='word_1_277' title='bbox 2727 2927 2926 3006; x_wconf 90' lang='lat' dir='ltr'><strong>gradu</strong></span> <span class='ocrx_word' id='word_1_278' title='bbox 2964 2926 3299 3000; x_wconf 86' lang='lat' dir='ltr'><strong>exstiterit,</strong></span> <span class='ocrx_word' id='word_1_279' title='bbox 3334 2925 3546 2988; x_wconf 88' lang='lat' dir='ltr'><strong>subito</strong></span> <span class='ocrx_word' id='word_1_280' title='bbox 3582 2932 3945 2996; x_wconf 89' lang='lat' dir='ltr'><strong>evacuatur,</strong></span> 
     </span>
    </p>
   </div>
   <div class='ocr_carea' id='block_1_13' title="bbox 847 3024 3949 3108">
    <p class='ocr_par' dir='ltr' id='par_1_24' title="bbox 847 3024 3949 3108">
     <span class='ocr_line' id='line_1_45' title="bbox 847 3024 3949 3108; baseline 0 -23"><span class='ocrx_word' id='word_1_281' title='bbox 847 3025 994 3086; x_wconf 79' lang='lat' dir='ltr'><strong>tit-er</strong></span> <span class='ocrx_word' id='word_1_282' title='bbox 1037 3025 1386 3088; x_wconf 88' lang='lat' dir='ltr'><strong>insistendo</strong></span> <span class='ocrx_word' id='word_1_283' title='bbox 1429 3025 1744 3107; x_wconf 89' lang='lat' dir='ltr'><strong>spirituali</strong></span> <span class='ocrx_word' id='word_1_284' title='bbox 1789 3025 2102 3108; x_wconf 83' lang='lat' dir='ltr'><strong>profectui</strong></span> <span class='ocrx_word' id='word_1_285' title='bbox 2153 3028 2345 3090; x_wconf 89' lang='lat' dir='ltr'><strong>sentit</strong></span> <span class='ocrx_word' id='word_1_286' title='bbox 2382 3030 2425 3092; x_wconf 88' lang='lat' dir='ltr'>C</span> <span class='ocrx_word' id='word_1_287' title='bbox 2457 3024 2565 3085; x_wconf 83' lang='lat' dir='ltr'><strong>sed</strong></span> <span class='ocrx_word' id='word_1_288' title='bbox 2599 3024 2904 3105; x_wconf 86' lang='lat' dir='ltr'><strong>paulatim</strong></span> <span class='ocrx_word' id='word_1_289' title='bbox 2934 3033 3123 3106; x_wconf 87' lang='lat' dir='ltr'><strong>atque</strong></span> <span class='ocrx_word' id='word_1_290' title='bbox 3155 3043 3270 3106; x_wconf 89' lang='lat' dir='ltr'><strong>per</strong></span> <span class='ocrx_word' id='word_1_291' title='bbox 3298 3033 3528 3107; x_wconf 78' lang='lat' dir='ltr'><strong>partes,</strong></span> <span class='ocrx_word' id='word_1_292' title='bbox 3548 3024 3715 3096; x_wconf 77' lang='lat' dir='ltr'><strong>Talis</strong></span> <span class='ocrx_word' id='word_1_293' title='bbox 3742 3031 3949 3086; x_wconf 83' lang='lat' dir='ltr'><strong>autem</strong></span> 
     </span>
    </p>
   </div>
   <div class='ocr_carea' id='block_1_14' title="bbox 848 3124 2354 4190">
    <p class='ocr_par' dir='ltr' id='par_1_25' title="bbox 848 3124 2354 4190">
     <span class='ocr_line' id='line_1_46' title="bbox 848 3124 2347 3207; baseline 0.003 -22"><span class='ocrx_word' id='word_1_294' title='bbox 848 3144 915 3186; x_wconf 90' lang='lat' dir='ltr'><strong>se</strong></span> <span class='ocrx_word' id='word_1_295' title='bbox 946 3124 1013 3185; x_wconf 88' lang='lat' dir='ltr'><strong>in</strong></span> <span class='ocrx_word' id='word_1_296' title='bbox 1044 3124 1304 3186; x_wconf 88' lang='lat' dir='ltr'><strong>caritate</strong></span> <span class='ocrx_word' id='word_1_297' title='bbox 1334 3124 1667 3206; x_wconf 83' lang='lat' dir='ltr'><strong>proficere,</strong></span> <span class='ocrx_word' id='word_1_298' title='bbox 1697 3125 1782 3187; x_wconf 89' lang='lat' dir='ltr'><strong>ita</strong></span> <span class='ocrx_word' id='word_1_299' title='bbox 1810 3125 1918 3206; x_wconf 93' lang='lat' dir='ltr'><strong>qui</strong></span> <span class='ocrx_word' id='word_1_300' title='bbox 1953 3126 2347 3207; x_wconf 81' lang='lat' dir='ltr'><strong>negligenter</strong></span> 
     </span>
     <span class='ocr_line' id='line_1_47' title="bbox 850 3222 2345 3305; baseline 0.002 -22"><span class='ocrx_word' id='word_1_301' title='bbox 850 3242 916 3285; x_wconf 91' lang='lat' dir='ltr'><strong>se</strong></span> <span class='ocrx_word' id='word_1_302' title='bbox 947 3222 1157 3296; x_wconf 90' lang='lat' dir='ltr'><strong>habet,</strong></span> <span class='ocrx_word' id='word_1_303' title='bbox 1191 3224 1518 3305; x_wconf 88' lang='lat' dir='ltr'><strong>experitur</strong></span> <span class='ocrx_word' id='word_1_304' title='bbox 1547 3242 1614 3284; x_wconf 91' lang='lat' dir='ltr'><strong>se</strong></span> <span class='ocrx_word' id='word_1_305' title='bbox 1647 3224 1711 3285; x_wconf 93' lang='lat' dir='ltr'><strong>in</strong></span> <span class='ocrx_word' id='word_1_306' title='bbox 1744 3243 1816 3286; x_wconf 90' lang='lat' dir='ltr'><strong>ea</strong></span> <span class='ocrx_word' id='word_1_307' title='bbox 1846 3223 2230 3286; x_wconf 88' lang='lat' dir='ltr'><strong>decrescere.</strong></span> <span class='ocrx_word' id='word_1_308' title='bbox 2265 3262 2345 3271; x_wconf 86' lang='lat'><strong>--</strong></span> 
     </span>
     <span class='ocr_line' id='line_1_48' title="bbox 852 3321 2346 3405; baseline 0.002 -22"><span class='ocrx_word' id='word_1_309' title='bbox 852 3321 1164 3396; x_wconf 84' lang='lat' dir='ltr'><strong>SecundO,</strong></span> <span class='ocrx_word' id='word_1_310' title='bbox 1188 3322 1340 3402; x_wconf 86' lang='lat' dir='ltr'><strong>quia</strong></span> <span class='ocrx_word' id='word_1_311' title='bbox 1371 3322 1436 3383; x_wconf 91' lang='lat' dir='ltr'><strong>in</strong></span> <span class='ocrx_word' id='word_1_312' title='bbox 1466 3322 1846 3405; x_wconf 81' lang='lat' dir='ltr'><strong>Apocalypsi</strong></span> <span class='ocrx_word' id='word_1_313' title='bbox 1877 3323 2186 3386; x_wconf 90' lang='lat' dir='ltr'><strong>Dominus</strong></span> <span class='ocrx_word' id='word_1_314' title='bbox 2218 3325 2346 3386; x_wconf 90' lang='lat' dir='ltr'><strong>cui-</strong></span> 
     </span>
     <span class='ocr_line' id='line_1_49' title="bbox 853 3420 2343 3503; baseline 0.002 -21"><span class='ocrx_word' id='word_1_315' title='bbox 853 3421 998 3482; x_wconf 88' lang='lat' dir='ltr'><strong>dam</strong></span> <span class='ocrx_word' id='word_1_316' title='bbox 1033 3420 1440 3503; x_wconf 86' lang='lat' dir='ltr'><strong>improperat,</strong></span> <span class='ocrx_word' id='word_1_317' title='bbox 1467 3420 1683 3483; x_wconf 90' lang='lat' dir='ltr'><strong>dicens</strong></span> <span class='ocrx_word' id='word_1_318' title='bbox 1719 3439 1732 3482; x_wconf 74' lang='grc' dir='ltr'><strong><em>ε</em></strong></span> <span class='ocrx_word' id='word_1_319' title='bbox 1767 3421 1978 3483; x_wconf 89' lang='lat' dir='ltr'><strong>Habeo</strong></span> <span class='ocrx_word' id='word_1_320' title='bbox 2006 3423 2343 3485; x_wconf 84' lang='lat' dir='ltr'><strong>adversum</strong></span> 
     </span>
     <span class='ocr_line' id='line_1_50' title="bbox 856 3519 2351 3603; baseline 0.003 -24"><span class='ocrx_word' id='word_1_321' title='bbox 856 3527 914 3579; x_wconf 91' lang='lat' dir='ltr'><strong>te</strong></span> <span class='ocrx_word' id='word_1_322' title='bbox 960 3519 1129 3600; x_wconf 91' lang='lat' dir='ltr'><strong>quod</strong></span> <span class='ocrx_word' id='word_1_323' title='bbox 1174 3519 1501 3582; x_wconf 87' lang='lat' dir='ltr'><strong>caritatem</strong></span> <span class='ocrx_word' id='word_1_324' title='bbox 1550 3526 1723 3581; x_wconf 87' lang='lat' dir='ltr'><strong>tuam</strong></span> <span class='ocrx_word' id='word_1_325' title='bbox 1773 3520 2047 3601; x_wconf 88' lang='lat' dir='ltr'><strong>primam</strong></span> <span class='ocrx_word' id='word_1_326' title='bbox 2092 3521 2351 3603; x_wconf 88' lang='lat' dir='ltr'><strong>reliqui-</strong></span> 
     </span>
     <span class='ocr_line' id='line_1_51' title="bbox 854 3618 2349 3699; baseline 0.002 -20"><span class='ocrx_word' id='word_1_327' title='bbox 854 3618 968 3696; x_wconf 85' lang='lat' dir='ltr'><strong>sti3</strong></span> <span class='ocrx_word' id='word_1_328' title='bbox 1002 3636 1246 3681; x_wconf 90' lang='lat' dir='ltr'><strong>memor</strong></span> <span class='ocrx_word' id='word_1_329' title='bbox 1275 3624 1408 3681; x_wconf 87' lang='lat' dir='ltr'><strong>esto</strong></span> <span class='ocrx_word' id='word_1_330' title='bbox 1449 3618 1661 3699; x_wconf 89' lang='lat' dir='ltr'><strong>itaque</strong></span> <span class='ocrx_word' id='word_1_331' title='bbox 1699 3619 1863 3681; x_wconf 90' lang='lat' dir='ltr'><strong>unde</strong></span> <span class='ocrx_word' id='word_1_332' title='bbox 1903 3619 2237 3682; x_wconf 86' lang='lat' dir='ltr'><strong>excideris.</strong></span> <span class='ocrx_word' id='word_1_333' title='bbox 2274 3620 2349 3682; x_wconf 90' lang='lat' dir='ltr'><strong>Et</strong></span> 
     </span>
     <span class='ocr_line' id='line_1_52' title="bbox 855 3716 2346 3799; baseline 0.001 -22"><span class='ocrx_word' id='word_1_334' title='bbox 855 3716 1020 3777; x_wconf 90' lang='lat' dir='ltr'><strong>sicut</strong></span> <span class='ocrx_word' id='word_1_335' title='bbox 1068 3716 1290 3777; x_wconf 89' lang='lat' dir='ltr'><strong>dicunt</strong></span> <span class='ocrx_word' id='word_1_336' title='bbox 1337 3716 1600 3798; x_wconf 87' lang='lat' dir='ltr'><strong>quidam</strong></span> <span class='ocrx_word' id='word_1_337' title='bbox 1649 3717 2060 3798; x_wconf 47' lang='lat' dir='ltr'><strong>expositore&amp;</strong></span> <span class='ocrx_word' id='word_1_338' title='bbox 2115 3719 2346 3799; x_wconf 69' lang='lat' dir='ltr'><strong>praesul</strong></span> 
     </span>
     <span class='ocr_line' id='line_1_53' title="bbox 855 3812 2349 3894; baseline 0 -18"><span class='ocrx_word' id='word_1_339' title='bbox 855 3814 958 3876; x_wconf 89' lang='lat' dir='ltr'><strong>cui</strong></span> <span class='ocrx_word' id='word_1_340' title='bbox 991 3814 1110 3875; x_wconf 91' lang='lat' dir='ltr'><strong>hoc</strong></span> <span class='ocrx_word' id='word_1_341' title='bbox 1149 3812 1472 3894; x_wconf 87' lang='lat' dir='ltr'><strong>objicitur,</strong></span> <span class='ocrx_word' id='word_1_342' title='bbox 1507 3831 1634 3876; x_wconf 90' lang='lat' dir='ltr'><strong>non</strong></span> <span class='ocrx_word' id='word_1_343' title='bbox 1673 3814 1889 3875; x_wconf 85' lang='lat' dir='ltr'><strong>amisit</strong></span> <span class='ocrx_word' id='word_1_344' title='bbox 1919 3816 2245 3877; x_wconf 87' lang='lat' dir='ltr'><strong>caritatem</strong></span> <span class='ocrx_word' id='word_1_345' title='bbox 2284 3816 2349 3877; x_wconf 90' lang='lat' dir='ltr'><strong>in</strong></span> 
     </span>
     <span class='ocr_line' id='line_1_54' title="bbox 857 3913 2354 3992; baseline 0.001 -18"><span class='ocrx_word' id='word_1_346' title='bbox 857 3920 986 3975; x_wconf 89' lang='lat' dir='ltr'><strong>toto</strong></span> <span class='ocrx_word' id='word_1_347' title='bbox 1021 3930 1034 3973; x_wconf 76' lang='grc' dir='ltr'><em>τ</em></span> <span class='ocrx_word' id='word_1_348' title='bbox 1067 3931 1218 3992; x_wconf 86' lang='lat' dir='ltr'><strong>ergo</strong></span> <span class='ocrx_word' id='word_1_349' title='bbox 1259 3913 1574 3976; x_wconf 88' lang='lat' dir='ltr'><strong>diminuta</strong></span> <span class='ocrx_word' id='word_1_350' title='bbox 1616 3914 1822 3976; x_wconf 90' lang='lat' dir='ltr'><strong>solum</strong></span> <span class='ocrx_word' id='word_1_351' title='bbox 1868 3913 1989 3975; x_wconf 85' lang='lat' dir='ltr'><strong>fuit</strong></span> <span class='ocrx_word' id='word_1_352' title='bbox 2033 3914 2098 3975; x_wconf 90' lang='lat' dir='ltr'><strong>in</strong></span> <span class='ocrx_word' id='word_1_353' title='bbox 2142 3934 2236 3977; x_wconf 85' lang='lat' dir='ltr'><strong>e0.</strong></span> <span class='ocrx_word' id='word_1_354' title='bbox 2274 3952 2354 3960; x_wconf 97' lang='lat'><strong>—</strong></span> 
     </span>
     <span class='ocr_line' id='line_1_55' title="bbox 858 4011 2350 4093; baseline 0.001 -21"><span class='ocrx_word' id='word_1_355' title='bbox 858 4011 1087 4084; x_wconf 89' lang='lat' dir='ltr'><strong>Tertio,</strong></span> <span class='ocrx_word' id='word_1_356' title='bbox 1147 4011 1407 4093; x_wconf 88' lang='lat' dir='ltr'><strong>quidam</strong></span> <span class='ocrx_word' id='word_1_357' title='bbox 1467 4012 1770 4093; x_wconf 86' lang='lat' dir='ltr'><strong>paulatim</strong></span> <span class='ocrx_word' id='word_1_358' title='bbox 1830 4020 2163 4093; x_wconf 88' lang='lat' dir='ltr'><strong>tepescunt</strong></span> <span class='ocrx_word' id='word_1_359' title='bbox 2219 4031 2231 4073; x_wconf 73' lang='grc' dir='ltr'><em>τ</em></span> <span class='ocrx_word' id='word_1_360' title='bbox 2286 4013 2350 4074; x_wconf 92' lang='lat' dir='ltr'><strong>in</strong></span> 
     </span>
     <span class='ocr_line' id='line_1_56' title="bbox 859 4109 2347 4190; baseline 0.001 -19"><span class='ocrx_word' id='word_1_361' title='bbox 859 4109 1094 4190; x_wconf 89' lang='lat' dir='ltr'><strong>quibus</strong></span> <span class='ocrx_word' id='word_1_362' title='bbox 1125 4110 1350 4172; x_wconf 87' lang='lat' dir='ltr'><strong>caritas</strong></span> <span class='ocrx_word' id='word_1_363' title='bbox 1382 4109 1634 4171; x_wconf 88' lang='lat' dir='ltr'><strong>videtur</strong></span> <span class='ocrx_word' id='word_1_364' title='bbox 1663 4110 2021 4172; x_wconf 85' lang='lat' dir='ltr'><strong>successive</strong></span> <span class='ocrx_word' id='word_1_365' title='bbox 2052 4111 2347 4173; x_wconf 89' lang='lat' dir='ltr'><strong>diminui.</strong></span> 
     </span>
    </p>
   </div>
   <div class='ocr_carea' id='block_1_15' title="bbox 2457 3121 3953 3500">
    <p class='ocr_par' dir='ltr' id='par_1_26' title="bbox 2457 3121 3951 3302">
     <span class='ocr_line' id='line_1_57' title="bbox 2457 3121 3951 3204; baseline 0 -20"><span class='ocrx_word' id='word_1_366' title='bbox 2457 3123 2789 3185; x_wconf 90' lang='lat' dir='ltr'><strong>evacuatio</strong></span> <span class='ocrx_word' id='word_1_367' title='bbox 2845 3123 3166 3204; x_wconf 86' lang='lat' dir='ltr'><strong>paulativa</strong></span> <span class='ocrx_word' id='word_1_368' title='bbox 3216 3142 3343 3185; x_wconf 89' lang='lat' dir='ltr'><strong>non</strong></span> <span class='ocrx_word' id='word_1_369' title='bbox 3394 3121 3471 3184; x_wconf 83' lang='lat' dir='ltr'><strong>fit</strong></span> <span class='ocrx_word' id='word_1_370' title='bbox 3519 3123 3643 3184; x_wconf 89' lang='lat' dir='ltr'><strong>nisi</strong></span> <span class='ocrx_word' id='word_1_371' title='bbox 3693 3121 3951 3185; x_wconf 84' lang='lat' dir='ltr'><strong>caritate</strong></span> 
     </span>
     <span class='ocr_line' id='line_1_58' title="bbox 2459 3221 3756 3302; baseline -0.001 -19"><span class='ocrx_word' id='word_1_372' title='bbox 2459 3222 2885 3294; x_wconf 83' lang='lat' dir='ltr'><strong>decrescente,</strong></span> <span class='ocrx_word' id='word_1_373' title='bbox 2932 3221 3098 3302; x_wconf 91' lang='lat' dir='ltr'><strong>quod</strong></span> <span class='ocrx_word' id='word_1_374' title='bbox 3143 3229 3238 3282; x_wconf 91' lang='lat' dir='ltr'><strong>est</strong></span> <span class='ocrx_word' id='word_1_375' title='bbox 3279 3239 3419 3283; x_wconf 91' lang='lat' dir='ltr'><strong>eam</strong></span> <span class='ocrx_word' id='word_1_376' title='bbox 3462 3221 3756 3283; x_wconf 91' lang='lat' dir='ltr'><strong>diminui.</strong></span> 
     </span>
    </p>

    <p class='ocr_par' dir='ltr' id='par_1_27' title="bbox 2458 3320 3953 3500">
     <span class='ocr_line' id='line_1_59' title="bbox 2538 3320 3953 3382; baseline 0.001 -3"><span class='ocrx_word' id='word_1_377' title='bbox 2538 3320 2606 3379; x_wconf 90' lang='lat' dir='ltr'><strong>In</strong></span> <span class='ocrx_word' id='word_1_378' title='bbox 2657 3320 3043 3382; x_wconf 88' lang='lat' dir='ltr'><strong>contrarium</strong></span> <span class='ocrx_word' id='word_1_379' title='bbox 3087 3328 3183 3381; x_wconf 89' lang='lat' dir='ltr'><strong>est</strong></span> <span class='ocrx_word' id='word_1_380' title='bbox 3227 3320 3586 3382; x_wconf 85' lang='lat' dir='ltr'><strong>communis</strong></span> <span class='ocrx_word' id='word_1_381' title='bbox 3624 3320 3953 3382; x_wconf 83' lang='lat' dir='ltr'><strong>doctorum</strong></span> 
     </span>
     <span class='ocr_line' id='line_1_60' title="bbox 2458 3418 3746 3500; baseline 0.002 -21"><span class='ocrx_word' id='word_1_382' title='bbox 2458 3418 2744 3491; x_wconf 90' lang='lat' dir='ltr'><strong>assertio,</strong></span> <span class='ocrx_word' id='word_1_383' title='bbox 2792 3436 3066 3500; x_wconf 90' lang='lat' dir='ltr'><strong>quorum</strong></span> <span class='ocrx_word' id='word_1_384' title='bbox 3111 3420 3346 3482; x_wconf 87' lang='lat' dir='ltr'><strong>motiva</strong></span> <span class='ocrx_word' id='word_1_385' title='bbox 3392 3426 3746 3500; x_wconf 88' lang='lat' dir='ltr'><strong>tangentur.</strong></span> 
     </span>
    </p>
   </div>
   <div class='ocr_carea' id='block_1_16' title="bbox 2461 3615 3964 4191">
    <p class='ocr_par' dir='ltr' id='par_1_28' title="bbox 2461 3615 3964 4191">
     <span class='ocr_line' id='line_1_61' title="bbox 2542 3615 3955 3686; baseline 0.002 -9"><span class='ocrx_word' id='word_1_386' title='bbox 2542 3616 2632 3677; x_wconf 90' lang='lat' dir='ltr'><strong>Ad</strong></span> <span class='ocrx_word' id='word_1_387' title='bbox 2667 3616 2833 3677; x_wconf 91' lang='lat' dir='ltr'><strong>istud</strong></span> <span class='ocrx_word' id='word_1_388' title='bbox 2866 3615 3399 3679; x_wconf 86' lang='lat' dir='ltr'><strong>Antisiodorensis</strong></span> <span class='ocrx_word' id='word_1_389' title='bbox 3431 3617 3497 3678; x_wconf 91' lang='lat' dir='ltr'><strong>in</strong></span> <span class='ocrx_word' id='word_1_390' title='bbox 3530 3617 3790 3679; x_wconf 87' lang='lat' dir='ltr'><strong>Summa</strong></span> <span class='ocrx_word' id='word_1_391' title='bbox 3818 3637 3955 3686; x_wconf 87' lang='lat' dir='ltr'><strong>sua,</strong></span> 
     </span>
     <span class='ocr_line' id='line_1_62' title="bbox 2463 3714 3961 3797; baseline 0.001 -22"><span class='ocrx_word' id='word_1_392' title='bbox 2463 3714 2628 3776; x_wconf 88' lang='lat' dir='ltr'><strong>libro</strong></span> <span class='ocrx_word' id='word_1_393' title='bbox 2674 3715 2880 3787; x_wconf 85' lang='lat' dir='ltr'><strong>terti0,</strong></span> <span class='ocrx_word' id='word_1_394' title='bbox 2931 3715 3265 3796; x_wconf 87' lang='lat' dir='ltr'><strong>respondet</strong></span> <span class='ocrx_word' id='word_1_395' title='bbox 3310 3732 3324 3775; x_wconf 79' lang='lat' dir='ltr'><strong>t</strong></span> <span class='ocrx_word' id='word_1_396' title='bbox 3370 3715 3692 3778; x_wconf 88' lang='lat' dir='ltr'><strong>Generalis</strong></span> <span class='ocrx_word' id='word_1_397' title='bbox 3740 3716 3961 3797; x_wconf 90' lang='lat' dir='ltr'><strong>opinio</strong></span> 
     </span>
     <span class='ocr_line' id='line_1_63' title="bbox 2461 3814 3960 3895; baseline 0.001 -20"><span class='ocrx_word' id='word_1_398' title='bbox 2461 3822 2578 3887; x_wconf 87' lang='lat' dir='ltr'><strong>est,</strong></span> <span class='ocrx_word' id='word_1_399' title='bbox 2613 3814 2779 3895; x_wconf 88' lang='lat' dir='ltr'><strong>quod</strong></span> <span class='ocrx_word' id='word_1_400' title='bbox 2834 3814 3059 3875; x_wconf 86' lang='lat' dir='ltr'><strong>caritas</strong></span> <span class='ocrx_word' id='word_1_401' title='bbox 3112 3832 3237 3875; x_wconf 89' lang='lat' dir='ltr'><strong>non</strong></span> <span class='ocrx_word' id='word_1_402' title='bbox 3288 3822 3497 3895; x_wconf 85' lang='lat' dir='ltr'><strong>potest</strong></span> <span class='ocrx_word' id='word_1_403' title='bbox 3546 3814 3803 3876; x_wconf 86' lang='lat' dir='ltr'><strong>remitti.</strong></span> <span class='ocrx_word' id='word_1_404' title='bbox 3840 3816 3960 3877; x_wconf 89' lang='lat' dir='ltr'><strong>Sed</strong></span> 
     </span>
     <span class='ocr_line' id='line_1_64' title="bbox 2464 3912 3963 3995; baseline 0.002 -22"><span class='ocrx_word' id='word_1_405' title='bbox 2464 3912 2631 3973; x_wconf 88' lang='lat' dir='ltr'><strong>circa</strong></span> <span class='ocrx_word' id='word_1_406' title='bbox 2663 3912 2987 3973; x_wconf 87' lang='lat' dir='ltr'><strong>caritatem</strong></span> <span class='ocrx_word' id='word_1_407' title='bbox 3019 3920 3291 3993; x_wconf 86' lang='lat' dir='ltr'><strong>quatuor</strong></span> <span class='ocrx_word' id='word_1_408' title='bbox 3321 3921 3469 3974; x_wconf 88' lang='lat' dir='ltr'><strong>sunt</strong></span> <span class='ocrx_word' id='word_1_409' title='bbox 3500 3913 3773 3975; x_wconf 85' lang='lat' dir='ltr'><strong>notanda</strong></span> <span class='ocrx_word' id='word_1_410' title='bbox 3799 3931 3812 3974; x_wconf 92' lang='lat'>:</span> <span class='ocrx_word' id='word_1_411' title='bbox 3838 3914 3963 3995; x_wconf 88' lang='lat' dir='ltr'><strong>pri-</strong></span> 
     </span>
     <span class='ocr_line' id='line_1_65' title="bbox 2467 4012 3964 4091; baseline 0.003 -20"><span class='ocrx_word' id='word_1_412' title='bbox 2467 4030 2643 4072; x_wconf 91' lang='lat' dir='ltr'><strong>mum</strong></span> <span class='ocrx_word' id='word_1_413' title='bbox 2675 4017 2773 4072; x_wconf 90' lang='lat' dir='ltr'><strong>est</strong></span> <span class='ocrx_word' id='word_1_414' title='bbox 2812 4012 3089 4073; x_wconf 85' lang='lat' dir='ltr'><strong>caritatis</strong></span> <span class='ocrx_word' id='word_1_415' title='bbox 3130 4012 3441 4091; x_wconf 79' lang='lat' dir='ltr'><strong>essentia3</strong></span> <span class='ocrx_word' id='word_1_416' title='bbox 3473 4012 3827 4074; x_wconf 89' lang='lat' dir='ltr'><strong>secundum</strong></span> <span class='ocrx_word' id='word_1_417' title='bbox 3866 4021 3964 4075; x_wconf 84' lang='lat' dir='ltr'><strong>est</strong></span> 
     </span>
     <span class='ocr_line' id='line_1_66' title="bbox 2465 4109 3963 4191; baseline 0.003 -21"><span class='ocrx_word' id='word_1_418' title='bbox 2465 4110 2605 4191; x_wconf 89' lang='lat' dir='ltr'><strong>ejus</strong></span> <span class='ocrx_word' id='word_1_419' title='bbox 2636 4109 2939 4173; x_wconf 91' lang='lat' dir='ltr'><strong>radicatio</strong></span> <span class='ocrx_word' id='word_1_420' title='bbox 2970 4110 3035 4171; x_wconf 92' lang='lat' dir='ltr'><strong>in</strong></span> <span class='ocrx_word' id='word_1_421' title='bbox 3076 4109 3400 4190; x_wconf 83' lang='lat' dir='ltr'><strong>subject03</strong></span> <span class='ocrx_word' id='word_1_422' title='bbox 3434 4111 3714 4185; x_wconf 86' lang='lat' dir='ltr'><strong>tertium,</strong></span> <span class='ocrx_word' id='word_1_423' title='bbox 3748 4110 3963 4174; x_wconf 84' lang='lat' dir='ltr'><strong>fervor</strong></span> 
     </span>
    </p>
   </div>
   <div class='ocr_carea' id='block_1_17' title="bbox 862 4206 3965 4291">
    <p class='ocr_par' dir='ltr' id='par_1_29' title="bbox 862 4206 3965 4291">
     <span class='ocr_line' id='line_1_67' title="bbox 862 4206 3965 4291; baseline 0.001 -22"><span class='ocrx_word' id='word_1_424' title='bbox 862 4207 1035 4269; x_wconf 89' lang='lat' dir='ltr'><strong>Unde</strong></span> <span class='ocrx_word' id='word_1_425' title='bbox 1085 4214 1149 4269; x_wconf 91' lang='lat' dir='ltr'><strong>et</strong></span> <span class='ocrx_word' id='word_1_426' title='bbox 1207 4206 1689 4268; x_wconf 87' lang='lat' dir='ltr'><strong>Ecclesiasticus</strong></span> <span class='ocrx_word' id='word_1_427' title='bbox 1735 4214 2120 4289; x_wconf 88' lang='lat' dir='ltr'><strong>protestatur</strong></span> <span class='ocrx_word' id='word_1_428' title='bbox 2169 4226 2181 4270; x_wconf 91' lang='lat'>:</span> <span class='ocrx_word' id='word_1_429' title='bbox 2237 4209 2353 4281; x_wconf 87' lang='lat' dir='ltr'><strong>Qui</strong></span> <span class='ocrx_word' id='word_1_430' title='bbox 2388 4216 2433 4275; x_wconf 91' lang='lat' dir='ltr'>D</span> <span class='ocrx_word' id='word_1_431' title='bbox 2466 4227 2578 4269; x_wconf 92' lang='lat' dir='ltr'><strong>seu</strong></span> <span class='ocrx_word' id='word_1_432' title='bbox 2622 4216 2827 4269; x_wconf 84' lang='lat' dir='ltr'><strong>motus</strong></span> <span class='ocrx_word' id='word_1_433' title='bbox 2872 4208 3165 4279; x_wconf 74' lang='lat' dir='ltr'><strong>interior:</strong></span> <span class='ocrx_word' id='word_1_434' title='bbox 3199 4216 3518 4290; x_wconf 90' lang='lat' dir='ltr'><strong>quartum,</strong></span> <span class='ocrx_word' id='word_1_435' title='bbox 3548 4209 3831 4291; x_wconf 88' lang='lat' dir='ltr'><strong>operatio</strong></span> <span class='ocrx_word' id='word_1_436' title='bbox 3858 4229 3965 4272; x_wconf 85' lang='lat' dir='ltr'><strong>ex-</strong></span> 
     </span>
    </p>
   </div>
   <div class='ocr_carea' id='block_1_18' title="bbox 863 4305 2358 4879">
    <p class='ocr_par' dir='ltr' id='par_1_30' title="bbox 863 4305 2358 4879">
     <span class='ocr_line' id='line_1_68' title="bbox 863 4305 2357 4387; baseline 0.001 -20"><span class='ocrx_word' id='word_1_437' title='bbox 863 4306 1106 4387; x_wconf 87' lang='lat' dir='ltr'><strong>spernit</strong></span> <span class='ocrx_word' id='word_1_438' title='bbox 1137 4306 1405 4380; x_wconf 89' lang='lat' dir='ltr'><strong>modica,</strong></span> <span class='ocrx_word' id='word_1_439' title='bbox 1440 4305 1745 4387; x_wconf 86' lang='lat' dir='ltr'><strong>paulatim</strong></span> <span class='ocrx_word' id='word_1_440' title='bbox 1777 4306 2043 4368; x_wconf 87' lang='lat' dir='ltr'><strong>decidet.</strong></span> <span class='ocrx_word' id='word_1_441' title='bbox 2069 4308 2357 4380; x_wconf 87' lang='lat' dir='ltr'><strong>—Quar-</strong></span> 
     </span>
     <span class='ocr_line' id='line_1_69' title="bbox 863 4403 2357 4487; baseline 0 -20"><span class='ocrx_word' id='word_1_442' title='bbox 863 4414 946 4478; x_wconf 89' lang='lat' dir='ltr'><strong>to,</strong></span> <span class='ocrx_word' id='word_1_443' title='bbox 996 4406 1222 4467; x_wconf 89' lang='lat' dir='ltr'><strong>caritas</strong></span> <span class='ocrx_word' id='word_1_444' title='bbox 1272 4403 1500 4486; x_wconf 92' lang='lat' dir='ltr'><strong>recipit</strong></span> <span class='ocrx_word' id='word_1_445' title='bbox 1557 4404 1758 4484; x_wconf 85' lang='lat' dir='ltr'><strong>magis</strong></span> <span class='ocrx_word' id='word_1_446' title='bbox 1805 4413 1866 4465; x_wconf 84' lang='lat' dir='ltr'><strong>et</strong></span> <span class='ocrx_word' id='word_1_447' title='bbox 1918 4405 2152 4480; x_wconf 77' lang='lat' dir='ltr'><strong>minuS,</strong></span> <span class='ocrx_word' id='word_1_448' title='bbox 2205 4407 2357 4487; x_wconf 89' lang='lat' dir='ltr'><strong>quia</strong></span> 
     </span>
     <span class='ocr_line' id='line_1_70' title="bbox 864 4502 2357 4584; baseline 0.001 -21"><span class='ocrx_word' id='word_1_449' title='bbox 864 4503 1216 4565; x_wconf 89' lang='lat' dir='ltr'><strong>intenditur</strong></span> <span class='ocrx_word' id='word_1_450' title='bbox 1243 4510 1432 4584; x_wconf 88' lang='lat' dir='ltr'><strong>atque</strong></span> <span class='ocrx_word' id='word_1_451' title='bbox 1463 4502 1830 4564; x_wconf 89' lang='lat' dir='ltr'><strong>remittitur.</strong></span> <span class='ocrx_word' id='word_1_452' title='bbox 1852 4503 1971 4565; x_wconf 92' lang='lat' dir='ltr'><strong>Sed</strong></span> <span class='ocrx_word' id='word_1_453' title='bbox 2003 4504 2163 4566; x_wconf 91' lang='lat' dir='ltr'><strong>sicut</strong></span> <span class='ocrx_word' id='word_1_454' title='bbox 2195 4505 2357 4567; x_wconf 90' lang='lat' dir='ltr'><strong>idem</strong></span> 
     </span>
     <span class='ocr_line' id='line_1_71' title="bbox 863 4598 2354 4682; baseline 0 -18"><span class='ocrx_word' id='word_1_455' title='bbox 863 4611 958 4664; x_wconf 91' lang='lat' dir='ltr'><strong>est</strong></span> <span class='ocrx_word' id='word_1_456' title='bbox 1006 4601 1332 4663; x_wconf 88' lang='lat' dir='ltr'><strong>caritatem</strong></span> <span class='ocrx_word' id='word_1_457' title='bbox 1383 4598 1624 4661; x_wconf 92' lang='lat' dir='ltr'><strong>intendi</strong></span> <span class='ocrx_word' id='word_1_458' title='bbox 1670 4608 1732 4661; x_wconf 92' lang='lat' dir='ltr'><strong>et</strong></span> <span class='ocrx_word' id='word_1_459' title='bbox 1773 4601 2013 4682; x_wconf 88' lang='lat' dir='ltr'><strong>augeri,</strong></span> <span class='ocrx_word' id='word_1_460' title='bbox 2048 4602 2140 4663; x_wconf 92' lang='lat' dir='ltr'><strong>sic</strong></span> <span class='ocrx_word' id='word_1_461' title='bbox 2186 4602 2354 4664; x_wconf 89' lang='lat' dir='ltr'><strong>idem</strong></span> 
     </span>
     <span class='ocr_line' id='line_1_72' title="bbox 863 4698 2357 4781; baseline 0.001 -20"><span class='ocrx_word' id='word_1_462' title='bbox 863 4700 1116 4763; x_wconf 88' lang='lat' dir='ltr'><strong>videtur</strong></span> <span class='ocrx_word' id='word_1_463' title='bbox 1154 4699 1482 4760; x_wconf 87' lang='lat' dir='ltr'><strong>caritatem</strong></span> <span class='ocrx_word' id='word_1_464' title='bbox 1527 4698 1765 4760; x_wconf 89' lang='lat' dir='ltr'><strong>remitti</strong></span> <span class='ocrx_word' id='word_1_465' title='bbox 1803 4718 1876 4760; x_wconf 90' lang='lat' dir='ltr'><strong>ac</strong></span> <span class='ocrx_word' id='word_1_466' title='bbox 1918 4699 2122 4761; x_wconf 90' lang='lat' dir='ltr'><strong>minui</strong></span> <span class='ocrx_word' id='word_1_467' title='bbox 2158 4717 2172 4761; x_wconf 92' lang='lat'>:</span> <span class='ocrx_word' id='word_1_468' title='bbox 2208 4718 2357 4781; x_wconf 90' lang='lat' dir='ltr'><strong>ergo</strong></span> 
     </span>
     <span class='ocr_line' id='line_1_73' title="bbox 865 4795 2358 4879; baseline 0 -20"><span class='ocrx_word' id='word_1_469' title='bbox 865 4796 1194 4859; x_wconf 89' lang='lat' dir='ltr'><strong>minuitur.</strong></span> <span class='ocrx_word' id='word_1_470' title='bbox 1241 4832 1322 4841; x_wconf 94' lang='lat'><strong>—-</strong></span> <span class='ocrx_word' id='word_1_471' title='bbox 1363 4795 1614 4869; x_wconf 87' lang='lat' dir='ltr'><strong>Quint0,</strong></span> <span class='ocrx_word' id='word_1_472' title='bbox 1665 4797 2017 4859; x_wconf 90' lang='lat' dir='ltr'><strong>secundum</strong></span> <span class='ocrx_word' id='word_1_473' title='bbox 2065 4798 2358 4879; x_wconf 88' lang='lat' dir='ltr'><strong>Augusti-</strong></span> 
     </span>
    </p>
   </div>
   <div class='ocr_carea' id='block_1_19' title="bbox 825 4892 2358 4977">
    <p class='ocr_par' dir='ltr' id='par_1_31' title="bbox 825 4892 2358 4977">
     <span class='ocr_line' id='line_1_74' title="bbox 825 4892 2358 4977; baseline -0.001 -19"><span class='ocrx_word' id='word_1_474' title='bbox 825 4968 828 4971; x_wconf 15' lang='lat'><strong>,</strong></span> <span class='ocrx_word' id='word_1_475' title='bbox 865 4915 1042 4969; x_wconf 90' lang='lat' dir='ltr'><strong>num,</strong></span> <span class='ocrx_word' id='word_1_476' title='bbox 1062 4892 1340 4957; x_wconf 85' lang='lat' dir='ltr'><strong>caritatis</strong></span> <span class='ocrx_word' id='word_1_477' title='bbox 1370 4893 1691 4976; x_wconf 89' lang='lat' dir='ltr'><strong>profectus</strong></span> <span class='ocrx_word' id='word_1_478' title='bbox 1721 4903 1816 4956; x_wconf 87' lang='lat' dir='ltr'><strong>est</strong></span> <span class='ocrx_word' id='word_1_479' title='bbox 1846 4896 2213 4977; x_wconf 86' lang='lat' dir='ltr'><strong>cupiditatis</strong></span> <span class='ocrx_word' id='word_1_480' title='bbox 2246 4898 2358 4957; x_wconf 93' lang='lat' dir='ltr'><strong>mi-</strong></span> 
     </span>
    </p>
   </div>
   <div class='ocr_carea' id='block_1_20' title="bbox 863 4993 2358 5365">
    <p class='ocr_par' dir='ltr' id='par_1_32' title="bbox 863 4993 2358 5365">
     <span class='ocr_line' id='line_1_75' title="bbox 863 4993 2356 5076; baseline 0 -18"><span class='ocrx_word' id='word_1_481' title='bbox 863 4994 1127 5060; x_wconf 89' lang='lat' dir='ltr'><strong>noratio.</strong></span> <span class='ocrx_word' id='word_1_482' title='bbox 1162 4994 1295 5067; x_wconf 87' lang='lat' dir='ltr'><strong>Quo</strong></span> <span class='ocrx_word' id='word_1_483' title='bbox 1324 5011 1474 5074; x_wconf 86' lang='lat' dir='ltr'><strong>ergo</strong></span> <span class='ocrx_word' id='word_1_484' title='bbox 1512 4993 1826 5075; x_wconf 90' lang='lat' dir='ltr'><strong>cupiditas</strong></span> <span class='ocrx_word' id='word_1_485' title='bbox 1866 4995 2142 5076; x_wconf 88' lang='lat' dir='ltr'><strong>amplius</strong></span> <span class='ocrx_word' id='word_1_486' title='bbox 2186 4996 2356 5058; x_wconf 88' lang='lat' dir='ltr'><strong>inva-</strong></span> 
     </span>
     <span class='ocr_line' id='line_1_76' title="bbox 867 5092 2354 5173; baseline 0.001 -18"><span class='ocrx_word' id='word_1_487' title='bbox 867 5094 1068 5167; x_wconf 88' lang='lat' dir='ltr'><strong>lescit,</strong></span> <span class='ocrx_word' id='word_1_488' title='bbox 1100 5110 1174 5156; x_wconf 92' lang='lat' dir='ltr'><strong>eo</strong></span> <span class='ocrx_word' id='word_1_489' title='bbox 1215 5092 1441 5154; x_wconf 86' lang='lat' dir='ltr'><strong>caritas</strong></span> <span class='ocrx_word' id='word_1_490' title='bbox 1481 5092 1626 5173; x_wconf 91' lang='lat' dir='ltr'><strong>plus</strong></span> <span class='ocrx_word' id='word_1_491' title='bbox 1661 5092 1987 5155; x_wconf 89' lang='lat' dir='ltr'><strong>decrescit.</strong></span> <span class='ocrx_word' id='word_1_492' title='bbox 2024 5093 2144 5155; x_wconf 91' lang='lat' dir='ltr'><strong>Sed</strong></span> <span class='ocrx_word' id='word_1_493' title='bbox 2186 5094 2354 5156; x_wconf 91' lang='lat' dir='ltr'><strong>idem</strong></span> 
     </span>
     <span class='ocr_line' id='line_1_77' title="bbox 863 5190 2358 5254; baseline 0 -1"><span class='ocrx_word' id='word_1_494' title='bbox 863 5199 960 5254; x_wconf 92' lang='lat' dir='ltr'><strong>est</strong></span> <span class='ocrx_word' id='word_1_495' title='bbox 989 5192 1314 5254; x_wconf 86' lang='lat' dir='ltr'><strong>caritatem</strong></span> <span class='ocrx_word' id='word_1_496' title='bbox 1347 5190 1710 5253; x_wconf 89' lang='lat' dir='ltr'><strong>decrescere</strong></span> <span class='ocrx_word' id='word_1_497' title='bbox 1741 5209 1814 5251; x_wconf 90' lang='lat' dir='ltr'><strong>ac</strong></span> <span class='ocrx_word' id='word_1_498' title='bbox 1849 5190 2073 5252; x_wconf 88' lang='lat' dir='ltr'><strong>minui.</strong></span> <span class='ocrx_word' id='word_1_499' title='bbox 2099 5227 2179 5236; x_wconf 90' lang='lat'><strong>—</strong></span> <span class='ocrx_word' id='word_1_500' title='bbox 2212 5192 2358 5253; x_wconf 84' lang='lat' dir='ltr'><strong>Sex-</strong></span> 
     </span>
     <span class='ocr_line' id='line_1_78' title="bbox 867 5288 2355 5365; baseline -0.001 -12"><span class='ocrx_word' id='word_1_501' title='bbox 867 5299 949 5365; x_wconf 89' lang='lat' dir='ltr'><strong>to,</strong></span> <span class='ocrx_word' id='word_1_502' title='bbox 969 5288 1280 5352; x_wconf 85' lang='lat' dir='ltr'><strong>contraria</strong></span> <span class='ocrx_word' id='word_1_503' title='bbox 1313 5288 1544 5350; x_wconf 87' lang='lat' dir='ltr'><strong>habent</strong></span> <span class='ocrx_word' id='word_1_504' title='bbox 1573 5288 1714 5351; x_wconf 88' lang='lat' dir='ltr'><strong>fieri</strong></span> <span class='ocrx_word' id='word_1_505' title='bbox 1748 5288 1916 5350; x_wconf 87' lang='lat' dir='ltr'><strong>circa</strong></span> <span class='ocrx_word' id='word_1_506' title='bbox 1946 5288 2134 5351; x_wconf 91' lang='lat' dir='ltr'><strong>idem.</strong></span> <span class='ocrx_word' id='word_1_507' title='bbox 2153 5291 2355 5363; x_wconf 89' lang='lat' dir='ltr'><strong>Quum</strong></span> 
     </span>
    </p>
   </div>
   <div class='ocr_carea' id='block_1_21' title="bbox 2465 4305 3974 5370">
    <p class='ocr_par' dir='ltr' id='par_1_33' title="bbox 2465 4305 3974 5370">
     <span class='ocr_line' id='line_1_79' title="bbox 2465 4305 3967 4387; baseline 0.002 -21"><span class='ocrx_word' id='word_1_508' title='bbox 2465 4306 2676 4368; x_wconf 87' lang='lat' dir='ltr'><strong>terior.</strong></span> <span class='ocrx_word' id='word_1_509' title='bbox 2698 4305 2933 4368; x_wconf 89' lang='lat' dir='ltr'><strong>Caritas</strong></span> <span class='ocrx_word' id='word_1_510' title='bbox 2967 4306 3178 4387; x_wconf 87' lang='lat' dir='ltr'><strong>itaque</strong></span> <span class='ocrx_word' id='word_1_511' title='bbox 3209 4314 3519 4387; x_wconf 86' lang='lat' dir='ltr'><strong>quantum</strong></span> <span class='ocrx_word' id='word_1_512' title='bbox 3550 4307 3627 4369; x_wconf 89' lang='lat' dir='ltr'><strong>ad</strong></span> <span class='ocrx_word' id='word_1_513' title='bbox 3660 4326 3837 4369; x_wconf 89' lang='lat' dir='ltr'><strong>suam</strong></span> <span class='ocrx_word' id='word_1_514' title='bbox 3872 4326 3967 4369; x_wconf 88' lang='lat' dir='ltr'><strong>es-</strong></span> 
     </span>
     <span class='ocr_line' id='line_1_80' title="bbox 2466 4404 3967 4487; baseline 0.003 -23"><span class='ocrx_word' id='word_1_515' title='bbox 2466 4404 2758 4477; x_wconf 88' lang='lat' dir='ltr'><strong>sentiam,</strong></span> <span class='ocrx_word' id='word_1_516' title='bbox 2794 4404 3017 4485; x_wconf 89' lang='lat' dir='ltr'><strong>nequit</strong></span> <span class='ocrx_word' id='word_1_517' title='bbox 3066 4404 3340 4482; x_wconf 84' lang='lat' dir='ltr'><strong>remitti3</strong></span> <span class='ocrx_word' id='word_1_518' title='bbox 3377 4405 3486 4466; x_wconf 88' lang='lat' dir='ltr'><strong>sed</strong></span> <span class='ocrx_word' id='word_1_519' title='bbox 3530 4413 3837 4487; x_wconf 88' lang='lat' dir='ltr'><strong>quantum</strong></span> <span class='ocrx_word' id='word_1_520' title='bbox 3882 4408 3967 4469; x_wconf 88' lang='lat' dir='ltr'><strong>ad</strong></span> 
     </span>
     <span class='ocr_line' id='line_1_81' title="bbox 2466 4502 3970 4584; baseline 0.003 -20"><span class='ocrx_word' id='word_1_521' title='bbox 2466 4502 2591 4564; x_wconf 87' lang='lat' dir='ltr'><strong>alia</strong></span> <span class='ocrx_word' id='word_1_522' title='bbox 2640 4503 2778 4575; x_wconf 89' lang='lat' dir='ltr'><strong>tria,</strong></span> <span class='ocrx_word' id='word_1_523' title='bbox 2824 4510 3048 4584; x_wconf 89' lang='lat' dir='ltr'><strong>potest.</strong></span> <span class='ocrx_word' id='word_1_524' title='bbox 3096 4504 3254 4564; x_wconf 89' lang='lat' dir='ltr'><strong>Hinc</strong></span> <span class='ocrx_word' id='word_1_525' title='bbox 3298 4504 3385 4565; x_wconf 88' lang='lat' dir='ltr'><strong>ait</strong></span> <span class='ocrx_word' id='word_1_526' title='bbox 3430 4505 3768 4566; x_wconf 82' lang='lat' dir='ltr'><strong>auctoritas</strong></span> <span class='ocrx_word' id='word_1_527' title='bbox 3804 4524 3816 4565; x_wconf 91' lang='lat'><strong>:</strong></span> <span class='ocrx_word' id='word_1_528' title='bbox 3856 4506 3970 4568; x_wconf 88' lang='lat' dir='ltr'><strong>Ca-</strong></span> 
     </span>
     <span class='ocr_line' id='line_1_82' title="bbox 2467 4600 3968 4681; baseline -0.001 -20"><span class='ocrx_word' id='word_1_529' title='bbox 2467 4602 2619 4663; x_wconf 87' lang='lat' dir='ltr'><strong>ritas</strong></span> <span class='ocrx_word' id='word_1_530' title='bbox 2667 4609 2777 4663; x_wconf 89' lang='lat' dir='ltr'><strong>aut</strong></span> <span class='ocrx_word' id='word_1_531' title='bbox 2822 4600 3081 4681; x_wconf 88' lang='lat' dir='ltr'><strong>proficit</strong></span> <span class='ocrx_word' id='word_1_532' title='bbox 3128 4609 3237 4663; x_wconf 87' lang='lat' dir='ltr'><strong>aut</strong></span> <span class='ocrx_word' id='word_1_533' title='bbox 3286 4600 3525 4675; x_wconf 85' lang='lat' dir='ltr'><strong>deficit,</strong></span> <span class='ocrx_word' id='word_1_534' title='bbox 3574 4602 3635 4664; x_wconf 92' lang='lat' dir='ltr'><strong>id</strong></span> <span class='ocrx_word' id='word_1_535' title='bbox 3686 4611 3802 4676; x_wconf 88' lang='lat' dir='ltr'><strong>est,</strong></span> <span class='ocrx_word' id='word_1_536' title='bbox 3854 4613 3968 4666; x_wconf 86' lang='lat' dir='ltr'><strong>aut</strong></span> 
     </span>
     <span class='ocr_line' id='line_1_83' title="bbox 2469 4699 3971 4781; baseline 0.003 -22"><span class='ocrx_word' id='word_1_537' title='bbox 2469 4699 2818 4761; x_wconf 85' lang='lat' dir='ltr'><strong>intenditur</strong></span> <span class='ocrx_word' id='word_1_538' title='bbox 2846 4706 2954 4761; x_wconf 87' lang='lat' dir='ltr'><strong>aut</strong></span> <span class='ocrx_word' id='word_1_539' title='bbox 2984 4700 3333 4761; x_wconf 87' lang='lat' dir='ltr'><strong>destruitur</strong></span> <span class='ocrx_word' id='word_1_540' title='bbox 3366 4717 3380 4761; x_wconf 89' lang='lat'><strong>:</strong></span> <span class='ocrx_word' id='word_1_541' title='bbox 3415 4718 3542 4763; x_wconf 89' lang='lat' dir='ltr'><strong>non</strong></span> <span class='ocrx_word' id='word_1_542' title='bbox 3572 4719 3722 4781; x_wconf 87' lang='lat' dir='ltr'><strong>ergo</strong></span> <span class='ocrx_word' id='word_1_543' title='bbox 3752 4702 3971 4763; x_wconf 89' lang='lat' dir='ltr'><strong>remit-</strong></span> 
     </span>
     <span class='ocr_line' id='line_1_84' title="bbox 2471 4798 3969 4880; baseline 0.003 -21"><span class='ocrx_word' id='word_1_544' title='bbox 2471 4798 2640 4859; x_wconf 85' lang='lat' dir='ltr'><strong>titur.</strong></span> <span class='ocrx_word' id='word_1_545' title='bbox 2696 4798 3086 4878; x_wconf 88' lang='lat' dir='ltr'><strong>Augustinus</strong></span> <span class='ocrx_word' id='word_1_546' title='bbox 3136 4816 3391 4880; x_wconf 89' lang='lat' dir='ltr'><strong>quoque</strong></span> <span class='ocrx_word' id='word_1_547' title='bbox 3450 4806 3716 4860; x_wconf 87' lang='lat' dir='ltr'><strong>testatur</strong></span> <span class='ocrx_word' id='word_1_548' title='bbox 3767 4818 3781 4861; x_wconf 74' lang='grc' dir='ltr'><em>τ</em></span> <span class='ocrx_word' id='word_1_549' title='bbox 3834 4801 3969 4864; x_wconf 86' lang='lat' dir='ltr'><strong>Hoc</strong></span> 
     </span>
     <span class='ocr_line' id='line_1_85' title="bbox 2468 4896 3973 4980; baseline 0.002 -22"><span class='ocrx_word' id='word_1_550' title='bbox 2468 4896 2622 4958; x_wconf 86' lang='lat' dir='ltr'><strong>facit</strong></span> <span class='ocrx_word' id='word_1_551' title='bbox 2653 4896 2899 4958; x_wconf 88' lang='lat' dir='ltr'><strong>veniale</strong></span> <span class='ocrx_word' id='word_1_552' title='bbox 2940 4896 3207 4970; x_wconf 85' lang='lat' dir='ltr'><strong>caritati,</strong></span> <span class='ocrx_word' id='word_1_553' title='bbox 3243 4896 3411 4978; x_wconf 91' lang='lat' dir='ltr'><strong>quod</strong></span> <span class='ocrx_word' id='word_1_554' title='bbox 3448 4905 3628 4978; x_wconf 85' lang='lat' dir='ltr'><strong>gutta</strong></span> <span class='ocrx_word' id='word_1_555' title='bbox 3656 4917 3837 4980; x_wconf 84' lang='lat' dir='ltr'><strong>aquae</strong></span> <span class='ocrx_word' id='word_1_556' title='bbox 3866 4918 3973 4962; x_wconf 88' lang='lat' dir='ltr'><strong>ca-</strong></span> 
     </span>
     <span class='ocr_line' id='line_1_86' title="bbox 2470 4993 3974 5061; baseline 0.003 -6"><span class='ocrx_word' id='word_1_557' title='bbox 2470 4994 2645 5056; x_wconf 92' lang='lat' dir='ltr'><strong>mino</strong></span> <span class='ocrx_word' id='word_1_558' title='bbox 2690 4994 2956 5055; x_wconf 88' lang='lat' dir='ltr'><strong>ardenti.</strong></span> <span class='ocrx_word' id='word_1_559' title='bbox 3012 4993 3199 5057; x_wconf 90' lang='lat' dir='ltr'><strong>Gutta</strong></span> <span class='ocrx_word' id='word_1_560' title='bbox 3254 5002 3465 5057; x_wconf 85' lang='lat' dir='ltr'><strong>autem</strong></span> <span class='ocrx_word' id='word_1_561' title='bbox 3526 4996 3817 5058; x_wconf 87' lang='lat' dir='ltr'><strong>ardorem</strong></span> <span class='ocrx_word' id='word_1_562' title='bbox 3866 5016 3974 5061; x_wconf 82' lang='lat' dir='ltr'><strong>ca-</strong></span> 
     </span>
     <span class='ocr_line' id='line_1_87' title="bbox 2469 5092 3971 5174; baseline 0.003 -19"><span class='ocrx_word' id='word_1_563' title='bbox 2469 5094 2626 5155; x_wconf 90' lang='lat' dir='ltr'><strong>mini</strong></span> <span class='ocrx_word' id='word_1_564' title='bbox 2677 5110 2805 5155; x_wconf 92' lang='lat' dir='ltr'><strong>non</strong></span> <span class='ocrx_word' id='word_1_565' title='bbox 2849 5092 3101 5154; x_wconf 91' lang='lat' dir='ltr'><strong>minuit.</strong></span> <span class='ocrx_word' id='word_1_566' title='bbox 3146 5093 3291 5155; x_wconf 93' lang='lat' dir='ltr'><strong>Ideo</strong></span> <span class='ocrx_word' id='word_1_567' title='bbox 3330 5093 3795 5174; x_wconf 87' lang='lat' dir='ltr'><strong>argumentatio</strong></span> <span class='ocrx_word' id='word_1_568' title='bbox 3844 5096 3971 5160; x_wconf 85' lang='lat' dir='ltr'><strong>ista</strong></span> 
     </span>
     <span class='ocr_line' id='line_1_88' title="bbox 2466 5190 3971 5277; baseline 0.002 -21"><span class='ocrx_word' id='word_1_569' title='bbox 2466 5211 2594 5256; x_wconf 89' lang='lat' dir='ltr'><strong>non</strong></span> <span class='ocrx_word' id='word_1_570' title='bbox 2625 5192 2811 5265; x_wconf 83' lang='lat' dir='ltr'><strong>valet,</strong></span> <span class='ocrx_word' id='word_1_571' title='bbox 2848 5190 3085 5253; x_wconf 86' lang='lat' dir='ltr'><strong>Caritas</strong></span> <span class='ocrx_word' id='word_1_572' title='bbox 3125 5198 3332 5274; x_wconf 87' lang='lat' dir='ltr'><strong>potest</strong></span> <span class='ocrx_word' id='word_1_573' title='bbox 3374 5192 3637 5267; x_wconf 89' lang='lat' dir='ltr'><strong>intendi,</strong></span> <span class='ocrx_word' id='word_1_574' title='bbox 3670 5212 3821 5274; x_wconf 87' lang='lat' dir='ltr'><strong>ergo</strong></span> <span class='ocrx_word' id='word_1_575' title='bbox 3854 5214 3971 5277; x_wconf 91' lang='lat' dir='ltr'><strong>po-</strong></span> 
     </span>
     <span class='ocr_line' id='line_1_89' title="bbox 2468 5288 3971 5370; baseline 0.003 -19"><span class='ocrx_word' id='word_1_576' title='bbox 2468 5299 2585 5353; x_wconf 88' lang='lat' dir='ltr'><strong>test</strong></span> <span class='ocrx_word' id='word_1_577' title='bbox 2619 5289 2853 5351; x_wconf 89' lang='lat' dir='ltr'><strong>remitti</strong></span> <span class='ocrx_word' id='word_1_578' title='bbox 2882 5289 3225 5370; x_wconf 88' lang='lat' dir='ltr'><strong>:quoniam</strong></span> <span class='ocrx_word' id='word_1_579' title='bbox 3254 5288 3444 5351; x_wconf 88' lang='lat' dir='ltr'><strong>habet</strong></span> <span class='ocrx_word' id='word_1_580' title='bbox 3469 5308 3723 5352; x_wconf 87' lang='lat' dir='ltr'><strong>causam</strong></span> <span class='ocrx_word' id='word_1_581' title='bbox 3757 5291 3971 5356; x_wconf 87' lang='lat' dir='ltr'><strong>inten-</strong></span> 
     </span>
    </p>
   </div>
  </div>
 </body>
</html>
