4359 6250
617 493 763 551 Qum
805 495 900 543 srr
940 495 1238 554 ransom,
1275 495 1348 542 m·
1389 497 1524 553 Quin
1565 496 1748 543 nmo
1791 494 1928 542 ems
1971 496 2034 541 m
2077 496 2327 553 mvrms,
2363 494 2437 541 nr
2477 493 2775 551 ommi-nn
2816 494 2933 542 nno
2976 492 3317 543 conventu
3400 470 3517 540 163

411 664 533 727 hoc
565 666 738 747 quod
772 673 894 729 stat
927 685 1040 749 pro
1077 668 1362 742 relativo,
1397 686 1523 731 non
1558 667 1784 729 habeat
1816 684 1912 729 so·
1943 667 1993 727 A
2026 666 2430 747 suppositum
2488 666 2667 728 verbi
2726 675 2954 730 vocant
3012 684 3369 748 personam,
3422 666 3514 728 di-

413 761 550 823 lum
583 782 677 826 -ex
727 785 870 837 usu,
929 773 998 826 ut
1048 766 1254 847 prima
1301 766 1461 827 dixit
1511 766 1750 847 opinio,
1803 765 1911 826 sed

413 861 609 923 etiam
654 881 732 924 ex
775 882 890 925 sua
939 863 1425 945 significatione.
1459 899 1540 908 —
1571 864 1712 925 Haec
1758 864 1915 925 Tho-

411 976 548 1020 mas
595 960 660 1021 in
715 961 996 1023 Summa.
1033 960 1108 1023 Et
1154 962 1452 1023 videntur
1501 962 1566 1023 in
1617 962 1715 1022 his
1755 961 1912 1023 Tho-

416 1076 575 1129 mas,
612 1058 932 1133 AlbertuS,
967 1060 1316 1133 Udalricus,
1349 1059 1502 1122 satis
1546 1060 1908 1123 concordes,

494 1156 778 1237 AEgidius
823 1156 1083 1219 demum
1125 1158 1202 1220 de
1241 1158 1342 1220 his
1381 1158 1608 1220 scribit
1647 1158 1733 1218 ita
1773 1175 1912 1239 pro-

414 1255 564 1329 lixe,
625 1256 796 1336 quod
854 1257 1111 1319 taedium
1173 1256 1296 1318 fuit
1356 1257 1699 1338 perlegere.
1759 1256 1914 1318 Con—

413 1353 670 1416 tradicit
715 1355 910 1416 etiam
957 1355 1211 1418 Thomae
1271 1355 1336 1417 in
1399 1354 1617 1416 multis
1678 1354 1744 1416 in
1795 1354 1914 1415 ista

415 1452 704 1525 materia,
737 1453 1032 1534 quamvis
1073 1453 1138 1514 in
1181 1453 1519 1536 principali
1562 1451 1914 1514 conclusio-

415 1570 498 1613 ne
546 1570 772 1632 parum
822 1558 934 1612 aut
982 1551 1144 1612 nihil
1203 1551 1394 1614 distet
1442 1551 1520 1613 ab
1570 1568 1646 1613 eo
1698 1568 1711 1611 :
1763 1549 1914 1632 quia

413 1649 710 1711 concedit
756 1666 1092 1730 personam
1146 1650 1208 1710 in
1257 1650 1494 1712 divinis
1544 1649 1911 1711 relationem

414 1746 762 1809 insinuare.

2025 771 2239 825 centes
2299 764 2571 845 primam
2624 784 2959 846 personam
3012 785 3153 846 quae
3209 765 3509 846 loquitur,

2025 862 2391 935 secundam,
2440 864 2542 924 cui
2595 862 2895 944 loquitur,
2944 863 3216 936 tertiam,
3264 863 3341 924 de
3389 880 3516 943 qua

2026 959 2329 1041 loquitur,
2364 962 2555 1023 etiam
2606 962 2669 1022 in
2711 962 2925 1023 verbis
2969 980 3111 1043 quae
3153 980 3280 1025 non
3326 960 3517 1040 signi-

2025 1057 2225 1120 ficant
2282 1068 2460 1122 actus
2518 1060 2875 1133 rationaleS,
2938 1068 3007 1122 ut
3067 1061 3310 1122 latrare.
3366 1059 3515 1120 Inde

2025 1158 2399 1219 translatum
2432 1166 2526 1220 est
2564 1176 2798 1220 nomen
2832 1176 3117 1240 personae
3152 1158 3230 1219 ad
3269 1164 3517 1218 natura-

2027 1256 2121 1327 lia,
2140 1264 2331 1336 atque
2360 1256 2438 1318 ad
2470 1257 2963 1337 significandum
2996 1256 3397 1337 suppositum
3429 1273 3519 1316 ra-

2024 1354 2281 1415 tionalis
2314 1360 2575 1427 naturae,
2609 1355 2981 1416 distinctum
3026 1355 3407 1436 proprietate
3438 1353 3517 1415 ad

2025 1452 2400 1532 dignitatem
2456 1453 2832 1533 pertinente.
2886 1454 3059 1515 Unde
3109 1471 3378 1534 persona
3425 1452 3516 1513 di-

2026 1550 2193 1611 citur
2223 1550 2399 1632 quasi
2446 1569 2560 1632 per
2592 1570 2658 1612 se
2702 1570 2827 1613 una
2862 1570 2875 1613 :
2912 1572 3112 1614 unum
3153 1570 3303 1614 vero
3336 1568 3516 1613 voca-

2027 1655 2130 1709 tur
2168 1649 2338 1730 quod
2378 1658 2473 1712 est
2515 1650 2862 1712 indivisum
2908 1651 2973 1712 in
3014 1670 3103 1741 se,
3136 1658 3200 1713 et
3239 1650 3517 1713 divisum

2026 1746 2106 1807 ab
2150 1747 2313 1809 aliis.
2349 1748 2499 1809 Inde
2547 1748 2917 1809 translatum
2968 1756 3065 1810 est
3108 1748 3375 1811 ulterius
3424 1766 3517 1811 se-

499 1846 574 1907 Et
605 1864 830 1908 verum
861 1854 954 1909 est
999 1847 1166 1927 quod
1210 1845 1274 1908 in
1314 1846 1628 1927 positione
1659 1845 1914 1908 Thomae
1951 1842 1998 1904 Β
2030 1846 2310 1906 cundum
2368 1865 2553 1907 usum
2613 1846 2971 1919 hominum,
3022 1848 3099 1908 ad
3152 1846 3519 1927 significan-

413 1944 630 2025 aliqua
677 1944 1090 2007 continentur
1133 1963 1273 2026 quae
1317 1943 1495 2025 parvi
1541 1952 1690 2005 sunt
1733 1943 1914 2006 robo-

413 2043 526 2115 ris,
551 2049 620 2103 ut
652 2042 1060 2124 probationes
1092 2042 1328 2125 quibus
1360 2042 1698 2124 reprobare
1731 2060 1914 2104 cona-

417 2148 522 2202 tur
547 2142 988 2222 acceptionem
1028 2141 1306 2203 nominis
1349 2158 1634 2222 personae
1673 2160 1788 2222 pro
1819 2160 1916 2204 so-

417 2239 482 2301 lo
527 2238 820 2302 absoluto
879 2240 956 2300 ad
1017 2247 1290 2321 tempuS,
1343 2247 1404 2300 et
1458 2240 1628 2320 quod
1688 2240 1916 2301 deinde

415 2345 562 2420 post
623 2337 1108 2418 inquisitionem
1159 2338 1599 2400 haereticorum
1661 2337 1920 2419 imposi—

417 2444 557 2497 tum
591 2436 674 2498 sit
701 2436 779 2497 ad
821 2434 1320 2516 significandum
1359 2436 1752 2499 relationem.
1789 2438 1917 2498 Hoc

383 2536 594 2603 ⁴enim
646 2534 712 2595 B.
758 2533 1152 2615 Augustinus
1205 2534 1482 2616 septimo
1531 2536 1608 2596 de
1656 2536 1918 2597 Trinita-

417 2640 482 2694 te
517 2632 756 2695 diffuse
795 2640 858 2694 et
899 2631 1300 2714 apertissime
1339 2633 1583 2706 scribit,
1616 2634 1917 2714 quemad-

419 2731 682 2793 modum
728 2738 790 2792 et
831 2731 1114 2811 AEgidius
1156 2731 1260 2793 hic
1305 2731 1581 2793 declarat
1618 2739 1807 2813 atque
1851 2732 1916 2794 in

415 2836 598 2891 textu
654 2829 1028 2891 ostenditur.
1079 2829 1156 2890 Et
1215 2838 1368 2891 tunc
1425 2829 1744 2891 habebant
1796 2830 1916 2891 viri

417 2927 720 2989 catholici
759 2928 942 2989 valde
983 2928 1424 2990 rationabilem
1460 2927 1922 2990 sufficientem-

2028 1945 2181 2006 dum
2214 1945 2539 2007 hominem
2571 1945 2909 2019 famosum,
2946 1947 3012 2007 in
3050 1954 3210 2008 statu
3245 1946 3519 2027 alicujus

2027 2042 2353 2123 dignitatis
2397 2051 2506 2105 aut
2550 2044 2959 2125 perfectionis
3003 2064 3115 2106 seu
3158 2044 3520 2107 eminentiae

2027 2141 2468 2215 constitutum,
2526 2149 2595 2202 ut
2643 2143 2979 2223 praesulem
3026 2150 3137 2203 aut
3182 2142 3515 2203 decanum.

2029 2240 2104 2300 Et
2135 2240 2255 2301 hoc
2286 2258 2508 2301 rursus
2550 2246 2737 2321 prout
2770 2240 3005 2302 dicitur
3044 2258 3313 2321 persona
3342 2259 3379 2301 a
3408 2258 3522 2320 per

2029 2356 2095 2398 se
2140 2337 2421 2399 sonando
2458 2354 2471 2398 ε
2506 2337 2597 2399 sic
2640 2337 2879 2419 quippe
2925 2344 3101 2399 notat
3148 2337 3520 2418 dignitatem

2030 2435 2397 2497 notabilem.
2435 2436 2585 2497 Inde
2624 2435 2999 2497 translatum
3042 2443 3137 2497 est
3181 2436 3257 2497 ad
3303 2454 3521 2517 super-

2031 2534 2341 2595 naturalia
2391 2541 2453 2595 et
2500 2532 2736 2606 divina,
2774 2533 2838 2594 in
2887 2532 3121 2615 quibus
3172 2534 3524 2615 impropor-

2030 2631 2421 2693 'tionabiliter
2450 2630 2855 2693 eminentiori
2886 2639 2981 2693 est
3015 2632 3201 2695 modo
3231 2650 3423 2713 quam
3458 2632 3521 2693 in

2029 2730 2277 2791 creatis
2314 2730 2601 2791 Salvatur
2636 2729 2873 2791 etenim
2914 2729 3073 2791 ratio
3113 2730 3522 2811 personalita-

2031 2828 2111 2888 tis
2142 2828 2208 2889 in
2249 2828 2485 2890 divinis
2526 2828 2876 2889 secundum
2919 2828 3039 2891 boc
3077 2829 3245 2910 quod
3284 2836 3379 2890 est
3410 2848 3524 2910 per

2030 2945 2097 2988 se
2158 2925 2506 2988 subsistere
2568 2926 2633 2987 in
2693 2934 2917 2989 natura
2978 2926 3410 3001 intellectuali,
3462 2933 3525 2989 et

417 3044 544 3106 que
592 3043 850 3087 causam
898 3024 976 3087 ad
1019 3026 1486 3088 instituendum
1531 3026 1595 3087 in
1641 3027 1762 3089 hoc
1811 3044 1918 3089 no-
1956 3028 2000 3089 C
2030 3024 2335 3105 distingui
2376 3023 2760 3106 proprietate
2799 3025 2877 3086 ad
2918 3025 3289 3106 dignitatem
3338 3026 3525 3108 perti-

417 3123 596 3186 mine
646 3141 932 3206 personae
979 3123 1222 3205 aliquid
1271 3141 1451 3187 novae
1510 3124 1921 3206 significatio-

415 3221 542 3284 nis.
575 3223 846 3284 —Item
893 3223 1063 3302 quod
1110 3221 1219 3293 ait,
1269 3223 1438 3303 quod
1489 3223 1654 3284 sicut
1699 3223 1919 3285 album

417 3337 549 3382 non
599 3320 756 3382 dicit
804 3338 1140 3401 personam
1185 3320 1261 3381 de
1303 3339 1392 3394 se,
1427 3321 1514 3382 ita
1556 3340 1673 3382 nec
1719 3329 1914 3403 pater.

415 3417 768 3479 Paternitas
819 3435 1094 3498 namque
1145 3415 1498 3479 formaliter
1548 3418 1918 3481 relationem

418 3516 746 3597 importat,
805 3535 950 3597 quae
1007 3515 1350 3577 convenire
1407 3523 1471 3578 et
1529 3516 1735 3578 inesse
1792 3535 1920 3580 non

416 3621 632 3696 potest
661 3613 786 3675 nisi
819 3614 1168 3695 supposito.
1203 3613 1359 3675 Nam
1391 3614 1557 3675 sicut
1595 3634 1917 3695 generare,

415 3713 512 3772 ita
543 3719 789 3793 patrem
817 3731 957 3774 esse
988 3713 1185 3774 solius
1216 3720 1420 3775 exstat
1451 3713 1786 3794 suppositi.
1811 3713 1923 3775 Ve-

415 3828 568 3872 rum
619 3818 716 3872 est
764 3818 998 3882 tamen,
1032 3812 1202 3892 quod
1251 3829 1484 3874 nomen
1536 3811 1677 3884 hoc,
1721 3820 1918 3894 pater,

417 3908 782 3970 secundum
832 3927 900 3970 se
943 3915 1293 3989 sumptum,
1336 3927 1676 3972 commune
1719 3916 1816 3972 est
1861 3917 1924 3971 et

417 4006 728 4068 convenit
771 4005 1009 4067 multis,

522 4105 789 4185 Insuper
845 4104 1064 4166 Petrus
1124 4112 1542 4167 consonanter
1601 4104 1702 4167 his
1760 4106 1849 4166 ait
1907 4121 1920 4166 t

2033 3130 2241 3184 nente.

2111 3223 2377 3303 Insuper
2406 3222 2625 3283 Petrus
2661 3239 2674 3283 τ
2708 3223 2999 3296 Persona,
3034 3223 3263 3304 inquit,
3299 3230 3427 3284 tam
3459 3223 3523 3284 in

2032 3319 2338 3401 singulari
2382 3339 2575 3401 quam
2620 3320 2683 3381 in
2736 3321 2965 3401 plurali
3015 3320 3337 3401 significat
3381 3321 3527 3382 sub-

2032 3419 2327 3481 stantiam
2359 3417 2640 3480 simulet
2666 3419 3149 3500 proprietatem3
3174 3419 3282 3480 sed
3309 3420 3531 3500 quoni-

2031 3537 2132 3579 am
2166 3517 2619 3600 proprietatem
2656 3516 2978 3596 significat
3012 3517 3193 3598 quasi
3232 3517 3526 3579 ultimam

2031 3615 2463 3677 differentiam
2515 3615 2985 3697 completivam,
3031 3616 3173 3677 ideo
3223 3615 3528 3696 simplici-

2032 3722 2128 3775 ter
2159 3713 2395 3774 dicitur
2426 3712 2791 3794 significare
2823 3713 3215 3786 relationem,
3241 3713 3529 3775 substan-

2034 3812 2189 3873 tiam
2221 3829 2370 3874 vero
2400 3811 2751 3873 secundum
2785 3811 2939 3892 quid
2978 3829 2989 3871 :
3026 3812 3177 3894 quia
3208 3811 3530 3892 significat

2035 3929 2168 3970 rem
2214 3910 2291 3971 de
2336 3928 2565 3990 genere
2616 3909 3007 3984 substantiae,
3042 3910 3152 3971 sed
3202 3909 3321 3972 sub
3370 3909 3530 3970 rela-

2034 4007 2165 4068 tiva
2204 4007 2605 4089 proprietate.
2642 4008 2769 4069 Hoc
2813 4025 3066 4089 quoque
3110 4008 3279 4089 quod
3325 4007 3533 4069 relati-

2035 4123 2223 4166 onem
2256 4104 2562 4185 designet,
2583 4105 2883 4166 convenit
2912 4105 2971 4166 ei
3003 4112 3189 4186 prout
3219 4105 3532 4187 accipitur

415 4203 554 4265 Hoc
583 4220 843 4275 nomen,
878 4219 1166 4283 persona,
1203 4203 1411 4284 primo
1460 4202 1582 4264 fuit
1625 4203 1690 4264 in
1723 4221 1924 4266 mora·
1957 4210 2004 4271 D
2039 4202 2103 4262 in
2153 4203 2389 4264 divinis
2450 4201 2588 4263 loco
2639 4202 2939 4276 materiae,
2991 4220 3119 4265 non
3178 4203 3531 4265 secundum

421 4301 598 4363 libus
645 4301 1011 4362 institutum
1050 4301 1128 4362 ad
1168 4300 1670 4381 significandum
1713 4320 1925 4384 perso-

418 4418 575 4460 nam
636 4397 964 4472 larvatam,
1019 4399 1234 4461 larvali
1296 4417 1451 4462 sono
1511 4400 1927 4481 proprietates

417 4497 704 4577 alicujus
744 4497 1228 4578 exprimentem.
1265 4497 1424 4560 Hinc
1454 4517 1491 4559 a
1532 4497 1722 4560 boatu
1753 4498 1928 4562 vocis

421 4613 694 4670 senone,
730 4615 924 4676 quam
970 4613 1262 4659 sonoram
1307 4598 1515 4660 reddit
1559 4597 1792 4659 larvale
1835 4597 1928 4658 in-

419 4701 884 4768 strumentum,
930 4703 1194 4757 vocatur
1242 4714 1531 4777 persona,
1585 4697 1764 4779 quasi
1817 4715 1930 4778 per

421 4811 494 4854 se
525 4811 784 4866 sonans,
819 4793 1028 4855 media
1059 4794 1386 4875 producta,
1421 4813 1547 4857 non
1587 4803 1875 4876 correpta
1910 4811 1924 4855 t

417 4900 489 4954 et
522 4892 668 4964 hoe,
703 4898 998 4973 respectu
1039 4892 1257 4954 habito
1298 4893 1498 4974 magis
1536 4894 1613 4955 ad
1647 4893 1929 4975 proprie-

423 4997 627 5052 tatem
675 4989 792 5062 rei‚
845 5007 1037 5069 quam
1096 4990 1580 5072 compositionis
1627 4990 1924 5063 nominiS,

421 5087 788 5150 secundum
821 5087 1108 5149 Boetium
1142 5088 1306 5150 libro
1345 5088 1422 5149 de
1462 5087 1716 5150 Duabus
1751 5096 1928 5149 natu-

421 5185 518 5248 ris
549 5184 809 5248 Christi.
848 5185 996 5246 Inde
1027 5192 1361 5248 extensum
1393 5194 1488 5247 est
1526 5202 1758 5247 nomen
1791 5205 1930 5267 per-

421 5301 604 5349 sonae
671 5284 752 5344 ad
819 5283 1224 5347 irrationalia.
1293 5285 1466 5346 Unde
1530 5284 1927 5365 grammatici

2035 4301 2395 4382 generalem
2441 4301 2751 4363 rationem
2798 4319 3102 4382 personae.
3140 4302 3209 4363 In
3254 4300 3535 4362 definiti-

2036 4418 2156 4463 one
2188 4407 2400 4460 autem
2440 4399 2661 4474 Boetii,
2697 4419 2824 4481 qua
2864 4417 3133 4480 persona
3173 4399 3408 4460 dicitur
3440 4418 3533 4460 ra-

2036 4497 2291 4559 tionalis
2342 4505 2581 4560 naturae
2630 4497 2961 4559 individua
3018 4497 3373 4560 substantia
3422 4515 3533 4560 seu

2038 4595 2470 4669 subsistentia,
2505 4595 2859 4658 substantia
2903 4597 3139 4659 dicitur
3175 4616 3213 4659 a
3252 4595 3533 4677 generali

2039 4694 2425 4775 proprietate
2466 4693 2852 4756 subsistendi
2899 4713 3012 4777 per
3051 4713 3155 4773 se3
3188 4694 3531 4768 rationalis,

2039 4811 2076 4853 a
2106 4793 2368 4874 speciali
2413 4793 2796 4875 proprietate
2836 4792 3267 4874 intelligendi3
3299 4792 3535 4854 indivi-

2038 4890 2183 4964 dua,
2219 4909 2255 4952 a
2294 4891 2597 4971 singulari
2642 4891 3026 4973 proprietate
3076 4890 3529 4971 distinguendi.

2039 4991 2312 5051 Persona
2361 4988 2555 5068 igitur
2604 4989 2669 5050 in
2718 4990 2954 5052 divinis
3002 4997 3099 5051 est
3146 5009 3287 5070 quae
3345 4989 3537 5051 habet

2038 5087 2174 5151 haec
2212 5087 2331 5150 tria
2366 5104 2379 5149 :
2414 5088 2535 5149 hoc
2564 5095 2777 5149 autem
2808 5095 2905 5149 est
2942 5087 3345 5169 suppositum
3378 5088 3537 5150 divi-

2041 5206 2138 5249 nae
2179 5187 2493 5259 essentiae,
2529 5202 2655 5247 non
2698 5185 2835 5266 ipsa
2868 5185 3159 5247 essentia.
3195 5185 3273 5246 Et
3308 5193 3404 5248 est
3434 5205 3534 5248 res

2041 5292 2282 5347 naturae
2330 5291 2393 5346 et
2440 5302 2539 5345 res
2584 5281 2826 5345 habens
2878 5282 3161 5346 divinam
3212 5291 3528 5359 naturam,
