4359 6250
899 479 978 540 36
1537 497 1602 542 m
1645 497 1862 542 manvu
1906 497 1927 540 1
1972 495 2456 541 sam-ammaum.
2503 509 2583 520 —
2624 493 2778 540 nisr.
2826 495 2992 556 xvu3
3036 495 3259 550 ouAEs'r.
3306 495 3371 540 vt

978 666 1245 746 Insuper
1277 665 1342 728 in
1380 668 1659 729 secunda
1692 667 2008 740 secundae,
2043 665 2391 747 quaestione
2422 663 2474 726 A
2505 663 2762 727 lisldeo
2791 665 2913 726 tale
2939 666 3217 727 caritatis
3246 673 3661 746 augmentum
3693 664 3835 726 fieri
3868 681 3999 726 non

899 764 1202 826 vicesima
1251 775 1472 846 quarta
1519 785 1532 829 :
1576 765 1793 828 Omnis
1842 764 2108 846 (inquit)
2152 763 2394 824 additio

897 869 994 922 est
1048 861 1320 943 alicujus
1377 865 1456 925 ad
1519 863 1780 944 aliquid.
1837 863 2076 924 Idcirco
2133 862 2199 923 in
2258 878 2390 923 om-

895 960 963 1020 ni
1002 960 1321 1023 additione
1365 969 1614 1043 oportet
1643 962 1867 1024 saltem
1904 959 2390 1042 praeintelligere

895 1058 1368 1121 distinctionem
1406 1077 1626 1122 eorum
1665 1077 1936 1141 quorum
1978 1077 2176 1120 unum
2216 1057 2391 1120 addi-

895 1165 999 1217 tur
1035 1157 1239 1231 alteri,
1273 1166 1417 1218 ante
1458 1158 1663 1239 ipsam
1702 1158 2110 1220 additionem.
2148 1157 2210 1218 Si
2242 1172 2392 1235 ergo

895 1255 1122 1316 caritas
1181 1255 1436 1316 additur
1485 1256 1753 1328 caritati,
1805 1264 2054 1336 oportet
2112 1272 2392 1336 praesup-

895 1353 1046 1434 poni
1105 1354 1430 1415 caritatem
1485 1354 1769 1415 additam
1819 1361 1888 1414 ut
1936 1353 2301 1415 distinctam
2354 1370 2391 1412 a

893 1452 1155 1512 caritate
1203 1451 1307 1513 cui
1355 1452 1628 1526 additur,
1673 1469 1800 1514 non
1851 1451 2111 1532 quidem
2159 1470 2237 1511 ex
2286 1469 2391 1510 ne-

892 1550 1184 1612 cessitate
1224 1551 1576 1612 secundum
1618 1570 1754 1612 esse
1790 1549 1888 1611 vel
1933 1568 2088 1622 rem,
2121 1549 2234 1610 sed
2274 1548 2391 1609 sal-

891 1657 1021 1710 tem
1062 1649 1414 1711 secundum
1455 1648 1870 1710 intellectum.
1905 1649 2120 1710 Posset
2149 1647 2387 1708 etenim

889 1747 1055 1808 Deus
1086 1747 1504 1828 quantitatem
1542 1747 1734 1808 etiam
1767 1746 2160 1828 corporalem
2201 1763 2388 1825 auge-

2502 762 2739 824 valeret
2768 763 2890 824 nisi
2934 783 3060 825 una
3093 783 3271 825 mens
3312 763 3635 826 rationalis
3672 762 3853 824 alteri
3894 763 4001 823 ad-

2500 860 2756 923 deretur
2798 882 2811 925 :
2860 863 3030 944 quod
3078 870 3175 924 est
3226 861 3642 943 impossibile.
3697 861 4001 934 Quamvis

2499 960 2691 1021 etiam
2736 961 2789 1022 si
2828 968 2993 1022 esset
3044 959 3371 1042 possibile,
3416 961 3539 1022 tale
3582 968 3999 1041 augmentum

2500 1057 2735 1120 faceret
2784 1059 3091 1139 majorem
3150 1059 3544 1140 diligentem,
3598 1077 3726 1122 non
3782 1067 4001 1120 autem

2499 1157 2698 1237 magis
2729 1157 3121 1238 diligentem.
3137 1157 3631 1239 —Relinquitur
3652 1173 3803 1237 ergo
3828 1155 4003 1236 quod

2500 1255 2727 1317 caritas
2772 1255 2950 1318 nullo
3000 1256 3185 1318 modo
3225 1265 3417 1337 queat
3461 1255 3677 1336 augeri
3730 1271 3845 1336 per
3889 1255 4001 1315 ad—

2498 1353 2805 1416 ditionem
2849 1354 3126 1416 caritatis
3174 1355 3252 1416 ad
3296 1354 3645 1426 caritatem,
3688 1361 3757 1415 ut
3796 1351 3999 1432 aliqui

2500 1461 2763 1533 ponunt.
2786 1453 2848 1514 Si
2882 1471 3031 1533 ergo
3059 1460 3346 1533 augetur,
3365 1453 3485 1514 hoc
3516 1451 3727 1514 solum
3756 1458 3854 1512 est
3882 1468 4001 1532 per

2499 1550 2619 1612 hoc
2658 1551 2826 1632 quod
2871 1550 3233 1631 subjectum
3279 1550 3479 1630 magis
3516 1568 3590 1612 ac
3623 1550 3823 1630 magis
3864 1567 4004 1630 par-

2499 1650 2720 1731 ticipat
2763 1651 3113 1724 caritatem,
3156 1650 3219 1712 id
3262 1658 3379 1724 est,
3424 1649 3777 1711 secundum
3826 1649 3999 1730 quod

2502 1749 2701 1829 magis
2744 1749 3068 1810 reducitur
3108 1749 3173 1810 in
3208 1756 3422 1810 actum
3464 1747 3657 1820 illius,
3694 1755 3757 1808 et
3796 1747 4001 1827 magis

888 1863 978 1918 re,
1029 1845 1319 1908 addendo
1371 1844 1872 1926 magnitudinem
1928 1845 2209 1924 aliquam
2260 1861 2385 1905 non
2423 1846 2798 1914 Bsubditur
2857 1848 2969 1909 illi.
3033 1848 3147 1908 Hic
3206 1865 3481 1928 namque
3540 1854 3637 1907 est
3699 1846 4000 1927 proprius

892 1943 1069 2025 prius
1115 1944 1548 2016 exsistentem,
1599 1945 1709 2005 sed
1762 1952 1912 2005 tunc
1964 1943 2171 2024 primo
2220 1961 2388 2004 crea-

888 2051 1017 2103 tam
1067 2061 1080 2105 :
1135 2062 1277 2124 quae
1324 2042 1618 2123 quamvis
1668 2041 1846 2122 prius
1900 2058 2025 2103 non
2075 2040 2269 2101 fuerit
2320 2040 2385 2102 in

889 2159 1101 2202 rerum
1159 2148 1403 2212 natura,
1456 2139 1646 2202 habet
1705 2147 1916 2201 tamen
1976 2139 2040 2200 in
2100 2158 2166 2200 se
2218 2138 2384 2200 unde

887 2239 1028 2319 ejus
1065 2238 1392 2301 distinctio
1423 2237 1692 2318 intelligi
1735 2237 1936 2318 possit
1965 2257 2002 2298 a
2033 2237 2384 2318 quantitate

887 2337 989 2398 cui
1029 2337 1303 2399 additur.
1342 2337 1404 2398 Si
1449 2337 1640 2416 igitur
1669 2337 1897 2398 caritas
1937 2336 2191 2397 additur
2231 2335 2385 2396 cari-

885 2435 1018 2508 tati,
1066 2442 1310 2516 oportet
1361 2453 1850 2516 praesupponere
1899 2433 1976 2495 ad
2029 2433 2241 2494 minus
2289 2453 2383 2494 se—

885 2534 1167 2596 cundum
1217 2533 1612 2595 intellectum
1664 2533 2138 2594 distinctionem
2193 2531 2383 2592 unius

883 2633 963 2694 ab
1001 2633 1144 2694 alia.
1179 2668 1259 2676 —
1287 2631 1623 2693 Distinctio
1659 2638 1874 2692 autem
1917 2631 1980 2690 in
2023 2629 2247 2692 formis
2287 2635 2383 2690 cst

882 2731 1119 2812 duplex
1154 2748 1168 2791 :
1207 2748 1333 2791 una
1372 2729 1723 2790 secundum
1765 2728 2086 2809 speciem3
2127 2727 2252 2788 alia
2289 2746 2383 2788 se-

884 2829 1166 2890 cundum
1226 2846 1584 2889 numerum.
1648 2826 1981 2887 Distinctio
2043 2825 2379 2886 habituum

883 2926 1236 2988 secundum
1285 2926 1588 3006 speciem,
1633 2934 1728 2986 est
1776 2925 2130 2985 secundum
2178 2924 2383 2985 diver-

2501 1945 2725 2006 modus
2755 1945 3079 2026 augmenti
3110 1944 3455 2025 cujuslibet
3485 1943 3707 2006 formae.
3736 1961 3879 2024 quae
3910 1943 4005 2004 in·

2499 2043 2801 2117 tenditur,
2844 2061 2919 2105 eo
2961 2045 3129 2124 quod
3170 2061 3311 2104 esse
3354 2042 3722 2123 hujusmodi
3772 2040 3999 2104 formae

2498 2142 2773 2203 totaliter
2812 2142 3100 2204 consistit
3146 2142 3209 2202 in
3253 2142 3373 2203 hoc
3416 2140 3588 2222 quod
3631 2141 4001 2221 susceptivo

2498 2239 2779 2302 inhaeret.
2834 2239 2979 2302 Ideo
3027 2258 3229 2321 quum
3292 2239 3659 2320 magnitudo
3706 2238 3797 2299 rei
3846 2255 3999 2300 con-

2496 2345 2798 2418 sequatur
2835 2357 2973 2399 esse
3018 2337 3219 2419 ipsius
3265 2337 3507 2410 formae,
3541 2335 3811 2398 formam
3854 2354 3998 2398 esse

2499 2434 2827 2516 maJ'orem,
2872 2445 2965 2498 est
3008 2454 3146 2498 eam
3197 2434 3597 2516 susceptibili
3652 2434 3853 2515 magis
3903 2435 4001 2495 in-

2496 2552 2655 2607 esse,
2716 2552 2841 2596 non
2904 2534 3173 2596 formam
3232 2532 3424 2594 aliam
3480 2533 3800 2594 advenire.
3862 2533 3995 2595 Hoc

2495 2631 2736 2713 quippe
2766 2651 2903 2693 esse
2934 2639 3169 2712 posset,
3204 2631 3258 2693 si
3290 2630 3496 2693 forma
3526 2629 3787 2692 haberet
3818 2650 3894 2692 ex
3926 2649 3997 2691 se

2498 2729 2635 2810 ipsa
2682 2729 2960 2810 aliquam
3010 2729 3453 2810 quantitatem,
3500 2745 3626 2791 non
3672 2747 3786 2809 per
3826 2745 3997 2790 com-

2495 2828 2887 2907 parationem
2921 2830 3000 2890 ad
3032 2828 3415 2907 subjectum.
3452 2828 3555 2890 Sic
3586 2845 3735 2907 ergo
3764 2826 3997 2888 caritas

2493 2935 2759 3008 augetur
2803 2946 2915 3008 per
2956 2927 3076 2988 hoc
3119 2928 3289 3008 quod
3341 2927 3693 2988 intenditur
3737 2926 3802 2987 in
3844 2925 3997 2987 sub-

883 3025 1133 3086 sitat-em
1164 3024 1598 3105 objectorum3
1630 3022 1956 3084 distinctio
1986 3039 2135 3084 vero
2166 3040 2383 3083 secun·
2418 3029 2462 3091 C
2490 3024 2660 3104 jecto
2694 3043 2708 3086 :
2741 3034 2806 3086 et
2844 3026 2963 3088 hoc
3002 3032 3098 3086 est
3134 3025 3339 3106 ipsam
3379 3025 3597 3105 augeri
3636 3025 3993 3087 secundum

751 3182 763 3189 .
872 3118 1038 3185 'dum
1088 3142 1449 3195 numerum,
1502 3130 1598 3184 est
1647 3121 2002 3184 secundum
2052 3120 2379 3183 diversita-

885 3231 1013 3285 tem
1052 3222 1345 3302 subjecti.
1382 3223 1585 3284 Potest
1617 3238 1767 3301 ergo
1805 3220 2170 3300 contingere
2210 3221 2380 3302 quod

881 3320 1113 3402 aliquis
1163 3320 1417 3381 habitus
1468 3339 1582 3401 per
1619 3318 2008 3381 additionem
2050 3328 2376 3400 augeatur,

884 3420 1040 3481 dum
1095 3419 1457 3481 extenditur
1511 3418 1588 3479 ad
1648 3418 1936 3498 quaedam
1995 3417 2246 3498 objecta
2300 3418 2379 3479 ad

885 3536 1026 3600 quae
1061 3537 1128 3579 se
1170 3517 1346 3598 prius
1389 3535 1516 3579 non
1555 3514 1935 3578 extendebat
1969 3535 1982 3579 :
2017 3516 2236 3596 sicque
2276 3534 2382 3576 au-

883 3624 1068 3697 getur
1125 3615 1390 3677 scientia
1445 3614 1807 3695 geometriae
1858 3614 1921 3675 in
1976 3613 2084 3675 illo
2141 3614 2252 3694 qui
2302 3614 2380 3675 de

885 3731 1050 3777 novo
1112 3714 1337 3795 incipit
1403 3713 1565 3775 scire
1628 3712 1842 3794 aliqua
1909 3711 2381 3792 geometricalia

883 3832 1026 3895 quae
1054 3822 1198 3875 ante
1229 3812 1518 3874 nescivit.
1555 3812 1674 3873 Sed
1707 3812 1825 3874 hoc
1856 3811 1981 3872 dici
2015 3829 2141 3873 non
2175 3818 2382 3892 potest

884 3912 961 3973 de
1006 3912 1263 3973 caritate
1299 3929 1312 3973 ε
1351 3911 1655 3992 quoniam
1703 3910 1970 3971 minima
2012 3910 2240 3970 caritas
2280 3928 2382 3970 ex-

886 4010 1090 4071 tendit
1137 4028 1203 4071 se
1245 4010 1323 4070 ad
1367 4009 1581 4071 omnia
1628 4027 1770 4088 quae
1812 4027 1889 4068 ex
1931 4008 2189 4068 caritate
2234 4014 2382 4067 sunt

886 4107 1223 4188 diligenda.
1267 4107 1404 4169 Non
1454 4124 1604 4186 ergo
1649 4106 1790 4167 talis
1839 4105 2077 4166 additio
2117 4105 2183 4166 in
2232 4124 2380 4185 aug-

2491 3126 2851 3187 essentiam.

2572 3224 2894 3292 Praeterea,
2930 3223 2980 3284 si
3016 3223 3159 3304 quis
3191 3222 3402 3295 instet,
3436 3223 3606 3303 quod
3638 3223 3863 3284 caritas
3894 3231 3994 3284 est

2494 3322 2707 3383 lumen
2744 3340 2757 3382 :
2792 3340 2942 3402 ergo
2972 3323 3140 3383 sicut
3171 3322 3386 3382 lumen
3426 3320 3729 3382 sensibile
3761 3322 3995 3383 crescit

2493 3421 2555 3481 in
2597 3438 2741 3481 acre
2774 3439 2886 3501 per
2922 3419 3334 3492 additionem,
3370 3428 3439 3480 ut
3480 3427 3652 3500 patet
3694 3419 3757 3480 in
3798 3419 3993 3482 domo

2490 3518 2751 3580 candela
2797 3518 2921 3579 alia
2966 3537 3450 3599 supet-accensa,
3506 3518 3597 3579 sic
3644 3527 3708 3579 et
3759 3519 3989 3580 caritas

2490 3617 2718 3678 crescit
2757 3617 2821 3677 in
2861 3618 3075 3677 anima
3116 3635 3229 3697 per
3267 3616 3678 3678 additionem.
3714 3616 3995 3696 Respon-

2488 3716 2694 3789 detur,
2740 3716 2907 3796 quod
2952 3714 3191 3776 additio
3233 3714 3495 3776 luminis
3532 3714 3610 3776 ad
3656 3714 3873 3775 lumen
3920 3713 3989 3774 in

2489 3831 2654 3885 aere,
2690 3820 2893 3894 potest
2941 3811 3207 3892 intelligi
3253 3820 3511 3893 propter
3554 3811 3988 3873 diversitatem

2491 3909 2904 3972 luminarium
2954 3910 3353 3971 causantium
3403 3909 3659 3986 lumen3
3700 3908 3842 3971 talis
3880 3928 3994 3970 au-

2490 4017 2617 4069 tem
2659 4008 2983 4070 distinctio
3015 4026 3141 4070 non
3183 4008 3370 4069 habet
3404 4008 3613 4070 locum
3656 4008 3721 4069 in
3765 4025 3995 4089 propo-

2491 4106 2633 4179 sito,
2688 4106 2837 4187 quia
2895 4124 3021 4167 non
3080 4113 3171 4167 est
3232 4105 3357 4166 nisi
3416 4124 3613 4166 unum
3674 4104 3992 4167 luminare

887 4213 1103 4268 mento
1141 4205 1418 4266 caritatis
1459 4211 1666 4286 potest
1706 4203 1972 4283 intelligi
2017 4220 2381 4284 praesuppo-
2411 4208 2460 4268 D
2492 4203 2771 4264 influens
2815 4203 3033 4264 lumen
3076 4203 3376 4265 caritatis.
3418 4238 3497 4247 —
3538 4202 3678 4265 Haec
3718 4202 3991 4264 Thomas

887 4304 1007 4365 sita
1030 4302 1434 4365 distinctione
1460 4302 1812 4363 secundum
1844 4300 2124 4381 speciem
2154 4300 2381 4363 addita».

888 4401 1166 4464 caritatis
1208 4400 1285 4462 ad
1330 4419 1469 4462 eam
1513 4400 1616 4460 cui
1661 4399 2126 4480 superadditur.
2175 4399 2382 4461 Relin-

887 4500 1106 4582 quitur
1163 4518 1332 4580 ergo,
1382 4499 1440 4559 si
1501 4497 1615 4559 fiat
1670 4498 1909 4559 additio
1968 4498 2247 4559 caritatis
2304 4499 2381 4559 ad

888 4600 1236 4671 caritatem,
1271 4597 1440 4678 quod
1475 4596 1594 4658 hoc
1633 4595 1747 4657 siat
1789 4597 2251 4678 praesupposita
2291 4596 2382 4657 di-

888 4698 1226 4760 stinctione
1273 4694 1628 4757 secundum
1682 4713 2044 4767 numerum,
2096 4714 2239 4775 quae
2288 4703 2384 4756 est

887 4796 1240 4858 secundum
1271 4794 1703 4855 diversitatem
1747 4792 2181 4872 subjectorum
2217 4809 2230 4853 :
2264 4794 2383 4855 sic-

889 4904 958 4957 ut
1006 4894 1230 4958 albedo
1279 4901 1546 4974 augetur
1596 4910 1710 4973 per
1765 4892 1886 4953 hoc
1934 4892 2104 4972 quod
2163 4890 2382 4954 album

885 4995 1140 5057 additur
1176 4993 1343 5067 albo,
1378 4990 1670 5073 quamvis
1715 4990 1834 5052 hoc
1877 4998 2218 5071 augmento
2257 5009 2385 5052 non

889 5093 1002 5155 fiat
1048 5092 1292 5173 aliquid
1343 5090 1544 5171 magis
1593 5088 1831 5153 album.
1881 5090 2008 5151 Hoc
2056 5096 2268 5150 autem
2320 5090 2384 5150 in

889 5190 1216 5273 proposito
1271 5189 1394 5250 dici
1471 5206 1596 5249 non
1668 5195 1895 5269 potest,
1959 5186 2110 5267 quia
2169 5186 2384 5266 subje-

890 5298 1064 5351 ctum
1108 5288 1385 5350 caritatis
1429 5304 1556 5348 non
1595 5293 1690 5347 est
1733 5284 1856 5346 nisi
1901 5304 2077 5346 mens
2121 5284 2388 5347 rationa-

2492 4302 2558 4362 in
2603 4303 2882 4363 Summa.

2571 4400 2648 4461 At
2698 4418 2848 4461 vero
2905 4399 3347 4462 Bonaventura
3397 4399 3566 4460 circa
3622 4398 3756 4461 haec
3803 4398 3995 4461 aliter

2492 4499 2681 4560 sentit
2728 4518 2742 4561 ε
2786 4498 3053 4578 Duplex,
3100 4497 3419 4578 inquienS‚
3463 4496 3682 4578 opinio
3719 4505 3816 4558 est
3856 4496 3985 4558 hic.

2494 4598 2645 4669 Una,
2700 4595 2870 4677 quod
2922 4602 3335 4675 augmentum
3393 4594 3673 4656 caritatis
3722 4602 3817 4655 est
3874 4612 3993 4675 per

2492 4694 2973 4776 depurationem
3003 4711 3040 4754 a
3070 4710 3185 4755 suo
3217 4693 3555 4762 contrario,
3590 4711 3703 4754 seu
3736 4711 3848 4773 per
3878 4692 3995 4753 im-

2491 4792 2981 4874 permixtionem
3033 4810 3181 4852 cum
3231 4790 3361 4865 illo,
3409 4790 3591 4870 juxta
3647 4790 3803 4852 illud
3851 4790 3995 4853 Phi-

2495 4891 2741 4973 losophi
2778 4911 2791 4953 :
2828 4889 3335 4970 Unumquodque
3374 4898 3470 4950 est
3509 4896 3683 4951 tanto
3724 4888 3867 4969 plus
3902 4898 3995 4951 ta·

2494 4990 2574 5063 le,
2618 4997 2856 5070 quanto
2908 4988 3117 5048 minus
3166 4985 3357 5048 habet
3396 4988 3475 5048 de
3516 4986 3831 5048 contrario
3872 5004 3993 5049 suo

2494 5089 2617 5149 sibi
2658 5087 3032 5149 admixtum.
3070 5086 3467 5148 Contrarium
3510 5093 3725 5147 autem
3768 5084 3991 5147 carita-

2497 5186 2565 5259 ti,
2621 5193 2715 5247 cst
2775 5183 3293 5265 concupiscentia
3350 5202 3463 5245 seu
3523 5182 3837 5264 cupiditas
3884 5183 3991 5244 vel

2497 5302 2675 5347 amor
2722 5284 3024 5366 privatuS.
3060 5282 3205 5344 Ideo
3248 5288 3485 5362 quanto
3528 5280 3673 5361 plus
3717 5280 3849 5342 haec
3887 5298 3997 5341 ex-
