4359 6250
1093 500 1179 548 AN
1223 499 1499 548 scmNnA
1541 499 1642 546 Dm
1687 500 1779 546 SIT
1822 498 2018 546 CAUSA
2058 501 2286 559 RERUM,
2320 501 2433 550 vm,
2472 502 2820 551 Ecom'ssnso

3396 487 3515 552 477

405 670 848 751 praescitorum
907 675 1258 739 secundum
1312 671 1905 736 determinationem
1935 670 1987 735 Α
2019 692 2223 738 causae
2286 682 2577 757 respectu
2637 675 2727 738 rei
2786 683 3058 758 operatae
3116 694 3231 758 per
3283 682 3507 738 artem.

401 767 538 848 jam
595 773 894 852 positam,
945 775 1055 836 sed
1113 773 1476 835 nullatenus
1535 790 1900 835 econverso.

405 867 772 934 Secundum
823 873 1132 935 rationem
1175 890 1328 934 vero
1377 871 1715 944 inferendi,
1757 879 1906 933 sunt

405 975 632 1031 mutuo
682 988 888 1033 causae
935 991 949 1034 :
1000 972 1153 1053 quia
1202 971 1476 1033 invicem
1524 971 1907 1033 antecedunt

402 1073 470 1128 et
515 1077 1013 1151 consequuntur,
1047 1078 1110 1132 et
1151 1070 1531 1132 antecedens
1580 1089 1769 1132 causa
1809 1078 1905 1131 est

402 1168 874 1248 consequentis.
910 1168 1274 1231 Secundum
1316 1187 1466 1231 vero
1510 1169 1772 1232 modum
1816 1168 1906 1229 di-

399 1264 612 1338 cendi,
648 1264 938 1328 futurum
967 1275 1064 1329 est
1093 1285 1282 1329 causa
1314 1266 1751 1349 praescientiae‚
1776 1285 1902 1329 non

397 1369 680 1424 econtra.
732 1364 1131 1428 Praescientia
1181 1383 1454 1447 namque
1504 1365 1739 1427 dicitur
1787 1365 1904 1426 sci-

397 1462 574 1523 entia
613 1469 760 1525 ante
800 1483 930 1526 rem
970 1482 985 1527 :
1018 1464 1238 1546 sicque
1281 1464 1580 1546 importat
1613 1465 1899 1526 ordinem

396 1560 476 1622 ad
527 1562 868 1644 posteriuS,
912 1570 975 1625 et
1023 1564 1076 1625 si
1123 1562 1358 1624 scitum
1407 1581 1660 1645 semper
1703 1563 1905 1626 consi-

395 1667 592 1722 steret
633 1680 934 1743 praesenS,
969 1681 1096 1724 non
1137 1669 1302 1724 esset
1340 1661 1758 1743 praescientia,
1793 1662 1902 1724 sed

395 1758 686 1821 scientia.
721 1760 881 1822 Hinc
912 1761 1082 1843 quod
1115 1760 1516 1843 praescientia
1545 1760 1905 1842 appelletur

2015 773 2176 835 Hinc
2220 773 2384 836 sicut
2424 783 2520 836 est
2564 774 2897 836 causalitas
2944 773 3213 836 artificis
3259 793 3371 856 per
3416 792 3513 835 ar·

2018 879 2146 933 tem
2188 890 2391 946 suam,
2426 871 2519 935 sic
2553 873 3007 936 consideranda
3046 880 3142 934 est
3176 871 3514 934 causalitas

2017 969 2251 1034 divinae
2300 971 2599 1034 scientiae.
2650 971 2759 1034 Est
2796 971 3010 1054 itaque
3056 970 3174 1033 iste
3224 987 3512 1052 progres-

2017 1087 2124 1130 sus
2170 1069 2237 1131 in
2280 1069 2695 1151 productione
2736 1069 2825 1132 rei
2869 1068 3241 1132 artificiatae.
3274 1068 3509 1140 Primo,

2016 1166 2285 1229 scientia
2322 1167 2589 1230 artificis
2628 1168 2905 1231 ostendit
2937 1168 3158 1231 finem.
3194 1167 3508 1241 Secund0,

2015 1265 2308 1328 voluntas
2342 1265 2483 1346 ejus
2514 1265 2715 1328 finem
2746 1266 2929 1328 illum
2962 1265 3245 1329 intendit.
3282 1265 3509 1339 Terti0,

2017 1364 2307 1427 voluntas
2350 1365 2619 1447 imperat
2656 1373 2870 1427 actum
2912 1385 3026 1448 per
3062 1384 3255 1447 quem
3293 1364 3515 1427 educa·

2019 1469 2119 1524 tur
2148 1461 2597 1545 efficiaturque
2627 1481 2809 1546 opuS‚
2844 1464 3011 1526 circa
3043 1463 3211 1546 quod
3247 1462 3513 1525 scientia

2014 1560 2285 1622 artificis
2334 1561 2513 1644 ponit·
2563 1561 2832 1625 formam
2886 1569 3278 1644 conceptam.
3336 1561 3512 1624 Unde

2015 1660 2282 1722 scientia
2326 1661 2516 1723 habet
2564 1681 2631 1724 se
2681 1669 2749 1723 ut
2798 1662 3135 1724 ostendens
3184 1659 3409 1733 finem,
3449 1667 3513 1721 et

2015 1759 2307 1822 voluntas
2356 1768 2425 1820 ut
2472 1760 2753 1842 dirigens
2806 1769 3018 1823 actum
3074 1768 3263 1842 atque
3319 1757 3511 1821 infor-

397 1857 536 1938 ipsa
568 1858 848 1940 cognitio
877 1859 1013 1932 Dei,
1041 1859 1216 1921 venit
1245 1878 1322 1921 ex
1353 1858 1444 1920 rei
1486 1858 1898 1923 futuritione:
1933 1857 1981 1920 B
2018 1877 2197 1920 mans
2246 1862 2423 1940 opus'
2455 1867 2805 1941 operatum.
2852 1859 2999 1922 ldeo
3051 1865 3294 1922 constat
3340 1857 3511 1939 quod

392 1963 458 2017 et
486 1956 580 2018 sic
624 1957 1038 2039 intelligenda
1075 1965 1172 2022 est
1207 1958 1548 2020 auctoritas
1589 1957 1896 2039 Origenis.

390 2090 476 2100 —
510 2055 656 2118 Haec
699 2057 1156 2120 Bonaventura.

476 2153 554 2215 At
593 2173 748 2218 vero
788 2155 1060 2218 Thomas
1100 2157 1270 2218 circa
1309 2157 1442 2220 haec
1482 2157 1704 2219 scribit
1741 2177 1754 2220 :
1785 2156 1899 2220 Lo-

395 2253 655 2333 quendo
685 2255 762 2316 de
795 2255 1118 2318 attributis
1155 2255 1413 2328 divinis,
1446 2255 1897 2318 attributorum

395 2353 780 2416 attendenda
824 2362 920 2416 est
969 2353 1129 2417 ratio
1180 2374 1194 2418 :
1246 2373 1388 2437 quae
1439 2355 1592 2436 quia
1649 2355 1899 2417 diversa

395 2457 494 2512 est
531 2451 954 2527 diversorum,
989 2453 1130 2515 ideo
1169 2453 1538 2516 attribuitur
1580 2453 1688 2515 uni
1727 2453 1898 2536 quod

393 2565 524 2610 non
573 2549 780 2625 alteri,
821 2551 1115 2633 quamvis
1164 2551 1378 2613 omnia
1425 2551 1554 2614 sint
1599 2570 1724 2613 una
1770 2570 1891 2614 res,

391 2644 554 2708 Hinc
603 2645 854 2709 bonitas
901 2647 1118 2709 divina
1176 2647 1410 2711 dicitur
1459 2667 1648 2711 causa
1707 2649 1898 2712 bono-

393 2763 562 2819 rum,
595 2755 662 2807 et
705 2746 834 2808 vita
876 2746 986 2808 Dei
1033 2765 1222 2809 causa
1265 2747 1640 2821 viventium,
1676 2749 1895 2830 sicque

391 2844 474 2906 de
501 2844 666 2907 aliis.
705 2845 768 2908 Si
799 2864 947 2927 ergo
976 2846 1368 2928 accipiamus
1400 2846 1682 2909 diversas
1718 2848 1895 2909 attri-

393 2942 698 3007 butorum
745 2945 1040 3020 rationeS,
1074 2944 1482 3008 invenientur
1525 2945 1738 3028 aliqua
1785 2946 1894 3008 ha-

2014 1955 2327 2038 quidquid
2370 1956 2601 2019 accidit
2644 1957 2711 2018 in
2753 1956 2992 2019 effectu
3036 1977 3149 2039 per
3188 1956 3511 2020 defectum

2013 2073 2049 2116 a
2079 2054 2287 2118 forma
2322 2055 2475 2118 artis
2506 2055 2605 2118 vel
2638 2076 2672 2118 a
2704 2055 2837 2118 fine
2870 2054 3134 2130 intento,
3168 2075 3295 2120 non
3329 2056 3511 2118 redu-

2014 2153 2179 2215 citur
2227 2154 2294 2216 in
2343 2155 2675 2217 scientiam
2723 2154 2993 2217 artificis
3042 2155 3207 2217 sicut
3256 2154 3321 2217 in
3365 2174 3510 2217 cau·

2013 2271 2166 2314 sam.
2212 2253 2385 2316 Patet
2425 2253 2617 2315 etiam
2662 2254 2831 2335 quod
2880 2253 3317 2335 principalitas
3365 2272 3509 2316 cau-

2011 2351 2277 2414 salitatis
2325 2352 2613 2415 consistit
2662 2370 2857 2434 penes
2907 2352 3321 2427 voluntatem,
3366 2373 3509 2435 quae

2011 2449 2283 2532 imperat
2324 2459 2557 2513 actum.
2594 2451 2768 2513 Unde
2812 2457 2984 2532 patet
3025 2451 3194 2532 quod
3240 2450 3503 2526 malum,

2009 2550 2179 2631 quod
2224 2557 2317 2611 est
2360 2549 2635 2612 deviatio
2678 2568 2713 2610 a
2758 2547 2963 2612 forma
3000 2557 3065 2611 et
3106 2568 3143 2610 a
3188 2548 3342 2624 sine,
3377 2568 3503 2612 non

2009 2655 2306 2710 causatur
2342 2666 2381 2710 a
2418 2647 2684 2710 scientia
2726 2646 2873 2723 Dei3
2915 2648 3025 2709 sed
3071 2648 3503 2710 causalitatem

2009 2746 2201 2808 habet
2251 2753 2497 2808 tantum
2546 2754 2850 2830 respectu·
2899 2745 3233 2820 bonorum,
3285 2765 3508 2809 secun-

2008 2846 2161 2906 dum
2210 2845 2380 2927 quod
2430 2853 2907 2929 consequuntur
2953 2845 3223 2908 formam
3271 2845 3505 2909 divinae

2005 2942 2159 3004 artis
2204 2951 2267 3004 et
2308 2942 2507 3005 finem
2553 2961 2567 3007 :
2612 2962 2737 3006 non
2790 2945 3001 3007 tamen
3046 2943 3152 3018 ita,
3196 2945 3365 3026 quod
3409 2962 3502 3006 re-

393 3041 544 3104 bere
593 3043 1130 3126 comparationem
1189 3062 1316 3106 non
1367 3052 1613 3106 tantum
1660 3045 1738 3107 ad
1787 3045 1893 3107 ha·
1931 3047 1974 3111 C
2007 3050 2229 3124 spectu
2290 3042 2515 3104 horum
2574 3042 2741 3104 dicat
2789 3041 3134 3125 perfectam
3194 3042 3501 3105 rationem

389 3142 676 3217 bentem,
737 3143 848 3205 sed
905 3143 1096 3205 etiam
1155 3143 1234 3205 ad
1291 3143 1534 3225 aliquid
1594 3150 1892 3226 tanquam

387 3240 468 3303 ad
511 3240 864 3323 objectum,
906 3240 1068 3303 sicut
1111 3242 1398 3316 scientia,
1433 3242 1746 3316 voluntaS,
1789 3261 1896 3325 po-

387 3340 624 3419 tentia3
677 3340 966 3421 quaedam
1016 3358 1166 3403 vero
1216 3340 1616 3404 solummodo
1663 3342 1740 3403 ad
1792 3342 1896 3403 ha-

387 3438 674 3511 bentem,
725 3446 798 3499 ut
852 3437 1122 3513 bonitas,
1170 3438 1317 3500 vita.
1370 3439 1620 3522 lstaque
1677 3440 1892 3502 omnia

385 3536 626 3599 habent
655 3556 860 3598 unum
901 3537 1160 3600 modum
1193 3538 1582 3600 causalitatis
1610 3557 1891 3601 commu-

383 3654 558 3709 nem,
593 3635 896 3698 videlicet
935 3654 1048 3718 per
1091 3637 1352 3699 modum
1395 3636 1744 3700 efficientis
1785 3657 1889 3701 ex-

383 3734 716 3817 emplariS,
779 3742 967 3816 prout
1024 3735 1301 3798 dicimus
1363 3737 1532 3817 quod
1590 3756 1626 3798 a
1686 3737 1892 3819 primo

383 3833 558 3896 bono
595 3840 748 3895 sunt
788 3833 1004 3895 omnia
1043 3834 1229 3909 bona,
1265 3843 1453 3917 atque
1488 3854 1523 3897 a
1561 3836 1768 3917 primo
1802 3838 1892 3900 vi-

381 3940 576 3994 vente
623 3940 868 3993 ‘cuncta
925 3932 1224 3995 viventia.
1287 3933 1521 3995 Verum
1585 3934 1692 3997 illa
1749 3955 1892 4017 quae

381 4030 693 4093 dicuntur
721 4048 837 4111 per
866 4030 1406 4112 comparationem
1436 4033 1514 4094 ad
1547 4032 1888 4112 objectum,

379 4128 626 4191 habent
675 4130 868 4192 etiam
915 4129 1115 4192 alium
1170 4130 1427 4193 modum
1479 4132 1887 4207 causalitatis,

2006 3142 2415 3216 causalitatiS,
2470 3142 2592 3203 nisi
2646 3144 2999 3205 secundum
3053 3143 3223 3225 quod
3275 3142 3499 3223 adJun-

2004 3240 2174 3321 gitur
2217 3232 2547 3304 voluntati.
2594 3242 2835 3304 Idcirco
2878 3242 2945 3303 in
2990 3241 3197 3304 littera
3239 3242 3495 3315 dicitur,

2005 3340 2174 3421 quod
2206 3340 2473 3403 scientia
2504 3340 2885 3422 beneplaciti
2918 3358 3107 3405 causa
3136 3348 3228 3404 est
3262 3360 3497 3404 rerum.

2004 3439 2264 3520 Propter
2294 3438 2462 3520 quod
2493 3439 2683 3501 etiam
2713 3440 2937 3502 asserit
2966 3440 3309 3514 Avicenna‚
3329 3441 3499 3522 quod

2006 3536 2072 3598 in
2102 3544 2414 3619 quantum
2454 3538 2619 3599 Deus
2659 3537 2979 3617 cognoscit
3018 3539 3357 3600 essentiam
3400 3558 3502 3601 su·

2003 3653 2128 3709 am,
2161 3643 2225 3697 et
2264 3642 2429 3697 amat
2470 3653 2542 3696 ac
2582 3635 2718 3697 vult
2755 3654 2894 3697 eam
2938 3637 3291 3699 secundum
3332 3636 3501 3718 quod

2003 3741 2098 3797 est
2132 3733 2526 3816 principium
2567 3752 2777 3796 rerum
2818 3752 3089 3816 quarum
3130 3754 3199 3797 se
3233 3735 3371 3797 vult
3408 3756 3501 3798 es-

2003 3854 2070 3897 se
2109 3833 2524 3917 principium‚
2559 3852 2659 3895 res
2697 3833 2911 3895 fluunt
2948 3833 3029 3895 ab
3068 3852 3162 3897 eo.
3198 3835 3499 3897 Voluntas

2003 3932 2243 4014 quippe
2283 3931 2472 3994 habet
2503 3932 2881 4013 completam
2924 3932 3231 3995 rationem
3268 3951 3495 4009 causae,

2005 4030 2069 4092 in
2119 4038 2429 4114 quantum
2487 4029 2811 4109 objectum
2869 4030 3009 4110 ejus
3058 4040 3153 4093 est
3201 4032 3355 4094 sinis
3402 4028 3525 4095 se·'

2004 4130 2285 4191 cundum
2323 4129 2628 4192 rationem
2664 4129 2837 4203 boni,
2873 4129 2981 4212 qui
3013 4137 3109 4191 est
3138 4150 3327 4194 causa
3356 4150 3498 4194 cau-

379 4228 684 4291 vidclicet
717 4235 1006 4309 respectu
1045 4228 1464 4308 objectorum,
1500 4236 1569 4291 ut
1599 4231 1890 4295 voluntas
1919 4230 1969 4291 D
2003 4248 2217 4290 sarum
2263 4245 2277 4289 :
2322 4226 2463 4289 ideo
2506 4226 2792 4289 absolute
2839 4227 3174 4309 loquendo,
3205 4230 3495 4293 voluntas

380 4335 684 4411 respectu
712 4329 1056 4391 volitorum
1083 4348 1098 4392 ε
1127 4336 1190 4390 et
1218 4330 1312 4391 sic
1342 4329 1648 4411 quaeritur
1675 4331 1779 4392 hic
1811 4332 1889 4395 de

381 4427 758 4491 causalitate
793 4426 1094 4490 scientiae.
1130 4428 1384 4491 Constat
1414 4447 1688 4510 namque
1719 4431 1888 4511 quod

381 4526 654 4589 scientia
699 4526 810 4588 Dei
853 4526 936 4587 sit
979 4544 1167 4588 causa
1213 4545 1424 4588 rerum
1471 4546 1584 4609 per
1629 4528 1886 4591 modum

380 4624 733 4688 efficientis
777 4632 839 4686 et
878 4624 1259 4707 exemplaris
1303 4625 1716 4689 scientiarum
1758 4646 1890 4690 om-

379 4723 605 4802 nium;
658 4724 770 4785 sed
818 4723 1086 4785 dubium
1135 4731 1252 4797 est,
1306 4732 1520 4786 utrum
1571 4726 1652 4787 sit
1699 4745 1889 4789 causa

379 4823 716 4897 scitorum,
751 4840 892 4903 quae
936 4829 1084 4883 sunt
1127 4820 1377 4901 objecta
1422 4824 1722 4886 scientiae.

465 4921 810 4985 Sciendum
840 4938 1010 5001 ergo,
1035 4920 1205 5001 quod
1235 4921 1502 4982 scientia
1533 4923 1884 4984 secundum

377 5020 695 5084 rationem
735 5019 1018 5081 scientiae
1057 5037 1184 5081 non
1224 5019 1380 5081 dicit
1420 5020 1699 5101 aliquam
1742 5039 1885 5083 cau-

378 5118 696 5182 salitatem
734 5135 748 5179 :
781 5116 935 5179 alias
977 5117 1185 5180 omnis
1229 5117 1495 5180 scientia
1534 5125 1700 5180 esset
1741 5138 1886 5182 cau—

378 5237 470 5281 sa.
512 5218 634 5281 Sed
683 5217 752 5279 in
801 5222 1110 5298 quantum
1159 5222 1257 5278 est
1305 5215 1569 5278 scientia
1619 5216 1884 5280 artificis

379 5316 708 5401 operantis
767 5334 866 5377 res
927 5314 1118 5397 ipsaS,
1177 5312 1270 5375 sic
1326 5313 1517 5375 habet
1573 5315 1882 5377 rationem

2003 4327 2114 4389 Dei
2163 4334 2261 4389 est
2310 4346 2497 4388 causa
2553 4344 2786 4388 rerum.
2838 4327 2925 4389 De
2972 4327 3238 4391 scientia
3284 4338 3496 4394 autem

2003 4444 2130 4487 non
2171 4425 2257 4488 ita
2295 4444 2362 4488 se
2398 4424 2606 4487 habet.
2641 4425 2769 4487 Nec
2802 4426 3067 4489 scientia
3097 4437 3499 4510 comparatur

2002 4525 2078 4586 ad
2116 4524 2348 4586 scitum
2384 4532 2453 4587 ut
2484 4524 2613 4587 vita
2646 4524 2724 4585 ad
2754 4524 3076 4587 viventem
3113 4544 3127 4588 :
3161 4545 3288 4589 non
3322 4529 3496 4591 enim

2001 4623 2233 4685 scitum
2266 4622 2499 4684 dicitur
2529 4623 2696 4704 quod
2728 4622 2913 4685 habet
2948 4624 3303 4700 scientiam,
3332 4626 3499 4689 sicut

2000 4722 2219 4785 vivum
2272 4722 2440 4804 quod
2490 4720 2679 4783 habet
2722 4722 2939 4785 vitam.
2984 4724 3157 4785 Unde
3200 4726 3499 4806 quemad·

2002 4822 2261 4885 modum
2312 4828 2615 4884 creaturae
2660 4840 2697 4882 a
2746 4822 2874 4884 Deo
2923 4839 3049 4884 non
3100 4831 3334 4885 exeunt
3384 4843 3499 4906 per

1999 4920 2441 4983 necessitatem
2492 4928 2731 4982 naturae
2772 4927 2881 4981 aut
2923 4920 3229 4982 naturalis
3275 4929 3495 5004 poten-

2001 5018 2122 5093 tiae,
2159 5020 2245 5081 ita
2275 5036 2391 5080 nec
2424 5036 2538 5099 per
2566 5017 3006 5080 necessitatem
3047 5018 3352 5093 scientiae,
3384 5022 3495 5083 sed

2000 5136 2114 5200 per
2144 5118 2501 5180 libertatem
2532 5116 2890 5190 voluntatiS‚
2908 5117 2971 5179 in
2997 5136 3119 5199 qua
3148 5119 3307 5183 ratio
3336 5137 3496 5182 com-

2000 5217 2210 5299 pletur
2253 5216 2637 5278 causalitatis
2672 5232 2686 5277 :
2722 5215 2864 5277 ideo
2902 5234 3028 5278 non
3065 5218 3496 5298 quandocum-

1998 5334 2124 5397 que
2153 5314 2363 5389 scivit,
2387 5313 2496 5376 sed
2527 5314 3061 5396 quandocumque
3085 5315 3309 5391 voluit,
3324 5317 3491 5381 Deus
