4359 6250
843 451 962 518 494

1473 470 1537 518 IN
1579 470 1802 516 LIBRUM
1842 470 1863 515 1
1906 465 2389 515 SENTENTIARUM.
2436 485 2516 495 -
2556 467 2709 514 msT.
2756 467 2988 532 xxx1x3
3032 467 3254 527 QUAEST.
3302 471 3324 518 1

845 641 980 704 lum
1012 642 1367 704 secundum
1400 639 1708 703 rationem
1740 637 2345 701 dumtaxat—Ham
2370 635 2423 699 A
2449 636 2739 717 judicare
2770 639 3166 722 contingenS,
3200 641 3503 724 quoniam
3535 641 3831 724 quamvis
3864 642 3963 704 di·

841 739 1215 803 Alexander.

922 839 1018 900 Ad
1056 839 1180 900 alia
1225 837 1763 920 respondendum,
1798 837 1967 918 quod
2010 836 2177 898 Deus
2217 852 2349 897 cer-

844 936 1090 999 tissime
1121 943 1184 998 et
1216 935 1676 999 invariabiliter
1708 935 1960 1017 praescit
1991 933 2146 1016 quid
2177 933 2348 1015 quis·

844 1055 969 1118 que
1002 1035 1286 1098 facturus
1318 1035 1418 1097 sit.
1446 1033 1722 1096 Scientia
1753 1050 2007 1116 quoque
2038 1038 2100 1093 et
2131 1037 2349 1112 poten·

841 1135 930 1195 tia
980 1134 1219 1197 ratione
1269 1133 1751 1214 distinguuntur
1797 1151 1811 1196 :
1865 1131 2006 1194 ideo
2055 1129 2345 1212 quaedam

842 1233 1232 1295 conveniunt
1281 1233 1415 1306 uni,
1460 1250 1602 1313 quae
1652 1249 1778 1294 non
1832 1229 2221 1293 conveniunt
2261 1227 2347 1288 al-

842 1331 981 1394 teri.

911 1431 1178 1511 Insuper
1205 1429 1644 1492 Bonaventura
1673 1426 1778 1489 hic
1809 1424 2344 1509 loquiturtQuum

842 1527 1169 1610 quaeritur,
1211 1547 1292 1589 an
1343 1528 1507 1589 Deus
1551 1526 1752 1608 possit
1800 1524 1983 1607 plura
2032 1523 2199 1586 scire
2242 1522 2342 1585 vel

843 1625 1138 1708 praescire
1187 1644 1378 1708 quam
1437 1625 1596 1687 sciat
1641 1633 1750 1686 aut
1799 1623 2109 1706 praesciat,
2159 1621 2345 1684 aliter

838 1725 1258 1805 judicandum
1307 1731 1404 1786 est
1444 1724 1522 1786 de
1572 1723 1971 1806 praescientia
2021 1741 2213 1805 quam
2264 1720 2343 1783 de

2454 741 2635 794 catur
2692 736 2770 797 de
2830 739 3169 819 praeterito‚
3230 740 3546 822 dependet
3606 748 3817 803 tamen
3878 759 3965 802 ex

2454 832 2671 896 futuro
2723 851 2737 896 ε
2793 846 2861 897 ut
2909 844 3082 917 patet
3128 837 3205 898 de
3254 839 3513 900 creditis
3567 846 3758 920 atque
3816 857 3967 921 pro-

2456 931 2746 1012 pheticis.
2795 935 2916 997 Sed
2968 954 3083 997 nec
3132 936 3253 998 hoc
3300 937 3553 999 videtur
3601 936 3963 1019 probabile.

2455 1029 2647 1092 Actus
2678 1031 2849 1094 enim
2882 1033 3115 1096 divinae
3145 1034 3659 1116 praecognitionis
3690 1053 3815 1098 non
3849 1037 3965 1096 de-

2456 1129 2688 1209 pendet
2732 1149 2810 1192 ex
2862 1130 3075 1194 futuro
3120 1152 3134 1196 :
3177 1133 3333 1196 alias
3384 1134 3783 1216 praeseientia
3824 1152 3965 1196 non

2454 1235 2621 1288 esset
2649 1237 2841 1304 certa,
2874 1250 3075 1312 quum
3109 1230 3327 1294 futura
3364 1232 3474 1294 illa
3502 1233 3965 1295 certitudinem

2456 1342 2582 1386 non
2622 1326 2895 1390 habeant
2926 1329 2992 1391 in
3032 1348 3119 1391 se.
3156 1330 3317 1392 Illud
3358 1349 3613 1413 quoque
3651 1331 3819 1412 quod
3858 1332 3969 1394 do-

2456 1425 2688 1504 pendet
2730 1427 2811 1489 ab
2855 1427 3001 1503 alio,
3036 1437 3333 1492 causatur
3374 1429 3591 1511 aliquo
3641 1430 3829 1492 modo
3874 1429 3965 1492 ab

2454 1539 2564 1600 e03
2605 1542 2725 1586 nec
2769 1525 2985 1589 divina
3032 1525 3312 1609 cognitio
3354 1527 3799 1590 certitudinem
3851 1528 3971 1590 ha-

2454 1619 2560 1682 bet
2602 1641 2639 1684 a
2680 1642 2766 1685 re.

2532 1722 2692 1784 Hinc
2721 1725 2905 1786 aliter
2932 1733 3030 1787 est
3057 1725 3423 1802 dicendum,
3441 1727 3759 1800 videlicet,
3781 1727 3965 1808 quod

841 1823 1125 1886 scientia.
1170 1824 1412 1904 Nempe
1459 1830 1528 1884 ut
1570 1823 1695 1885 dici
1745 1822 1926 1896 solet,
1965 1820 2199 1902 triplex
2246 1826 2344 1882 est
2378 1823 2425 1885 B
2454 1822 2772 1903 quoddam
2822 1830 2920 1885 est
2962 1823 3206 1887 dictum
3249 1825 3327 1887 de
3371 1825 3690 1907 praeterito
3728 1833 3793 1887 et
3836 1843 3967 1907 pro

842 1923 952 1984 Dei
1003 1922 1302 2004 cognitio,
1356 1940 1480 1985 non
1531 1928 1840 2004 quantum
1889 1921 1967 1983 ad
2017 1919 2343 1984 diversita-

842 2029 971 2083 tem
1021 2021 1482 2103 cognitionum,
1534 2021 1644 2083 sed
1692 2026 2198 2092 connotatorum,
2252 2019 2343 2080 vi-

841 2120 1092 2194 delicet,
1128 2119 1405 2201 cognitio
1447 2118 1944 2201 approbationiS,
1990 2117 2346 2199 intelligen-

841 2219 945 2282 tiae
982 2227 1048 2280 et
1085 2219 1371 2282 visionis.
1408 2217 1696 2300 Cognitio
1733 2217 2210 2300 approbationis
2250 2222 2347 2278 est

842 2318 920 2380 de
949 2317 1050 2379 his
1092 2337 1234 2399 quae
1272 2317 1436 2379 bene
1477 2316 1874 2398 complacent
1905 2317 2032 2378 Deo
2070 2322 2133 2378 et
2171 2333 2347 2376 acce-

843 2423 1102 2498 ptantur
1147 2416 1228 2479 ab
1277 2434 1354 2478 eo
1401 2435 1414 2479 :
1468 2423 1537 2477 ut
1585 2423 1734 2479 sunt
1783 2413 2107 2477 meritoria
2154 2413 2338 2476 bona.

840 2516 988 2578 Ideo
1033 2515 1166 2579 haec
1211 2522 1419 2598 potest
1468 2514 1751 2596 plurium
1799 2532 1937 2576 esse
1987 2532 2178 2595 quam
2224 2519 2338 2574 est.

844 2614 1132 2694 Cognitio
1162 2614 1601 2694 intelligentiae
1634 2620 1731 2674 est
1760 2631 1885 2694 qua
1918 2613 2084 2674 Deus
2115 2628 2344 2692 eogno-

841 2713 960 2774 scit
991 2712 1208 2775 omnia
1239 2711 1572 2795 possibilia
1602 2711 1725 2774 sibi
1757 2718 1867 2772 aut
1895 2709 2039 2772 aliis
2073 2725 2088 2771 t
2123 2710 2345 2791 sicque

843 2811 1098 2874 infinita
1141 2811 1482 2892 cognoscit.
1526 2811 1686 2872 Hinc
1726 2809 1846 2872 ista
1894 2808 2172 2890 cognitio
2216 2825 2343 2870 non

843 2917 1050 2991 potest
1089 2909 1372 2991 plurium
1421 2926 1578 2970 esse.
1615 2907 1903 2988 Cognitio
1945 2907 2211 2968 visionis
2250 2912 2347 2968 est

2453 1922 2794 2001 praeterito,
2844 1931 2915 1983 ut
2962 1923 3015 1984 si
3064 1923 3331 1996 dicatur,
3385 1924 3635 1986 Petrum
3686 1923 3962 2004 legisse3

2453 2020 2770 2100 quoddam
2803 2021 2879 2082 de
2911 2022 3251 2103 praeterito,
3284 2022 3393 2084 sed
3436 2040 3553 2104 pro
3589 2022 3825 2095 futuro,
3857 2030 3961 2096 ut,

2449 2118 2878 2181 Antichristus
2921 2119 3042 2180 fuit
3082 2120 3477 2199 nasciturus3
3518 2121 3835 2202 quoddam
3875 2121 3963 2182 de

2454 2217 2771 2297 praeterito
2820 2224 2884 2279 et
2931 2234 3045 2298 pro
3096 2217 3436 2299 praeterito,
3477 2227 3541 2280 et
3588 2226 3798 2280 tamen
3848 2219 3966 2280 de-

2454 2315 2687 2397 pendet
2730 2335 2807 2377 ex
2852 2314 3090 2389 futuro,
3124 2323 3196 2378 ut
3234 2316 3353 2378 hoc
3396 2317 3662 2392 dictum,
3695 2317 3961 2379 Petrum

2452 2432 2675 2475 verum
2733 2414 2991 2488 dixisse,
3042 2415 3265 2477 navale
3314 2414 3557 2477 bellum
3615 2413 3749 2478 fore
3801 2433 3815 2476 :
3876 2417 3962 2478 ad

2453 2512 2638 2594 cujus
2681 2512 2835 2575 dicti
2879 2513 3210 2575 veritatem
3255 2513 3531 2595 exigitur
3572 2512 3722 2575 belli
3764 2531 3968 2576 even-

2452 2617 2574 2672 tus,
2594 2611 2919 2684 Quoddam
2948 2619 3045 2674 est
3075 2612 3317 2674 dictum
3349 2613 3427 2675 de
3458 2613 3797 2695 praeterito,
3818 2631 3965 2676 non

2453 2709 2819 2792 dependens
2849 2729 2885 2772 a
2914 2709 3153 2786 futuro,
3187 2711 3296 2773 sed
3327 2719 3675 2774 connotans
3706 2711 3963 2794 aliquid

2454 2808 2577 2870 tale
2613 2827 2625 2871 :
2662 2816 2731 2870 ut
2761 2828 2961 2891 quum
2994 2809 3249 2883 dicitur,
3283 2810 3449 2872 Deus
3484 2811 3800 2892 praescivit
3828 2811 3965 2874 hoc

2454 2906 2764 2969 futurum.
2819 2909 2888 2970 In
2940 2927 3065 2989 qua
3112 2908 3513 2990 praescientia
3556 2909 3683 2972 duo
3731 2917 3965 2972 notan·

843 3025 1064 3070 eorum
1124 3024 1397 3089 quorum
1458 3005 1751 3088 praevisio
1808 3005 1933 3067 fuit
1979 3004 2058 3066 ab
2109 3011 2345 3067 aeterno
2380 3007 2424 3070 C
2455 3012 2575 3067 tur.
2621 3006 2831 3069 Unum
2879 3015 2975 3069 est
3012 3015 3191 3070 actus
3237 3007 3470 3071 divinae
3518 3007 3905 3088 cognitionis
3943 3029 3959 3072 :

845 3105 911 3168 in
943 3106 1071 3170 Deo
1106 3124 1120 3168 :
1154 3105 1393 3169 idcirco
1433 3105 1639 3168 solum
1681 3123 1900 3167 eorum
1941 3110 2036 3167 est
2065 3123 2207 3186 quae
2248 3100 2343 3164 su-

843 3212 1052 3279 erunt,
1087 3211 1236 3266 sunt
1277 3211 1385 3267 aut
1427 3210 1632 3266 erunt.
1666 3204 1813 3265 Ideo
1855 3209 2062 3285 potest
2099 3210 2162 3263 et
2207 3201 2345 3284 plu-

845 3304 1013 3366 rium
1055 3320 1194 3365 esse
1237 3321 1428 3385 quam
1471 3309 1588 3377 est,
1623 3302 1787 3365 sicut
1825 3308 1888 3363 et
1927 3300 2341 3383 praescientia.

843 3438 924 3447 —
954 3400 1440 3465 Concedendum
1489 3408 1586 3462 est
1627 3418 1798 3481 erg0,
1842 3400 2009 3483 quod
2056 3399 2345 3483 quaedam

846 3499 1114 3563 scientia
1156 3507 1361 3582 potest
1401 3517 1538 3561 esse
1580 3499 1862 3581 plurium
1901 3518 2092 3581 quam
2133 3506 2251 3573 est,
2284 3506 2347 3560 et

847 3598 1136 3681 quaedam
1166 3598 1467 3661 non.Non
1497 3606 1704 3660 tamen
1736 3598 2148 3679 consequitur
2175 3598 2346 3679 quod

845 3696 1113 3760 scientia
1142 3704 1252 3758 aut
1283 3696 1682 3779 praescientia
1710 3696 1822 3759 Dei
1855 3683 2056 3778 possit
2083 3696 2300 3777 augeri
2328 3716 2342 3761 :

845 3796 1147 3877 quoniam
1187 3796 1354 3857 Deus
1393 3812 1522 3858 uno
1551 3803 1616 3857 et
1644 3795 1867 3858 eodem
1913 3803 2055 3857 actu
2096 3795 2348 3857 eodem-

845 3913 970 3976 que
1013 3895 1224 3957 medio
1266 3893 1590 3975 cognoscit
1629 3894 1926 3956 universa
1968 3900 2030 3955 et
2071 3893 2343 3975 singula,

845 3992 1047 4055 multa
1086 3999 1150 4055 et
1193 4011 1415 4075 pauca,
1450 4012 1651 4054 unum
1697 3999 1759 4055 et
1803 3992 2005 4074 plura.
2045 3992 2191 4055 Haec
2233 3992 2346 4054 Bo-

844 4100 1213 4154 naventura.

2454 3121 2647 3186 quem
2706 3105 3136 3168 necessarium
3193 3113 3290 3168 est
3341 3105 3558 3169 fuisse.
3608 3105 3796 3169 Aliud
3857 3115 3967 3169 est

2452 3202 2766 3266 ordinatio
2807 3203 3005 3266 futuri
3046 3204 3123 3265 ad
3162 3211 3375 3266 actum
3418 3204 3601 3266 illum
3636 3222 3650 3267 :
3684 3224 3826 3287 quae
3858 3223 3967 3268 or-

2453 3301 2695 3365 dinatio
2732 3320 2858 3366 non
2898 3309 2995 3365 est
3026 3303 3403 3377 necessaria,
3437 3304 3548 3366 sed
3589 3303 3967 3385 contingen-

2454 3399 2541 3462 tia
2592 3408 2922 3482 reputatur
2970 3401 3035 3462 in
3085 3402 3263 3465 totali
3306 3402 3497 3475 dicto,
3538 3420 3664 3464 non
3710 3401 3965 3466 ratione

2453 3498 2781 3561 totalitatis
2835 3506 2945 3560 aut
2994 3499 3366 3581 principalis
3424 3499 3789 3581 significati,
3841 3502 3967 3564 sed

2456 3595 2795 3659 connotati.
2831 3597 2908 3658 Et
2948 3597 3002 3659 si
3056 3606 3328 3679 ponatur
3372 3598 3572 3661 Deum
3624 3616 3751 3661 non
3796 3618 3970 3680 prae-

2454 3694 2617 3757 scire
2647 3695 2891 3777 aliquid
2923 3696 3093 3778 quod
3128 3696 3402 3778 praescit,
3435 3704 3643 3778 potest
3672 3704 3736 3759 et
3762 3696 3969 3760 debet

2454 3793 2725 3874 intelligi
2775 3811 2903 3856 non
2954 3813 3067 3876 per
3111 3795 3529 3857 remotionem
3576 3795 3969 3877 principalis

2454 3890 2821 3973 significati,
2856 3893 2966 3954 sed
3001 3892 3345 3967 connotati,
3378 3912 3493 3955 seu
3526 3893 3767 3955 ordinis
3796 3902 3971 3957 tem-

2456 3989 2689 4072 poralis
2728 3990 2902 4052 illius
2943 3991 3023 4053 ad
3062 3999 3369 4054 aeternum
3406 4010 3421 4055 z
3456 3991 3566 4073 qui
3612 3992 3765 4055 ordo
3806 4010 3971 4055 con-

2454 4088 2705 4169 tingens
2736 4095 2831 4150 est
2861 4088 3104 4151 ratione
3138 4088 3341 4170 ipsius
3371 4088 3761 4171 temporalis,
3796 4088 3973 4153 Con-

921 4189 1155 4263 Quaerit
1184 4207 1437 4271 quoque
1476 4189 1936 4263 Bonaventura,
1968 4209 2048 4252 an
2087 4207 2345 4251 necesse
2375 4194 2425 4255 D
2456 4186 2763 4267 tingentia
2821 4205 2971 4267 ergo
3028 4194 3124 4249 est
3180 4187 3247 4249 in
3305 4187 3511 4250 totali·
3546 4187 3738 4261 dicto,
3799 4188 3973 4269 quia

843 4288 927 4350 sit
958 4288 1158 4349 Deum
1199 4287 1494 4369 praescire
1525 4288 1693 4369 quod
1736 4288 2008 4370 praescit.
2042 4288 2135 4351 Ad
2175 4289 2345 4370 quod

845 4386 1185 4465 respondet
1219 4404 1233 4449 :
1268 4385 1470 4447 Deum
1503 4386 1799 4467 praescire
1831 4386 2205 4467 contingens
2234 4387 2346 4449 ali-

843 4484 1036 4565 quod,
1093 4482 1513 4563 judicandum
1579 4491 1674 4546 est
1737 4503 1877 4546 esse
1945 4484 2341 4565 contingenS,

842 4599 1046 4663 quum
1073 4580 1392 4643 antecedit
1419 4581 1498 4643 ad
1531 4581 1925 4662 contingenS,
1957 4588 2020 4642 et
2048 4587 2347 4643 connotat

841 4679 1084 4761 aliquid
1132 4678 1304 4761 quod
1350 4679 1682 4741 veritatem
1742 4678 1932 4740 habet
1981 4679 2347 4760 contingen-

843 4786 991 4840 tem.
1027 4777 1148 4841 Sed
1188 4777 1385 4859 aliqui
1427 4777 1765 4840 voluerunt
1807 4777 2018 4858 ipsum
2057 4776 2345 4857 judicare

842 4876 1238 4957 contingenS,
1263 4876 1566 4957 quoniam
1598 4881 1802 4937 totum
1833 4876 2003 4957 quod
2034 4876 2341 4956 designat,

841 4974 1163 5057 significat
1192 4974 1270 5036 de
1301 4972 1536 5036 futuro.
1574 4973 1750 5048 Quod
1780 4974 1909 5036 dici
1948 4991 2072 5036 non
2113 4980 2342 5055 potest,

841 5073 992 5156 quia
1021 5073 1087 5135 in
1119 5072 1334 5136 verbis
1362 5072 1466 5134 his
1499 5072 1877 5154 importatur
1905 5080 2081 5135 actus
2112 5072 2347 5135 divinae

842 5170 1378 5253 praecognitionis,
1412 5171 1523 5253 qui
1563 5170 1784 5252 utique
1825 5176 1920 5232 est
1953 5179 2249 5245 aeternus‚
2282 5179 2346 5233 et

843 5268 1063 5332 dissert
1104 5289 1141 5332 a
1183 5288 1252 5331 re
1295 5269 1530 5332 futura.
1559 5304 1642 5315 -
1671 5267 1794 5331 Alii
1839 5267 2179 5332 voluerunt
2222 5269 2344 5331 hoc

2456 4293 2752 4348 connotat
2809 4285 3051 4367 aliquid
3112 4304 3334 4349 verum
3398 4304 3537 4348 esse
3600 4286 3677 4348 de
3734 4284 3973 4350 futuro

2453 4384 2623 4466 quod
2652 4392 2749 4446 est
2778 4385 3171 4466 contingens.
3190 4385 3397 4458 Quum
3426 4384 3663 4447 etenim
3694 4385 3968 4460 dicitur,

2453 4482 2619 4545 Deus
2678 4481 2931 4564 praeseit
2978 4490 3039 4545 te
3089 4482 3501 4562 salvandum3
3550 4483 3657 4545 hic
3713 4483 3971 4564 duplex

2454 4580 2801 4643 includit-ur
2830 4588 3008 4642 actus
3038 4589 3101 4641 et
3130 4580 3509 4662 compositio
3538 4598 3741 4643 :unus
3770 4588 3971 4645 actus

2451 4685 2567 4753 est,
2619 4679 2710 4741 Tu
2771 4678 3157 4757 salvaberis3
3217 4678 3381 4741 alius
3440 4688 3557 4753 est,
3609 4681 3772 4742 Deus
3830 4680 3972 4743 hoc

2454 4777 2727 4859 praescit,
2760 4785 2823 4838 et
2862 4776 3009 4838 inde
3053 4777 3276 4839 habuit
3320 4777 3613 4839 notitiam
3654 4777 3734 4839 ab
3774 4784 3973 4840 aeter-

2452 4894 2554 4938 no.
2592 4876 2792 4937 Deum
2834 4883 3048 4937 autem
3092 4874 3327 4938 habere
3368 4875 3817 4957 cognitionem,
3860 4886 3973 4940 est

2451 4984 2629 5037 actus
2676 4981 2949 5037 aeternus
2990 4982 3054 5035 et
3097 4975 3513 5047 necessariuS,
3555 4992 3673 5037 nec
3718 4975 3975 5057 depen-

2453 5073 2557 5135 det
2586 5094 2623 5135 a
2652 5090 2754 5153 re3
2797 5080 2859 5135 te
2895 5079 3107 5135 autem
3148 5072 3401 5147 salvari,
3434 5080 3531 5134 est
3567 5080 3745 5134 actus
3783 5070 3973 5137 futu-

2454 5190 2561 5233 rus
2593 5179 2782 5253 atque
2814 5172 3207 5252 contingens.
3242 5171 3551 5244 Quoniam
3587 5188 3737 5251 ergo
3770 5182 3971 5235 actus

2454 5269 2689 5332 divinae
2728 5269 3109 5350 cognitionis
3149 5286 3275 5333 non
3309 5270 3627 5351 dependet
3664 5288 3701 5331 a
3740 5273 3973 5353 cogni-
