4359 6250
1003 514 1202 559 tmum
1243 512 1598 559 morumne
1638 512 1980 560 com-amu
2021 513 2249 558 mvmis
2291 512 2601 570 ransom&
2644 513 2769 559 nro.
3318 490 3435 554 105

349 701 614 763 cumque
657 691 804 745 sunt
856 692 1077 746 mutuo
1121 684 1186 746 in
1231 703 1298 747 se
1343 684 1499 765 ipsis
1549 702 1665 766 per
1706 684 1826 746 hoc
1859 684 1910 746 A
1941 702 2058 745 nec
2092 684 2188 745 vis
2217 684 2580 765 generativa
2610 684 2807 746 Patris
2839 690 2933 745 est
2963 682 3295 755 defectiva,
3331 701 3436 743 ne-

349 782 508 863 quod
539 790 688 844 sunt
717 784 783 845 in
823 803 949 846 una
986 784 1282 852 essentia,
1315 802 1444 846 non
1484 784 1650 845 sicut
1681 803 1826 865 pars
1940 802 2064 865 que
2114 784 2331 845 divina
2379 783 2702 864 generatio
2754 782 3087 845 mutationi
3137 788 3245 843 aut
3293 799 3430 842 suc-

349 880 408 942 in
445 888 570 943 toto
611 882 922 963 integrali,
958 901 1074 945 nec
1115 884 1279 945 sicut
1321 882 1675 945 substantia
1713 901 1825 943 seu
1941 881 2211 944 cessioni
2244 882 2365 944 fuit
2404 883 2702 943 admixta.
2737 882 2882 944 Ideo
2912 882 3107 943 Filius
3148 879 3228 941 ab
3256 886 3431 942 aeter-

347 979 640 1043 inferiora
684 981 749 1042 in
794 989 924 1044 toto
968 981 1334 1056 universali,
1378 1001 1495 1044 nec
1545 982 1711 1043 sicut
1761 981 1825 1041 in
1941 998 2024 1042 no
2064 988 2160 1042 est
2201 981 2367 1042 Patri
2409 981 2689 1061 aequalis.

351 1079 605 1141 materia
651 1098 729 1141 ex
777 1100 904 1161 qua
952 1088 1264 1153 constent,
1311 1081 1420 1142 sed
1469 1099 1580 1162 per
1623 1080 1826 1142 omni·
2021 1078 2140 1140 Sed
2200 1078 2395 1159 objici
2456 1086 2661 1160 potest
2718 1078 2875 1139 illud
2924 1077 3201 1149 sommis,
3252 1077 3431 1138 Pater
3470 1094 3725 1141 Joannaw,

349 1174 593 1239 modam
634 1178 724 1239 rei
765 1178 1182 1250 identitatem,
1218 1187 1365 1240 sunt
1405 1179 1665 1260 aequalis
1699 1196 1826 1239 ma·
1945 1176 2145 1257 major
2196 1194 2295 1239 me
2339 1184 2469 1252 est;
2502 1185 2565 1238 et
2607 1179 2775 1259 quod
2825 1177 2902 1239 ad
2946 1176 3301 1239 Corinthios
3342 1174 3429 1236 fa·
3456 1160 3524 1201 ²⁸·

347 1274 690 1355 gnitudinis
734 1296 847 1339 seu
893 1278 1361 1350 immensitatis,
1403 1284 1526 1339 tam
1571 1285 1830 1359 propter
1943 1284 2110 1336 tetur
2149 1274 2508 1355 Apostolus,
2544 1276 2718 1337 Tunc
2762 1283 2825 1337 et
2869 1276 3005 1356 ipse
3044 1275 3239 1337 Filius
3284 1273 3431 1335 sub·
3488 1290 3631 1334 icor.
3652 1300 3723 1337 xv.

351 1381 628 1435 mutuam
681 1376 1338 1456 comprehensionem,
1393 1382 1518 1437 tam
1573 1382 1830 1456 propter
1940 1374 2146 1455 jectus
2190 1376 2310 1435 erit
2351 1374 2409 1435 ei
2453 1375 2564 1455 qui
2609 1374 2734 1436 sihi
2774 1374 3049 1455 subjecit
3088 1373 3321 1437 omnia.
3355 1408 3435 1417 —
3462 1356 3530 1395 ²⁸·

347 1474 628 1535 essentiae
670 1472 999 1547 unitatem,
1034 1475 1220 1556 cujus
1255 1474 1705 1537 formalitatem
1735 1492 1829 1535 se·
1944 1472 2421 1553 Secundo,quia
2452 1473 2795 1554 paternitas
2827 1473 2903 1534 ad
2934 1473 3133 1534 Patris
3164 1471 3439 1554 pertinet

349 1570 556 1653 quitur
588 1572 696 1633 illa
737 1572 1154 1635 immensitas,
1190 1574 1310 1635 Sed
1353 1572 1560 1635 taliter
1589 1581 1684 1634 est
1723 1574 1830 1634 Pa·
1945 1571 2343 1651 dignitatem,
2369 1589 2486 1632 nec
2520 1572 2817 1633 convenit
2846 1570 3021 1633 Filio.
3052 1571 3214 1651 Ergo
3243 1569 3439 1632 Filius

351 1677 437 1729 ter
479 1670 544 1731 in
597 1669 774 1743 Filio,
810 1679 873 1732 et
921 1679 1213 1748 econtra3
1246 1672 1425 1733 Pater
1468 1688 1720 1752 quoque
1769 1678 1832 1731 et
1947 1688 2074 1731 non
2106 1678 2201 1731 est
2244 1676 2431 1731 tantae
2472 1670 2795 1750 dignitatis
2833 1688 2943 1731 scu
2986 1669 3443 1751 magnitudinis

352 1766 534 1828 Filius
597 1768 664 1828 in
721 1768 963 1849 Spiritu
1024 1769 1272 1841 SanctO,
1335 1776 1398 1830 et
1455 1769 1826 1831 econtrariO.
1948 1776 2011 1830 et
2055 1767 2469 1849 perfectionis
2512 1776 2584 1829 ut
2624 1769 2821 1830 Pater.

350 1865 498 1926 Hinc
541 1867 912 1946 magnitudo
956 1866 1328 1947 spirituali5‚
1365 1867 1429 1929 id
1471 1874 1566 1929 est
1607 1886 1835 1947 magna
1872 1871 1919 1933 B
2029 1866 2381 1927 Dicendum
2414 1867 2491 1928 ad
2532 1866 2837 1948 primum,
2872 1867 3041 1947 quod
3074 1866 3197 1929 illae
3237 1873 3447 1927 aucto-

350 1971 406 2023 et
449 1963 704 2026 infinita
749 1964 1078 2047 perfectio,
1111 1966 1332 2028 eadem
1378 1984 1643 2028 numero
1689 1984 1834 2027 con·
1951 1965 2166 2027 ritates
2220 1966 2568 2047 loquuntur
2615 1966 2691 2026 de
2738 1966 2896 2028 Filio
2939 1965 3291 2027 secundum
3342 1984 3447 2026 na-

353 2062 516 2125 venit
556 2062 796 2125 divinis
840 2064 1146 2144 personis,
1194 2064 1338 2126 Haec
1381 2064 1726 2126 Udalricus.
1949 2071 2156 2125 turam
2188 2072 2599 2144 assumptam.
2636 2063 2745 2125 Vel
2789 2073 2859 2124 ut
2898 2065 2985 2125 ait.
3015 2063 3311 2137 HilariuS,
3344 2064 3450 2125 Pa-

139 2480 170 2519 p.
188 2468 306 2511 toess'.

425 2161 604 2224 Circa
647 2162 782 2225 haec
823 2162 1092 2225 Thomas
1133 2163 1356 2224 scribit
1399 2163 1670 2244 qualiter
1711 2162 1838 2223 Deo

353 2260 680 2321 conveniat
739 2260 1057 2341 quantitas
1116 2260 1392 2335 virtutiS,
1447 2267 1510 2323 et
1567 2261 1840 2341 qualiter

355 2357 546 2419 virtus
591 2357 796 2420 tribus
841 2359 1047 2420 modis
1092 2359 1384 2421 dicatur:
1421 2360 1589 2440 quod
1633 2364 1836 2422 totum

355 2454 416 2516 in
465 2456 847 2537 praecedenti
897 2458 1246 2539 quaestione
1294 2476 1371 2519 ex
1415 2456 1704 2519 Udalrico
1749 2457 1840 2519 in-

355 2554 612 2617 ductum
656 2563 770 2616 est.
807 2554 1046 2617 Deinde
1089 2555 1364 2617 declarat
1404 2556 1675 2637 qualiter
1716 2574 1841 2616 una

355 2653 561 2715 divina
595 2671 866 2734 persona
895 2652 1125 2715 dicitur
1153 2672 1291 2715 esse
1325 2653 1386 2713 in
1420 2652 1544 2715 alia
1573 2661 1635 2714 et.
1666 2670 1842 2714 econ-

357 2759 442 2813 tra
500 2752 866 2833 dupliciter.
934 2752 1164 2824 Primo,
1232 2759 1490 2833 propter
1551 2750 1840 2812 essentias

355 2849 658 2911 unitatem
703 2850 769 2911 in
813 2848 1018 2911 tribus
1054 2866 1067 2910 :
1102 2849 1494 2929 ubicumque
1533 2848 1707 2909 enim
1747 2856 1842 2909 est

355 2966 634 3028 personae
673 2948 970 3019 essentia,
1005 2947 1094 3009 ibi
1134 2954 1229 3008 est
1274 2956 1335 3009 et
1377 2965 1666 3029 persona,
1699 2967 1840 3029 quae

1948 2169 2044 2223 ter
2108 2163 2308 2243 major
2366 2170 2460 2223 est
2521 2162 2891 2225 auctoritate
2950 2162 3265 2234 donantiS,
3320 2181 3447 2225 non

1949 2270 2160 2324 tamen
2216 2262 2422 2323 minor
2470 2269 2565 2323 est
2623 2262 2841 2332 Filius,
2896 2261 2999 2322 cui
3056 2280 3257 2322 unum
3306 2280 3445 2323 esse

1950 2360 2239 2433 donatur,
2275 2360 2339 2422 id
2380 2369 2475 2421 est
2517 2360 2685 2421 idem
2726 2378 2863 2421 esse
2905 2359 3070 2440 quod
3112 2357 3303 2420 habet-
3342 2358 3447 2420 Pa-

1952 2466 2062 2519 ter.
2092 2458 2265 2519 Unde
2297 2450 2363 2519 ih
2396 2458 2559 2519 libro
2590 2459 2665 2520 de
2698 2458 2964 2539 Synodis
2995 2458 3248 2531 dicitur,
3274 2458 3442 2538 quod

1950 2556 2267 2637 subjectio
2319 2556 2480 2630 Filii,
2533 2558 2731 2637 pietas
2782 2565 2877 2618 est
2927 2564 3188 2630 naturae,
3238 2556 3300 2617 id
3349 2563 3445 2617 est

1951 2654 2302 2735 recognitio
2346 2654 2739 2716 auctoritatis
2787 2662 3097 2735 paternae3
3131 2654 3447 2735 subjectio

1952 2761 2163 2814 autem
2197 2760 2575 2825 ceterorum,
2611 2753 2947 2814 creationis
2980 2752 3341 2813 infirmitas
3368 2788 3447 2797 —

1951 2851 2043 2913 Ad
2095 2850 2469 2923 secundum,
2522 2852 2690 2932 quod
2740 2850 3063 2933 aequalitas
3112 2859 3176 2911 et
3229 2850 3450 2912 simili-

1952 2949 2106 3011 tudo
2147 2949 2213 3010 in
2254 2949 2488 3011 divinis
2534 2968 2729 3031 penes
2774 2950 3135 3011 essentialia
3181 2950 3449 3011 attendi-

353 3063 472 3108 non
521 3046 832 3129 relinquit
881 3065 1061 3107 suam
1113 3046 1472 3108 essentiam.
1525 3046 1835 3119 Secunde,
1879 3050 1921 3112 C
1954 3055 2077 3120 tur,
2115 3065 2231 3108 nec
2271 3066 2348 3108 ex
2394 3047 2801 3109 distinetione
2848 3047 3225 3109 relationum
3271 3047 3450 3128 argui

355 3165 544 3226 penes
592 3144 919 3208 relationis
980 3145 1288 3207 rationem
1345 3163 1358 3206 τ
1410 3147 1712 3228 quoniam
1772 3146 1840 3208 in

355 3261 473 3305 uno
514 3245 928 3306 relativorum
973 3244 1350 3325 intelligitur
1391 3244 1586 3318 aliud,
1621 3262 1839 3325 quam-

353 3342 445 3404 vis
485 3363 692 3405 unum
740 3342 822 3404 ab
865 3343 1061 3405 altero
1113 3343 1194 3404 sit
1243 3342 1640 3416 distinctum,
1674 3344 1839 3404 sicut

353 3440 504 3504 illud
562 3460 644 3503 ex
691 3441 951 3504 Alberto
1007 3449 1070 3503 et
1129 3441 1418 3503 Udalrico
1475 3449 1571 3503 est
1633 3442 1838 3503 decla-

351 3546 571 3601 ratum.

423 3639 658 3700 Verum
720 3637 787 3700 in
847 3638 1052 3720 prima
1112 3645 1308 3719 parte.
1349 3638 1626 3700 Summae
1683 3657 1834 3711 suae,

352 3737 694 3817 quaestione
752 3737 1235 3817 quadragesima
1290 3737 1588 3808 secunda,
1649 3755 1840 3818 super

353 3834 444 3896 his
473 3835 729 3916 plenius
759 3834 987 3897 scribit
1021 3853 1034 3896 ε
1067 3835 1335 3897 Necesse
1365 3841 1481 3906 est,
1516 3835 1835 3915 inquienS‚

352 3932 574 3994 Filium
631 3933 795 3994 Patri
849 3951 986 3994 esse
1039 3931 1348 4014 aequalem
1405 3933 1471 3993 in
1529 3933 1839 4012 magnitu-

351 4030 508 4092 dine.
549 4030 915 4111 Magnitudo
961 4031 1133 4091 enim
1184 4031 1296 4091 Dei
1345 4048 1473 4092 non
1523 4037 1620 4092 est
1665 4031 1840 4092 aliud

352 4149 534 4209 quam
569 4128 879 4211 perfectio
909 4136 1148 4190 naturae
1189 4129 1412 4210 ipsius,
1448 4129 1576 4190 Hoc
1607 4137 1702 4190 est
1731 4149 1839 4190 au-

1955 3154 2162 3229 potest
2232 3147 2626 3229 inmqualitas
2689 3154 2798 3208 aut
2860 3147 3314 3208 dissimilitudo
3384 3147 3450 3208 in

1953 3246 2100 3307 Deo,
2139 3244 2311 3306 Unde
2343 3245 2733 3325 Augustinus
2776 3245 2839 3308 in
2880 3245 3045 3309 libro
3085 3253 3302 3307 contra
3331 3246 3451 3306 Ma-

1955 3343 2271 3406 ximinum
2302 3343 2601 3404 Arianum
2629 3343 2962 3406 disseruit:
2984 3344 3255 3424 Originis
3287 3363 3451 3425 quae-

1953 3442 2077 3502 stio
2125 3447 2241 3514 est,
2285 3439 2429 3522 quis
2476 3441 2551 3502 de
2593 3459 2719 3522 quo
2761 3441 2877 3520 sit3
2920 3444 3185 3523 quaestio
3233 3451 3443 3504 autem

1953 3539 2332 3620 ae-qualitatis
2391 3546 2507 3612 est,
2571 3539 2776 3620 qualis
2834 3547 2943 3602 aut
3002 3549 3277 3621 quantus
3340 3540 3441 3602 sit.

1953 3637 2299 3700 Paternitas
2348 3655 2497 3718 ergo
2546 3645 2641 3699 est
2690 3639 2962 3718 dignitas
3010 3638 3229 3712 PatriS,
3282 3639 3448 3700 sicut

1955 3745 2016 3798 et
2047 3736 2243 3798 Patris
2275 3736 2567 3797 essentia.
2599 3736 2881 3816 Dignitas
2914 3755 3188 3818 namque
3219 3745 3314 3798 est
3343 3737 3448 3798 ab-

1955 3835 2234 3896 solutum
2279 3842 2343 3894 et
2384 3835 2461 3895 ad
2506 3833 2846 3895 essentiam
2893 3833 3235 3915 pertinens.
3273 3834 3450 3897 Sicut

1955 3951 2102 4013 ergo
2144 3932 2363 4022 eadem
2405 3932 2680 3994 essentia
2709 3951 2849 4013 quai
2892 3933 2955 3993 in
2994 3932 3169 3994 Patre
3210 3939 3305 3994 est
3347 3952 3452 4014 pa-

1956 4031 2239 4106 ternitaS‚
2295 4031 2359 4092 in
2411 4031 2570 4093 Filio
2618 4039 2714 4092 est
2765 4030 3040 4109 sitiati03
3093 4032 3180 4092 ita
3228 4032 3447 4094 eadem

1956 4130 2229 4210 dignitas
2280 4149 2421 4211 quae
2472 4130 2538 4191 in
2588 4129 2763 4191 Patre
2812 4138 2906 4191 est
2963 4130 3328 4210 paternitaS‚
3384 4132 3448 4193 in

354 4235 472 4290 tem
521 4230 601 4291 de
648 4228 890 4290 ratione
935 4227 1332 4309 paternitatis
1378 4235 1440 4288 et
1483 4227 1836 4302 filiationis,
1872 4236 1921 4296 D
1952 4228 2112 4290 Filio
2161 4235 2258 4289 est
2307 4227 2556 4289 filiatio.
2606 4227 2751 4288 Ideo
2801 4245 2946 4289 vere
2998 4227 3231 4289 dicitur
3280 4230 3447 4310 quod

351 4327 512 4406 quod
560 4326 744 4388 filius
789 4345 902 4407 per
939 4326 1412 4407 generationem
1458 4327 1724 4407 attingat
1764 4327 1840 4388 ad

353 4423 716 4487 habendum
766 4423 1224 4506 perfectionem
1273 4432 1513 4486 naturae
1557 4443 1698 4506 quae
1747 4432 1842 4486 est

353 4522 412 4583 in
445 4532 648 4605 patre,
681 4523 849 4586 sicut
879 4524 1041 4585 hanc
1072 4523 1264 4585 habet
1301 4530 1497 4604 pater.
1535 4523 1654 4585 Sed
1688 4541 1840 4604 quo-

353 4621 516 4684 niam
549 4623 618 4683 in
651 4621 1020 4684 hominibus
1051 4621 1372 4702 generatio
1401 4629 1496 4683 est
1529 4628 1840 4683 transmu-

355 4721 496 4782 tatio
540 4719 836 4784 exeuntis
878 4721 955 4782 de
1000 4719 1284 4801 potentia
1327 4720 1391 4780 in
1441 4727 1676 4792 actum,
1712 4737 1839 4782 non

353 4835 490 4880 mox
517 4839 555 4882 a
587 4817 910 4900 principio
947 4817 1372 4899 generationis
1412 4816 1615 4891 factae,
1650 4818 1842 4880 homo

351 4924 526 4978 natus
559 4925 658 4978 est
689 4916 852 4999 patri
883 4934 1000 4978 suo
1041 4915 1302 4998 aequalis
1337 4934 1350 4977 ε
1387 4917 1515 4977 imo
1550 4935 1663 4998 per
1694 4933 1839 4977 con-

349 5031 498 5094 grua
535 5015 932 5076 incrementa
970 5014 1048 5075 ad
1087 5013 1511 5095 aequalitatem
1553 5015 1842 5096 perduci-

355 5121 469 5186 tur,
501 5114 627 5176 nisi
679 5113 865 5176 aliter
919 5111 1162 5175 accidat
1212 5121 1470 5195 propter
1519 5113 1839 5175 desectum

355 5212 650 5295 principii
705 5210 1153 5292 generationis,
1207 5212 1275 5273 In
1333 5211 1568 5274 divinis
1625 5219 1838 5273 autem

357 5327 496 5372 vere
523 5318 588 5372 et
618 5308 876 5392 proprie
909 5317 1058 5372 sunt
1087 5309 1434 5392 paternitas
1464 5327 1538 5371 ac
1567 5308 1836 5389 filiati03

1952 4326 2266 4408 quidquid
2316 4325 2641 4406 dignitatis
2686 4324 2872 4386 habet
2918 4326 3116 4399 Pater,
3152 4325 3343 4388 habet
3386 4335 3450 4388 et

1952 4424 2166 4485 Filius.
2204 4423 2330 4484 Nec
2376 4423 2683 4504 sequitur,
2716 4424 2894 4485 Pater
2937 4422 3127 4484 habet
3177 4425 3447 4504 paterni-

1952 4530 2166 4596 tatem,
2202 4539 2350 4601 ergo
2389 4530 2452 4583 et
2483 4521 2678 4582 Filius
2720 4521 2909 4583 habet
2950 4523 3390 4602 paternitatem
3427 4541 3440 4584 :

1951 4620 2102 4702 quia
2141 4627 2423 4682 mutatur
2463 4622 2626 4698 quid
2665 4620 2730 4681 in
2771 4623 2859 4680 ad
2894 4621 3170 4700 aliquid.
3210 4621 3440 4684 Eadem

1951 4737 2227 4800 namque
2266 4727 2360 4780 est
2404 4717 2680 4780 essentia
2718 4726 2779 4779 et
2819 4718 3091 4799 dignitas
3132 4719 3329 4780 Patris
3368 4739 3441 4781 ac

1952 4817 2129 4896 Filii;
2176 4818 2285 4878 sed
2332 4818 2399 4878 in
2442 4817 2620 4878 Patre
2662 4825 2758 4878 est
2802 4816 3152 4879 secundum
3194 4817 3441 4881 relatio-

1951 4935 2097 4978 nem
2129 4916 2359 4990 dantiS,
2397 4915 2458 4976 in
2491 4915 2649 4977 Filio
2687 4915 3038 4976 secundum
3071 4914 3440 4978 relationem

1951 5015 2346 5096 accipientis,
2380 5049 2461 5058 —-
2489 5014 2633 5076 Ilaec
2676 5012 2962 5075 Thomas

2029 5113 2294 5193 Insuper
2323 5112 2399 5173 de
2430 5111 2798 5174 exsistentia
2827 5111 3015 5172 unius
3046 5111 3277 5174 divinae
3309 5131 3443 5193 per-

1951 5227 2120 5273 sonae
2161 5209 2227 5272 in
2269 5209 2413 5284 alia,
2452 5208 2675 5271 scribit
2720 5208 2959 5270 ibidem
2996 5226 3008 5269 :
3044 5209 3113 5270 In
3156 5209 3333 5272 Patre
3377 5219 3441 5274 et

1952 5308 2110 5372 Filio
2149 5309 2271 5371 tria
2312 5307 2812 5381 considerantur,
2846 5326 2987 5389 quae
3027 5315 3195 5383 sunt,
3229 5328 3439 5372 essen-
