4359 6250
655 1146 764 1201 Aug.
781 1144 890 1189 Con-

619 1212 687 1251 tn
703 1207 889 1250 Maximi-

617 1283 737 1322 num,
754 1270 826 1313 lib.
843 1284 885 1322 11,

617 1344 656 1377 c.
679 1335 744 1383 18,
759 1346 804 1375 n.
823 1336 860 1376 3.

636 1491 744 1535 lbid.
761 1504 799 1536 c.
821 1495 885 1543 15,

685 1558 710 1597 5

635 2574 740 2621 ibid.
756 2591 795 2621 c.
815 2581 880 2630 18,

633 3148 739 3192 ibid.
755 3161 794 3191 c.
815 3151 880 3200 n,

919 493 1036 555 11ss
1474 510 1536 555 m
1582 510 1800 555 manum
1845 511 1862 553 1
1905 508 2387 554 suxramrmnnu.
2434 527 2513 535 —
2556 508 2707 553 msr.
2756 508 2837 552 xx
2880 507 3129 567 3111111Α;
3174 507 3396 561 QUAEsr.
3446 507 3465 550 1

1137 822 1213 885 F.
1255 824 1402 885 Per
1435 824 1680 885 simile
1718 822 2054 895 ostendit,
2093 824 2285 895 quod
2318 835 2466 882 non
2512 823 2883 882 minorem
2922 820 3151 881 Pater
3191 821 3461 883 Filium
3496 820 3771 896 (lenuit.

1048 1126 1192 1190 Hoc
1243 1127 1465 1189 autem
1513 1143 1629 1206 per
1673 1122 2178 1189 similitudinem
2226 1124 2584 1186 humanam
2632 1123 2725 1185 ita
2760 1139 2904 1187 esse
2940 1122 3367 1203 demonstrat,
3400 1124 3705 1205 inquiens
3737 1145 3752 1186 ε
3794 1124 4017 1187 Homo

915 1245 1122 1325 pater,
1163 1244 1222 1306 si
1266 1242 1614 1324 potuisset,
1657 1240 1976 1321 aequalem
2025 1240 2239 1303 filium
2290 1241 2645 1321 genuisset.
2686 1239 2852 1313 Quis
2898 1258 3051 1321 ergo
3098 1242 3335 1305 audeat
3379 1242 3616 1321 dicere,
3658 1241 3835 1323 quod
3890 1241 4019 1303 hoc

918 1360 1352 1439 Omnipotens
1399 1375 1531 1421 non
1568 1357 1836 1438 potuit?
1873 1356 2063 1419 Addo
2103 1358 2302 1419 etiam
2348 1376 2361 1417 :
2404 1357 2473 1420 Si
2521 1360 2745 1436 posset
2791 1356 3016 1435 homo,
3058 1357 3375 1437 majorem
3424 1358 3897 1438 melioremque
3942 1374 4017 1419 se

916 1476 1061 1557 ipso
1100 1476 1393 1557 gigneret
1435 1474 1670 1537 filium.
1709 1474 1838 1537 Sed
1884 1474 2102 1553 majus
2142 1474 2245 1536 vel
2292 1474 2532 1537 melius
2580 1474 2719 1536 Deo
2770 1474 3133 1554 quidquam
3184 1492 3326 1537 esse
3376 1492 3508 1537 non
3555 1476 3791 1556 potest.
3833 1476 4018 1538 Deus

914 1611 1066 1673 ergo
1107 1611 1222 1655 cur
1257 1608 1390 1655 non
1441 1590 1786 1672 aequalem,
1827 1592 1902 1653 ut
1937 1590 2059 1670 aiS,
2099 1590 2349 1653 Filium
2395 1590 2643 1672 genuit,
2690 1590 2795 1653 cui
2842 1607 2962 1653 nec
2998 1592 3153 1653 anni
3200 1591 3547 1655 necessarii
3596 1592 3862 1655 fuerunt
3900 1609 4021 1672 per

912 1726 1080 1789 quos
1117 1708 1584 1789 adimpleretur
1621 1706 1987 1786 aequalitaS,
2019 1724 2139 1769 nec
2177 1706 2656 1787 omnipotentia
2685 1705 2945 1769 defuit?
2981 1706 3087 1769 An
3125 1707 3291 1771 forte
3328 1707 3592 1771 noluit?
3628 1724 3781 1788 ergo
3810 1705 4019 1789 (quod

913 1824 1110 1907 absit)
1143 1825 1402 1887 invidit.
1445 1824 1574 1887 Sed
1603 1840 1736 1886 non
1773 1822 2012 1885 invidit
2044 1843 2059 1883 ε
2095 1822 2417 1903 aequalem
2459 1839 2612 1903 ergo
2641 1823 2868 1901 genuit
2898 1823 3165 1885 Filium.
3200 1823 3557 1887 Credamus
3585 1841 3737 1905 ergo
3766 1824 4017 1886 Filium

911 1944 972 2005 61
1020 1959 1163 2007 6336
1210 1942 1553 2023 aequalem.

1596 2254 1676 2319 G.
1732 2258 2160 2331 Opinionem
2204 2258 2537 2320 hoeretiot
2574 2256 2789 2329 pontt
2829 2256 2913 2318 ut
2958 2256 3316 2319 destruat.

1045 2559 1174 2623 Sed
1223 2558 1389 2623 forte
1439 2559 1605 2622 dicis
1646 2578 1660 2621 ε
1703 2560 1800 2623 Eo
1848 2559 1992 2640 ipso
2043 2558 2241 2622 Pater
2286 2560 2387 2622 est
2430 2558 2643 2639 maj0r
2692 2558 2886 2638 Fili0‚
2920 2560 3078 2639 quia
3114 2559 3196 2623 de
3233 2558 3415 2622 nullo
3458 2560 3742 2640 genituS‚
3782 2562 4017 2642 genuit

910 2679 1129 2739 tamen
1177 2676 1521 2756 aequalem.
1562 2675 1666 2738 Ad
1704 2675 1881 2755 quod
1929 2675 2058 2737 cito
2107 2674 2515 2755 respondebo
2560 2696 2573 2735 :
2617 2675 2761 2738 Imo
2816 2654 2961 2738 ideo
3010 2693 3144 2738 non
3196 2677 3295 2739 est
3330 2675 3524 2739 Pater
3568 2676 3780 2756 major
3810 2678 4011 2757 Fili0‚

908 2794 1064 2873 quia
1102 2792 1422 2873 aequalem
1469 2792 1717 2873 genuit.
1761 2791 2052 2871 Originis
2090 2791 2266 2854 enim
2314 2792 2594 2871 quaestio
2634 2792 2759 2855 ista
2798 2793 2918 2871 est,
2961 2793 3112 2873 quis
3154 2792 3235 2857 de
3282 2810 3413 2874 quo
3453 2794 3575 2874 sit3
3616 2794 4015 2874 aequalitatis

910 2910 1155 2989 autem,
1198 2908 1414 2990 qualis
1461 2910 1576 2971 aut
1611 2909 1898 2989 quantus
1941 2908 2048 2970 sit.
2091 2908 2285 2981 Quod
2329 2910 2428 2971 est
2463 2907 2677 2971 dicere
2712 2929 2725 2969 ε
2760 2909 2843 2971 ad
2879 2909 3201 2989 originem
3244 2909 3527 2990 pertinet
3561 2911 3840 2990 quaestio
3880 2928 4016 2991 qua

910 3024 1248 3105 quaeritur,
1303 3024 1454 3104 quis
1509 3024 1589 3087 de
1647 3040 1778 3104 quo
1837 3024 1958 3103 sit3
2017 3023 2100 3085 ad
2161 3022 2603 3103 aequalitatem
2665 3040 2820 3086 vero
2877 3023 2992 3086 illa
3046 3041 3175 3104 qua
3232 3025 3571 3105 quaeritur,
3623 3024 3837 3106 qualis
3898 3028 4015 3089 aut

911 3142 1197 3222 quantus
1235 3141 1384 3221 quis
1432 3141 1539 3204 sit.
1575 3142 1709 3205 Nec
1751 3157 1958 3221 quum
2007 3139 2249 3202 dicitur
2294 3138 2506 3201 Filius
2544 3156 2582 3201 a
2618 3140 2809 3203 Patre
2854 3142 3139 3222 genitus,
3180 3143 3548 3206 ostenditur
3596 3143 4015 3225 inaequalitas

909 3255 1315 3335 substantiae,
1357 3256 1472 3319 sed
1511 3257 1669 3320 ordo
1707 3257 1981 3335 naturae,
2023 3273 2155 3318 non
2196 3271 2328 3335 quo
2367 3254 2530 3318 alter
2575 3256 2755 3336 prior
2791 3259 2964 3319 esset
3000 3257 3226 3337 altem,
3268 3259 3383 3322 sed
3420 3275 3552 3339 quo
3590 3259 3753 3323 alter
3790 3261 3891 3323 est
3928 3279 4013 3324 ex

905 3374 1133 3439 altero.
1168 3375 1317 3438 Non
1354 3392 1506 3456 ergo
1537 3375 1898 3438 secundum
1929 3375 2055 3437 hoc
2084 3373 2263 3453 quod
2291 3371 2487 3435 Pater
2521 3374 2770 3454 genuit,
2804 3375 2868 3437 et
2896 3375 3106 3436 Filius
3143 3376 3404 3457 genitus
3434 3380 3555 3456 est,
3588 3378 3690 3441 vel
3723 3378 4015 3460 Spiritus

904 3491 1182 3554 Sanctus
1220 3490 1302 3553 ab
1337 3492 1616 3572 utroque
1655 3491 1968 3571 procedit,
2002 3488 2346 3570 aequalitas
2383 3488 2486 3552 vel
2516 3489 2929 3569 inaequalitas
2958 3490 3050 3553 ibi
3080 3492 3338 3555 exsistit
3369 3513 3383 3555 :
3418 3495 3573 3575 quia
3608 3512 3741 3558 non
3778 3513 4016 3560 secun-

905 3607 1066 3670 dum
1109 3609 1236 3672 hoc
1281 3608 1410 3672 alia
1457 3625 1736 3689 persona
1785 3607 1898 3670 alii
1947 3606 2222 3687 aequalis
2271 3605 2375 3669 vel
2419 3605 2765 3685 inaequalis
2812 3605 3073 3670 dicitur.

1037 3723 1206 3786 Ecce
1243 3724 1584 3804 aequalitas
1619 3723 1984 3800 Trinitatis,
2017 3723 2082 3785 et
2119 3739 2254 3784 una
2290 3721 2650 3802 eademque
2690 3721 3078 3802 substantia,
3112 3728 3433 3805 quantum
3471 3727 3755 3793 breviter
3791 3731 4017 3811 potui-

905 3857 1081 3920 111113,
1124 3839 1570 3903 demonstrata
1620 3842 1720 3904 est
1764 3841 1835 3902 in
1882 3837 2334 3920 superioribus
2378 3856 2391 3897 :
2435 3838 2716 3918 qualiter
2760 3839 3011 3903 scilicet
3058 3841 3280 3922 aliqua
3327 3845 3529 3908 trium
3578 3863 4011 3926 personarum

905 3955 1271 4037 quamlibet
1306 3957 1530 4037 aliam,
1562 3974 1682 4021 nec
1720 3955 2102 4035 aeternitate,
2136 3972 2257 4019 nec
2295 3953 2769 4035 magnitudine,
2804 3972 2925 4020 nec
2958 3959 3254 4038 potentia
3290 3961 3587 4025 excellat.

1484 4313 1840 4380 SUMMA
2434 4306 2485 4369 A
2814 4314 3285 4388 QUAESTIO
3372 4317 3703 4384 PRIMA

1127 4525 1732 4583 111311Ν611οΝ13
1787 4521 2193 4578 1116331Μῶ

2656 4605 2922 4668 Uaeritur
2963 4625 3133 4689 ergo,
3168 4609 3298 4675 An
3338 4611 3593 4678 Filius
3629 4613 3739 4678 sit
3778 4613 4015 4682 Patri

2672 4705 3003 4785 aequalis
3049 4708 3135 4773 in
3183 4710 3583 4789 potestate
3624 4713 3707 4777 et
3750 4716 4011 4780 omni-

1079 4807 1196 4869 hac
1237 4804 1644 4867 distinctione
1685 4801 2058 4873 declaratur,
2093 4803 2261 4882 quod
2306 4803 2403 4864 Fi·
2511 4805 2900 4884 potentia&
2923 4813 2986 4866 et
3019 4805 3184 4867 idem
3218 4813 3313 4868 est
3343 4826 3625 4889 quaerere
3655 4811 3733 4872 (16
3764 4811 4015 4892 Spiritu

1008 4905 1131 4967 lius
1181 4904 1264 4964 sit
1306 4902 1469 4963 Patri
1513 4899 1773 4982 aequalis
1827 4899 1889 4960 in
1941 4907 2248 4980 potestate
2290 4920 2401 4963 seu
2512 4902 2757 4964 Sancto.

909 4999 1391 5083 omnipotentia.
1439 4999 1511 5060 Et
1563 4999 1734 5060 circa
1785 4998 1903 5059 hoc
1953 5016 2028 5058 ex
2079 4998 2292 5060 verbis
2342 5008 2405 5061 et
2592 5001 2666 5062 Et
2716 5008 2927 5063 tamen
2978 5002 3345 5084 quaestionis
3403 5005 3597 5087 hujus
3648 5008 3879 5072 solutio
3932 5030 4017 5074 ex

907 5098 1392 5165 auctoritatibus
1432 5105 1622 5179 atque
1674 5095 2154 5177 probationibus
2197 5097 2405 5178 Augu-
2512 5100 2877 5182 praehabitis
2936 5101 3256 5164 elucescit.
3320 5104 3525 5176 Quum
3584 5106 3755 5168 enim
3814 5125 4017 5173 omne

907 5201 1057 5262 stini
1101 5197 1386 5280 procedit
1424 5203 1645 5258 auctor
1689 5194 2084 5268 scholastice,
2121 5203 2186 5256 ut
2233 5204 2403 5277 patet
2508 5197 2871 5260 absolutum
2918 5200 2983 5260 in
3028 5199 3286 5271 divinis,
3330 5202 3412 5263 sit
3456 5202 3660 5266 tribus
3709 5223 4019 5287 superex-

909 5298 976 5360 in
1017 5304 1218 5368 textu,
1253 5295 1364 5377 qui
1411 5294 1637 5375 planus
1681 5302 1794 5354 est.
2511 5295 2697 5358 celsis
2728 5298 3015 5377 personis
3047 5316 3407 5374 commune,
3435 5301 3643 5382 palam
3674 5304 3843 5384 quod
3872 5322 4019 5370 om-
