4359 6250
906 508 1127 563 QUAEST.
1174 507 1241 552 m
1284 507 1297 551 :
1344 507 1421 552 mi:
1462 501 1580 562 QUO
1622 505 1737 551 Pmt
1778 506 1951 551 riuus
1996 504 2258 551 memmi
2299 505 2362 550 IN
2405 505 2522 552 DEO
2563 505 2912 552 PRINCIPIUM

3335 487 3456 551 289

370 679 463 734 tur
500 675 847 756 aequivoce.
885 676 1437 758 Respondendum,
1471 675 1637 756 quod
1686 675 1855 756 prin·
1885 673 1935 736 A
1964 676 2186 736 eadem
2237 675 2588 736 secundum
2635 694 2995 748 numerum,
3030 676 3230 736 variat
3273 673 3456 736 ratio-

366 771 603 852 cipium
661 775 739 836 ad
801 783 979 836 ext-ra
1034 783 1095 836 et
1153 775 1229 836 ad
1294 775 1459 836 intra
1516 791 1643 836 non
1706 780 1855 834 sunt

365 869 622 931 rationis
653 870 965 951 ejusdem,
998 872 1108 933 sed
1149 871 1578 933 emanationes
1610 869 1733 930 illae
1774 869 1851 930 ad

364 965 521 1027 intra
550 977 701 1029 sunt
738 969 1027 1048 ejusdem
1070 967 1352 1041 rationiS,
1386 984 1513 1028 non
1554 966 1719 1028 sicut
1754 984 1852 1026 res

361 1062 647 1144 ejusdem
678 1065 940 1147 speciei,
975 1066 1083 1127 sed
1124 1065 1289 1128 sicut
1328 1083 1528 1145 genus
1558 1072 1653 1126 est
1684 1063 1854 1144 prin·

364 1161 601 1242 cipium
646 1163 815 1226 idem
858 1181 1216 1226 commune.
1254 1164 1427 1226 Unde
1468 1164 1633 1244 sicut
1662 1163 1854 1225 homo

364 1269 421 1320 et
464 1260 565 1322 leo
610 1260 844 1323 habent
888 1261 1145 1343 aliquod
1189 1279 1528 1323 commune
1560 1262 1633 1320 in
1664 1261 1852 1340 quid,

366 1365 429 1418 ut
458 1359 902 1441 animal‚quod
934 1359 1313 1441 praedicatur
1341 1360 1421 1421 (16
1450 1359 1543 1421 eis
1576 1361 1647 1419 in
1678 1361 1853 1437 quid,

366 1457 655 1536 quamvis
713 1457 1017 1520 differant
1075 1457 1196 1519 sub
1255 1457 1512 1520 animali
1578 1456 1853 1538 propriis

366 1555 751 1634 rationibus;
782 1557 875 1620 sic
904 1556 1291 1638 principiare
1328 1557 1556 1619 Filium
1588 1564 1651 1618 et
1681 1555 1853 1636 prin·

365 1653 599 1734 cipiare
648 1653 955 1734 Spiritum
1002 1654 1303 1716 Sanctum
1349 1654 1623 1736 propriis
1671 1654 1856 1715 ratio-

366 1751 549 1813 nibus
608 1751 939 1826 differunt,
992 1760 1057 1814 et
1114 1760 1327 1815 tamen
1388 1752 1623 1814 habent
1681 1752 1853 1834 prin-

1965 793 2112 834 nem
2162 774 2464 855 principii
2509 773 2856 836 variatione
2906 792 3048 855 quae
3096 781 3192 834 est
3235 791 3457 834 secun-

1963 871 2117 932 dum
2150 872 2304 953 quid
2337 880 2399 932 et
2429 872 2826 952 simpliciter.
2861 907 2942 916 —
2969 871 3212 934 Idcirco
3245 870 3456 931 dicen-

1964 969 2327 1050 dum,quod
2359 968 2748 1050 principium
2779 969 3014 1030 dicitur
3041 969 3364 1049 analogice
3395 968 3457 1028 in

1964 1068 2201 1129 divinis
2247 1075 2538 1149 respectu
2585 1067 2773 1129 unius
2819 1085 3104 1149 personae
3146 1068 3222 1129 ad
3265 1067 3456 1128 aliam

1964 1171 2026 1226 et
2076 1173 2370 1246 respectu
2429 1173 2879 1226 creaturarum.
2935 1165 3168 1227 Eadem
3218 1165 3456 1246 quippe

1966 1263 2123 1326 ratio
2191 1272 2286 1326 est
2347 1264 2426 1326 de
2496 1264 2778 1345 potentia
2838 1270 2900 1325 et
2969 1263 3046 1325 de
3115 1262 3454 1344 principio,

1964 1380 2163 1442 quum
2225 1361 2510 1443 potentia
2556 1361 2640 1422 sit
2694 1360 3084 1442 principium
3142 1367 3458 1421 transmu-

1966 1459 2137 1521 tandi
2197 1459 2392 1533 aliud,
2443 1459 2546 1521 vel
2594 1458 3055 1521 transmutandi
3105 1457 3187 1520 ab
3233 1457 3452 1520 altero.

1966 1557 2084 1619 Sed
2131 1558 2414 1638 potentia
2459 1575 2586 1621 non
2635 1557 2868 1620 dicitur
2911 1557 3180 1620 univoce
3223 1556 3301 1618 de
3352 1573 3460 1638 po-

1968 1655 2163 1717 tentia
2193 1656 2449 1717 creandi
2489 1663 2554 1718 et
2581 1656 2659 1717 de
2699 1655 2980 1737 potentia
3017 1654 3359 1735 generandi
3391 1655 3456 1715 in

1968 1755 2096 1816 Deo
2130 1772 2143 1815 :
2176 1753 2416 1835 alioqui
2467 1755 2748 1835 potentia
2789 1753 3134 1834 generandi
3177 1753 3458 1816 contine-

363 1849 601 1931 cipium
633 1867 971 1914 commune
1014 1851 1359 1915 univocum
1392 1854 1465 1912 in
1495 1853 1675 1930 quid.
1710 1851 1853 1913 Haec
1891 1851 1937 1914 B
1968 1859 2142 1913 retur
2180 1852 2300 1913 sub
2344 1852 2806 1933 omnipotentia
2851 1852 3016 1914 sicut
3055 1852 3308 1914 creandi
3351 1869 3459 1933 po-

364 1947 601 2012 ScotuS.

436 2047 635 2129 Cujus
676 2050 1004 2131 responsio
1034 2049 1289 2112 videtur
1318 2049 1643 2111 dissonare
1683 2067 1719 2109 a
1750 2065 1855 2129 po-

362 2146 586 2209 sitione
650 2148 991 2211 Alexandri
1056 2157 1119 2210 et
1178 2146 1441 2220 Alberti,
1503 2146 1853 2209 dicentium

362 2246 525 2325 quod
586 2247 979 2328 principium
1033 2247 1099 2308 in
1148 2246 1383 2307 divinis
1433 2246 1667 2307 dicitur
1716 2245 1855 2306 uni-

362 2359 511 2404 voce
552 2353 848 2426 respectu
892 2344 1317 2425 generationis
1358 2352 1421 2406 et
1464 2343 1851 2425 spirationiS‚

364 2458 485 2502 non
527 2441 973 2505 univocatione
1011 2442 1261 2522 generis
1301 2449 1412 2503 aut
1451 2440 1711 2522 speciei,
1746 2441 1855 2502 sed

363 2539 807 2621 proportionis.
858 2541 999 2604 Haec
1049 2549 1259 2602 tamen
1310 2540 1624 2602 dissensio
1673 2539 1737 2600 in
1788 2557 1855 2601 se

365 2655 553 2717 parva
580 2637 853 2712 videtur,
878 2645 942 2700 et
972 2637 1237 2701 forsitan
1271 2638 1469 2718 magis
1502 2637 1855 2699 consistens

364 2734 425 2795 in
468 2736 673 2798 modis
717 2735 1017 2818 loquendi
1060 2755 1252 2818 quam
1298 2736 1363 2798 in
1406 2755 1491 2798 re.

438 2834 771 2897 Durandus
809 2835 1069 2898 demum
1111 2834 1217 2896 hic
1258 2834 1449 2898 infert
1484 2833 1854 2917 opinionem

362 2933 781 3012 quorumdam
811 2933 925 3014 qui
955 2933 1177 2995 dicunt
1206 2933 1374 3014 quod
1416 2950 1649 2996 nomen
1680 2933 1855 3013 prin-

1968 1950 2180 2012 tentia.
2219 1949 2382 2030 Ergo
2431 1950 2823 2031 principium
2870 1967 2997 2012 non
3042 1949 3277 2011 dicitur
3323 1949 3461 2010 uni-

1966 2067 2119 2112 voce
2165 2049 2244 2110 (16
2287 2048 2608 2130 principio
2649 2048 2992 2130 generandi
3034 2067 3108 2110 ac
3151 2047 3458 2128 spirandi,

1966 2167 2107 2229 quae
2138 2147 2482 2210 intrinsece
2512 2155 2660 2210 sunt
2693 2148 2756 2209 in
2789 2149 2936 2220 Deo,
2969 2154 3034 2208 et
3072 2147 3150 2208 de
3180 2145 3462 2228 potentia

1968 2247 2246 2320 creandi,
2294 2249 2402 2309 sed
2446 2248 2788 2328 analogice.
2837 2247 2980 2309 Haec
3025 2246 3376 2308 DuranduS.

2044 2343 2387 2418 Postremo,
2421 2345 2498 2406 ad
2531 2345 3014 2426 intelligendum
3051 2343 3185 2406 haec
3217 2342 3462 2406 confert

1966 2442 2134 2523 quod
2167 2442 2272 2504 hic
2303 2442 2527 2506 scribit
2555 2442 2838 2524 AEgidius
2874 2461 2887 2504 ε
2915 2443 3068 2506 Tam
3098 2442 3458 2504 divinarum

1969 2558 2382 2621 personarum
2428 2560 2618 2623 quam
2665 2549 3096 2603 creaturarum
3143 2541 3459 2603 emanatio

1966 2646 2063 2700 est
2098 2657 2137 2700 a
2174 2640 2302 2702 Deo
2343 2658 2456 2721 per
2496 2639 2890 2702 intellectum
2930 2646 2994 2701 et
3022 2639 3456 2718 voluntatem3

1966 2736 2392 2799 diversimode
2439 2745 2670 2810 tamen,
2710 2737 3012 2820 quoniam
3057 2744 3234 2798 actus
3277 2736 3459 2798 intel-

1970 2835 2202 2915 ligendi
2256 2853 2382 2917 quo
2441 2837 2606 2898 Deus
2667 2835 2963 2917 intelligit
3022 2855 3110 2910 se,
3164 2842 3226 2897 et
3282 2842 3461 2897 actus

1966 2934 2218 2995 volendi
2261 2952 2390 3016 quo
2429 2935 2567 2996 vult
2603 2954 2693 3009 36,
2727 2942 2824 2996 est
2861 2935 3021 2997 ratio
3068 2933 3460 3014 intelligendi

361 3031 511 3112 cipii
556 3031 793 3094 dicitur
836 3032 1129 3106 univoce,
1163 3050 1363 3113 quum
1410 3033 1574 3094 Deus
1619 3031 1855 3093 dicitur
1892 3029 1935 3092 C
1969 3032 2350 3114 volendique
2398 3033 2542 3107 alia,
2597 3041 2660 3096 et
2709 3052 2822 3115 per
2871 3051 3268 3115 consequens
3317 3049 3460 3094 cau-

362 3130 749 3212 principium
808 3137 1241 3193 creaturarum
1290 3138 1353 3191 et
1402 3149 1529 3192 una
1586 3148 1856 3211 persona

358 3226 559 3289 fertur
608 3229 1001 3310 principium
1054 3229 1313 3291 alterius
1366 3246 1649 3310 personae
1698 3227 1856 3290 divi-

359 3345 472 3389 nae.
510 3327 683 3400 Quod
737 3328 1009 3409 probant
1057 3328 1149 3390 sic
1194 3345 1207 3389 :
1251 3328 1428 3401 Quod
1478 3345 1605 3390 non
1655 3328 1855 3389 variat

360 3434 738 3507 conceptum
782 3426 994 3488 minus
1032 3444 1461 3499 communem,
1496 3443 1622 3487 non
1654 3425 1856 3487 variat

360 3533 738 3605 conceptum
778 3526 981 3605 magis
1026 3542 1453 3587 communem.
1489 3524 1636 3597 Quae
1678 3524 1854 3585 enim

360 3630 509 3683 sunt
564 3642 729 3685 unus
790 3623 1167 3704 triangulus,
1230 3629 1377 3685 sunt
1437 3642 1564 3683 una
1622 3621 1852 3703 figura,

360 3736 487 3782 non
518 3737 880 3794 econvers0,
916 3730 986 3783 ut
1016 3720 1241 3803 quinto
1282 3720 1721 3803 Metaphysicae
1754 3739 1856 3802 pa-

358 3824 465 3878 tet.
502 3816 619 3879 Sed
658 3836 853 3880 causa
890 3825 987 3880 est
1025 3817 1239 3881 minus
1280 3836 1619 3881 commune
1661 3836 1855 3899 quam

360 3914 769 3998 principium.
806 3916 971 3997 Ergo
1014 3917 1185 3998 quod
1230 3933 1358 3979 non
1399 3916 1602 3979 variat
1643 3934 1859 3979 conee-

360 4020 543 4094 ptum
586 4033 814 4088 causae,
848 4032 977 4077 non
1016 4015 1218 4077 variat
1256 4021 1637 4096 conceptum
1682 4014 1855 4096 prin-

358 4112 537 4193 cipii.
568 4113 687 4177 Sed
738 4132 1001 4176 causare
1051 4113 1117 4175 in
1166 4112 1375 4175 aliena
1417 4120 1641 4175 natura
1681 4120 1744 4175 et
1789 4112 1855 4174 in

360 4212 633 4291 propria,
652 4230 781 4275 non
812 4213 1014 4274 variat
1043 4219 1423 4293 conceptum
1454 4230 1676 4273 causae.
1697 4210 1854 4274 Nam
1885 4212 1935 4274 D

362 4325 552 4370 causa
578 4311 851 4373 univoca
888 4318 952 4373 et
992 4328 1181 4373 causa
1219 4309 1545 4391 aequivoca
1573 4310 1652 4371 ad
1684 4310 1853 4373 idem

362 4407 907 4489 pertinent-genus
948 4427 1153 4471 causae
1182 4416 1245 4470 et
1285 4409 1576 4483 univoce,
1610 4408 1855 4472 scilicet

360 4505 439 4566 ad
490 4523 683 4585 genus
734 4524 943 4569 causae
991 4506 1357 4569 efficientis,
1414 4506 1575 4588 Ergo
1623 4508 1855 4589 princi-

360 4602 541 4684 piare
568 4605 629 4666 in
658 4612 885 4667 natura
925 4624 1039 4667 sua
1079 4613 1147 4668 ut
1182 4605 1247 4667 in
1284 4606 1521 4680 divina,
1555 4614 1618 4668 et
1649 4607 1713 4668 in
1746 4626 1852 4668 na-

360 4710 503 4764 tura
550 4703 751 4766 aliena
798 4704 967 4766 sicut
1014 4712 1244 4779 creata,
1288 4722 1417 4766 non
1460 4704 1663 4766 variat
1710 4723 1855 4767 con-

358 4810 613 4883 ceptum
677 4822 887 4865 causae
946 4803 1105 4885 quin
1168 4804 1321 4867 hinc
1386 4803 1532 4865 inde
1593 4803 1853 4866 exsistat

358 4900 681 4964 univocus,
738 4902 861 4966 Sed
912 4901 1084 4964 istud
1135 4919 1262 4965 non
1312 4901 1500 4975 valet,
1547 4901 1852 4983 quoniam

358 4998 740 5081 principiare
772 5002 839 5063 in
872 5008 1099 5062 natura
1130 5019 1244 5062 sua
1273 5000 1374 5063 vel
1414 5001 1640 5075 aliena,
1674 5001 1855 5063 dum-

358 5095 553 5158 modo
596 5106 859 5181 utraque
915 5098 1174 5161 differat
1222 5100 1575 5161 secundum
1634 5119 1855 5163 nume-

358 5210 531 5265 rum,
580 5212 702 5259 non
749 5198 951 5260 variat
1010 5197 1323 5260 rationem
1382 5216 1587 5261 causae
1644 5217 1851 5280 neque

362 5292 693 5375 principii3
723 5302 935 5360 tamen
966 5295 1357 5380 principiare
1387 5296 1451 5357 in
1483 5303 1709 5359 natura
1736 5316 1851 5360 sua

612 5428 671 5481 Τ.
708 5430 787 5483 w.

1966 3132 2146 3193 sandi
2205 3150 2296 3195 ea.
2352 3133 2540 3195 Porro
2591 3131 3001 3213 intelligendo
3050 3151 3118 3194 se
3169 3131 3462 3213 producit

1968 3229 2220 3303 Filium,
2263 3239 2326 3291 et
2373 3231 2644 3295 volendo
2693 3250 2760 3291 se
2811 3232 3103 3312 producit
3151 3230 3459 3312 Spiritum

1968 3328 2269 3390 Sanctum
2335 3346 2348 3389 :
2412 3329 2632 3411 sicque
2700 3329 3034 3410 productio
3095 3330 3458 3391 divinarum

1966 3444 2382 3507 personarum
2427 3434 2523 3489 est
2567 3445 2756 3489 causa
2797 3435 2859 3489 et
2903 3428 3064 3490 ratio
3107 3427 3460 3509 productio-

1967 3525 2067 3586 nis
2107 3532 2558 3587 ereaturarum.
2592 3525 2729 3587 Non
2769 3544 2917 3607 ergo
2955 3526 3175 3587 eadem
3217 3525 3457 3587 ratione

1968 3622 2262 3704 producit
2300 3624 2376 3685 ad
2418 3624 2583 3685 intra
2621 3631 2685 3685 et
2721 3624 2798 3685 ad
2839 3631 3035 3696 extra,
3069 3623 3194 3685 nisi
3234 3640 3458 3684 secun-

1966 3721 2120 3782 dum
2154 3721 2332 3802 prius
2371 3729 2434 3783 et
2469 3722 2802 3803 posterius.
2839 3722 2980 3783 Haec
3009 3720 3314 3802 AEgidiuS,
3346 3719 3460 3801 qui

1970 3820 2087 3881 ista
2131 3818 2562 3900 prolixissime
2604 3818 2844 3881 scribit.

2048 3916 2456 3999 Objectorum
2503 3917 2735 3979 solutio
2778 3925 2950 3999 patet
2989 3936 3067 3980 ex
3109 3917 3316 3979 dictis,

2429 4243 2900 4317 QUAESTIO
2940 4242 3038 4308 ΙΙΙ

2093 4508 2266 4571 Ertio
2314 4508 2641 4590 quaeritur‚
2681 4510 2793 4574 De
2841 4524 2999 4590 quo
3051 4522 3191 4591 per
3233 4510 3458 4591 prius

2120 4608 2441 4673 dicatur
2477 4608 2564 4673 in
2605 4608 2768 4676 Deo
2810 4608 3327 4690 principium,
3356 4622 3457 4675 an

1963 4709 2332 4787 respectu
2361 4708 2886 4773 emanationis
2918 4707 3018 4772 ad
3056 4706 3294 4788 intra,
3324 4706 3459 4771 vel

1964 4808 2233 4885 potius
2299 4806 2667 4887 respectu
2741 4804 3289 4885 productionis
3357 4804 3457 4870 ad

1965 4906 2218 4971 extra.

2045 5002 2121 5063 Et
2177 5021 2256 5064 ex
2304 5002 2492 5065 dictis
2550 5000 2731 5083 sequi
2788 4999 3060 5073 videtur,
3114 4999 3284 5081 quod
3343 5017 3457 5080 per

1965 5100 2143 5181 prius
2174 5107 2466 5181 respectu
2496 5096 2916 5161 emanationis
2945 5097 3024 5157 ad
3055 5096 3454 5179 intra,quum

1965 5198 2075 5260 illa
2113 5198 2196 5260 sit
2235 5197 2410 5278 prior
2437 5205 2500 5259 et
2537 5195 2809 5276 dignior,
2841 5194 3168 5276 exemplar
3200 5212 3456 5276 quoque

1964 5304 2028 5360 et
2065 5314 2258 5359 causa
2293 5294 2802 5378 principiationis
2843 5294 2923 5357 ad
2966 5300 3160 5357 extra.
3195 5292 3458 5357 Verum·

3144 5428 3207 5481 19
