<?xml version="1.0" encoding="UTF-8"?>
<!DOCTYPE html PUBLIC "-//W3C//DTD XHTML 1.0 Transitional//EN"
    "http://www.w3.org/TR/xhtml1/DTD/xhtml1-transitional.dtd">
<html xmlns="http://www.w3.org/1999/xhtml" xml:lang="en" lang="en">
 <head>
  <title>
</title>
<meta http-equiv="Content-Type" content="text/html;charset=utf-8" />
  <meta name='ocr-system' content='tesseract 3.04.00' />
  <meta name='ocr-capabilities' content='ocr_page ocr_carea ocr_par ocr_line ocrx_word'/>
</head>
<body>
  <div class='ocr_page' id='page_1' title='image "./doctorisecstati11unkngoog_0118.png"; bbox 0 0 4359 6250; ppageno 0'>
   <div class='ocr_carea' id='block_1_1' title="bbox 899 479 3340 562">
    <p class='ocr_par' dir='ltr' id='par_1_1' title="bbox 899 479 3340 562">
     <span class='ocr_line' id='line_1_1' title="bbox 899 479 3340 562; baseline 0.002 -19"><span class='ocrx_word' id='word_1_1' title='bbox 899 479 1014 544; x_wconf 82' lang='lat'><strong>106</strong></span> <span class='ocrx_word' id='word_1_2' title='bbox 1556 500 1618 545; x_wconf 75' lang='grc' dir='ltr'><strong>ιΝ</strong></span> <span class='ocrx_word' id='word_1_3' title='bbox 1660 501 1880 546; x_wconf 72' lang='lat' dir='ltr'><strong>manum</strong></span> <span class='ocrx_word' id='word_1_4' title='bbox 1925 503 1943 546; x_wconf 90' lang='lat'>1</span> <span class='ocrx_word' id='word_1_5' title='bbox 1988 501 2469 546; x_wconf 74' lang='lat' dir='ltr'><strong>SENTENTlARt&#39;M.</strong></span> <span class='ocrx_word' id='word_1_6' title='bbox 2516 520 2595 528; x_wconf 91' lang='lat'><strong>—-</strong></span> <span class='ocrx_word' id='word_1_7' title='bbox 2637 502 2790 545; x_wconf 73' lang='lat' dir='ltr'><strong>nisr.</strong></span> <span class='ocrx_word' id='word_1_8' title='bbox 2836 502 2982 562; x_wconf 81' lang='lat' dir='ltr'><strong>xlx3</strong></span> <span class='ocrx_word' id='word_1_9' title='bbox 3028 503 3249 557; x_wconf 77' lang='lat' dir='ltr'><strong>QUAEST.</strong></span> <span class='ocrx_word' id='word_1_10' title='bbox 3296 504 3340 547; x_wconf 88' lang='lat' dir='ltr'><strong>n</strong></span> 
     </span>
    </p>
   </div>
   <div class='ocr_carea' id='block_1_2' title="bbox 897 668 3995 753">
    <p class='ocr_par' dir='ltr' id='par_1_2' title="bbox 897 668 3995 753">
     <span class='ocr_line' id='line_1_2' title="bbox 897 668 3995 753; baseline 0.001 -24"><span class='ocrx_word' id='word_1_11' title='bbox 897 669 1004 743; x_wconf 90' lang='lat' dir='ltr'><strong>tia,</strong></span> <span class='ocrx_word' id='word_1_12' title='bbox 1028 669 1247 732; x_wconf 79' lang='lat' dir='ltr'><strong>relat-io</strong></span> <span class='ocrx_word' id='word_1_13' title='bbox 1277 679 1338 732; x_wconf 92' lang='lat' dir='ltr'><strong>et</strong></span> <span class='ocrx_word' id='word_1_14' title='bbox 1369 671 1576 751; x_wconf 89' lang='lat' dir='ltr'><strong>origo;</strong></span> <span class='ocrx_word' id='word_1_15' title='bbox 1600 679 1789 753; x_wconf 89' lang='lat' dir='ltr'><strong>atque</strong></span> <span class='ocrx_word' id='word_1_16' title='bbox 1820 671 2168 733; x_wconf 90' lang='lat' dir='ltr'><strong>secundum</strong></span> <span class='ocrx_word' id='word_1_17' title='bbox 2198 669 2391 751; x_wconf 91' lang='lat' dir='ltr'><strong>quod·</strong></span> <span class='ocrx_word' id='word_1_18' title='bbox 2419 668 2469 729; x_wconf 80' lang='lat' dir='ltr'>A</span> <span class='ocrx_word' id='word_1_19' title='bbox 2502 669 2807 731; x_wconf 91' lang='lat' dir='ltr'><strong>unitatem</strong></span> <span class='ocrx_word' id='word_1_20' title='bbox 2845 688 2859 731; x_wconf 90' lang='lat'>:</span> <span class='ocrx_word' id='word_1_21' title='bbox 2892 677 2954 731; x_wconf 85' lang='lat' dir='ltr'><strong>et</strong></span> <span class='ocrx_word' id='word_1_22' title='bbox 2999 669 3149 752; x_wconf 91' lang='lat' dir='ltr'><strong>quia</strong></span> <span class='ocrx_word' id='word_1_23' title='bbox 3191 671 3255 732; x_wconf 91' lang='lat' dir='ltr'><strong>in</strong></span> <span class='ocrx_word' id='word_1_24' title='bbox 3296 671 3429 733; x_wconf 92' lang='lat' dir='ltr'><strong>solo</strong></span> <span class='ocrx_word' id='word_1_25' title='bbox 3473 672 3601 733; x_wconf 93' lang='lat' dir='ltr'><strong>Deo</strong></span> <span class='ocrx_word' id='word_1_26' title='bbox 3640 679 3737 732; x_wconf 87' lang='lat' dir='ltr'><strong>est</strong></span> <span class='ocrx_word' id='word_1_27' title='bbox 3780 672 3995 733; x_wconf 85' lang='lat' dir='ltr'><strong>unitas</strong></span> 
     </span>
    </p>
   </div>
   <div class='ocr_carea' id='block_1_3' title="bbox 896 766 2393 1834">
    <p class='ocr_par' dir='ltr' id='par_1_3' title="bbox 896 766 2393 1834">
     <span class='ocr_line' id='line_1_3' title="bbox 900 766 2385 843; baseline 0.001 -16"><span class='ocrx_word' id='word_1_28' title='bbox 900 766 1054 829; x_wconf 85' lang='lat' dir='ltr'><strong>libet</strong></span> <span class='ocrx_word' id='word_1_29' title='bbox 1085 769 1310 830; x_wconf 89' lang='lat' dir='ltr'><strong>horum</strong></span> <span class='ocrx_word' id='word_1_30' title='bbox 1343 771 1522 831; x_wconf 88' lang='lat' dir='ltr'><strong>Pater</strong></span> <span class='ocrx_word' id='word_1_31' title='bbox 1561 778 1650 830; x_wconf 92' lang='lat' dir='ltr'><strong>est</strong></span> <span class='ocrx_word' id='word_1_32' title='bbox 1699 770 1761 831; x_wconf 89' lang='lat' dir='ltr'><strong>in</strong></span> <span class='ocrx_word' id='word_1_33' title='bbox 1805 769 1983 843; x_wconf 82' lang='lat' dir='ltr'><strong>Filio,</strong></span> <span class='ocrx_word' id='word_1_34' title='bbox 2017 779 2076 831; x_wconf 89' lang='lat' dir='ltr'><strong>et</strong></span> <span class='ocrx_word' id='word_1_35' title='bbox 2110 776 2385 830; x_wconf 89' lang='lat' dir='ltr'><strong>econtra.</strong></span> 
     </span>
     <span class='ocr_line' id='line_1_4' title="bbox 897 867 2391 949; baseline 0 -22"><span class='ocrx_word' id='word_1_36' title='bbox 897 867 1258 928; x_wconf 88' lang='lat' dir='ltr'><strong>Secundum</strong></span> <span class='ocrx_word' id='word_1_37' title='bbox 1311 869 1673 940; x_wconf 80' lang='lat' dir='ltr'><strong>essentiam,</strong></span> <span class='ocrx_word' id='word_1_38' title='bbox 1715 869 2016 949; x_wconf 88' lang='lat' dir='ltr'><strong>quoniam</strong></span> <span class='ocrx_word' id='word_1_39' title='bbox 2069 868 2249 930; x_wconf 87' lang='lat' dir='ltr'><strong>Pater</strong></span> <span class='ocrx_word' id='word_1_40' title='bbox 2297 874 2391 927; x_wconf 90' lang='lat' dir='ltr'><strong>est</strong></span> 
     </span>
     <span class='ocr_line' id='line_1_5' title="bbox 897 966 2385 1031; baseline -0.001 -4"><span class='ocrx_word' id='word_1_41' title='bbox 897 985 1010 1027; x_wconf 89' lang='lat' dir='ltr'><strong>sua</strong></span> <span class='ocrx_word' id='word_1_42' title='bbox 1058 967 1350 1031; x_wconf 85' lang='lat' dir='ltr'><strong>essentia.</strong></span> <span class='ocrx_word' id='word_1_43' title='bbox 1405 974 1468 1028; x_wconf 88' lang='lat' dir='ltr'><strong>et</strong></span> <span class='ocrx_word' id='word_1_44' title='bbox 1521 987 1660 1029; x_wconf 88' lang='lat' dir='ltr'><strong>eam</strong></span> <span class='ocrx_word' id='word_1_45' title='bbox 1720 968 2150 1029; x_wconf 89' lang='lat' dir='ltr'><strong>communicat</strong></span> <span class='ocrx_word' id='word_1_46' title='bbox 2210 966 2385 1027; x_wconf 87' lang='lat' dir='ltr'><strong>Filio.</strong></span> 
     </span>
     <span class='ocr_line' id='line_1_6' title="bbox 896 1064 2393 1145; baseline 0 -20"><span class='ocrx_word' id='word_1_47' title='bbox 896 1064 1099 1137; x_wconf 87' lang='lat' dir='ltr'><strong>Quum</strong></span> <span class='ocrx_word' id='word_1_48' title='bbox 1151 1083 1301 1145; x_wconf 87' lang='lat' dir='ltr'><strong>ergo</strong></span> <span class='ocrx_word' id='word_1_49' title='bbox 1343 1066 1520 1127; x_wconf 85' lang='lat' dir='ltr'><strong>Pater</strong></span> <span class='ocrx_word' id='word_1_50' title='bbox 1562 1066 1642 1127; x_wconf 88' lang='lat' dir='ltr'><strong>sit</strong></span> <span class='ocrx_word' id='word_1_51' title='bbox 1687 1086 1800 1127; x_wconf 89' lang='lat' dir='ltr'><strong>sua</strong></span> <span class='ocrx_word' id='word_1_52' title='bbox 1844 1065 2139 1134; x_wconf 75' lang='lat' dir='ltr'><strong>essentia,</strong></span> <span class='ocrx_word' id='word_1_53' title='bbox 2179 1073 2240 1126; x_wconf 88' lang='lat' dir='ltr'><strong>et</strong></span> <span class='ocrx_word' id='word_1_54' title='bbox 2284 1064 2393 1126; x_wconf 89' lang='lat' dir='ltr'><strong>illa</strong></span> 
     </span>
     <span class='ocr_line' id='line_1_7' title="bbox 897 1163 2385 1244; baseline -0.001 -21"><span class='ocrx_word' id='word_1_55' title='bbox 897 1163 979 1223; x_wconf 90' lang='lat' dir='ltr'><strong>sit</strong></span> <span class='ocrx_word' id='word_1_56' title='bbox 1011 1163 1075 1224; x_wconf 92' lang='lat' dir='ltr'><strong>in</strong></span> <span class='ocrx_word' id='word_1_57' title='bbox 1109 1164 1286 1236; x_wconf 85' lang='lat' dir='ltr'><strong>Filio,</strong></span> <span class='ocrx_word' id='word_1_58' title='bbox 1317 1171 1558 1226; x_wconf 89' lang='lat' dir='ltr'><strong>constat</strong></span> <span class='ocrx_word' id='word_1_59' title='bbox 1593 1164 1758 1244; x_wconf 90' lang='lat' dir='ltr'><strong>quod</strong></span> <span class='ocrx_word' id='word_1_60' title='bbox 1791 1166 1970 1226; x_wconf 88' lang='lat' dir='ltr'><strong>Pater</strong></span> <span class='ocrx_word' id='word_1_61' title='bbox 2003 1164 2066 1224; x_wconf 90' lang='lat' dir='ltr'><strong>in</strong></span> <span class='ocrx_word' id='word_1_62' title='bbox 2099 1163 2256 1225; x_wconf 87' lang='lat' dir='ltr'><strong>Filio</strong></span> <span class='ocrx_word' id='word_1_63' title='bbox 2286 1164 2385 1224; x_wconf 87' lang='lat' dir='ltr'><strong>sit.</strong></span> 
     </span>
     <span class='ocr_line' id='line_1_8' title="bbox 897 1261 2387 1343; baseline 0.003 -22"><span class='ocrx_word' id='word_1_64' title='bbox 897 1261 1204 1322; x_wconf 89' lang='lat' dir='ltr'><strong>Similiter</strong></span> <span class='ocrx_word' id='word_1_65' title='bbox 1243 1282 1440 1343; x_wconf 90' lang='lat' dir='ltr'><strong>quum</strong></span> <span class='ocrx_word' id='word_1_66' title='bbox 1485 1261 1677 1323; x_wconf 85' lang='lat' dir='ltr'><strong>Filius</strong></span> <span class='ocrx_word' id='word_1_67' title='bbox 1709 1263 1791 1322; x_wconf 88' lang='lat' dir='ltr'><strong>sit</strong></span> <span class='ocrx_word' id='word_1_68' title='bbox 1829 1263 2048 1323; x_wconf 87' lang='lat' dir='ltr'><strong>eadem</strong></span> <span class='ocrx_word' id='word_1_69' title='bbox 2091 1261 2387 1325; x_wconf 79' lang='lat' dir='ltr'><strong>essentia,</strong></span> 
     </span>
     <span class='ocr_line' id='line_1_9' title="bbox 899 1360 2389 1441; baseline -0.001 -20"><span class='ocrx_word' id='word_1_70' title='bbox 899 1367 1068 1440; x_wconf 83' lang='lat' dir='ltr'><strong>patet</strong></span> <span class='ocrx_word' id='word_1_71' title='bbox 1100 1360 1266 1440; x_wconf 89' lang='lat' dir='ltr'><strong>quod</strong></span> <span class='ocrx_word' id='word_1_72' title='bbox 1309 1368 1367 1421; x_wconf 91' lang='lat' dir='ltr'><strong>et</strong></span> <span class='ocrx_word' id='word_1_73' title='bbox 1403 1361 1538 1441; x_wconf 91' lang='lat' dir='ltr'><strong>ipse</strong></span> <span class='ocrx_word' id='word_1_74' title='bbox 1570 1362 1651 1421; x_wconf 88' lang='lat' dir='ltr'><strong>sit</strong></span> <span class='ocrx_word' id='word_1_75' title='bbox 1693 1361 1757 1421; x_wconf 90' lang='lat' dir='ltr'><strong>in</strong></span> <span class='ocrx_word' id='word_1_76' title='bbox 1795 1361 1990 1421; x_wconf 88' lang='lat' dir='ltr'><strong>Patre.</strong></span> <span class='ocrx_word' id='word_1_77' title='bbox 2027 1360 2389 1421; x_wconf 81' lang='lat' dir='ltr'><strong>Secundum</strong></span> 
     </span>
     <span class='ocr_line' id='line_1_10' title="bbox 899 1458 2392 1540; baseline 0.001 -22"><span class='ocrx_word' id='word_1_78' title='bbox 899 1458 1265 1521; x_wconf 74' lang='lat' dir='ltr'><strong>relationem</strong></span> <span class='ocrx_word' id='word_1_79' title='bbox 1315 1477 1588 1540; x_wconf 88' lang='lat' dir='ltr'><strong>quoque,</strong></span> <span class='ocrx_word' id='word_1_80' title='bbox 1624 1459 1773 1540; x_wconf 90' lang='lat' dir='ltr'><strong>quia</strong></span> <span class='ocrx_word' id='word_1_81' title='bbox 1824 1478 2024 1520; x_wconf 87' lang='lat' dir='ltr'><strong>unum</strong></span> <span class='ocrx_word' id='word_1_82' title='bbox 2074 1458 2392 1539; x_wconf 90' lang='lat' dir='ltr'><strong>opposito-</strong></span> 
     </span>
     <span class='ocr_line' id='line_1_11' title="bbox 899 1557 2390 1628; baseline 0 -11"><span class='ocrx_word' id='word_1_83' title='bbox 899 1577 1038 1618; x_wconf 84' lang='lat' dir='ltr'><strong>rum</strong></span> <span class='ocrx_word' id='word_1_84' title='bbox 1093 1557 1372 1628; x_wconf 75' lang='lat' dir='ltr'>relative,</span> <span class='ocrx_word' id='word_1_85' title='bbox 1407 1566 1500 1619; x_wconf 91' lang='lat' dir='ltr'><strong>est</strong></span> <span class='ocrx_word' id='word_1_86' title='bbox 1545 1558 1610 1619; x_wconf 92' lang='lat' dir='ltr'><strong>in</strong></span> <span class='ocrx_word' id='word_1_87' title='bbox 1653 1557 1852 1619; x_wconf 88' lang='lat' dir='ltr'><strong>altero</strong></span> <span class='ocrx_word' id='word_1_88' title='bbox 1897 1558 2249 1618; x_wconf 87' lang='lat' dir='ltr'><strong>secundum</strong></span> <span class='ocrx_word' id='word_1_89' title='bbox 2297 1557 2390 1618; x_wconf 90' lang='lat' dir='ltr'><strong>in-</strong></span> 
     </span>
     <span class='ocr_line' id='line_1_12' title="bbox 900 1656 2393 1737; baseline 0 -22"><span class='ocrx_word' id='word_1_90' title='bbox 900 1656 1242 1717; x_wconf 87' lang='lat' dir='ltr'><strong>tellectum.</strong></span> <span class='ocrx_word' id='word_1_91' title='bbox 1279 1656 1642 1717; x_wconf 88' lang='lat' dir='ltr'><strong>Secundum</strong></span> <span class='ocrx_word' id='word_1_92' title='bbox 1683 1656 1994 1737; x_wconf 80' lang='lat' dir='ltr'>originem</span> <span class='ocrx_word' id='word_1_93' title='bbox 2036 1656 2229 1716; x_wconf 84' lang='lat' dir='ltr'><strong>etiam</strong></span> <span class='ocrx_word' id='word_1_94' title='bbox 2262 1674 2393 1716; x_wconf 89' lang='lat' dir='ltr'><strong>cer-</strong></span> 
     </span>
     <span class='ocr_line' id='line_1_13' title="bbox 898 1752 2387 1834; baseline -0.001 -20"><span class='ocrx_word' id='word_1_95' title='bbox 898 1761 1034 1815; x_wconf 87' lang='lat' dir='ltr'><strong>tum</strong></span> <span class='ocrx_word' id='word_1_96' title='bbox 1077 1763 1168 1815; x_wconf 86' lang='lat' dir='ltr'><strong>cst</strong></span> <span class='ocrx_word' id='word_1_97' title='bbox 1222 1754 1388 1834; x_wconf 91' lang='lat' dir='ltr'><strong>quod</strong></span> <span class='ocrx_word' id='word_1_98' title='bbox 1440 1754 1756 1815; x_wconf 81' lang='lat' dir='ltr'><strong>emanatio</strong></span> <span class='ocrx_word' id='word_1_99' title='bbox 1799 1753 1985 1815; x_wconf 88' lang='lat' dir='ltr'><strong>Verbi</strong></span> <span class='ocrx_word' id='word_1_100' title='bbox 2038 1762 2132 1815; x_wconf 91' lang='lat' dir='ltr'><strong>est</strong></span> <span class='ocrx_word' id='word_1_101' title='bbox 2183 1752 2387 1814; x_wconf 91' lang='lat' dir='ltr'><strong>solum</strong></span> 
     </span>
    </p>
   </div>
   <div class='ocr_carea' id='block_1_4' title="bbox 896 1850 3421 1931">
    <p class='ocr_par' dir='ltr' id='par_1_4' title="bbox 896 1850 3421 1931">
     <span class='ocr_line' id='line_1_14' title="bbox 896 1850 3421 1931; baseline -0 -17"><span class='ocrx_word' id='word_1_102' title='bbox 896 1852 972 1914; x_wconf 90' lang='lat' dir='ltr'><strong>ad</strong></span> <span class='ocrx_word' id='word_1_103' title='bbox 1007 1852 1170 1913; x_wconf 91' lang='lat' dir='ltr'><strong>intra</strong></span> <span class='ocrx_word' id='word_1_104' title='bbox 1203 1853 1266 1914; x_wconf 91' lang='lat' dir='ltr'><strong>in</strong></span> <span class='ocrx_word' id='word_1_105' title='bbox 1308 1852 1564 1920; x_wconf 90' lang='lat' dir='ltr'><strong>divinis,</strong></span> <span class='ocrx_word' id='word_1_106' title='bbox 1598 1860 1660 1913; x_wconf 89' lang='lat' dir='ltr'><strong>et</strong></span> <span class='ocrx_word' id='word_1_107' title='bbox 1703 1860 1912 1914; x_wconf 90' lang='lat' dir='ltr'><strong>manet</strong></span> <span class='ocrx_word' id='word_1_108' title='bbox 1957 1853 2020 1913; x_wconf 89' lang='lat' dir='ltr'><strong>in</strong></span> <span class='ocrx_word' id='word_1_109' title='bbox 2060 1860 2271 1913; x_wconf 87' lang='lat' dir='ltr'><strong>mente</strong></span> <span class='ocrx_word' id='word_1_110' title='bbox 2302 1851 2392 1912; x_wconf 87' lang='lat' dir='ltr'><strong>di·</strong></span> <span class='ocrx_word' id='word_1_111' title='bbox 2425 1851 2472 1912; x_wconf 93' lang='lat' dir='ltr'>B</span> <span class='ocrx_word' id='word_1_112' title='bbox 2501 1858 2624 1923; x_wconf 90' lang='lat' dir='ltr'><strong>tur,</strong></span> <span class='ocrx_word' id='word_1_113' title='bbox 2668 1852 2835 1931; x_wconf 88' lang='lat' dir='ltr'><strong>quod</strong></span> <span class='ocrx_word' id='word_1_114' title='bbox 2888 1869 3016 1912; x_wconf 91' lang='lat' dir='ltr'><strong>non</strong></span> <span class='ocrx_word' id='word_1_115' title='bbox 3066 1859 3161 1913; x_wconf 89' lang='lat' dir='ltr'><strong>est.</strong></span> <span class='ocrx_word' id='word_1_116' title='bbox 3211 1850 3421 1913; x_wconf 88' lang='lat' dir='ltr'><strong>simile</strong></span> 
     </span>
    </p>
   </div>
   <div class='ocr_carea' id='block_1_5' title="bbox 892 1949 2391 3015">
    <p class='ocr_par' dir='ltr' id='par_1_5' title="bbox 892 1949 2391 2407">
     <span class='ocr_line' id='line_1_15' title="bbox 897 1949 2386 2032; baseline 0.002 -21"><span class='ocrx_word' id='word_1_117' title='bbox 897 1951 1134 2028; x_wconf 77' lang='lat' dir='ltr'><strong>centis3</strong></span> <span class='ocrx_word' id='word_1_118' title='bbox 1178 1951 1286 2011; x_wconf 88' lang='lat' dir='ltr'><strong>sed</strong></span> <span class='ocrx_word' id='word_1_119' title='bbox 1332 1958 1393 2011; x_wconf 93' lang='lat' dir='ltr'><strong>et</strong></span> <span class='ocrx_word' id='word_1_120' title='bbox 1437 1952 1497 2011; x_wconf 92' lang='lat' dir='ltr'><strong>id</strong></span> <span class='ocrx_word' id='word_1_121' title='bbox 1539 1951 1706 2031; x_wconf 90' lang='lat' dir='ltr'><strong>quod</strong></span> <span class='ocrx_word' id='word_1_122' title='bbox 1750 1950 2132 2032; x_wconf 80' lang='lat' dir='ltr'><strong>exprimitur</strong></span> <span class='ocrx_word' id='word_1_123' title='bbox 2170 1949 2386 2016; x_wconf 79' lang='lat' dir='ltr'><strong>verbo,</strong></span> 
     </span>
     <span class='ocr_line' id='line_1_16' title="bbox 897 2048 2389 2129; baseline -0.001 -18"><span class='ocrx_word' id='word_1_124' title='bbox 897 2049 1257 2111; x_wconf 82' lang='lat' dir='ltr'><strong>continetur</strong></span> <span class='ocrx_word' id='word_1_125' title='bbox 1290 2049 1352 2110; x_wconf 92' lang='lat' dir='ltr'><strong>in</strong></span> <span class='ocrx_word' id='word_1_126' title='bbox 1385 2049 1598 2110; x_wconf 86' lang='lat' dir='ltr'><strong>verbo,</strong></span> <span class='ocrx_word' id='word_1_127' title='bbox 1625 2049 1804 2109; x_wconf 89' lang='lat' dir='ltr'><strong>Pater</strong></span> <span class='ocrx_word' id='word_1_128' title='bbox 1831 2056 2045 2109; x_wconf 88' lang='lat' dir='ltr'><strong>autem</strong></span> <span class='ocrx_word' id='word_1_129' title='bbox 2077 2067 2144 2109; x_wconf 90' lang='lat' dir='ltr'><strong>se</strong></span> <span class='ocrx_word' id='word_1_130' title='bbox 2178 2048 2389 2129; x_wconf 90' lang='lat' dir='ltr'><strong>ipsum</strong></span> 
     </span>
     <span class='ocr_line' id='line_1_17' title="bbox 897 2145 2389 2227; baseline -0.001 -19"><span class='ocrx_word' id='word_1_131' title='bbox 897 2146 1196 2227; x_wconf 80' lang='lat' dir='ltr'><strong>exprimit</strong></span> <span class='ocrx_word' id='word_1_132' title='bbox 1239 2146 1402 2207; x_wconf 90' lang='lat' dir='ltr'><strong>intra</strong></span> <span class='ocrx_word' id='word_1_133' title='bbox 1445 2165 1514 2207; x_wconf 91' lang='lat' dir='ltr'><strong>se</strong></span> <span class='ocrx_word' id='word_1_134' title='bbox 1558 2165 1673 2208; x_wconf 89' lang='lat' dir='ltr'><strong>suo</strong></span> <span class='ocrx_word' id='word_1_135' title='bbox 1716 2146 1942 2219; x_wconf 86' lang='lat' dir='ltr'><strong>Verbo,</strong></span> <span class='ocrx_word' id='word_1_136' title='bbox 1989 2145 2130 2208; x_wconf 90' lang='lat' dir='ltr'><strong>ideo</strong></span> <span class='ocrx_word' id='word_1_137' title='bbox 2179 2154 2276 2207; x_wconf 91' lang='lat' dir='ltr'><strong>est</strong></span> <span class='ocrx_word' id='word_1_138' title='bbox 2324 2146 2389 2206; x_wconf 91' lang='lat' dir='ltr'><strong>in</strong></span> 
     </span>
     <span class='ocr_line' id='line_1_18' title="bbox 893 2244 2391 2308; baseline -0.002 -1"><span class='ocrx_word' id='word_1_139' title='bbox 893 2265 987 2308; x_wconf 88' lang='lat' dir='ltr'><strong>eo.</strong></span> <span class='ocrx_word' id='word_1_140' title='bbox 1035 2246 1177 2307; x_wconf 82' lang='lat' dir='ltr'><strong>Haec</strong></span> <span class='ocrx_word' id='word_1_141' title='bbox 1236 2246 1402 2306; x_wconf 90' lang='lat' dir='ltr'><strong>idem</strong></span> <span class='ocrx_word' id='word_1_142' title='bbox 1463 2246 1528 2306; x_wconf 91' lang='lat' dir='ltr'><strong>in</strong></span> <span class='ocrx_word' id='word_1_143' title='bbox 1588 2246 1864 2308; x_wconf 89' lang='lat' dir='ltr'><strong>Summa.</strong></span> <span class='ocrx_word' id='word_1_144' title='bbox 1909 2281 1990 2290; x_wconf 95' lang='lat'>—</span> <span class='ocrx_word' id='word_1_145' title='bbox 2042 2244 2391 2307; x_wconf 90' lang='lat' dir='ltr'><strong>Concordat</strong></span> 
     </span>
     <span class='ocr_line' id='line_1_19' title="bbox 892 2345 1128 2407; baseline -0.008 0"><span class='ocrx_word' id='word_1_146' title='bbox 892 2345 1128 2407; x_wconf 81' lang='lat' dir='ltr'><strong>Petrus,</strong></span> 
     </span>
    </p>

    <p class='ocr_par' dir='ltr' id='par_1_6' title="bbox 892 2442 2391 3015">
     <span class='ocr_line' id='line_1_20' title="bbox 971 2442 2390 2523; baseline -0.003 -18"><span class='ocrx_word' id='word_1_147' title='bbox 971 2443 1316 2506; x_wconf 88' lang='lat' dir='ltr'><strong>Richardus</strong></span> <span class='ocrx_word' id='word_1_148' title='bbox 1349 2460 1596 2523; x_wconf 89' lang='lat' dir='ltr'><strong>quoque</strong></span> <span class='ocrx_word' id='word_1_149' title='bbox 1628 2442 1978 2523; x_wconf 84' lang='lat' dir='ltr'><strong>praehabita</strong></span> <span class='ocrx_word' id='word_1_150' title='bbox 2008 2442 2261 2523; x_wconf 90' lang='lat' dir='ltr'><strong>planius</strong></span> <span class='ocrx_word' id='word_1_151' title='bbox 2291 2460 2390 2503; x_wconf 90' lang='lat' dir='ltr'><strong>ex-</strong></span> 
     </span>
     <span class='ocr_line' id='line_1_21' title="bbox 894 2540 2389 2622; baseline -0.001 -21"><span class='ocrx_word' id='word_1_152' title='bbox 894 2542 1175 2622; x_wconf 89' lang='lat' dir='ltr'><strong>primens</strong></span> <span class='ocrx_word' id='word_1_153' title='bbox 1211 2560 1224 2603; x_wconf 74' lang='grc' dir='ltr'><strong>ε</strong></span> <span class='ocrx_word' id='word_1_154' title='bbox 1259 2542 1493 2615; x_wconf 77' lang='lat' dir='ltr'><strong>Virtus,</strong></span> <span class='ocrx_word' id='word_1_155' title='bbox 1527 2543 1634 2615; x_wconf 86' lang='lat' dir='ltr'><strong>ait,</strong></span> <span class='ocrx_word' id='word_1_156' title='bbox 1669 2550 1764 2603; x_wconf 89' lang='lat' dir='ltr'><strong>est</strong></span> <span class='ocrx_word' id='word_1_157' title='bbox 1795 2561 2120 2603; x_wconf 87' lang='lat' dir='ltr'><strong>summum</strong></span> <span class='ocrx_word' id='word_1_158' title='bbox 2153 2560 2265 2601; x_wconf 91' lang='lat' dir='ltr'><strong>seu</strong></span> <span class='ocrx_word' id='word_1_159' title='bbox 2300 2540 2389 2600; x_wconf 88' lang='lat' dir='ltr'><strong>ul—</strong></span> 
     </span>
     <span class='ocr_line' id='line_1_22' title="bbox 893 2640 2387 2721; baseline -0.001 -20"><span class='ocrx_word' id='word_1_160' title='bbox 893 2640 1122 2701; x_wconf 90' lang='lat' dir='ltr'><strong>timum</strong></span> <span class='ocrx_word' id='word_1_161' title='bbox 1171 2640 1234 2702; x_wconf 92' lang='lat' dir='ltr'><strong>in</strong></span> <span class='ocrx_word' id='word_1_162' title='bbox 1280 2642 1446 2721; x_wconf 89' lang='lat' dir='ltr'><strong>quod</strong></span> <span class='ocrx_word' id='word_1_163' title='bbox 1493 2660 1592 2701; x_wconf 91' lang='lat' dir='ltr'><strong>res</strong></span> <span class='ocrx_word' id='word_1_164' title='bbox 1637 2648 1860 2721; x_wconf 88' lang='lat' dir='ltr'><strong>potest.</strong></span> <span class='ocrx_word' id='word_1_165' title='bbox 1899 2640 2126 2701; x_wconf 90' lang='lat' dir='ltr'><strong>Divina</strong></span> <span class='ocrx_word' id='word_1_166' title='bbox 2173 2646 2387 2700; x_wconf 89' lang='lat' dir='ltr'><strong>autem</strong></span> 
     </span>
     <span class='ocr_line' id='line_1_23' title="bbox 892 2738 2391 2819; baseline -0.002 -19"><span class='ocrx_word' id='word_1_167' title='bbox 892 2739 1095 2800; x_wconf 88' lang='lat' dir='ltr'><strong>virtus</strong></span> <span class='ocrx_word' id='word_1_168' title='bbox 1139 2740 1347 2819; x_wconf 91' lang='lat' dir='ltr'><strong>primo</strong></span> <span class='ocrx_word' id='word_1_169' title='bbox 1392 2738 1740 2800; x_wconf 89' lang='lat' dir='ltr'><strong>secundum</strong></span> <span class='ocrx_word' id='word_1_170' title='bbox 1790 2738 2098 2800; x_wconf 87' lang='lat' dir='ltr'><strong>rationem</strong></span> <span class='ocrx_word' id='word_1_171' title='bbox 2141 2755 2391 2817; x_wconf 89' lang='lat' dir='ltr'><strong>compa-</strong></span> 
     </span>
     <span class='ocr_line' id='line_1_24' title="bbox 895 2835 2388 2916; baseline -0.003 -18"><span class='ocrx_word' id='word_1_172' title='bbox 895 2844 1068 2898; x_wconf 88' lang='lat' dir='ltr'><strong>ratur</strong></span> <span class='ocrx_word' id='word_1_173' title='bbox 1105 2837 1182 2898; x_wconf 90' lang='lat' dir='ltr'><strong>ad</strong></span> <span class='ocrx_word' id='word_1_174' title='bbox 1224 2837 1320 2898; x_wconf 90' lang='lat' dir='ltr'><strong>sui</strong></span> <span class='ocrx_word' id='word_1_175' title='bbox 1364 2856 1501 2897; x_wconf 88' lang='lat' dir='ltr'><strong>esse</strong></span> <span class='ocrx_word' id='word_1_176' title='bbox 1542 2836 1962 2908; x_wconf 79' lang='lat' dir='ltr'><strong>durationem,</strong></span> <span class='ocrx_word' id='word_1_177' title='bbox 1997 2835 2217 2916; x_wconf 89' lang='lat' dir='ltr'><strong>sicque</strong></span> <span class='ocrx_word' id='word_1_178' title='bbox 2261 2853 2388 2895; x_wconf 88' lang='lat' dir='ltr'><strong>ma—</strong></span> 
     </span>
     <span class='ocr_line' id='line_1_25' title="bbox 893 2934 2390 3015; baseline -0.001 -19"><span class='ocrx_word' id='word_1_179' title='bbox 893 2936 1138 2997; x_wconf 90' lang='lat' dir='ltr'><strong>ximum</strong></span> <span class='ocrx_word' id='word_1_180' title='bbox 1199 2936 1262 2996; x_wconf 90' lang='lat' dir='ltr'><strong>in</strong></span> <span class='ocrx_word' id='word_1_181' title='bbox 1324 2936 1490 3015; x_wconf 86' lang='lat' dir='ltr'><strong>quod</strong></span> <span class='ocrx_word' id='word_1_182' title='bbox 1553 2942 1759 3015; x_wconf 89' lang='lat' dir='ltr'><strong>potest</strong></span> <span class='ocrx_word' id='word_1_183' title='bbox 1817 2942 1912 2996; x_wconf 88' lang='lat' dir='ltr'><strong>est</strong></span> <span class='ocrx_word' id='word_1_184' title='bbox 1971 2953 2085 2995; x_wconf 93' lang='lat' dir='ltr'><strong>sua</strong></span> <span class='ocrx_word' id='word_1_185' title='bbox 2142 2934 2390 2995; x_wconf 87' lang='lat' dir='ltr'><strong>duratio</strong></span> 
     </span>
    </p>
   </div>
   <div class='ocr_carea' id='block_1_6' title="bbox 894 3033 2468 3095">
    <p class='ocr_par' dir='ltr' id='par_1_7' title="bbox 894 3033 2468 3095">
     <span class='ocr_line' id='line_1_26' title="bbox 894 3033 2468 3095; baseline 0 0"><span class='ocrx_word' id='word_1_186' title='bbox 894 3042 1023 3095; x_wconf 88' lang='lat' dir='ltr'><strong>tota</strong></span> <span class='ocrx_word' id='word_1_187' title='bbox 1069 3034 1260 3094; x_wconf 91' lang='lat' dir='ltr'><strong>simul</strong></span> <span class='ocrx_word' id='word_1_188' title='bbox 1312 3034 1448 3095; x_wconf 88' lang='lat' dir='ltr'><strong>sine</strong></span> <span class='ocrx_word' id='word_1_189' title='bbox 1503 3033 1684 3094; x_wconf 91' lang='lat' dir='ltr'><strong>initio</strong></span> <span class='ocrx_word' id='word_1_190' title='bbox 1727 3041 1790 3094; x_wconf 86' lang='lat' dir='ltr'><strong>et</strong></span> <span class='ocrx_word' id='word_1_191' title='bbox 1842 3033 1971 3094; x_wconf 90' lang='lat' dir='ltr'><strong>fine</strong></span> <span class='ocrx_word' id='word_1_192' title='bbox 2009 3040 2119 3093; x_wconf 90' lang='lat' dir='ltr'><strong>:et</strong></span> <span class='ocrx_word' id='word_1_193' title='bbox 2169 3050 2390 3093; x_wconf 89' lang='lat' dir='ltr'><strong>secun-</strong></span> <span class='ocrx_word' id='word_1_194' title='bbox 2426 3034 2468 3095; x_wconf 89' lang='lat' dir='ltr'>C</span> 
     </span>
    </p>
   </div>
   <div class='ocr_carea' id='block_1_7' title="bbox 892 3131 2393 4189">
    <p class='ocr_par' dir='ltr' id='par_1_8' title="bbox 892 3131 2393 4189">
     <span class='ocr_line' id='line_1_27' title="bbox 893 3131 2391 3213; baseline -0.001 -20"><span class='ocrx_word' id='word_1_195' title='bbox 893 3133 1045 3194; x_wconf 91' lang='lat' dir='ltr'><strong>dum</strong></span> <span class='ocrx_word' id='word_1_196' title='bbox 1078 3132 1219 3205; x_wconf 88' lang='lat' dir='ltr'><strong>hoc,</strong></span> <span class='ocrx_word' id='word_1_197' title='bbox 1255 3132 1573 3213; x_wconf 82' lang='lat' dir='ltr'><strong>quantitas</strong></span> <span class='ocrx_word' id='word_1_198' title='bbox 1605 3131 1859 3193; x_wconf 90' lang='lat' dir='ltr'><strong>virtutis</strong></span> <span class='ocrx_word' id='word_1_199' title='bbox 1894 3132 1958 3192; x_wconf 90' lang='lat' dir='ltr'><strong>in</strong></span> <span class='ocrx_word' id='word_1_200' title='bbox 1991 3131 2118 3193; x_wconf 94' lang='lat' dir='ltr'><strong>Deo</strong></span> <span class='ocrx_word' id='word_1_201' title='bbox 2148 3138 2244 3192; x_wconf 87' lang='lat' dir='ltr'><strong>est</strong></span> <span class='ocrx_word' id='word_1_202' title='bbox 2276 3150 2391 3192; x_wconf 89' lang='lat' dir='ltr'><strong>sua</strong></span> 
     </span>
     <span class='ocr_line' id='line_1_28' title="bbox 893 3228 2390 3311; baseline -0.003 -18"><span class='ocrx_word' id='word_1_203' title='bbox 893 3231 1228 3293; x_wconf 62' lang='lat' dir='ltr'><strong>aeternitas.</strong></span> <span class='ocrx_word' id='word_1_204' title='bbox 1273 3231 1684 3310; x_wconf 88' lang='lat' dir='ltr'><strong>Comparatur</strong></span> <span class='ocrx_word' id='word_1_205' title='bbox 1733 3248 1985 3311; x_wconf 90' lang='lat' dir='ltr'><strong>quoque</strong></span> <span class='ocrx_word' id='word_1_206' title='bbox 2034 3231 2111 3290; x_wconf 92' lang='lat' dir='ltr'><strong>ad</strong></span> <span class='ocrx_word' id='word_1_207' title='bbox 2162 3228 2390 3290; x_wconf 86' lang='lat' dir='ltr'><strong>exteri-</strong></span> 
     </span>
     <span class='ocr_line' id='line_1_29' title="bbox 893 3327 2387 3410; baseline -0.003 -19"><span class='ocrx_word' id='word_1_208' title='bbox 893 3347 1068 3391; x_wconf 83' lang='lat' dir='ltr'><strong>orem</strong></span> <span class='ocrx_word' id='word_1_209' title='bbox 1128 3329 1582 3410; x_wconf 85' lang='lat' dir='ltr'><strong>operationem,</strong></span> <span class='ocrx_word' id='word_1_210' title='bbox 1634 3336 1696 3388; x_wconf 89' lang='lat' dir='ltr'><strong>et</strong></span> <span class='ocrx_word' id='word_1_211' title='bbox 1755 3328 1848 3388; x_wconf 90' lang='lat' dir='ltr'><strong>sic</strong></span> <span class='ocrx_word' id='word_1_212' title='bbox 1909 3327 2259 3389; x_wconf 90' lang='lat' dir='ltr'><strong>maximum</strong></span> <span class='ocrx_word' id='word_1_213' title='bbox 2322 3327 2387 3387; x_wconf 92' lang='lat' dir='ltr'><strong>in</strong></span> 
     </span>
     <span class='ocr_line' id='line_1_30' title="bbox 895 3425 2389 3509; baseline -0.001 -22"><span class='ocrx_word' id='word_1_214' title='bbox 895 3428 1062 3508; x_wconf 90' lang='lat' dir='ltr'><strong>quod</strong></span> <span class='ocrx_word' id='word_1_215' title='bbox 1097 3435 1322 3509; x_wconf 85' lang='lat' dir='ltr'><strong>potest,</strong></span> <span class='ocrx_word' id='word_1_216' title='bbox 1343 3435 1438 3488; x_wconf 87' lang='lat' dir='ltr'><strong>est</strong></span> <span class='ocrx_word' id='word_1_217' title='bbox 1468 3428 1634 3508; x_wconf 93' lang='lat' dir='ltr'><strong>quod</strong></span> <span class='ocrx_word' id='word_1_218' title='bbox 1669 3433 1874 3508; x_wconf 87' lang='lat' dir='ltr'><strong>potest</strong></span> <span class='ocrx_word' id='word_1_219' title='bbox 1907 3427 1970 3487; x_wconf 89' lang='lat' dir='ltr'><strong>in</strong></span> <span class='ocrx_word' id='word_1_220' title='bbox 2002 3444 2191 3487; x_wconf 91' lang='lat' dir='ltr'><strong>omne</strong></span> <span class='ocrx_word' id='word_1_221' title='bbox 2224 3425 2389 3505; x_wconf 89' lang='lat' dir='ltr'><strong>quod</strong></span> 
     </span>
     <span class='ocr_line' id='line_1_31' title="bbox 895 3524 2393 3605; baseline -0.002 -18"><span class='ocrx_word' id='word_1_222' title='bbox 895 3526 1458 3588; x_wconf 88' lang='lat' dir='ltr'><strong>contradictionem</strong></span> <span class='ocrx_word' id='word_1_223' title='bbox 1491 3543 1618 3586; x_wconf 91' lang='lat' dir='ltr'><strong>non</strong></span> <span class='ocrx_word' id='word_1_224' title='bbox 1651 3525 1936 3605; x_wconf 90' lang='lat' dir='ltr'><strong>implicat</strong></span> <span class='ocrx_word' id='word_1_225' title='bbox 1957 3542 1969 3586; x_wconf 92' lang='lat'>:</span> <span class='ocrx_word' id='word_1_226' title='bbox 1990 3533 2052 3584; x_wconf 88' lang='lat' dir='ltr'><strong>et</strong></span> <span class='ocrx_word' id='word_1_227' title='bbox 2085 3524 2169 3585; x_wconf 90' lang='lat' dir='ltr'><strong>ita</strong></span> <span class='ocrx_word' id='word_1_228' title='bbox 2201 3543 2393 3604; x_wconf 88' lang='lat' dir='ltr'><strong>quan-</strong></span> 
     </span>
     <span class='ocr_line' id='line_1_32' title="bbox 894 3621 2383 3703; baseline -0.003 -17"><span class='ocrx_word' id='word_1_229' title='bbox 894 3626 1037 3686; x_wconf 83' lang='lat' dir='ltr'><strong>titas</strong></span> <span class='ocrx_word' id='word_1_230' title='bbox 1071 3625 1323 3686; x_wconf 88' lang='lat' dir='ltr'><strong>virtutis</strong></span> <span class='ocrx_word' id='word_1_231' title='bbox 1358 3623 1422 3685; x_wconf 89' lang='lat' dir='ltr'><strong>in</strong></span> <span class='ocrx_word' id='word_1_232' title='bbox 1455 3625 1581 3685; x_wconf 85' lang='lat' dir='ltr'><strong>Deo</strong></span> <span class='ocrx_word' id='word_1_233' title='bbox 1611 3631 1703 3684; x_wconf 89' lang='lat' dir='ltr'><strong>est</strong></span> <span class='ocrx_word' id='word_1_234' title='bbox 1737 3623 2195 3703; x_wconf 83' lang='lat' dir='ltr'><strong>omnipotentia</strong></span> <span class='ocrx_word' id='word_1_235' title='bbox 2224 3621 2383 3702; x_wconf 83' lang='lat' dir='ltr'><strong>ejus,</strong></span> 
     </span>
     <span class='ocr_line' id='line_1_33' title="bbox 895 3718 2387 3804; baseline -0.004 -19"><span class='ocrx_word' id='word_1_236' title='bbox 895 3724 1306 3804; x_wconf 87' lang='lat' dir='ltr'><strong>Comparatur</strong></span> <span class='ocrx_word' id='word_1_237' title='bbox 1357 3722 1509 3783; x_wconf 89' lang='lat' dir='ltr'><strong>item</strong></span> <span class='ocrx_word' id='word_1_238' title='bbox 1559 3721 1635 3782; x_wconf 90' lang='lat' dir='ltr'><strong>ad</strong></span> <span class='ocrx_word' id='word_1_239' title='bbox 1687 3740 1867 3782; x_wconf 89' lang='lat' dir='ltr'><strong>suam</strong></span> <span class='ocrx_word' id='word_1_240' title='bbox 1931 3718 2387 3801; x_wconf 84' lang='lat' dir='ltr'><strong>perfectionem</strong></span> 
     </span>
     <span class='ocr_line' id='line_1_34' title="bbox 894 3819 2389 3899; baseline -0.002 -17"><span class='ocrx_word' id='word_1_241' title='bbox 894 3822 1325 3890; x_wconf 81' lang='lat' dir='ltr'><strong>intrinsecam,</strong></span> <span class='ocrx_word' id='word_1_242' title='bbox 1360 3829 1422 3880; x_wconf 87' lang='lat' dir='ltr'><strong>et</strong></span> <span class='ocrx_word' id='word_1_243' title='bbox 1453 3821 1544 3881; x_wconf 90' lang='lat' dir='ltr'><strong>sic</strong></span> <span class='ocrx_word' id='word_1_244' title='bbox 1587 3819 1935 3880; x_wconf 86' lang='lat' dir='ltr'><strong>maximnm</strong></span> <span class='ocrx_word' id='word_1_245' title='bbox 1983 3819 2046 3879; x_wconf 93' lang='lat' dir='ltr'><strong>in</strong></span> <span class='ocrx_word' id='word_1_246' title='bbox 2080 3819 2247 3899; x_wconf 89' lang='lat' dir='ltr'><strong>quod</strong></span> <span class='ocrx_word' id='word_1_247' title='bbox 2284 3836 2389 3898; x_wconf 92' lang='lat' dir='ltr'><strong>po-</strong></span> 
     </span>
     <span class='ocr_line' id='line_1_35' title="bbox 893 3916 2389 4000; baseline -0.004 -19"><span class='ocrx_word' id='word_1_248' title='bbox 893 3927 1034 3990; x_wconf 86' lang='lat' dir='ltr'><strong>test,</strong></span> <span class='ocrx_word' id='word_1_249' title='bbox 1078 3927 1174 3980; x_wconf 89' lang='lat' dir='ltr'><strong>est</strong></span> <span class='ocrx_word' id='word_1_250' title='bbox 1225 3917 1633 4000; x_wconf 64' lang='lat' dir='ltr'><strong>porrectionis</strong></span> <span class='ocrx_word' id='word_1_251' title='bbox 1687 3917 2084 3978; x_wconf 87' lang='lat' dir='ltr'><strong>immensitas</strong></span> <span class='ocrx_word' id='word_1_252' title='bbox 2121 3934 2133 3976; x_wconf 92' lang='lat'>:</span> <span class='ocrx_word' id='word_1_253' title='bbox 2169 3916 2389 3996; x_wconf 79' lang='lat' dir='ltr'><strong>sicque</strong></span> 
     </span>
     <span class='ocr_line' id='line_1_36' title="bbox 894 4014 2391 4099; baseline -0.002 -21"><span class='ocrx_word' id='word_1_254' title='bbox 894 4018 1212 4099; x_wconf 87' lang='lat' dir='ltr'><strong>quantitas</strong></span> <span class='ocrx_word' id='word_1_255' title='bbox 1257 4016 1510 4080; x_wconf 84' lang='lat' dir='ltr'><strong>virtutis</strong></span> <span class='ocrx_word' id='word_1_256' title='bbox 1551 4017 1617 4078; x_wconf 91' lang='lat' dir='ltr'><strong>in</strong></span> <span class='ocrx_word' id='word_1_257' title='bbox 1658 4017 1785 4077; x_wconf 89' lang='lat' dir='ltr'><strong>Deo</strong></span> <span class='ocrx_word' id='word_1_258' title='bbox 1828 4015 1947 4076; x_wconf 90' lang='lat' dir='ltr'><strong>suh</strong></span> <span class='ocrx_word' id='word_1_259' title='bbox 1991 4014 2233 4076; x_wconf 89' lang='lat' dir='ltr'><strong>ratione</strong></span> <span class='ocrx_word' id='word_1_260' title='bbox 2266 4033 2391 4096; x_wconf 86' lang='lat' dir='ltr'><strong>qua</strong></span> 
     </span>
     <span class='ocr_line' id='line_1_37' title="bbox 892 4103 2385 4189; baseline -0.003 -12"><span class='ocrx_word' id='word_1_261' title='bbox 892 4125 989 4177; x_wconf 90' lang='lat' dir='ltr'><strong>est</strong></span> <span class='ocrx_word' id='word_1_262' title='bbox 1046 4103 1339 4189; x_wconf 80' lang='lat' dir='ltr'><strong>essentia,</strong></span> <span class='ocrx_word' id='word_1_263' title='bbox 1392 4124 1485 4176; x_wconf 88' lang='lat' dir='ltr'><strong>est</strong></span> <span class='ocrx_word' id='word_1_264' title='bbox 1543 4113 1834 4176; x_wconf 82' lang='lat' dir='ltr'><strong>essentiae</strong></span> <span class='ocrx_word' id='word_1_265' title='bbox 1893 4133 2022 4174; x_wconf 84' lang='lat' dir='ltr'><strong>suae</strong></span> <span class='ocrx_word' id='word_1_266' title='bbox 2077 4110 2385 4184; x_wconf 80' lang='lat' dir='ltr'><strong>infinitaS,</strong></span> 
     </span>
    </p>
   </div>
   <div class='ocr_carea' id='block_1_8' title="bbox 2496 767 4003 4198">
    <p class='ocr_par' dir='ltr' id='par_1_9' title="bbox 2496 767 4003 4198">
     <span class='ocr_line' id='line_1_38' title="bbox 2498 767 3997 850; baseline 0.003 -23"><span class='ocrx_word' id='word_1_267' title='bbox 2498 767 2852 829; x_wconf 89' lang='lat' dir='ltr'><strong>essentialis</strong></span> <span class='ocrx_word' id='word_1_268' title='bbox 2895 787 3040 830; x_wconf 92' lang='lat' dir='ltr'><strong>cum</strong></span> <span class='ocrx_word' id='word_1_269' title='bbox 3085 769 3399 850; x_wconf 89' lang='lat' dir='ltr'><strong>personali</strong></span> <span class='ocrx_word' id='word_1_270' title='bbox 3441 769 3870 844; x_wconf 87' lang='lat' dir='ltr'><strong>distinctione,</strong></span> <span class='ocrx_word' id='word_1_271' title='bbox 3905 771 3997 832; x_wconf 88' lang='lat' dir='ltr'><strong>ita</strong></span> 
     </span>
     <span class='ocr_line' id='line_1_39' title="bbox 2499 866 3993 947; baseline 0.002 -21"><span class='ocrx_word' id='word_1_272' title='bbox 2499 866 2667 947; x_wconf 89' lang='lat' dir='ltr'><strong>quod</strong></span> <span class='ocrx_word' id='word_1_273' title='bbox 2698 866 3023 928; x_wconf 86' lang='lat' dir='ltr'><strong>distinctio</strong></span> <span class='ocrx_word' id='word_1_274' title='bbox 3064 876 3160 928; x_wconf 88' lang='lat' dir='ltr'><strong>est</strong></span> <span class='ocrx_word' id='word_1_275' title='bbox 3192 868 3525 929; x_wconf 89' lang='lat' dir='ltr'><strong>inconfusa</strong></span> <span class='ocrx_word' id='word_1_276' title='bbox 3554 876 3617 929; x_wconf 87' lang='lat' dir='ltr'><strong>et</strong></span> <span class='ocrx_word' id='word_1_277' title='bbox 3659 869 3865 930; x_wconf 89' lang='lat' dir='ltr'><strong>unitas</strong></span> <span class='ocrx_word' id='word_1_278' title='bbox 3897 870 3993 929; x_wconf 92' lang='lat' dir='ltr'><strong>in-</strong></span> 
     </span>
     <span class='ocr_line' id='line_1_40' title="bbox 2498 964 3995 1043; baseline 0.002 -17"><span class='ocrx_word' id='word_1_279' title='bbox 2498 964 2841 1043; x_wconf 75' lang='lat' dir='ltr'><strong>distincta:</strong></span> <span class='ocrx_word' id='word_1_280' title='bbox 2894 965 3043 1027; x_wconf 90' lang='lat' dir='ltr'><strong>hinc</strong></span> <span class='ocrx_word' id='word_1_281' title='bbox 3095 967 3615 1029; x_wconf 87' lang='lat' dir='ltr'><strong>circumincessio</strong></span> <span class='ocrx_word' id='word_1_282' title='bbox 3674 968 3793 1029; x_wconf 86' lang='lat' dir='ltr'><strong>ista</strong></span> <span class='ocrx_word' id='word_1_283' title='bbox 3840 967 3995 1031; x_wconf 91' lang='lat' dir='ltr'><strong>solis</strong></span> 
     </span>
     <span class='ocr_line' id='line_1_41' title="bbox 2498 1064 3993 1147; baseline 0.003 -24"><span class='ocrx_word' id='word_1_284' title='bbox 2498 1064 2735 1125; x_wconf 90' lang='lat' dir='ltr'><strong>divinis</strong></span> <span class='ocrx_word' id='word_1_285' title='bbox 2782 1065 3068 1145; x_wconf 88' lang='lat' dir='ltr'><strong>personis</strong></span> <span class='ocrx_word' id='word_1_286' title='bbox 3112 1073 3209 1126; x_wconf 92' lang='lat' dir='ltr'><strong>est</strong></span> <span class='ocrx_word' id='word_1_287' title='bbox 3255 1066 3527 1147; x_wconf 89' lang='lat' dir='ltr'><strong>propria.</strong></span> <span class='ocrx_word' id='word_1_288' title='bbox 3562 1101 3641 1110; x_wconf 94' lang='lat'>—</span> <span class='ocrx_word' id='word_1_289' title='bbox 3672 1066 3735 1127; x_wconf 92' lang='lat' dir='ltr'><strong>Si</strong></span> <span class='ocrx_word' id='word_1_290' title='bbox 3778 1075 3993 1128; x_wconf 86' lang='lat' dir='ltr'><strong>autem</strong></span> 
     </span>
     <span class='ocr_line' id='line_1_42' title="bbox 2499 1161 3996 1245; baseline 0.003 -24"><span class='ocrx_word' id='word_1_291' title='bbox 2499 1161 2861 1241; x_wconf 88' lang='lat' dir='ltr'><strong>objiciatur,</strong></span> <span class='ocrx_word' id='word_1_292' title='bbox 2896 1164 3066 1244; x_wconf 93' lang='lat' dir='ltr'><strong>quod</strong></span> <span class='ocrx_word' id='word_1_293' title='bbox 3119 1182 3244 1225; x_wconf 89' lang='lat' dir='ltr'><strong>nna</strong></span> <span class='ocrx_word' id='word_1_294' title='bbox 3292 1164 3567 1225; x_wconf 88' lang='lat' dir='ltr'><strong>essentia</strong></span> <span class='ocrx_word' id='word_1_295' title='bbox 3610 1182 3736 1226; x_wconf 92' lang='lat' dir='ltr'><strong>non</strong></span> <span class='ocrx_word' id='word_1_296' title='bbox 3787 1173 3996 1245; x_wconf 90' lang='lat' dir='ltr'><strong>potest</strong></span> 
     </span>
     <span class='ocr_line' id='line_1_43' title="bbox 2498 1259 3997 1344; baseline 0.004 -25"><span class='ocrx_word' id='word_1_297' title='bbox 2498 1277 2636 1320; x_wconf 88' lang='lat' dir='ltr'><strong>esse</strong></span> <span class='ocrx_word' id='word_1_298' title='bbox 2669 1260 2734 1321; x_wconf 91' lang='lat' dir='ltr'><strong>in</strong></span> <span class='ocrx_word' id='word_1_299' title='bbox 2774 1259 2897 1322; x_wconf 90' lang='lat' dir='ltr'><strong>alia</strong></span> <span class='ocrx_word' id='word_1_300' title='bbox 2938 1261 3061 1322; x_wconf 90' lang='lat' dir='ltr'><strong>nisi</strong></span> <span class='ocrx_word' id='word_1_301' title='bbox 3095 1281 3208 1342; x_wconf 90' lang='lat' dir='ltr'><strong>per</strong></span> <span class='ocrx_word' id='word_1_302' title='bbox 3249 1262 3568 1343; x_wconf 88' lang='lat' dir='ltr'><strong>illapsum.</strong></span> <span class='ocrx_word' id='word_1_303' title='bbox 3606 1262 3669 1324; x_wconf 91' lang='lat' dir='ltr'><strong>Si</strong></span> <span class='ocrx_word' id='word_1_304' title='bbox 3710 1281 3860 1344; x_wconf 87' lang='lat' dir='ltr'><strong>ergo</strong></span> <span class='ocrx_word' id='word_1_305' title='bbox 3900 1264 3997 1325; x_wconf 90' lang='lat' dir='ltr'><strong>di-</strong></span> 
     </span>
     <span class='ocr_line' id='line_1_44' title="bbox 2500 1358 3997 1439; baseline 0.003 -20"><span class='ocrx_word' id='word_1_306' title='bbox 2500 1358 2663 1421; x_wconf 84' lang='lat' dir='ltr'><strong>vinae</strong></span> <span class='ocrx_word' id='word_1_307' title='bbox 2694 1377 2977 1439; x_wconf 80' lang='lat' dir='ltr'><strong>personae</strong></span> <span class='ocrx_word' id='word_1_308' title='bbox 3018 1368 3165 1421; x_wconf 89' lang='lat' dir='ltr'><strong>sunt</strong></span> <span class='ocrx_word' id='word_1_309' title='bbox 3206 1360 3269 1421; x_wconf 90' lang='lat' dir='ltr'><strong>in</strong></span> <span class='ocrx_word' id='word_1_310' title='bbox 3309 1361 3612 1422; x_wconf 88' lang='lat' dir='ltr'><strong>alterutra</strong></span> <span class='ocrx_word' id='word_1_311' title='bbox 3649 1361 3997 1423; x_wconf 88' lang='lat' dir='ltr'><strong>circumin-</strong></span> 
     </span>
     <span class='ocr_line' id='line_1_45' title="bbox 2500 1456 3997 1540; baseline 0.002 -23"><span class='ocrx_word' id='word_1_312' title='bbox 2500 1456 2901 1531; x_wconf 85' lang='lat' dir='ltr'><strong>cessibiliter,</strong></span> <span class='ocrx_word' id='word_1_313' title='bbox 2956 1458 3245 1540; x_wconf 88' lang='lat' dir='ltr'><strong>sequitur</strong></span> <span class='ocrx_word' id='word_1_314' title='bbox 3292 1459 3461 1539; x_wconf 92' lang='lat' dir='ltr'><strong>quod</strong></span> <span class='ocrx_word' id='word_1_315' title='bbox 3524 1478 3648 1521; x_wconf 87' lang='lat' dir='ltr'><strong>una</strong></span> <span class='ocrx_word' id='word_1_316' title='bbox 3709 1459 3997 1522; x_wconf 88' lang='lat' dir='ltr'><strong>illabitur</strong></span> 
     </span>
     <span class='ocr_line' id='line_1_46' title="bbox 2498 1554 3995 1640; baseline 0.003 -25"><span class='ocrx_word' id='word_1_317' title='bbox 2498 1554 2701 1624; x_wconf 84' lang='lat' dir='ltr'><strong>alteri,</strong></span> <span class='ocrx_word' id='word_1_318' title='bbox 2736 1556 2901 1617; x_wconf 88' lang='lat' dir='ltr'><strong>sicut</strong></span> <span class='ocrx_word' id='word_1_319' title='bbox 2935 1556 3217 1617; x_wconf 89' lang='lat' dir='ltr'><strong>illabitur</strong></span> <span class='ocrx_word' id='word_1_320' title='bbox 3247 1558 3412 1619; x_wconf 90' lang='lat' dir='ltr'><strong>Deus</strong></span> <span class='ocrx_word' id='word_1_321' title='bbox 3448 1558 3753 1619; x_wconf 89' lang='lat' dir='ltr'><strong>creaturis</strong></span> <span class='ocrx_word' id='word_1_322' title='bbox 3780 1560 3995 1640; x_wconf 87' lang='lat' dir='ltr'><strong>:quod</strong></span> 
     </span>
     <span class='ocr_line' id='line_1_47' title="bbox 2500 1653 3991 1736; baseline 0.003 -23"><span class='ocrx_word' id='word_1_323' title='bbox 2500 1671 2637 1713; x_wconf 89' lang='lat' dir='ltr'><strong>esse</strong></span> <span class='ocrx_word' id='word_1_324' title='bbox 2670 1671 2797 1715; x_wconf 91' lang='lat' dir='ltr'><strong>non</strong></span> <span class='ocrx_word' id='word_1_325' title='bbox 2828 1653 3016 1717; x_wconf 87' lang='lat' dir='ltr'><strong>valet.</strong></span> <span class='ocrx_word' id='word_1_326' title='bbox 3052 1674 3249 1735; x_wconf 90' lang='lat' dir='ltr'><strong>quum</strong></span> <span class='ocrx_word' id='word_1_327' title='bbox 3282 1655 3515 1717; x_wconf 75' lang='lat' dir='ltr'><strong>divinae</strong></span> <span class='ocrx_word' id='word_1_328' title='bbox 3550 1674 3833 1736; x_wconf 81' lang='lat' dir='ltr'><strong>personae</strong></span> <span class='ocrx_word' id='word_1_329' title='bbox 3864 1656 3991 1717; x_wconf 88' lang='lat' dir='ltr'><strong>sint</strong></span> 
     </span>
     <span class='ocr_line' id='line_1_48' title="bbox 2500 1753 3997 1835; baseline 0.003 -23"><span class='ocrx_word' id='word_1_330' title='bbox 2500 1770 2679 1831; x_wconf 77' lang='lat' dir='ltr'><strong>aeque</strong></span> <span class='ocrx_word' id='word_1_331' title='bbox 2730 1753 3092 1833; x_wconf 87' lang='lat' dir='ltr'><strong>spirituales</strong></span> <span class='ocrx_word' id='word_1_332' title='bbox 3143 1761 3207 1813; x_wconf 88' lang='lat' dir='ltr'><strong>et</strong></span> <span class='ocrx_word' id='word_1_333' title='bbox 3255 1754 3599 1835; x_wconf 78' lang='lat' dir='ltr'><strong>simplices,</strong></span> <span class='ocrx_word' id='word_1_334' title='bbox 3638 1754 3997 1835; x_wconf 87' lang='lat' dir='ltr'><strong>Responde·</strong></span> 
     </span>
     <span class='ocr_line' id='line_1_49' title="bbox 3466 1853 3991 1933; baseline 0 -20"><span class='ocrx_word' id='word_1_335' title='bbox 3466 1870 3479 1913; x_wconf 93' lang='lat'><strong>:</strong></span> <span class='ocrx_word' id='word_1_336' title='bbox 3524 1853 3825 1933; x_wconf 86' lang='lat' dir='ltr'><strong>quoniam</strong></span> <span class='ocrx_word' id='word_1_337' title='bbox 3880 1853 3991 1914; x_wconf 91' lang='lat' dir='ltr'><strong>nbi</strong></span> 
     </span>
     <span class='ocr_line' id='line_1_50' title="bbox 2500 1949 3989 2024; baseline 0.002 -15"><span class='ocrx_word' id='word_1_338' title='bbox 2500 1949 2747 2010; x_wconf 85' lang='lat' dir='ltr'><strong>exsistit.</strong></span> <span class='ocrx_word' id='word_1_339' title='bbox 2786 1949 3204 2011; x_wconf 87' lang='lat' dir='ltr'><strong>essentiarum</strong></span> <span class='ocrx_word' id='word_1_340' title='bbox 3249 1950 3604 2024; x_wconf 77' lang='lat' dir='ltr'><strong>diversitaS,</strong></span> <span class='ocrx_word' id='word_1_341' title='bbox 3638 1952 3691 2012; x_wconf 92' lang='lat' dir='ltr'><strong>si</strong></span> <span class='ocrx_word' id='word_1_342' title='bbox 3733 1970 3858 2013; x_wconf 88' lang='lat' dir='ltr'><strong>una</strong></span> <span class='ocrx_word' id='word_1_343' title='bbox 3895 1961 3989 2013; x_wconf 85' lang='lat' dir='ltr'><strong>est</strong></span> 
     </span>
     <span class='ocr_line' id='line_1_51' title="bbox 2502 2046 3994 2130; baseline 0.003 -23"><span class='ocrx_word' id='word_1_344' title='bbox 2502 2046 2565 2107; x_wconf 90' lang='lat' dir='ltr'><strong>in</strong></span> <span class='ocrx_word' id='word_1_345' title='bbox 2605 2047 2749 2121; x_wconf 90' lang='lat' dir='ltr'><strong>alia,</strong></span> <span class='ocrx_word' id='word_1_346' title='bbox 2782 2055 3029 2128; x_wconf 85' lang='lat' dir='ltr'><strong>oportet</strong></span> <span class='ocrx_word' id='word_1_347' title='bbox 3064 2049 3231 2129; x_wconf 85' lang='lat' dir='ltr'><strong>quod</strong></span> <span class='ocrx_word' id='word_1_348' title='bbox 3266 2069 3389 2109; x_wconf 90' lang='lat' dir='ltr'><strong>una</strong></span> <span class='ocrx_word' id='word_1_349' title='bbox 3428 2050 3512 2111; x_wconf 92' lang='lat' dir='ltr'><strong>sit</strong></span> <span class='ocrx_word' id='word_1_350' title='bbox 3549 2049 3764 2130; x_wconf 92' lang='lat' dir='ltr'><strong>aliquo</strong></span> <span class='ocrx_word' id='word_1_351' title='bbox 3806 2051 3994 2112; x_wconf 89' lang='lat' dir='ltr'><strong>modo</strong></span> 
     </span>
     <span class='ocr_line' id='line_1_52' title="bbox 2501 2144 3996 2229; baseline 0.003 -25"><span class='ocrx_word' id='word_1_352' title='bbox 2501 2144 2843 2205; x_wconf 88' lang='lat' dir='ltr'><strong>materialis</strong></span> <span class='ocrx_word' id='word_1_353' title='bbox 2894 2154 3187 2226; x_wconf 89' lang='lat' dir='ltr'><strong>respectu</strong></span> <span class='ocrx_word' id='word_1_354' title='bbox 3238 2146 3535 2223; x_wconf 87' lang='lat' dir='ltr'><strong>alterius;</strong></span> <span class='ocrx_word' id='word_1_355' title='bbox 3578 2148 3688 2209; x_wconf 87' lang='lat' dir='ltr'><strong>sed</strong></span> <span class='ocrx_word' id='word_1_356' title='bbox 3739 2148 3996 2229; x_wconf 90' lang='lat' dir='ltr'><strong>quando</strong></span> 
     </span>
     <span class='ocr_line' id='line_1_53' title="bbox 2500 2244 3999 2322; baseline 0.003 -19"><span class='ocrx_word' id='word_1_357' title='bbox 2500 2260 2783 2322; x_wconf 81' lang='lat' dir='ltr'><strong>personae</strong></span> <span class='ocrx_word' id='word_1_358' title='bbox 2848 2252 2995 2304; x_wconf 91' lang='lat' dir='ltr'><strong>sunt</strong></span> <span class='ocrx_word' id='word_1_359' title='bbox 3058 2244 3396 2318; x_wconf 79' lang='lat' dir='ltr'><strong>dist-inctae,</strong></span> <span class='ocrx_word' id='word_1_360' title='bbox 3465 2245 3638 2307; x_wconf 86' lang='lat' dir='ltr'><strong>salva</strong></span> <span class='ocrx_word' id='word_1_361' title='bbox 3702 2246 3999 2308; x_wconf 79' lang='lat' dir='ltr'><strong>essentiae</strong></span> 
     </span>
     <span class='ocr_line' id='line_1_54' title="bbox 2500 2340 3998 2423; baseline 0.004 -23"><span class='ocrx_word' id='word_1_362' title='bbox 2500 2340 2761 2408; x_wconf 84' lang='lat' dir='ltr'><strong>unitate,</strong></span> <span class='ocrx_word' id='word_1_363' title='bbox 2785 2360 2909 2402; x_wconf 91' lang='lat' dir='ltr'><strong>una</strong></span> <span class='ocrx_word' id='word_1_364' title='bbox 2939 2348 3033 2403; x_wconf 90' lang='lat' dir='ltr'><strong>est</strong></span> <span class='ocrx_word' id='word_1_365' title='bbox 3065 2342 3129 2403; x_wconf 91' lang='lat' dir='ltr'><strong>in</strong></span> <span class='ocrx_word' id='word_1_366' title='bbox 3160 2342 3303 2415; x_wconf 88' lang='lat' dir='ltr'><strong>alia,</strong></span> <span class='ocrx_word' id='word_1_367' title='bbox 3324 2343 3474 2423; x_wconf 88' lang='lat' dir='ltr'><strong>quia</strong></span> <span class='ocrx_word' id='word_1_368' title='bbox 3502 2344 3776 2405; x_wconf 86' lang='lat' dir='ltr'><strong>essentia</strong></span> <span class='ocrx_word' id='word_1_369' title='bbox 3808 2345 3998 2406; x_wconf 90' lang='lat' dir='ltr'><strong>unius</strong></span> 
     </span>
     <span class='ocr_line' id='line_1_55' title="bbox 2496 2440 3995 2515; baseline 0.004 -16"><span class='ocrx_word' id='word_1_370' title='bbox 2496 2447 2593 2499; x_wconf 89' lang='lat' dir='ltr'><strong>est</strong></span> <span class='ocrx_word' id='word_1_371' title='bbox 2640 2440 2915 2501; x_wconf 87' lang='lat' dir='ltr'><strong>essentia</strong></span> <span class='ocrx_word' id='word_1_372' title='bbox 2963 2440 3223 2502; x_wconf 89' lang='lat' dir='ltr'><strong>alterius</strong></span> <span class='ocrx_word' id='word_1_373' title='bbox 3268 2458 3281 2502; x_wconf 90' lang='lat'><strong>:</strong></span> <span class='ocrx_word' id='word_1_374' title='bbox 3326 2450 3387 2502; x_wconf 86' lang='lat' dir='ltr'><strong>et</strong></span> <span class='ocrx_word' id='word_1_375' title='bbox 3439 2442 3545 2515; x_wconf 90' lang='lat' dir='ltr'><strong>ita,</strong></span> <span class='ocrx_word' id='word_1_376' title='bbox 3598 2442 3764 2504; x_wconf 90' lang='lat' dir='ltr'><strong>sicut</strong></span> <span class='ocrx_word' id='word_1_377' title='bbox 3822 2443 3995 2505; x_wconf 89' lang='lat' dir='ltr'><strong>idem</strong></span> 
     </span>
     <span class='ocr_line' id='line_1_56' title="bbox 2498 2537 3997 2623; baseline 0.002 -24"><span class='ocrx_word' id='word_1_378' title='bbox 2498 2555 2623 2599; x_wconf 90' lang='lat' dir='ltr'><strong>non</strong></span> <span class='ocrx_word' id='word_1_379' title='bbox 2677 2537 2963 2599; x_wconf 88' lang='lat' dir='ltr'><strong>illabitur</strong></span> <span class='ocrx_word' id='word_1_380' title='bbox 3011 2538 3133 2600; x_wconf 89' lang='lat' dir='ltr'><strong>sibi</strong></span> <span class='ocrx_word' id='word_1_381' title='bbox 3188 2539 3333 2619; x_wconf 90' lang='lat' dir='ltr'><strong>ipsi,</strong></span> <span class='ocrx_word' id='word_1_382' title='bbox 3389 2540 3473 2601; x_wconf 91' lang='lat' dir='ltr'><strong>ita</strong></span> <span class='ocrx_word' id='word_1_383' title='bbox 3520 2540 3735 2602; x_wconf 90' lang='lat' dir='ltr'><strong>nullus</strong></span> <span class='ocrx_word' id='word_1_384' title='bbox 3788 2549 3997 2623; x_wconf 90' lang='lat' dir='ltr'><strong>potest</strong></span> 
     </span>
     <span class='ocr_line' id='line_1_57' title="bbox 2499 2635 3995 2719; baseline 0.004 -23"><span class='ocrx_word' id='word_1_385' title='bbox 2499 2635 2587 2696; x_wconf 91' lang='lat' dir='ltr'><strong>ibi</strong></span> <span class='ocrx_word' id='word_1_386' title='bbox 2630 2655 2769 2697; x_wconf 91' lang='lat' dir='ltr'><strong>esse</strong></span> <span class='ocrx_word' id='word_1_387' title='bbox 2813 2637 3091 2717; x_wconf 82' lang='lat' dir='ltr'><strong>illapsus,</strong></span> <span class='ocrx_word' id='word_1_388' title='bbox 3132 2638 3415 2719; x_wconf 90' lang='lat' dir='ltr'><strong>Denique</strong></span> <span class='ocrx_word' id='word_1_389' title='bbox 3458 2639 3703 2701; x_wconf 89' lang='lat' dir='ltr'><strong>Patrem</strong></span> <span class='ocrx_word' id='word_1_390' title='bbox 3748 2660 3886 2702; x_wconf 90' lang='lat' dir='ltr'><strong>esse</strong></span> <span class='ocrx_word' id='word_1_391' title='bbox 3926 2641 3995 2702; x_wconf 91' lang='lat' dir='ltr'><strong>in</strong></span> 
     </span>
     <span class='ocr_line' id='line_1_58' title="bbox 2500 2734 3998 2808; baseline 0.004 -13"><span class='ocrx_word' id='word_1_392' title='bbox 2500 2734 2659 2797; x_wconf 88' lang='lat' dir='ltr'><strong>Filio</strong></span> <span class='ocrx_word' id='word_1_393' title='bbox 2719 2736 2961 2798; x_wconf 90' lang='lat' dir='ltr'><strong>ratione</strong></span> <span class='ocrx_word' id='word_1_394' title='bbox 3023 2736 3285 2797; x_wconf 89' lang='lat' dir='ltr'><strong>unitatis</strong></span> <span class='ocrx_word' id='word_1_395' title='bbox 3343 2736 3657 2808; x_wconf 69' lang='lat' dir='ltr'><strong>essentiae,</strong></span> <span class='ocrx_word' id='word_1_396' title='bbox 3712 2755 3839 2800; x_wconf 92' lang='lat' dir='ltr'><strong>non</strong></span> <span class='ocrx_word' id='word_1_397' title='bbox 3898 2747 3998 2800; x_wconf 89' lang='lat' dir='ltr'><strong>est</strong></span> 
     </span>
     <span class='ocr_line' id='line_1_59' title="bbox 2498 2833 3997 2915; baseline 0.004 -22"><span class='ocrx_word' id='word_1_398' title='bbox 2498 2833 2668 2894; x_wconf 92' lang='lat' dir='ltr'><strong>aliud</strong></span> <span class='ocrx_word' id='word_1_399' title='bbox 2704 2853 2894 2915; x_wconf 89' lang='lat' dir='ltr'><strong>quam</strong></span> <span class='ocrx_word' id='word_1_400' title='bbox 2926 2834 3171 2895; x_wconf 89' lang='lat' dir='ltr'><strong>Patrem</strong></span> <span class='ocrx_word' id='word_1_401' title='bbox 3213 2835 3373 2896; x_wconf 88' lang='lat' dir='ltr'><strong>Filio</strong></span> <span class='ocrx_word' id='word_1_402' title='bbox 3402 2854 3538 2896; x_wconf 90' lang='lat' dir='ltr'><strong>esse</strong></span> <span class='ocrx_word' id='word_1_403' title='bbox 3580 2836 3997 2899; x_wconf 89' lang='lat' dir='ltr'><strong>consubstan-</strong></span> 
     </span>
     <span class='ocr_line' id='line_1_60' title="bbox 2500 2931 3929 2998; baseline 0.003 -7"><span class='ocrx_word' id='word_1_404' title='bbox 2500 2931 2714 2992; x_wconf 87' lang='lat' dir='ltr'><strong>tialem</strong></span> <span class='ocrx_word' id='word_1_405' title='bbox 2759 2939 2820 2992; x_wconf 88' lang='lat' dir='ltr'><strong>et</strong></span> <span class='ocrx_word' id='word_1_406' title='bbox 2864 2933 3238 2994; x_wconf 82' lang='lat' dir='ltr'><strong>econtrario,</strong></span> <span class='ocrx_word' id='word_1_407' title='bbox 3286 2933 3428 2995; x_wconf 84' lang='lat' dir='ltr'><strong>Haec</strong></span> <span class='ocrx_word' id='word_1_408' title='bbox 3471 2934 3929 2998; x_wconf 87' lang='lat' dir='ltr'><strong>Bonaventura.</strong></span> 
     </span>
     <span class='ocr_line' id='line_1_61' title="bbox 2579 3029 3999 3095; baseline 0.004 -4"><span class='ocrx_word' id='word_1_409' title='bbox 2579 3029 2931 3091; x_wconf 81' lang='lat' dir='ltr'><strong>Alexander</strong></span> <span class='ocrx_word' id='word_1_410' title='bbox 2974 3030 3165 3091; x_wconf 89' lang='lat' dir='ltr'><strong>etiam</strong></span> <span class='ocrx_word' id='word_1_411' title='bbox 3213 3032 3383 3091; x_wconf 91' lang='lat' dir='ltr'><strong>circa</strong></span> <span class='ocrx_word' id='word_1_412' title='bbox 3426 3032 3561 3094; x_wconf 75' lang='lat' dir='ltr'><strong>haec</strong></span> <span class='ocrx_word' id='word_1_413' title='bbox 3606 3033 3830 3095; x_wconf 89' lang='lat' dir='ltr'><strong>scribit</strong></span> <span class='ocrx_word' id='word_1_414' title='bbox 3874 3034 3999 3095; x_wconf 81' lang='lat' dir='ltr'><strong>dir-</strong></span> 
     </span>
     <span class='ocr_line' id='line_1_62' title="bbox 2499 3128 4001 3210; baseline 0.005 -21"><span class='ocrx_word' id='word_1_415' title='bbox 2499 3128 2661 3203; x_wconf 83' lang='lat' dir='ltr'><strong>fuse,</strong></span> <span class='ocrx_word' id='word_1_416' title='bbox 2704 3136 2768 3189; x_wconf 87' lang='lat' dir='ltr'><strong>et</strong></span> <span class='ocrx_word' id='word_1_417' title='bbox 2817 3148 2979 3210; x_wconf 91' lang='lat' dir='ltr'><strong>pene</strong></span> <span class='ocrx_word' id='word_1_418' title='bbox 3029 3130 3244 3191; x_wconf 91' lang='lat' dir='ltr'><strong>omnia</strong></span> <span class='ocrx_word' id='word_1_419' title='bbox 3290 3131 3420 3210; x_wconf 77' lang='lat' dir='ltr'><strong>Jam</strong></span> <span class='ocrx_word' id='word_1_420' title='bbox 3473 3131 3754 3206; x_wconf 84' lang='lat' dir='ltr'><strong>inducta,</strong></span> <span class='ocrx_word' id='word_1_421' title='bbox 3803 3133 3867 3195; x_wconf 90' lang='lat' dir='ltr'><strong>in</strong></span> <span class='ocrx_word' id='word_1_422' title='bbox 3918 3153 4001 3196; x_wconf 88' lang='lat' dir='ltr'><strong>eo</strong></span> 
     </span>
     <span class='ocr_line' id='line_1_63' title="bbox 2501 3227 3999 3313; baseline 0.005 -25"><span class='ocrx_word' id='word_1_423' title='bbox 2501 3227 2854 3288; x_wconf 87' lang='lat' dir='ltr'><strong>virtualiter</strong></span> <span class='ocrx_word' id='word_1_424' title='bbox 2904 3228 3326 3289; x_wconf 87' lang='lat' dir='ltr'><strong>continentur.</strong></span> <span class='ocrx_word' id='word_1_425' title='bbox 3384 3229 3459 3290; x_wconf 85' lang='lat' dir='ltr'><strong>Et</strong></span> <span class='ocrx_word' id='word_1_426' title='bbox 3513 3230 3693 3292; x_wconf 91' lang='lat' dir='ltr'><strong>docet</strong></span> <span class='ocrx_word' id='word_1_427' title='bbox 3744 3232 3999 3313; x_wconf 89' lang='lat' dir='ltr'><strong>(quem-</strong></span> 
     </span>
     <span class='ocr_line' id='line_1_64' title="bbox 2498 3326 3999 3409; baseline 0.004 -23"><span class='ocrx_word' id='word_1_428' title='bbox 2498 3326 2839 3388; x_wconf 91' lang='lat' dir='ltr'><strong>admodum</strong></span> <span class='ocrx_word' id='word_1_429' title='bbox 2870 3334 2933 3386; x_wconf 87' lang='lat' dir='ltr'><strong>et</strong></span> <span class='ocrx_word' id='word_1_430' title='bbox 2966 3326 3029 3386; x_wconf 92' lang='lat' dir='ltr'><strong>in</strong></span> <span class='ocrx_word' id='word_1_431' title='bbox 3066 3334 3239 3386; x_wconf 86' lang='lat' dir='ltr'><strong>textu</strong></span> <span class='ocrx_word' id='word_1_432' title='bbox 3281 3327 3577 3408; x_wconf 89' lang='lat' dir='ltr'><strong>habetur)</strong></span> <span class='ocrx_word' id='word_1_433' title='bbox 3607 3329 3775 3409; x_wconf 90' lang='lat' dir='ltr'><strong>quod</strong></span> <span class='ocrx_word' id='word_1_434' title='bbox 3814 3330 3999 3392; x_wconf 86' lang='lat' dir='ltr'><strong>Pater</strong></span> 
     </span>
     <span class='ocr_line' id='line_1_65' title="bbox 2498 3424 3997 3509; baseline 0.003 -24"><span class='ocrx_word' id='word_1_435' title='bbox 2498 3431 2560 3485; x_wconf 89' lang='lat' dir='ltr'><strong>et</strong></span> <span class='ocrx_word' id='word_1_436' title='bbox 2591 3424 2787 3485; x_wconf 84' lang='lat' dir='ltr'><strong>Filius</strong></span> <span class='ocrx_word' id='word_1_437' title='bbox 2818 3441 2944 3486; x_wconf 91' lang='lat' dir='ltr'><strong>non</strong></span> <span class='ocrx_word' id='word_1_438' title='bbox 2988 3431 3135 3486; x_wconf 86' lang='lat' dir='ltr'><strong>sunt</strong></span> <span class='ocrx_word' id='word_1_439' title='bbox 3175 3424 3417 3506; x_wconf 91' lang='lat' dir='ltr'><strong>aliquid</strong></span> <span class='ocrx_word' id='word_1_440' title='bbox 3461 3425 3604 3506; x_wconf 91' lang='lat' dir='ltr'><strong>plus</strong></span> <span class='ocrx_word' id='word_1_441' title='bbox 3644 3435 3753 3488; x_wconf 90' lang='lat' dir='ltr'><strong>aut</strong></span> <span class='ocrx_word' id='word_1_442' title='bbox 3784 3428 3997 3509; x_wconf 89' lang='lat' dir='ltr'><strong>majus</strong></span> 
     </span>
     <span class='ocr_line' id='line_1_66' title="bbox 2499 3521 4000 3604; baseline 0.005 -23"><span class='ocrx_word' id='word_1_443' title='bbox 2499 3540 2689 3602; x_wconf 91' lang='lat' dir='ltr'><strong>quam</strong></span> <span class='ocrx_word' id='word_1_444' title='bbox 2724 3521 2996 3602; x_wconf 89' lang='lat' dir='ltr'><strong>Spiritus</strong></span> <span class='ocrx_word' id='word_1_445' title='bbox 3038 3523 3324 3594; x_wconf 81' lang='lat' dir='ltr'><strong>SanctuS,</strong></span> <span class='ocrx_word' id='word_1_446' title='bbox 3361 3523 3512 3604; x_wconf 89' lang='lat' dir='ltr'><strong>quia</strong></span> <span class='ocrx_word' id='word_1_447' title='bbox 3552 3524 3616 3585; x_wconf 92' lang='lat' dir='ltr'><strong>in</strong></span> <span class='ocrx_word' id='word_1_448' title='bbox 3648 3525 3853 3587; x_wconf 89' lang='lat' dir='ltr'><strong>tribus</strong></span> <span class='ocrx_word' id='word_1_449' title='bbox 3894 3547 4000 3588; x_wconf 89' lang='lat' dir='ltr'><strong>su-</strong></span> 
     </span>
     <span class='ocr_line' id='line_1_67' title="bbox 2499 3620 3999 3705; baseline 0.005 -25"><span class='ocrx_word' id='word_1_450' title='bbox 2499 3620 3009 3701; x_wconf 87' lang='lat' dir='ltr'><strong>perdignissimis</strong></span> <span class='ocrx_word' id='word_1_451' title='bbox 3040 3620 3749 3704; x_wconf 89' lang='lat' dir='ltr'><strong>superbeatissimisque</strong></span> <span class='ocrx_word' id='word_1_452' title='bbox 3781 3643 3999 3705; x_wconf 86' lang='lat' dir='ltr'><strong>perso-</strong></span> 
     </span>
     <span class='ocr_line' id='line_1_68' title="bbox 2500 3719 4001 3803; baseline 0.005 -24"><span class='ocrx_word' id='word_1_453' title='bbox 2500 3719 2598 3779; x_wconf 90' lang='lat' dir='ltr'><strong>nis</strong></span> <span class='ocrx_word' id='word_1_454' title='bbox 2640 3727 2735 3779; x_wconf 89' lang='lat' dir='ltr'><strong>est</strong></span> <span class='ocrx_word' id='word_1_455' title='bbox 2780 3737 2905 3780; x_wconf 91' lang='lat' dir='ltr'><strong>una</strong></span> <span class='ocrx_word' id='word_1_456' title='bbox 2952 3737 3216 3781; x_wconf 91' lang='lat' dir='ltr'><strong>numero</strong></span> <span class='ocrx_word' id='word_1_457' title='bbox 3264 3721 3651 3800; x_wconf 81' lang='lat' dir='ltr'><strong>magnitudo,</strong></span> <span class='ocrx_word' id='word_1_458' title='bbox 3687 3724 4001 3803; x_wconf 84' lang='lat' dir='ltr'><strong>perfectio</strong></span> 
     </span>
     <span class='ocr_line' id='line_1_69' title="bbox 2498 3817 4002 3903; baseline 0.003 -24"><span class='ocrx_word' id='word_1_459' title='bbox 2498 3817 2877 3898; x_wconf 88' lang='lat' dir='ltr'><strong>deitatisque</strong></span> <span class='ocrx_word' id='word_1_460' title='bbox 2925 3818 3275 3898; x_wconf 86' lang='lat' dir='ltr'><strong>plenitudo,</strong></span> <span class='ocrx_word' id='word_1_461' title='bbox 3325 3839 3466 3899; x_wconf 77' lang='lat' dir='ltr'><strong>quae</strong></span> <span class='ocrx_word' id='word_1_462' title='bbox 3514 3838 3770 3883; x_wconf 86' lang='lat' dir='ltr'><strong>omnem</strong></span> <span class='ocrx_word' id='word_1_463' title='bbox 3822 3842 4002 3903; x_wconf 85' lang='lat' dir='ltr'><strong>pror-</strong></span> 
     </span>
     <span class='ocr_line' id='line_1_70' title="bbox 2498 3916 3999 3998; baseline 0.003 -20"><span class='ocrx_word' id='word_1_464' title='bbox 2498 3936 2605 3978; x_wconf 88' lang='lat' dir='ltr'><strong>sus</strong></span> <span class='ocrx_word' id='word_1_465' title='bbox 2652 3916 3105 3990; x_wconf 87' lang='lat' dir='ltr'><strong>minoritatem,</strong></span> <span class='ocrx_word' id='word_1_466' title='bbox 3152 3917 3667 3998; x_wconf 75' lang='lat' dir='ltr'><strong>inaequalitatem,</strong></span> <span class='ocrx_word' id='word_1_467' title='bbox 3717 3921 3999 3983; x_wconf 88' lang='lat' dir='ltr'><strong>dissimi—</strong></span> 
     </span>
     <span class='ocr_line' id='line_1_71' title="bbox 2500 4014 3997 4100; baseline 0.005 -26"><span class='ocrx_word' id='word_1_468' title='bbox 2500 4014 2835 4075; x_wconf 90' lang='lat' dir='ltr'><strong>litudinem</strong></span> <span class='ocrx_word' id='word_1_469' title='bbox 2899 4023 2961 4075; x_wconf 86' lang='lat' dir='ltr'><strong>et</strong></span> <span class='ocrx_word' id='word_1_470' title='bbox 3034 4015 3581 4096; x_wconf 81' lang='lat' dir='ltr'><strong>imperfectionem</strong></span> <span class='ocrx_word' id='word_1_471' title='bbox 3646 4037 3682 4079; x_wconf 88' lang='lat' dir='ltr'><strong>a</strong></span> <span class='ocrx_word' id='word_1_472' title='bbox 3750 4019 3997 4100; x_wconf 83' lang='lat' dir='ltr'><strong>Spiritu</strong></span> 
     </span>
     <span class='ocr_line' id='line_1_72' title="bbox 2498 4112 4003 4198; baseline 0.004 -24"><span class='ocrx_word' id='word_1_473' title='bbox 2498 4112 2725 4174; x_wconf 88' lang='lat' dir='ltr'><strong>Sancto</strong></span> <span class='ocrx_word' id='word_1_474' title='bbox 2764 4112 3064 4173; x_wconf 87' lang='lat' dir='ltr'><strong>excludit.</strong></span> <span class='ocrx_word' id='word_1_475' title='bbox 3100 4113 3315 4194; x_wconf 89' lang='lat' dir='ltr'><strong>Neque</strong></span> <span class='ocrx_word' id='word_1_476' title='bbox 3356 4132 3433 4175; x_wconf 89' lang='lat' dir='ltr'><strong>ex</strong></span> <span class='ocrx_word' id='word_1_477' title='bbox 3464 4134 3578 4176; x_wconf 92' lang='lat' dir='ltr'><strong>sua</strong></span> <span class='ocrx_word' id='word_1_478' title='bbox 3618 4115 4003 4198; x_wconf 85' lang='lat' dir='ltr'><strong>impotentia</strong></span> 
     </span>
    </p>
   </div>
   <div class='ocr_carea' id='block_1_9' title="bbox 894 4210 4001 4295">
    <p class='ocr_par' dir='ltr' id='par_1_10' title="bbox 894 4210 4001 4295">
     <span class='ocr_line' id='line_1_73' title="bbox 894 4210 4001 4295; baseline 0.001 -21"><span class='ocrx_word' id='word_1_479' title='bbox 894 4235 1034 4295; x_wconf 81' lang='lat' dir='ltr'><strong>quae</strong></span> <span class='ocrx_word' id='word_1_480' title='bbox 1070 4215 1130 4274; x_wconf 91' lang='lat' dir='ltr'><strong>in</strong></span> <span class='ocrx_word' id='word_1_481' title='bbox 1165 4221 1337 4274; x_wconf 88' lang='lat' dir='ltr'><strong>textu</strong></span> <span class='ocrx_word' id='word_1_482' title='bbox 1379 4213 1613 4273; x_wconf 88' lang='lat' dir='ltr'><strong>dicitur</strong></span> <span class='ocrx_word' id='word_1_483' title='bbox 1657 4211 2043 4291; x_wconf 86' lang='lat' dir='ltr'><strong>magnitudo.</strong></span> <span class='ocrx_word' id='word_1_484' title='bbox 2080 4211 2254 4272; x_wconf 88' lang='lat' dir='ltr'><strong>Unde</strong></span> <span class='ocrx_word' id='word_1_485' title='bbox 2297 4210 2387 4270; x_wconf 89' lang='lat' dir='ltr'><strong>di·</strong></span> <span class='ocrx_word' id='word_1_486' title='bbox 2422 4213 2467 4274; x_wconf 82' lang='grc' dir='ltr'><strong>Ι)</strong></span> <span class='ocrx_word' id='word_1_487' title='bbox 2496 4219 2604 4272; x_wconf 85' lang='lat' dir='ltr'><strong>aut</strong></span> <span class='ocrx_word' id='word_1_488' title='bbox 2643 4230 2772 4272; x_wconf 62' lang='lat' dir='ltr'><strong>sua*¹</strong></span> <span class='ocrx_word' id='word_1_489' title='bbox 2814 4211 3112 4291; x_wconf 84' lang='lat' dir='ltr'><strong>potentiae</strong></span> <span class='ocrx_word' id='word_1_490' title='bbox 3156 4211 3451 4292; x_wconf 84' lang='lat' dir='ltr'><strong>ligatione</strong></span> <span class='ocrx_word' id='word_1_491' title='bbox 3483 4213 3585 4274; x_wconf 87' lang='lat' dir='ltr'><strong>vel</strong></span> <span class='ocrx_word' id='word_1_492' title='bbox 3625 4217 4001 4279; x_wconf 84' lang='lat' dir='ltr'><strong>coarctatio-</strong></span> 
     </span>
    </p>
   </div>
   <div class='ocr_carea' id='block_1_10' title="bbox 892 4308 2392 5374">
    <p class='ocr_par' dir='ltr' id='par_1_11' title="bbox 894 4308 2392 4766">
     <span class='ocr_line' id='line_1_74' title="bbox 894 4308 2388 4390; baseline -0.003 -16"><span class='ocrx_word' id='word_1_493' title='bbox 894 4313 1058 4374; x_wconf 76' lang='lat' dir='ltr'><strong>vinae</strong></span> <span class='ocrx_word' id='word_1_494' title='bbox 1092 4310 1458 4390; x_wconf 86' lang='lat' dir='ltr'><strong>magnitudo</strong></span> <span class='ocrx_word' id='word_1_495' title='bbox 1488 4311 1778 4371; x_wconf 64' lang='lat' dir='ltr'><strong>essentias</strong></span> <span class='ocrx_word' id='word_1_496' title='bbox 1808 4316 1905 4370; x_wconf 87' lang='lat' dir='ltr'><strong>est</strong></span> <span class='ocrx_word' id='word_1_497' title='bbox 1937 4308 2213 4381; x_wconf 87' lang='lat' dir='ltr'><strong>infinita,</strong></span> <span class='ocrx_word' id='word_1_498' title='bbox 2249 4328 2388 4389; x_wconf 78' lang='lat' dir='ltr'><strong>quae</strong></span> 
     </span>
     <span class='ocr_line' id='line_1_75' title="bbox 894 4406 2389 4486; baseline -0.004 -13"><span class='ocrx_word' id='word_1_499' title='bbox 894 4429 1020 4473; x_wconf 90' lang='lat' dir='ltr'><strong>non</strong></span> <span class='ocrx_word' id='word_1_500' title='bbox 1066 4417 1162 4471; x_wconf 86' lang='lat' dir='ltr'><strong>cst</strong></span> <span class='ocrx_word' id='word_1_501' title='bbox 1207 4407 1329 4469; x_wconf 92' lang='lat' dir='ltr'><strong>nisi</strong></span> <span class='ocrx_word' id='word_1_502' title='bbox 1378 4407 1631 4469; x_wconf 87' lang='lat' dir='ltr'><strong>infinita</strong></span> <span class='ocrx_word' id='word_1_503' title='bbox 1677 4406 1923 4468; x_wconf 89' lang='lat' dir='ltr'><strong>bonitas</strong></span> <span class='ocrx_word' id='word_1_504' title='bbox 1966 4424 2039 4467; x_wconf 89' lang='lat' dir='ltr'><strong>ac</strong></span> <span class='ocrx_word' id='word_1_505' title='bbox 2083 4406 2389 4486; x_wconf 85' lang='lat' dir='ltr'><strong>perfectio</strong></span> 
     </span>
     <span class='ocr_line' id='line_1_76' title="bbox 895 4503 2390 4584; baseline -0.003 -15"><span class='ocrx_word' id='word_1_506' title='bbox 895 4527 1026 4569; x_wconf 90' lang='lat' dir='ltr'><strong>sua.</strong></span> <span class='ocrx_word' id='word_1_507' title='bbox 1063 4509 1210 4581; x_wconf 76' lang='lat' dir='ltr'><strong>Quae</strong></span> <span class='ocrx_word' id='word_1_508' title='bbox 1251 4507 1441 4568; x_wconf 88' lang='lat' dir='ltr'><strong>etiam</strong></span> <span class='ocrx_word' id='word_1_509' title='bbox 1487 4505 1852 4584; x_wconf 87' lang='lat' dir='ltr'><strong>magnitudo</strong></span> <span class='ocrx_word' id='word_1_510' title='bbox 1899 4504 2135 4566; x_wconf 88' lang='lat' dir='ltr'><strong>dicitur</strong></span> <span class='ocrx_word' id='word_1_511' title='bbox 2177 4503 2390 4564; x_wconf 90' lang='lat' dir='ltr'><strong>infini-</strong></span> 
     </span>
     <span class='ocr_line' id='line_1_77' title="bbox 895 4603 2392 4686; baseline -0.002 -19"><span class='ocrx_word' id='word_1_512' title='bbox 895 4615 977 4678; x_wconf 91' lang='lat' dir='ltr'><strong>ta,</strong></span> <span class='ocrx_word' id='word_1_513' title='bbox 1014 4607 1076 4667; x_wconf 92' lang='lat' dir='ltr'><strong>in</strong></span> <span class='ocrx_word' id='word_1_514' title='bbox 1123 4613 1431 4686; x_wconf 87' lang='lat' dir='ltr'><strong>quantum</strong></span> <span class='ocrx_word' id='word_1_515' title='bbox 1472 4611 1602 4665; x_wconf 92' lang='lat' dir='ltr'><strong>tota</strong></span> <span class='ocrx_word' id='word_1_516' title='bbox 1642 4603 1832 4663; x_wconf 89' lang='lat' dir='ltr'><strong>simul</strong></span> <span class='ocrx_word' id='word_1_517' title='bbox 1872 4603 2209 4684; x_wconf 87' lang='lat' dir='ltr'><strong>attingeret</strong></span> <span class='ocrx_word' id='word_1_518' title='bbox 2255 4622 2392 4684; x_wconf 93' lang='lat' dir='ltr'><strong>spa-</strong></span> 
     </span>
     <span class='ocr_line' id='line_1_78' title="bbox 897 4700 2385 4766; baseline -0.003 0"><span class='ocrx_word' id='word_1_519' title='bbox 897 4705 1054 4766; x_wconf 89' lang='lat' dir='ltr'><strong>tium</strong></span> <span class='ocrx_word' id='word_1_520' title='bbox 1108 4702 1436 4764; x_wconf 85' lang='lat' dir='ltr'><strong>infinitum</strong></span> <span class='ocrx_word' id='word_1_521' title='bbox 1488 4703 1539 4763; x_wconf 91' lang='lat' dir='ltr'><strong>si</strong></span> <span class='ocrx_word' id='word_1_522' title='bbox 1591 4710 1775 4762; x_wconf 85' lang='lat' dir='ltr'><strong>esset..</strong></span> <span class='ocrx_word' id='word_1_523' title='bbox 1825 4701 1965 4763; x_wconf 76' lang='lat' dir='ltr'><strong>llaec</strong></span> <span class='ocrx_word' id='word_1_524' title='bbox 2017 4700 2385 4764; x_wconf 81' lang='lat' dir='ltr'><strong>RicharduS.</strong></span> 
     </span>
    </p>

    <p class='ocr_par' dir='ltr' id='par_1_12' title="bbox 892 4799 2390 5374">
     <span class='ocr_line' id='line_1_79' title="bbox 960 4799 2385 4880; baseline -0.004 -16"><span class='ocrx_word' id='word_1_525' title='bbox 960 4805 1263 4865; x_wconf 72' lang='lat' dir='ltr'><strong>Fra-terea</strong></span> <span class='ocrx_word' id='word_1_526' title='bbox 1293 4802 1731 4863; x_wconf 76' lang='lat' dir='ltr'><strong>Bonaventura</strong></span> <span class='ocrx_word' id='word_1_527' title='bbox 1753 4817 1766 4861; x_wconf 75' lang='grc' dir='ltr'><strong>ε</strong></span> <span class='ocrx_word' id='word_1_528' title='bbox 1787 4801 1856 4860; x_wconf 92' lang='lat' dir='ltr'><strong>ln</strong></span> <span class='ocrx_word' id='word_1_529' title='bbox 1888 4799 2144 4872; x_wconf 83' lang='lat' dir='ltr'><strong>diviniS,</strong></span> <span class='ocrx_word' id='word_1_530' title='bbox 2162 4801 2385 4880; x_wconf 88' lang='lat' dir='ltr'><strong>inquit,</strong></span> 
     </span>
     <span class='ocr_line' id='line_1_80' title="bbox 892 4897 2390 4980; baseline -0.003 -17"><span class='ocrx_word' id='word_1_531' title='bbox 892 4909 986 4964; x_wconf 89' lang='lat' dir='ltr'><strong>est</strong></span> <span class='ocrx_word' id='word_1_532' title='bbox 1019 4919 1270 4962; x_wconf 89' lang='lat' dir='ltr'><strong>summa</strong></span> <span class='ocrx_word' id='word_1_533' title='bbox 1300 4907 1359 4960; x_wconf 86' lang='lat' dir='ltr'><strong>et</strong></span> <span class='ocrx_word' id='word_1_534' title='bbox 1396 4898 1675 4980; x_wconf 88' lang='lat' dir='ltr'><strong>perfecta</strong></span> <span class='ocrx_word' id='word_1_535' title='bbox 1707 4897 2390 4977; x_wconf 86' lang='lat' dir='ltr'><strong>circumincessi0,qua</strong></span> 
     </span>
     <span class='ocr_line' id='line_1_81' title="bbox 895 4985 2388 5076; baseline -0.004 -15"><span class='ocrx_word' id='word_1_536' title='bbox 895 5019 1058 5061; x_wconf 87' lang='lat' dir='ltr'><strong>unus</strong></span> <span class='ocrx_word' id='word_1_537' title='bbox 1109 4999 1345 5060; x_wconf 86' lang='lat' dir='ltr'><strong>dicitur</strong></span> <span class='ocrx_word' id='word_1_538' title='bbox 1387 4985 1540 5058; x_wconf 39' lang='lat' dir='ltr'><strong>esse*</strong></span> <span class='ocrx_word' id='word_1_539' title='bbox 1569 4996 1635 5057; x_wconf 92' lang='lat' dir='ltr'><strong>in</strong></span> <span class='ocrx_word' id='word_1_540' title='bbox 1684 4995 1808 5057; x_wconf 91' lang='lat' dir='ltr'><strong>alio</strong></span> <span class='ocrx_word' id='word_1_541' title='bbox 1855 4995 2063 5076; x_wconf 88' lang='lat' dir='ltr'><strong>plene,</strong></span> <span class='ocrx_word' id='word_1_542' title='bbox 2098 5003 2160 5056; x_wconf 89' lang='lat' dir='ltr'><strong>et</strong></span> <span class='ocrx_word' id='word_1_543' title='bbox 2204 5012 2388 5056; x_wconf 92' lang='lat' dir='ltr'><strong>econ-</strong></span> 
     </span>
     <span class='ocr_line' id='line_1_82' title="bbox 893 5093 2388 5178; baseline -0.005 -18"><span class='ocrx_word' id='word_1_544' title='bbox 893 5097 1122 5174; x_wconf 82' lang='lat' dir='ltr'><strong>trari03</strong></span> <span class='ocrx_word' id='word_1_545' title='bbox 1155 5105 1218 5157; x_wconf 88' lang='lat' dir='ltr'><strong>et</strong></span> <span class='ocrx_word' id='word_1_546' title='bbox 1259 5095 1514 5178; x_wconf 90' lang='lat' dir='ltr'><strong>proprie</strong></span> <span class='ocrx_word' id='word_1_547' title='bbox 1556 5113 1627 5155; x_wconf 91' lang='lat' dir='ltr'><strong>ac</strong></span> <span class='ocrx_word' id='word_1_548' title='bbox 1661 5094 1939 5175; x_wconf 85' lang='lat' dir='ltr'><strong>perfect-e</strong></span> <span class='ocrx_word' id='word_1_549' title='bbox 1985 5112 2110 5157; x_wconf 90' lang='lat' dir='ltr'><strong>non</strong></span> <span class='ocrx_word' id='word_1_550' title='bbox 2145 5093 2388 5154; x_wconf 90' lang='lat' dir='ltr'><strong>inveni-</strong></span> 
     </span>
     <span class='ocr_line' id='line_1_83' title="bbox 895 5193 2388 5272; baseline -0.005 -12"><span class='ocrx_word' id='word_1_551' title='bbox 895 5207 999 5260; x_wconf 92' lang='lat' dir='ltr'><strong>tur</strong></span> <span class='ocrx_word' id='word_1_552' title='bbox 1048 5196 1172 5257; x_wconf 91' lang='lat' dir='ltr'><strong>nisi</strong></span> <span class='ocrx_word' id='word_1_553' title='bbox 1225 5195 1289 5256; x_wconf 92' lang='lat' dir='ltr'><strong>in</strong></span> <span class='ocrx_word' id='word_1_554' title='bbox 1344 5195 1487 5255; x_wconf 83' lang='lat' dir='ltr'><strong>Deo,</strong></span> <span class='ocrx_word' id='word_1_555' title='bbox 1531 5193 2062 5256; x_wconf 85' lang='lat' dir='ltr'><strong>Circumincessio</strong></span> <span class='ocrx_word' id='word_1_556' title='bbox 2111 5209 2388 5272; x_wconf 91' lang='lat' dir='ltr'><strong>namque</strong></span> 
     </span>
     <span class='ocr_line' id='line_1_84' title="bbox 898 5288 2390 5374; baseline -0.007 -17"><span class='ocrx_word' id='word_1_557' title='bbox 898 5295 962 5357; x_wconf 89' lang='lat' dir='ltr'><strong>in</strong></span> <span class='ocrx_word' id='word_1_558' title='bbox 1013 5293 1282 5356; x_wconf 90' lang='lat' dir='ltr'><strong>essendo</strong></span> <span class='ocrx_word' id='word_1_559' title='bbox 1332 5293 1512 5374; x_wconf 85' lang='lat' dir='ltr'><strong>ponit</strong></span> <span class='ocrx_word' id='word_1_560' title='bbox 1561 5291 2038 5355; x_wconf 87' lang='lat' dir='ltr'><strong>distinctionem</strong></span> <span class='ocrx_word' id='word_1_561' title='bbox 2087 5288 2280 5352; x_wconf 90' lang='lat' dir='ltr'><strong>simul</strong></span> <span class='ocrx_word' id='word_1_562' title='bbox 2329 5297 2390 5350; x_wconf 89' lang='lat' dir='ltr'><strong>ct.</strong></span> 
     </span>
    </p>
   </div>
   <div class='ocr_carea' id='block_1_11' title="bbox 2497 4309 4009 5360">
    <p class='ocr_par' dir='ltr' id='par_1_13' title="bbox 2497 4309 4006 4978">
     <span class='ocr_line' id='line_1_85' title="bbox 2500 4309 3999 4391; baseline 0.005 -21"><span class='ocrx_word' id='word_1_563' title='bbox 2500 4329 2578 4370; x_wconf 93' lang='lat' dir='ltr'><strong>ne</strong></span> <span class='ocrx_word' id='word_1_564' title='bbox 2626 4309 2957 4389; x_wconf 88' lang='lat' dir='ltr'><strong>contingit,</strong></span> <span class='ocrx_word' id='word_1_565' title='bbox 2992 4310 3159 4390; x_wconf 88' lang='lat' dir='ltr'><strong>quod</strong></span> <span class='ocrx_word' id='word_1_566' title='bbox 3203 4327 3329 4372; x_wconf 90' lang='lat' dir='ltr'><strong>non</strong></span> <span class='ocrx_word' id='word_1_567' title='bbox 3375 4311 3669 4391; x_wconf 89' lang='lat' dir='ltr'><strong>producit</strong></span> <span class='ocrx_word' id='word_1_568' title='bbox 3708 4313 3999 4385; x_wconf 81' lang='lat' dir='ltr'><strong>divinam</strong></span> 
     </span>
     <span class='ocr_line' id='line_1_86' title="bbox 2497 4409 4005 4490; baseline 0.005 -21"><span class='ocrx_word' id='word_1_569' title='bbox 2497 4416 2559 4469; x_wconf 85' lang='lat' dir='ltr'><strong>et</strong></span> <span class='ocrx_word' id='word_1_570' title='bbox 2601 4409 2943 4469; x_wconf 90' lang='lat' dir='ltr'><strong>increatam</strong></span> <span class='ocrx_word' id='word_1_571' title='bbox 2987 4425 3321 4488; x_wconf 88' lang='lat' dir='ltr'><strong>personam</strong></span> <span class='ocrx_word' id='word_1_572' title='bbox 3361 4411 3899 4490; x_wconf 87' lang='lat' dir='ltr'><strong>quemadmodum</strong></span> <span class='ocrx_word' id='word_1_573' title='bbox 3933 4423 4005 4476; x_wconf 89' lang='lat' dir='ltr'><strong>et</strong></span> 
     </span>
     <span class='ocr_line' id='line_1_87' title="bbox 2500 4506 4001 4589; baseline 0.005 -22"><span class='ocrx_word' id='word_1_574' title='bbox 2500 4506 2693 4568; x_wconf 88' lang='lat' dir='ltr'><strong>Filius</strong></span> <span class='ocrx_word' id='word_1_575' title='bbox 2731 4524 2743 4567; x_wconf 89' lang='lat'><strong>:</strong></span> <span class='ocrx_word' id='word_1_576' title='bbox 2782 4506 2910 4568; x_wconf 89' lang='lat' dir='ltr'><strong>imo</strong></span> <span class='ocrx_word' id='word_1_577' title='bbox 2940 4525 3017 4567; x_wconf 94' lang='lat' dir='ltr'><strong>ex</strong></span> <span class='ocrx_word' id='word_1_578' title='bbox 3050 4506 3441 4587; x_wconf 88' lang='lat' dir='ltr'><strong>perfectione</strong></span> <span class='ocrx_word' id='word_1_579' title='bbox 3472 4508 3745 4589; x_wconf 88' lang='lat' dir='ltr'><strong>Spiritus</strong></span> <span class='ocrx_word' id='word_1_580' title='bbox 3776 4511 4001 4574; x_wconf 85' lang='lat' dir='ltr'><strong>Sancti</strong></span> 
     </span>
     <span class='ocr_line' id='line_1_88' title="bbox 2498 4605 4003 4690; baseline 0 -24"><span class='ocrx_word' id='word_1_581' title='bbox 2498 4614 2592 4666; x_wconf 90' lang='lat' dir='ltr'><strong>est</strong></span> <span class='ocrx_word' id='word_1_582' title='bbox 2635 4607 2775 4678; x_wconf 89' lang='lat' dir='ltr'><strong>hoc,</strong></span> <span class='ocrx_word' id='word_1_583' title='bbox 2811 4605 2961 4686; x_wconf 91' lang='lat' dir='ltr'><strong>quia</strong></span> <span class='ocrx_word' id='word_1_584' title='bbox 3004 4622 3129 4665; x_wconf 92' lang='lat' dir='ltr'><strong>non</strong></span> <span class='ocrx_word' id='word_1_585' title='bbox 3176 4606 3469 4686; x_wconf 91' lang='lat' dir='ltr'><strong>congruit</strong></span> <span class='ocrx_word' id='word_1_586' title='bbox 3512 4607 3609 4685; x_wconf 90' lang='lat' dir='ltr'><strong>ei;</strong></span> <span class='ocrx_word' id='word_1_587' title='bbox 3642 4608 4003 4690; x_wconf 75' lang='lat' dir='ltr'><strong>eademque.</strong></span> 
     </span>
     <span class='ocr_line' id='line_1_89' title="bbox 2499 4703 3999 4784; baseline 0.004 -20"><span class='ocrx_word' id='word_1_588' title='bbox 2499 4710 2772 4784; x_wconf 88' lang='lat' dir='ltr'><strong>potestas</strong></span> <span class='ocrx_word' id='word_1_589' title='bbox 2814 4711 2909 4763; x_wconf 86' lang='lat' dir='ltr'><strong>est</strong></span> <span class='ocrx_word' id='word_1_590' title='bbox 2954 4703 3018 4762; x_wconf 88' lang='lat' dir='ltr'><strong>in</strong></span> <span class='ocrx_word' id='word_1_591' title='bbox 3060 4721 3135 4764; x_wconf 93' lang='lat' dir='ltr'><strong>eo</strong></span> <span class='ocrx_word' id='word_1_592' title='bbox 3177 4722 3317 4783; x_wconf 82' lang='lat' dir='ltr'><strong>quae</strong></span> <span class='ocrx_word' id='word_1_593' title='bbox 3364 4703 3429 4763; x_wconf 91' lang='lat' dir='ltr'><strong>in</strong></span> <span class='ocrx_word' id='word_1_594' title='bbox 3478 4704 3654 4766; x_wconf 89' lang='lat' dir='ltr'><strong>Patre</strong></span> <span class='ocrx_word' id='word_1_595' title='bbox 3694 4713 3757 4766; x_wconf 89' lang='lat' dir='ltr'><strong>et</strong></span> <span class='ocrx_word' id='word_1_596' title='bbox 3804 4706 3999 4783; x_wconf 84' lang='lat' dir='ltr'><strong>Filio,</strong></span> 
     </span>
     <span class='ocr_line' id='line_1_90' title="bbox 2498 4799 4006 4884; baseline 0.005 -24"><span class='ocrx_word' id='word_1_597' title='bbox 2498 4800 2606 4861; x_wconf 88' lang='lat' dir='ltr'><strong>sed</strong></span> <span class='ocrx_word' id='word_1_598' title='bbox 2640 4799 2763 4859; x_wconf 88' lang='lat' dir='ltr'><strong>alio</strong></span> <span class='ocrx_word' id='word_1_599' title='bbox 2796 4799 2982 4859; x_wconf 90' lang='lat' dir='ltr'><strong>modo</strong></span> <span class='ocrx_word' id='word_1_600' title='bbox 3013 4807 3075 4859; x_wconf 91' lang='lat' dir='ltr'><strong>et</strong></span> <span class='ocrx_word' id='word_1_601' title='bbox 3104 4799 3181 4860; x_wconf 89' lang='lat' dir='ltr'><strong>ad</strong></span> <span class='ocrx_word' id='word_1_602' title='bbox 3214 4799 3372 4861; x_wconf 89' lang='lat' dir='ltr'><strong>alios</strong></span> <span class='ocrx_word' id='word_1_603' title='bbox 3408 4808 3608 4874; x_wconf 67' lang='lat' dir='ltr'><strong>actim,</strong></span> <span class='ocrx_word' id='word_1_604' title='bbox 3642 4802 3807 4864; x_wconf 88' lang='lat' dir='ltr'><strong>sicut</strong></span> <span class='ocrx_word' id='word_1_605' title='bbox 3838 4823 4006 4884; x_wconf 75' lang='lat' dir='ltr'><strong>prae-</strong></span> 
     </span>
     <span class='ocr_line' id='line_1_91' title="bbox 2497 4896 3595 4978; baseline 0.002 -20"><span class='ocrx_word' id='word_1_606' title='bbox 2497 4896 2789 4958; x_wconf 87' lang='lat' dir='ltr'><strong>habitum</strong></span> <span class='ocrx_word' id='word_1_607' title='bbox 2832 4903 2928 4957; x_wconf 90' lang='lat' dir='ltr'><strong>est</strong></span> <span class='ocrx_word' id='word_1_608' title='bbox 2970 4904 3031 4957; x_wconf 89' lang='lat' dir='ltr'><strong>et</strong></span> <span class='ocrx_word' id='word_1_609' title='bbox 3078 4897 3241 4958; x_wconf 82' lang='lat' dir='ltr'><strong>infra</strong></span> <span class='ocrx_word' id='word_1_610' title='bbox 3284 4905 3595 4978; x_wconf 88' lang='lat' dir='ltr'><strong>tangetur.</strong></span> 
     </span>
    </p>

    <p class='ocr_par' dir='ltr' id='par_1_14' title="bbox 2497 4994 4009 5360">
     <span class='ocr_line' id='line_1_92' title="bbox 2576 4994 4007 5080; baseline 0.006 -25"><span class='ocrx_word' id='word_1_611' title='bbox 2576 4995 2880 5057; x_wconf 81' lang='lat' dir='ltr'><strong>Praeterea</strong></span> <span class='ocrx_word' id='word_1_612' title='bbox 2925 4994 3255 5056; x_wconf 76' lang='lat' dir='ltr'><strong>Dur-andus</strong></span> <span class='ocrx_word' id='word_1_613' title='bbox 3296 4996 3467 5058; x_wconf 90' lang='lat' dir='ltr'><strong>circa</strong></span> <span class='ocrx_word' id='word_1_614' title='bbox 3512 4997 3644 5060; x_wconf 72' lang='lat' dir='ltr'><strong>haec</strong></span> <span class='ocrx_word' id='word_1_615' title='bbox 3685 5019 3723 5060; x_wconf 87' lang='lat' dir='ltr'><strong>a</strong></span> <span class='ocrx_word' id='word_1_616' title='bbox 3767 5001 4007 5080; x_wconf 80' lang='lat' dir='ltr'><strong>praein-</strong></span> 
     </span>
     <span class='ocr_line' id='line_1_93' title="bbox 2497 5092 4002 5174; baseline 0.006 -22"><span class='ocrx_word' id='word_1_617' title='bbox 2497 5092 2704 5153; x_wconf 90' lang='lat' dir='ltr'><strong>ductis</strong></span> <span class='ocrx_word' id='word_1_618' title='bbox 2744 5092 3109 5155; x_wconf 89' lang='lat' dir='ltr'><strong>doctoribus</strong></span> <span class='ocrx_word' id='word_1_619' title='bbox 3153 5093 3491 5155; x_wconf 88' lang='lat' dir='ltr'><strong>dissentire</strong></span> <span class='ocrx_word' id='word_1_620' title='bbox 3531 5095 3797 5158; x_wconf 90' lang='lat' dir='ltr'><strong>videtur.</strong></span> <span class='ocrx_word' id='word_1_621' title='bbox 3833 5098 4002 5174; x_wconf 85' lang='lat' dir='ltr'><strong>Una,</strong></span> 
     </span>
     <span class='ocr_line' id='line_1_94' title="bbox 2499 5190 4006 5276; baseline 0.005 -24"><span class='ocrx_word' id='word_1_622' title='bbox 2499 5190 2817 5272; x_wconf 81' lang='lat' dir='ltr'><strong>inquienS,</strong></span> <span class='ocrx_word' id='word_1_623' title='bbox 2851 5191 3069 5253; x_wconf 88' lang='lat' dir='ltr'><strong>divina</strong></span> <span class='ocrx_word' id='word_1_624' title='bbox 3117 5209 3385 5272; x_wconf 89' lang='lat' dir='ltr'><strong>persona</strong></span> <span class='ocrx_word' id='word_1_625' title='bbox 3428 5211 3555 5256; x_wconf 90' lang='lat' dir='ltr'><strong>non</strong></span> <span class='ocrx_word' id='word_1_626' title='bbox 3599 5203 3807 5276; x_wconf 85' lang='lat' dir='ltr'><strong>potest</strong></span> <span class='ocrx_word' id='word_1_627' title='bbox 3852 5215 4006 5260; x_wconf 87' lang='lat' dir='ltr'><strong>esse</strong></span> 
     </span>
     <span class='ocr_line' id='line_1_95' title="bbox 2502 5289 4009 5360; baseline 0.007 -11"><span class='ocrx_word' id='word_1_628' title='bbox 2502 5289 2565 5350; x_wconf 92' lang='lat' dir='ltr'><strong>in</strong></span> <span class='ocrx_word' id='word_1_629' title='bbox 2595 5289 2720 5351; x_wconf 87' lang='lat' dir='ltr'><strong>alia</strong></span> <span class='ocrx_word' id='word_1_630' title='bbox 2752 5289 2993 5351; x_wconf 89' lang='lat' dir='ltr'><strong>ratione</strong></span> <span class='ocrx_word' id='word_1_631' title='bbox 3028 5289 3221 5352; x_wconf 87' lang='lat' dir='ltr'><strong>totius</strong></span> <span class='ocrx_word' id='word_1_632' title='bbox 3253 5291 3582 5354; x_wconf 87' lang='lat' dir='ltr'><strong>constituti</strong></span> <span class='ocrx_word' id='word_1_633' title='bbox 3612 5311 3689 5355; x_wconf 86' lang='lat' dir='ltr'><strong>ex</strong></span> <span class='ocrx_word' id='word_1_634' title='bbox 3721 5297 4009 5360; x_wconf 86' lang='lat' dir='ltr'><strong>essentia</strong></span> 
     </span>
    </p>
   </div>
   <div class='ocr_carea' id='block_1_12' title="bbox 4310 101 4314 637">
    <p class='ocr_par' dir='ltr' id='par_1_15' title="bbox 4310 101 4314 637">
     <span class='ocr_line' id='line_1_96' title="bbox 4310 101 4314 637; baseline 0 0"><span class='ocrx_word' id='word_1_635' title='bbox 4310 101 4314 637; x_wconf 95' lang='lat' dir='ltr'><strong> </strong></span> 
     </span>
    </p>
   </div>
  </div>
 </body>
</html>
