4359 6250
607 696 662 741 IV
673 697 848 752 Reym,

614 993 762 1037 Exod.
777 1007 850 1042 vu,

590 1061 654 1102 10.

873 487 996 554 566
1521 509 1586 556 ΙΝ
1626 509 1848 555 LIBRUM
1889 510 1910 555 1
1952 509 2435 555 SENTENTIARUM.
2480 527 2561 536 —
2602 509 2755 556 Dtsr.
2801 509 2965 572 XL113
3008 510 3232 566 QUAEST.
3278 509 3347 556 m

877 677 1120 740 serrum
1171 681 1605 761 supernatavit
1649 681 1940 742 mittente
1988 687 2207 742 sancto
2254 679 2379 740 Eli·
2410 679 2460 741 A
2493 698 2617 741 non
2649 680 2839 742 videt.
2857 681 3029 742 Hanc
3060 681 3431 764 sapientiam
3460 681 3627 744 Deus
3656 680 3813 743 fecit
3842 679 3987 742 stul·

879 793 989 837 seo
1030 776 1272 857 lignum
1320 777 1382 840 in
1434 797 1685 860 aquam.
1720 779 1895 840 Unde
1938 786 2002 839 et
2039 797 2233 859 super
2270 777 2384 840 Ge-

881 875 1088 936 nesim
1145 885 1322 939 sexto
1372 876 1655 959 loquitur
1700 877 2113 958 Augustinus,
2165 877 2419 958 dispu-·

881 980 1024 1036 tans
1055 974 1132 1036 de
1164 976 1515 1039 mutatione
1538 976 1732 1056 virgae
1765 975 1827 1036 in
1860 976 2197 1037 draconem
2223 975 2382 1038 :Nec

883 1072 1004 1133 ista
1062 1091 1258 1153 quum
1322 1073 1512 1146 siunt,
1566 1080 1784 1135 contra
1842 1082 2130 1136 naturam
2191 1073 2381 1147 fiunt,

771 1230 774 1234 ,
883 1170 1008 1232 nisi
1067 1170 1273 1246 nobiS,
1326 1172 1560 1254 quibus
1618 1173 1801 1234 aliter
1857 1191 2082 1234 cursus
2144 1180 2385 1234 naturae

612 2073 744 2116 Num.
757 2085 857 2123 xxu,

594 2139 663 2179 28.

611 5034 627 5078 Ι
645 5034 748 5080 Cor.
761 5051 789 5088 ι,
807 5040 874 5081 20.

884 1267 1183 1342 innotuit,
1219 1288 1342 1332 non
1376 1271 1524 1342 De0,
1551 1271 1652 1332 cui
1685 1270 1804 1333 hoc
1836 1279 1930 1332 est
1962 1278 2186 1332 natura
2216 1270 2383 1351 quod

883 1365 1054 1429 fecit.
1108 1368 1312 1441 Quum
1363 1369 1534 1431 enim
1594 1371 1876 1451 primum
1933 1371 2099 1431 Deus
2157 1375 2387 1431 cuncta

885 1467 1142 1539 creavit,
1177 1467 1254 1528 ad
1300 1475 1656 1549 utrumque.
1691 1469 1951 1530 modum
1994 1487 2094 1529 res
2139 1466 2384 1529 habiles

883 1573 1032 1626 sunt
1080 1573 1325 1640 creatas,
1379 1573 1510 1627 tam
1566 1567 1642 1628 ad
1693 1565 1886 1627 istum
1946 1567 2206 1627 modum
2259 1583 2385 1646 quo

884 1663 1299 1726 usitatissime
1348 1664 1723 1746 temporalia
1781 1673 2067 1735 currunt,
2121 1673 2249 1725 tam
2307 1665 2385 1725 ad

885 1760 1068 1823 illum
1121 1780 1247 1844 quo
1303 1782 1442 1824 rara
1489 1772 1550 1826 et
1601 1763 1918 1826 mirabilia
1973 1763 2139 1825 fiunt
2200 1769 2387 1844 prout

2491 784 2641 852 tam,
2676 779 2969 841 faciendo
3001 798 3075 842 ac
3107 779 3485 843 declarando
3521 779 3584 842 id
3617 797 3757 842 esse
3792 779 3988 861 possi-

2492 875 2620 938 bile
2652 877 2819 957 quod
2854 877 2991 959 ipsa
3016 879 3261 957 judicat
3292 878 3707 961 impossibile.
3740 914 3826 923 —
3851 877 3989 940 Alia

2492 993 2641 1055 ergo
2672 975 2890 1056 opinio
2923 983 3039 1050 est,
3074 977 3241 1058 quod
3273 995 3463 1038 omne
3492 985 3555 1038 et
3584 977 3791 1040 solum
3833 977 3989 1038 illud

2493 1081 2588 1134 est
2631 1073 3009 1155 simpliciter
3051 1075 3378 1156 possibile,
3419 1075 3588 1156 quod
3636 1075 3991 1137 secundum

2495 1189 2715 1232 causas
2765 1171 3125 1253 superiores
3173 1181 3269 1233 est
3316 1171 3642 1253 possibile,
3691 1172 3777 1233 ita
3824 1173 3995 1252 quod

2495 1269 2783 1349 sequitur
2817 1270 2991 1332 :Hoc
3034 1277 3124 1331 est
3173 1270 3476 1351 possibile
3518 1271 3669 1342 Dec,
3711 1288 3864 1351 ergo
3902 1277 3998 1331 est

2496 1367 2819 1448 possibile.
2874 1369 2992 1430 Sed
3051 1368 3375 1450 objicitur,
3431 1370 3579 1450 quia
3637 1369 3993 1430 secundum

2497 1465 2638 1538 hoe,
2658 1465 2969 1546 virginem
3002 1487 3221 1548 parere
3252 1475 3417 1529 esset
3446 1467 3773 1549 possibile,
3793 1487 3995 1548 quum

2497 1572 2708 1625 tamen
2738 1565 2918 1646 virgo
2949 1583 3072 1627 non
3106 1565 3334 1628 habeat
3367 1567 3713 1647 potentiam
3748 1566 3996 1647 parien-

2497 1663 2580 1723 di.
2624 1663 2885 1736 RursuS,
2928 1684 3005 1726 cx
3050 1664 3169 1726 hoc
3213 1665 3394 1747 sequi
3437 1665 3781 1738 videretur,
3828 1666 3999 1746 quod

2496 1761 2767 1822 effectus
2816 1763 3329 1844 supernaturales
3380 1781 3503 1824 non
3551 1770 3764 1825 essent
3810 1763 4000 1824 mira-

883 1859 1091 1921 sacere
1139 1861 1267 1923 Deo
1326 1861 1636 1943 placuerit
1682 1863 1850 1942 quod
1913 1861 2181 1942 tempori
2243 1879 2387 1923 con·
2424 1860 2469 1920 B
2499 1859 2723 1932 culosi,
2758 1879 2956 1941 quum
2997 1860 3126 1922 sint
3163 1859 3451 1922 absolute
3490 1861 4001 1943 simpliciterque

886 1965 1087 2037 gruat.
1123 1957 1296 2020 Unde
1337 1966 1398 2020 et
1436 1977 1606 2020 nono
1645 1978 1835 2040 super
1869 1958 2164 2022 Genesim
2205 1958 2383 2030 dicit,

889 2055 1155 2136 loquens
1186 2057 1262 2118 de
1293 2064 1476 2139 partu
1516 2057 1751 2118 sterilis
1791 2057 2237 2137 locutioneque
2270 2057 2388 2118 asi-

887 2173 986 2216 nae
1018 2172 1032 2216 :
1067 2154 1250 2216 Dedit
1288 2154 1454 2216 Deus
1497 2156 1740 2216 naturis
1784 2174 1940 2236 quas
1980 2154 2284 2228 condidit,
2320 2162 2388 2215 ut

887 2269 966 2313 ex
1008 2251 1100 2313 eis
1141 2252 1275 2314 haec
1319 2251 1462 2314 fieri
1507 2260 1801 2335 possent3
1842 2271 2050 2334 neque
2093 2253 2267 2314 enim
2310 2272 2387 2315 ex

885 2349 980 2412 eis
1032 2349 1168 2431 ipse
1211 2349 1500 2412 efficeret
1538 2351 1706 2433 quod
1751 2370 1827 2412 ex
1872 2351 1965 2412 eis
2015 2349 2156 2412 sieri
2204 2369 2387 2432 posse

891 2465 1018 2510 non
1065 2448 1201 2530 ipse
1246 2447 1620 2530 prael'igeret.

1301 2771 1779 2846 QUAESTIO
1847 2773 1972 2836 III

2499 1956 2855 2039 possibiles.
2890 1993 2969 2002 —
2998 1958 3157 2020 Hinc
3200 1959 3383 2020 tertia
3421 1958 3639 2039 opinio
3675 1967 3793 2031 est,
3829 1959 3999 2040 quod

2498 2075 2614 2118 nec
2659 2064 2904 2117 tantum
2949 2057 3301 2118 secundum
3345 2075 3565 2118 causas
3612 2057 3996 2138 superiore3‚

2498 2174 2616 2217 nec
2663 2162 2909 2215 tantum
2968 2155 3320 2216 secundum
3372 2175 3591 2216 causas
3640 2155 3997 2229 inferioreS,

2498 2254 2608 2315 sed
2653 2253 2973 2314 interdum
3022 2255 3375 2315 secundum
3422 2253 3583 2326 illas,
3616 2255 3999 2335 quandoque

2498 2353 2850 2414 secundum
2904 2351 3075 2426 istas,
3128 2353 3376 2414 dicatur
3423 2352 3729 2434 possibile
3781 2370 3794 2414 :
3849 2353 4001 2434 quia

2497 2451 2849 2512 secundum
2881 2451 3129 2512 diversa
3157 2451 3686 2531 adjuncta,dictio
3717 2452 3853 2519 ista,
3870 2469 4003 2527 pos-

2499 2552 2708 2619 sibile,
2745 2566 2860 2630 pro
2909 2549 3176 2611 diversis
3226 2549 3756 2631 possibilitatibus
3806 2569 4001 2632 copu-

2502 2648 2604 2709 lat.
2660 2647 2835 2710 Unde
2893 2667 3093 2729 quum
3134 2648 3403 2722 dicitur,
3450 2649 3647 2710 Deum
3708 2667 3849 2710 esse
3908 2657 4003 2711 est

2502 2745 2828 2828 possibile,
2874 2748 3179 2822 possibile
3229 2747 3485 2828 copulat
3537 2764 3652 2830 pro
3706 2748 4000 2828 possibili

2501 2844 2854 2906 secundum
2914 2863 3134 2906 causas
3190 2845 3569 2927 superiores.
3618 2845 3738 2907 Sed
3798 2865 4000 2927 quum

2501 2942 2757 3014 dicitur,
2808 2940 3113 3004 Possibile
3169 2949 3267 3003 est
3322 2961 3562 3004 caecum
3611 2942 3853 3016 videre,
3906 2963 4005 3006 co-

897 3044 1303 3243 QUaeritur
1379 3053 1860 3127 consequenter,
1942 3046 2390 3112 Secundum
2428 3045 2471 3107 C
2504 3041 2681 3123 pulat
2728 3059 2843 3123 pro
2891 3039 3183 3121 possibili
3232 3041 3583 3102 secundum
3636 3059 3861 3103 causas
3912 3042 4003 3103 in-

1049 3160 1246 3227 quas
1275 3159 1550 3212 causas
1573 3144 2091 3225 judicandum
2121 3148 2233 3210 sit
2260 3146 2397 3211 alt-

889 3246 1082 3326 qiud
1126 3258 1297 3310 esse
1340 3243 1719 3325 possibile
1761 3243 1896 3308 vel
1943 3244 2391 3323 impossibi-

890 3344 991 3424 le,
1024 3358 1125 3408 an
1154 3343 1467 3408 scilicet
1497 3342 1932 3408 secundum
1961 3355 2237 3407 causas
2267 3356 2395 3407 su-

892 3443 1245 3523 periores
1287 3441 1422 3507 vel
1465 3438 1908 3507 inferiores

985 3539 1247 3602 Videtur
1285 3540 1452 3621 quod
1491 3539 1844 3600 secundum
1885 3556 2104 3600 causas
2142 3537 2395 3600 inferio-

892 3636 992 3700 res
1026 3655 1040 3700 :
1074 3638 1378 3720 quoniam
1409 3638 1560 3711 Dec,
1585 3637 1696 3719 qui
1728 3644 1823 3698 est
1853 3656 2042 3698 causa
2071 3655 2391 3719 suprema,

891 3737 1052 3798 nihil
1097 3744 1192 3798 est
1237 3735 1636 3817 impossibile
1687 3753 1894 3816 neque
1940 3734 2233 3809 dil'l'icile,
2277 3754 2393 3797 nec

890 3834 1161 3898 verbum
1200 3854 1319 3897 nec
1362 3834 1618 3896 factum.
1653 3870 1735 3879 -—
1773 3834 1952 3907 Item,
1995 3834 2072 3895 de
2119 3853 2397 3915 unaqua-

897 3952 1020 4014 que
1053 3952 1119 3995 re
1148 3932 1565 4012 judicandum
1597 3939 1693 3995 est
1722 3932 2074 3994 secundum
2105 3932 2397 4013 proprias

891 4039 954 4093 et
1006 4032 1324 4113 proximas
1377 4049 1596 4093 causas
1646 4048 1659 4093 ε
1707 4039 1770 4093 et
1820 4029 1944 4093 illae
1994 4039 2144 4092 sunt
2194 4049 2399 4093 causae

894 4130 1246 4192 inferiores

1006 4325 1098 4387 Ad
1160 4326 1281 4388 hoc
1340 4325 1876 4389 Antisiodorensis
1938 4326 2274 4407 respondet
2336 4325 2399 4386 in

903 4424 1168 4487 Summa
1213 4443 1346 4496 sua,
1391 4423 1555 4486 libro
1605 4425 1812 4507 primo
1853 4444 1867 4489 ε
1913 4425 2092 4487 Circa
2138 4425 2260 4486 hoc
2307 4431 2403 4485 est

903 4523 1135 4605 triplex
1173 4524 1408 4605 opinio.
1445 4524 1596 4597 Una,
1639 4524 1808 4605 quod
1853 4524 2060 4586 solum
2106 4523 2263 4585 illud
2308 4530 2405 4585 est

905 4620 1209 4704 possibile
1265 4620 1574 4695 absolute,
1627 4623 1794 4702 quod
1854 4621 1998 4684 fieri
2059 4628 2265 4702 potest
2311 4639 2405 4682 se·-

905 4720 1187 4782 cundum
1251 4739 1471 4782 causas
1535 4719 1885 4783 inferiores,
1946 4720 2120 4782 Unde
2184 4738 2404 4781 secun-

905 4818 1056 4880 dum
1103 4818 1277 4891 istos,
1311 4817 1624 4899 virginem
1670 4819 1992 4900 peperisse
2036 4826 2132 4879 est
2171 4817 2404 4899 impos-

905 4914 1113 4989 sibile,
1147 4916 1439 4997 quamvis
1477 4915 1560 4977 sit
1589 4935 1830 4978 verum.
1867 4917 1984 4979 Sed
2029 4922 2248 4977 contra
2283 4915 2404 4977 hoc

905 5019 1001 5076 est
1059 5014 1226 5095 quod
1289 5033 1481 5095 super
1543 5014 1702 5076 illud
1761 5014 2068 5096 Apostoli,
2132 5012 2401 5076 Stultam

902 5111 1057 5174 fecit
1103 5113 1270 5174 Deus
1327 5112 1702 5193 sapientiam
1763 5112 1957 5192 hujus
2017 5111 2261 5185 mundi,
2317 5110 2402 5172 lo-

903 5211 1121 5292 quitur
1161 5210 1552 5291 Augustinus
1597 5230 1611 5274 :
1655 5210 1976 5292 Sapientia
2022 5210 2243 5271 mundi
2291 5209 2405 5271 im-

903 5307 1205 5388 possibile
1249 5308 1494 5389 judicat
1541 5309 1710 5391 quod
1769 5309 1832 5371 in
1882 5308 2126 5371 naturis
2187 5327 2401 5370 rerum

2504 3141 2765 3203 seriores
2801 3161 2814 3205 ε
2851 3139 3088 3202 idcirco
3126 3148 3221 3201 est
3265 3139 3440 3203 falsa.
3478 3140 3549 3202 Et
3589 3140 3771 3220 juxta
3814 3140 3996 3203 istam

2502 3240 2893 3321 opinionem,
2927 3240 3093 3301 Deus
3132 3239 3209 3301 de
3249 3238 3633 3321 impossibili
3674 3238 3825 3301 facit
3862 3257 4001 3323 pos·

2503 3338 2689 3401 sibile
2738 3338 2986 3424 duobus
3046 3338 3270 3400 modis,
3323 3337 3531 3400 Primo
3580 3338 3770 3401 modo
3828 3358 4003 3420 repa-

2504 3437 2700 3499 rando
2733 3443 3048 3509 naturam,
3082 3435 3249 3497 sicut
3282 3436 3345 3497 in
3388 3454 3554 3499 caeco
3590 3436 3953 3499 illuminato
3982 3454 3997 3499 ε
4074 3466 4153 3495 oa„

2504 3545 2567 3599 et
2606 3544 2759 3597 tunc
2798 3535 3082 3617 potentia
3118 3543 3213 3596 est
3253 3535 3654 3607 miraculosa,
3687 3537 3799 3598 sed
3838 3538 4003 3599 actio
4030 3548 4049 3559 ·

2506 3634 2829 3697 naturalis.
2866 3633 3005 3695 Alio
3045 3634 3231 3695 modo
3274 3633 3481 3694 dando
3518 3652 3749 3696 novam
3786 3643 4003 3716 poten-

2507 3734 2683 3805 tiam,
2718 3734 2884 3794 sicut
2922 3732 3191 3794 contulit
3231 3732 3475 3811 Virgini
3518 3734 3595 3794 ad
3640 3734 4004 3815 concipien-

2507 3833 2657 3893 dum
2705 3839 2768 3893 et
2810 3831 3209 3912 pariendum,
3244 3829 3605 3911 virginitate
3654 3839 3999 3895 manente:

2508 3940 2787 4012 tuncque
2846 3937 2975 3991 tam
3041 3928 3321 4010 potentia
3379 3948 3569 4010 quam
3632 3931 3799 3992 actio
3858 3940 4007 3993 sunt

2510 4028 2922 4090 miraculosae.
2966 4027 3200 4089 Verum
3250 4028 3399 4090 huic
3446 4028 3735 4109 opinioni
3782 4028 4009 4108 objici-

2510 4136 2634 4200 tur,
2686 4126 2837 4208 quia
2882 4126 3048 4188 sicut
3095 4126 3256 4188 nihil
3308 4134 3404 4188 est
3450 4126 3667 4189 album
3720 4127 3845 4189 nisi
3897 4148 4009 4210 per

2430 4220 2479 4281 D
2509 4220 2894 4299 albedinem,
2928 4224 3017 4286 ita
3056 4242 3176 4286 nec
3220 4223 3523 4306 possibile
3572 4224 3695 4289 nisi
3744 4245 3863 4307 per
3903 4226 4011 4288 ali-

2512 4343 2703 4406 quam
2766 4323 3250 4405 possibilitatem
3304 4341 3319 4385 :
3370 4324 3479 4385 sed
3532 4324 3847 4405 virginem
3910 4344 4012 4405 pa-

2513 4442 2672 4495 rere,
2724 4442 2979 4503 semper
3034 4422 3157 4483 fuit
3216 4422 3540 4503 possibile,
3592 4440 3741 4503 ergo
3798 4423 4013 4505 aliqua

2515 4520 2957 4603 possibilitate,
3008 4528 3071 4581 et
3119 4538 3245 4581 non
3304 4519 3425 4580 nisi
3475 4539 3590 4601 per
3638 4540 3861 4582 causas
3909 4541 4012 4582 su-

2516 4620 2816 4702 perioreS.
2869 4618 3045 4691 Quod
3104 4618 3535 4689 concedimu5‚
3598 4626 3660 4681 et
3715 4620 4013 4682 secundae

2512 4718 2799 4799 opinioni
2832 4718 3249 4789 adhaeremuS,
3270 4735 3383 4797 per
3412 4736 3603 4798 quam
3636 4724 3849 4779 tamen
3884 4736 4014 4779 non

2513 4814 2874 4877 exc-luditur
2904 4813 2967 4875 id
3000 4814 3166 4894 quod
3198 4812 3501 4895 possibile
3530 4819 3620 4875 est
3654 4814 4012 4876 secundum

2514 4931 2734 4974 causas
2774 4911 3129 4985 inferioreS,
3165 4930 3363 4991 quum
3406 4919 3470 4973 et
3501 4929 3693 4972 omne
3731 4911 3893 4974 illud
3932 4912 4014 4973 sit

2513 5011 2641 5073 Deo
2672 5009 2999 5091 possibile,
3033 5010 3201 5090 quod
3233 5007 3541 5091 possibile
3571 5016 3667 5071 est
3696 5008 4014 5073 inferiori-

2514 5108 2633 5170 bus
2678 5109 2935 5170 causis:
2970 5115 3031 5169 et-
3077 5107 3163 5167 ita
3205 5107 3371 5169 Deus
3414 5124 3541 5169 non
3586 5106 3737 5168 facit
3781 5107 3861 5169 de
3900 5107 4014 5169 im-

2513 5206 2806 5288 possibili
2857 5204 3180 5288 possibile.
3228 5204 3432 5266 Verba
3480 5221 3631 5267 vero
3674 5204 4011 5285 Augustini

2517 5305 2925 5385 intelligenda
2976 5310 3143 5377 sunt,
3192 5304 3360 5385 quod
3404 5304 3571 5367 Deus
3616 5303 3893 5366 ostendit
3938 5303 4005 5365 il·

4040 3758 4140 3800 Luc.
4162 3769 4185 3803 t,
4200 3757 4257 3794 31.
