4359 6250
594 3840 730 3896 Αροο.
749 3854 808 3891 ιιι,

841 483 920 548 28
1491 505 1556 550 IN
1596 504 1818 550 Limum
1861 506 1881 550 1
1923 504 2191 550 SENTENT
2194 505 2405 550 1ARUM.
2452 521 2533 532 —
2572 503 2724 550 DIST.
2771 504 2938 566 xvu3
2983 505 3205 559 QUAEST.
3246 505 3286 550 V

842 694 991 737 nem
1021 676 1152 738 Deo
1188 685 1520 758 acceptum
1555 693 1569 736 :
1605 675 1842 738 idcirco
1880 683 1944 737 et
1979 675 2207 737 caritas
2237 673 2329 735 sic
2360 672 2410 734 A
2522 672 2701 736 Circa
2745 674 2877 736 haec
2928 673 3210 755 loquitur
3250 673 3521 736 Thomas
3570 674 3689 737 hoc
3735 674 3873 736 loco
3914 691 3929 735 ε

841 782 1103 837 vocatur
1149 793 1276 837 non
1328 775 1532 838 solum
1594 775 1744 856 quia
1801 783 2082 836 amatum
2140 772 2330 835 habet

841 891 1081 946 carum,
1117 874 1226 934 sed
1254 874 1446 935 etiam
1478 873 1628 955 quia
1667 873 1990 937 hominem
2023 872 2175 935 facit
2205 873 2332 934 Deo

840 988 1093 1048 carum3
1126 979 1189 1032 et
1236 972 1387 1053 quia
1429 988 1556 1033 non
1607 972 1846 1033 scimus
1889 972 1999 1033 Dei
2049 979 2333 1052 accepta-

841 1069 1076 1132 tionem
1110 1070 1658 1144 certitudinaliter,
1692 1071 1815 1131 nisi
1858 1089 1971 1152 per
2004 1070 2332 1132 revelatio-

844 1185 1014 1240 nem,
1049 1167 1192 1229 ideo
1239 1167 1375 1229 sine
1418 1185 1492 1228 ea
1534 1186 1649 1249 pro
1699 1176 1869 1230 certo
1915 1185 2044 1230 non
2091 1168 2331 1230 scimus

840 1265 1012 1347 quod
1061 1284 1283 1326 sumus
1313 1265 1392 1350 §in
1436 1266 1715 1338 caritate,
1755 1265 1878 1327 nisi
1924 1266 2108 1328 nobis
2151 1266 2334 1328 desu-

841 1383 955 1446 per
983 1364 1315 1426 reveletur.
1353 1365 1640 1427 Secunda
1669 1365 1826 1427 ratio
1857 1373 1951 1427 est
1981 1365 2334 1429 similitudo

840 1463 1118 1525 caritatis
1161 1464 1239 1524 ad
1277 1464 1630 1525 naturalem
1673 1481 1975 1526 amorem.
2013 1464 2334 1545 Contingit

840 1579 1116 1642 namque
1154 1561 1433 1642 aliquem
1473 1560 1860 1624 inflammari
1897 1562 1974 1624 ad
2014 1562 2127 1624 Dei
2165 1579 2335 1624 amo-

841 1677 972 1720 rem
1009 1678 1123 1740 per
1151 1659 1702 1734 assuefactionem,
1737 1660 1847 1741 qui
1879 1669 2089 1722 tamen
2121 1661 2333 1722 sordet

837 1756 1054 1837 aliquo
1101 1757 1416 1837 spirituali
1477 1766 1735 1840 peccato
1788 1775 1801 1819 :
1855 1758 2058 1820 nihilo
2119 1759 2331 1820 minus

2442 772 2794 855 Dupliciter
2842 772 3077 834 dicitur
3125 773 3369 854 aliquid
3419 791 3559 835 esse
3614 773 3938 853 cognosci-

2442 871 2590 946 bile,
2626 871 2977 934 secundum
3018 871 3470 954 Philosophum
3511 872 3791 935 secundo
3818 873 3941 934 Me-

2442 969 2785 1052 taphysicae
2834 987 2847 1031 :
2899 970 3127 1051 primo,
3180 970 3534 1032 secundum
3582 989 3650 1032 se
3698 989 3810 1032 seu
3858 989 3941 1032 ex

2443 1087 2557 1129 sua
2586 1076 2851 1146 natura3
2884 1069 3185 1142 secundo,
3221 1070 3427 1151 quoad
3466 1085 3601 1131 nos.
3635 1069 3795 1131 Hinc
3826 1069 3943 1131 im-

2444 1168 2795 1229 materialia
2834 1186 2912 1229 ex
2944 1187 3011 1230 se
3054 1177 3203 1230 sunt
3233 1169 3507 1230 maxime
3547 1167 3940 1249 cognoscibi-

2444 1266 2548 1340 lia,
2582 1265 2765 1326 nobis
2806 1282 2957 1328 vero
3002 1275 3149 1328 sunt
3195 1265 3605 1339 difficillima,
3640 1266 3790 1348 quia
3832 1283 3939 1328 no-

2444 1371 2572 1425 stra
2603 1363 2991 1426 intellectiva
3033 1365 3310 1444 cognitio
3338 1384 3375 1426 a
3415 1364 3719 1426 sensitiva
3747 1364 3939 1426 habet

2444 1462 2793 1524 exordium.
2830 1462 3003 1524 Unde
3046 1462 3359 1544 potentias
3396 1482 3471 1524 ac
3515 1461 3769 1525 habitus
3807 1462 3939 1524 ani-

2446 1580 2564 1623 mae
2606 1577 2735 1623 non
2778 1560 3063 1622 valemus
3103 1579 3481 1642 cognoscere
3522 1561 3645 1623 nisi
3688 1579 3801 1643 per
3837 1580 3937 1623 ac·

2444 1667 2567 1731 tuS,
2619 1667 2683 1720 et
2728 1667 2905 1720 actus
2955 1678 3069 1740 per
3114 1658 3382 1739 obJecta.
3437 1660 3625 1721 Porro
3674 1659 3740 1721 in
3787 1667 3935 1721 actu

2445 1756 2673 1820 animae
2714 1756 2896 1837 plura
2935 1757 3437 1830 considerantur,
3470 1757 3767 1819 videlicet
3798 1777 3937 1838 spe-

839 1873 1092 1936 semper
1119 1854 1442 1916 afficietur
1471 1856 1549 1916 ad
1580 1857 1802 1929 Deum,
1837 1857 2002 1918 sicut
2033 1875 2330 1937 expresse
2371 1857 2418 1918 B
2448 1855 2576 1916 cies
2632 1862 2834 1929 actuS,
2886 1863 2949 1916 et
3008 1855 3231 1917 modus
3281 1863 3469 1937 atque
3527 1853 3817 1917 effectuS.
3868 1856 3935 1918 Si

840 1953 1023 2014 docet
1069 1952 1423 2015 Bernardus
1474 1953 1538 2014 in
1584 1953 1746 2016 libro
1787 1955 1864 2016 de
1915 1954 2144 2017 Amore
2196 1954 2329 2027 Dei,

839 2050 949 2112 ubi
995 2050 1401 2132 reprehendit
1441 2053 1750 2132 quosdam
1789 2053 1866 2114 de
1906 2072 2020 2114 sua
2058 2052 2334 2114 devotio-

839 2168 918 2210 ne
950 2148 1409 2230 superbien’teS.
1446 2150 1653 2212 Tertia
1692 2151 1851 2212 ratio
1879 2160 1975 2213 est
2015 2151 2333 2212 interioris

839 2247 1036 2310 nostri
1069 2247 1238 2309 oculi
1269 2248 1604 2330 lippitudo,
1640 2249 1749 2331 qui
1781 2257 1878 2310 est
1906 2249 2081 2312 velut
2110 2249 2334 2311 oculus

839 2354 1086 2408 noctuae
1123 2346 1202 2406 ad
1237 2345 1684 2428 limpidissima
1722 2356 1982 2410 naturae.
2020 2348 2178 2410 Hinc
2218 2348 2337 2408 sic-

841 2452 910 2505 ut
950 2443 1174 2506 oculus
1218 2444 1433 2526 lippus
1475 2445 1680 2507 nescit
1727 2446 2118 2526 distinguere
2168 2446 2336 2507 inter

840 2542 1057 2604 lumen
1093 2542 1244 2604 solis
1279 2561 1352 2604 ac
1387 2542 1575 2616 lunae,
1610 2544 1702 2605 sic
1734 2545 1958 2607 oculus
1995 2552 2209 2606 noster
2244 2545 2336 2606 in-

840 2640 1030 2703 terior
1062 2640 1226 2702 inter
1256 2641 1471 2702 lumen
1511 2643 1728 2721 gratia}
1757 2651 2007 2722 gratum
2040 2641 2334 2704 facientis

838 2747 899 2800 et
927 2739 1145 2819 gratiae
1172 2739 1368 2819 gratis
1399 2740 1558 2802 datae
1589 2757 1715 2802 non
1747 2740 1915 2802 valet
1949 2741 2328 2802 discernere.

838 2836 1067 2910 Quarta
1098 2837 1254 2899 ratio
1285 2845 1382 2899 est
1405 2836 1796 2918 judiciorum
1826 2838 2216 2919 dispensatio
2246 2839 2335 2900 di-

838 2935 1152 2997 vinorum.
1190 2936 1354 2997 Deus
1395 2935 1632 2998 etenim
1675 2936 1914 2998 claudit
1953 2937 2170 3000 oculos
2210 2955 2335 2998 ser-

2446 1970 2595 2033 ergo
2624 1953 2939 2015 sumimus
2967 1961 3181 2015 actum
3216 1954 3516 2027 caritatiS‚
3534 1955 3645 2035 qui
3676 1962 3773 2016 est
3797 1954 3939 2016 dili-

2445 2069 2592 2131 gere
2624 2051 2824 2112 Deum
2855 2059 2917 2112 et
2958 2051 3343 2132 proximum,
3378 2071 3456 2113 ex
3488 2051 3701 2133 specie
3734 2060 3937 2118 actus,

2448 2167 2573 2210 non
2624 2148 3009 2211 discernitur
3050 2169 3131 2211 an
3179 2151 3263 2212 sit
3304 2169 3341 2212 a
3386 2151 3667 2232 potentia
3708 2150 3943 2232 imper-

2447 2246 2632 2320 fecta,
2666 2248 2767 2309 vel
2810 2266 2846 2308 a
2894 2248 3175 2329 potentia
3217 2267 3331 2330 per
3373 2248 3661 2310 habitum
3710 2249 3943 2328 gratui-

2450 2353 2584 2406 tum
2644 2345 2923 2426 perfecta
2976 2363 2989 2407 :
3041 2347 3193 2427 quia
3249 2347 3326 2408 ad
3386 2347 3556 2409 idem
3614 2345 3939 2426 objectum

2446 2444 2775 2506 ordinatur
2824 2445 3106 2525 potentia
3152 2452 3216 2506 et
3267 2445 3544 2518 habituS,
3579 2453 3651 2506 ut
3700 2443 3943 2506 intelle·

2446 2551 2585 2604 ctus
2651 2540 2975 2624 possibilis
3038 2551 3099 2604 et
3163 2542 3446 2605 scientia.
3508 2543 3726 2605 Modus
3790 2558 3941 2603 vero

2446 2660 2637 2723 quem
2670 2641 2850 2722 ponit
2889 2641 3143 2704 habitus
3185 2643 3250 2704 in
3288 2659 3501 2722 opere,
3536 2650 3632 2704 est
3665 2639 3937 2702 facilitas

2445 2749 2509 2801 et
2538 2740 2870 2802 delectatio
2905 2757 2919 2802 ε
2953 2740 3104 2821 quia
3145 2749 3214 2802 ut
3252 2741 3534 2802 secundo
3568 2739 3937 2802 Ethicorum

2445 2838 2734 2912 habetur,
2796 2839 3050 2918 signum
3117 2837 3372 2900 habitus
3440 2847 3537 2901 est
3604 2836 3939 2900 delectatio

2445 2936 2609 2998 fiens
2656 2937 2723 2998 in
2771 2955 2981 3018 opere.
3016 2935 3111 3000 Ab
3155 2937 3274 2999 hoc
3322 2945 3537 3000 autem
3582 2937 3768 2999 modo
3810 2953 3939 2998 non

839 3050 1064 3095 vorum
1124 3050 1385 3096 suorum
1444 3041 1754 3114 quantum
1809 3035 1886 3096 ad
1941 3053 2015 3096 ea
2065 3054 2207 3116 quae
2256 3036 2332 3097 ad
2370 3033 2414 3096 C
2447 3043 2654 3116 potest
2701 3035 2977 3097 discerni
3024 3053 3105 3096 au
3153 3035 3417 3097 actualis
3466 3034 3725 3097 dilectio
3773 3033 3855 3095 sit
3902 3053 3943 3096 a

836 3149 1059 3194 eorum
1101 3132 1420 3213 pertinent
1461 3132 1833 3212 dignitatem
1877 3140 1940 3195 et
1978 3133 2055 3195 de
2097 3134 2334 3215 quibus

841 3239 1098 3312 possent
1127 3229 1368 3305 efferri,
1403 3250 1481 3293 ne
1513 3230 1895 3293 extollantur
1923 3240 2033 3293 aut
2063 3232 2337 3293 inaniter

837 3329 1205 3410 glorientur.
1259 3329 1417 3390 Hinc
1465 3330 1666 3409 gratia
1724 3330 2040 3392 contraria
2090 3338 2187 3392 est
2235 3350 2335 3392 su-

839 3426 1076 3510 perbiae
1124 3445 1138 3489 :
1186 3428 1337 3509 quia
1382 3428 1684 3510 superbia
1732 3429 1935 3510 aperit
1987 3429 2205 3491 oculos
2256 3430 2333 3491 ad

839 3526 1219 3587 intuendum
1287 3526 1731 3607 praerogativas
1799 3526 2335 3608 excellentiasque

839 3623 939 3686 sui
979 3622 1274 3704 subjecti,
1305 3632 1367 3685 et
1407 3624 1645 3687 claudit
1682 3641 1788 3687 eos
1830 3642 1909 3686 ne
1947 3625 2206 3687 videant
2247 3624 2337 3688 in-

839 3723 1148 3804 digentias
1206 3741 1280 3785 ac
1328 3722 1614 3785 defectus
1674 3723 1897 3804 ipsius,
1945 3723 2127 3803 juxta
2177 3722 2335 3785 illud

839 3821 1252 3903 Apocalypsis
1283 3839 1296 3883 :
1332 3822 1524 3897 Dicis,
1551 3822 1701 3903 quia
1732 3822 1909 3884 dives
1941 3841 2106 3895 sum,
2141 3828 2205 3883 et
2234 3840 2339 3882 ne-

839 3920 964 3981 scis
1004 3906 1156 4000 quia
1195 3926 1260 3979 tu
1303 3937 1546 4001 pauper
1582 3937 1648 3981 es
1690 3927 1751 3981 et
1796 3938 2019 3982 caecuS.
2067 3919 2339 3981 Econtra

841 4018 937 4081 vir
975 4025 1231 4079 sanctus
1274 4017 1430 4079 dicit
1470 4036 1537 4079 se
1579 4018 1739 4079 nihil
1783 4035 1942 4091 esse,
1977 4018 2128 4099 quia
2171 4018 2337 4079 Deus

841 4115 1078 4177 claudit
1119 4115 1337 4178 oculos
1376 4115 1518 4196 ejus
1557 4116 1636 4177 ad
1680 4115 1863 4188 bona,
1897 4122 1960 4177 et
1996 4116 2203 4197 aperit
2230 4132 2337 4177 eos

2446 3135 2703 3196 caritate
2760 3133 2991 3208 infusa,
3044 3134 3144 3196 vel
3193 3133 3275 3195 ab
3325 3134 3546 3195 habitu
3602 3133 3935 3215 acquisito.

2445 3232 2740 3314 Proprius
2772 3240 2983 3294 autem
3016 3231 3285 3294 effectus
3324 3231 3685 3294 dilectionis
3722 3249 3946 3293 secun-

2448 3332 2600 3393 dum
2659 3331 2829 3411 quod
2886 3339 2983 3391 est
3038 3349 3116 3391 ex
3166 3330 3446 3404 caritate,
3497 3338 3595 3393 est
3650 3328 3945 3392 efficacia

2449 3429 2852 3512 promerendi
2908 3446 2922 3490 z
2980 3448 3122 3509 quae
3178 3447 3580 3511 nequaquam
3646 3428 3815 3490 cadit
3874 3428 3944 3489 in

2447 3536 2727 3590 nostram
2780 3527 3229 3607 cognitionem,
3282 3527 3405 3588 nisi
3456 3544 3569 3608 per
3618 3526 3945 3589 revelatio·

2448 3644 2615 3687 nem.
2659 3625 2802 3687 Haec
2845 3624 3135 3687 ThomaS.

2531 3723 2880 3786 Concordat
2928 3723 3146 3784 Petrus
3194 3739 3207 3783 :
3257 3722 3424 3795 lllos,
3472 3722 3789 3803 inquienS,
3837 3722 3941 3783 ha-

2448 3821 2620 3884 bitus
2660 3821 2770 3903 qui
2811 3820 3046 3883 habent
3082 3827 3260 3882 actus
3297 3820 3558 3883 omnino
3596 3819 3941 3882 dissimiles

2446 3938 2521 3981 ac
2570 3919 2807 3981 divisos
2856 3918 2936 3980 ab
2985 3918 3233 3980 actibus
3286 3918 3554 3980 aliarum
3604 3918 3938 3991 virtutum,

2449 4034 2827 4097 cognoscere
2876 4033 3215 4098 possumus
3260 4017 3326 4079 in
3370 4016 3627 4099 propria
3675 4017 3940 4090 ratione,

2450 4122 2521 4175 ut
2562 4114 2759 4176 sidem
2802 4122 2867 4176 et
2908 4131 3125 4196 spem3
3169 4113 3311 4175 illos
3355 4131 3505 4176 vero
3547 4114 3659 4195 qui
3708 4112 3945 4176 habent

838 4215 916 4276 ad
949 4214 1294 4276 videndum
1327 4214 1585 4296 propria
1626 4214 1806 4275 mala.
1844 4214 1919 4276 Et
1950 4214 2085 4277 haec
2117 4222 2215 4276 est
2248 4234 2339 4276 ra·
2369 4217 2418 4278 D
2449 4223 2626 4276 actus
2676 4213 2917 4275 similes
2975 4213 3225 4275 actibus
3281 4214 3554 4277 aliorum
3610 4214 3945 4277 habituum

842 4313 929 4375 tio
978 4331 1092 4374 cur
1140 4312 1330 4373 homo
1379 4330 1504 4373 non
1554 4312 1879 4393 cognoscit
1938 4313 2265 4374 caritatem
2319 4329 2332 4374 ε

839 4430 982 4493 quae
1031 4410 1212 4485 rati0,
1246 4410 1539 4492 quamvis
1584 4429 1698 4491 per
1741 4429 1807 4471 se
1850 4428 1979 4473 non
2027 4409 2333 4484 sufficiat,

841 4528 989 4571 cum
1027 4509 1170 4571 aliis
1209 4518 1420 4571 tamen
1462 4508 1628 4571 bona
1666 4517 1780 4570 est.
1816 4509 2108 4571 Attamen
2149 4510 2339 4572 credo

838 4608 1009 4691 quod
1042 4608 1248 4689 prima
1278 4608 1436 4669 ratio
1465 4607 1574 4668 illa
1605 4607 1926 4689 prae-cipua
1956 4608 2058 4682 sit,
2093 4608 2338 4670 scilicet

839 4706 1141 4789 quoniam
1172 4706 1400 4767 caritas
1429 4706 1931 4787 acceptationem
1970 4707 2205 4770 divinae
2236 4725 2340 4770 vo-

842 4805 1102 4867 luntatis
1146 4804 1435 4866 includit.
1471 4804 1685 4866 Nihilo
1733 4804 1947 4867 minus
1998 4824 2113 4887 per
2157 4806 2338 4887 signa

839 4904 1130 4987 quaedam
1173 4910 1388 4985 potest
1442 4902 1858 4984 probabiliter
1905 4902 2054 4965 sciri
2105 4904 2333 4979 inesse,

844 5002 1118 5085 maxime
1149 5019 1265 5083 per
1294 4999 1854 5062 mortificationem
1886 5002 2339 5083 concupiscen-

843 5101 946 5163 tiae
975 5108 1037 5162 et
1067 5098 1302 5162 amoris
1342 5098 1649 5161 mundani
1687 5117 1759 5160 ac
1793 5099 1961 5173 vani,
1994 5106 2185 5181 atque
2225 5120 2339 5183 per

843 5198 967 5261 alia
1007 5197 1205 5260 multa
1245 5196 1424 5277 signa
1462 5216 1605 5278 quae
1644 5196 1856 5259 Sancti
1897 5205 2159 5278 ponunt.
2195 5199 2339 5261 Haec

847 5295 1303 5358 Bonaventura.

2448 4312 2550 4375 vel
2582 4312 2946 4374 innatorum
2976 4310 3079 4374 vel
3120 4311 3602 4393 acquisitorum,
3637 4329 3763 4373 non
3808 4328 3948 4393 pos—

2450 4429 2672 4472 sumus
2722 4426 3101 4490 cognoscere
3145 4409 3505 4491 cognitione
3550 4408 3831 4491 perfecta
3878 4410 3949 4471 in

2452 4507 2707 4589 propria
2738 4507 3001 4581 ratione,
3036 4507 3145 4568 sed
3188 4507 3395 4569 solum
3429 4508 3494 4569 in
3534 4526 3783 4587 genere.
3820 4508 3951 4569 Sic-

2450 4623 2575 4687 que
2625 4604 2787 4665 scire
2832 4621 3171 4685 possumus
3221 4622 3335 4666 nos
3387 4604 3619 4666 habere
3666 4604 3951 4667 dilectio-

2451 4722 2621 4776 nem,
2677 4719 2803 4764 non
2854 4702 3215 4777 caritatem„
3248 4703 3324 4764 Et
3372 4702 3494 4764 hoc
3542 4702 3948 4784 quadruplici

2450 4802 2710 4864 ratione.
2754 4801 2986 4875 Prim0,
3021 4802 3324 4882 quoniam
3368 4802 3593 4863 caritas
3645 4802 3948 4882 importat

2449 4900 2562 4963 Dei
2602 4900 3127 4981 acceptationem,
3160 4918 3303 4982 quae
3348 4900 3498 4961 latet
3543 4916 3678 4961 nos.
3716 4900 3947 4961 Secun-

2450 5000 2551 5071 do,
2585 4998 2905 5079 quoniam*
2938 4997 3298 5059 intellectus
3349 5004 3562 5061 noster
3610 4997 3947 5060 obumbra-

2451 5106 2552 5160 tus
2610 5116 2686 5158 ex
2747 5114 2956 5169 carne,
3015 5095 3093 5158 ad
3158 5094 3665 5177 supernaturalia
3722 5112 3949 5176 cogno-

2452 5195 2686 5258 scenda
2741 5202 2839 5257 est
2885 5194 3100 5256 hebes.
3145 5193 3373 5267 Tertio,
3417 5193 3721 5275 quoniam
3769 5202 3949 5256 actus

2456 5294 2737 5357 caritatis
2778 5293 3009 5356 similis
3048 5301 3146 5354 est
3180 5292 3350 5355 actui
3381 5292 3678 5373 acquisiti
3710 5301 3775 5355 et
3806 5310 3953 5357 con-
