4359 6250
196 2704 221 2731 ει

154 2754 209 2794 17.

65 1998 74 2439 ἱ

65 2810 71 3172 1

580 545 879 600 QUALITER
918 545 993 590 m·
1034 545 1097 590 m
1138 544 1352 600 QUIBUS
1395 544 1597 590 Possm*
1636 543 1946 590 VOLUNTAS
1989 542 2250 589 RCMANA
2293 544 2518 589 mviNAE
2561 546 2896 592 VOLUNTAT!
2939 546 3325 593 CONFORMAm
3384 520 3502 591 657

476 716 781 777 Praeterea
805 716 881 776 de
909 714 1400 777 conformatione
1431 721 1727 795 praetacta
1757 714 1904 776 scri·
1932 713 1983 777 A
2014 715 2258 777 sionem
2291 716 2582 801 includit,
2617 717 2727 779 scd
2759 725 2946 799 prout.
2975 719 3364 781 voluntatem
3397 719 3509 780 im-

410 813 505 875 bit
548 809 895 875 Richardus
930 830 944 874 :
980 813 1065 874 De
1111 814 1228 875 ista
1271 812 1712 876 conformitate
1757 831 1904 875 con-

408 911 596 992 tingit
646 911 817 993 loqui
868 911 1231 993 dupliciter,
1279 911 1547 985 scilicet,
1590 920 1901 993 quantum

406 1010 485 1071 ad
526 1010 836 1083 habitum,
872 1017 933 1071 et
972 1019 1280 1091 quantum
1320 1010 1397 1071 ad
1436 1018 1669 1072 actum.
1704 1010 1906 1083 Quan-

406 1115 543 1169 tum
584 1109 665 1170 ad
704 1108 1017 1181 habitum,
1050 1126 1272 1171 omnes
1304 1116 1601 1170 tenentur
1644 1109 1721 1170 ad
1764 1128 1902 1171 eam

407 1224 661 1287 semper
690 1215 755 1268 et
782 1207 861 1268 ad
896 1226 1170 1289 semper,
1202 1207 1281 1269 ad
1318 1207 1438 1269 hoc
1467 1215 1535 1267 ut
1568 1207 1695 1269 sint
1726 1207 1902 1288 digni

408 1304 541 1366 vita
578 1312 829 1367 aeterna.
868 1305 987 1367 Sed
1022 1305 1337 1387 loquendo
1377 1307 1454 1367 de
1485 1324 1559 1367 ea
1592 1314 1903 1386 quantum

408 1401 488 1463 ad
528 1410 765 1475 actum,
797 1403 941 1465 dico
972 1403 1141 1484 quod
1180 1403 1257 1464 ad
1298 1411 1509 1465 actum
1554 1404 1726 1465 illius
1759 1422 1906 1466 con-

413 1499 751 1563 formitatis
800 1501 909 1582 qui
958 1502 1305 1563 attenditur
1355 1502 1421 1563 in
1471 1502 1740 1564 volendo
1793 1503 1905 1564 im-

412 1599 587 1681 plere
618 1608 934 1681 praecepta
972 1599 1381 1673 affirmativa,
1416 1609 1711 1662 tenemur
1748 1620 1907 1662 sem-

411 1717 545 1779 per,
596 1699 706 1761 sed
758 1716 883 1760 non
933 1700 1010 1760 ad
1062 1716 1351 1779 semper3
1396 1707 1707 1780 quantum
1756 1716 1907 1760 vero

408 1796 487 1857 ad
539 1795 714 1857 illam
765 1796 1275 1859 conformitatem
1326 1816 1467 1877 quae
1516 1804 1610 1858 est
1664 1796 1727 1857 in
1777 1814 1905 1858 non

2014 822 2222 896 portat
2269 814 2688 877 subveniendi
2749 815 2848 876 his
2897 815 3131 896 quibus
3179 817 3505 878 subveniri

2015 920 2258 993 potest;
2302 913 2539 976 idcirco
2580 914 2892 976 damnatis
2942 932 3067 976 non
3113 914 3506 996 compatiun-

2015 1018 2137 1082 tur,
2175 1030 2292 1101 nec
2339 1012 2494 1093 ipsis
2543 1013 2835 1095 cupiunt,
2861 1012 3220 1074 subvenire.
3254 1048 3336 1058 —
3363 1014 3508 1076 Haec

2016 1109 2385 1172 Richardus.

2097 1306 2173 1366 At
2205 1323 2354 1367 vero
2385 1308 2735 1369 secundum
2767 1308 3292 1382 Bonaventuram,
3311 1328 3508 1370 unum

2017 1410 2226 1484 potest
2268 1404 2448 1466 alteri
2500 1404 2880 1468 conformari
2931 1405 3275 1487 dupliciter
3321 1426 3333 1469 ε
3387 1406 3514 1488 pri-

2018 1520 2143 1574 mo,
2209 1503 2559 1565 secundnm
2619 1504 3146 1583 similitudinem3
3206 1504 3507 1577 secund0,

2018 1618 2214 1681 penes
2274 1599 2736 1663 habitudinem.
2789 1602 3070 1664 Primum
3123 1602 3198 1663 fit
3244 1601 3511 1683 triplici-

2016 1704 2111 1758 ter
2146 1714 2159 1758 :
2195 1706 2304 1759 aut
2336 1699 2487 1759 dum
2528 1700 2655 1760 duo
2696 1699 3078 1781 participant
3106 1699 3362 1781 aliquod
3399 1708 3514 1761 ter-

2018 1796 2204 1869 tium,
2241 1805 2309 1858 ut
2352 1815 2550 1877 agnus
2593 1806 2658 1860 et
2701 1817 2938 1881 cycnus
2980 1798 3341 1860 albedinem
3357 1816 3375 1878 ;
3407 1807 3516 1861 aut

409 1894 929 1975 transgrediendo
987 1902 1302 1976 praecepta
1359 1895 1671 1975 negativa,
1736 1902 1904 1955 tene·
1939 1899 1986 1961 B
2019 1913 2220 1975 quum
2250 1895 2464 1977 aliqua
2492 1897 2614 1958 duo
2644 1897 2732 1959 ita
2761 1916 2827 1959 se
2860 1897 3094 1959 babent
3123 1897 3288 1979 quod
3318 1917 3516 1960 unum

411 2012 555 2054 mur
594 2010 850 2075 semper
886 2000 948 2055 et
978 1994 1051 2055 ad
1096 2012 1348 2075 semper
1382 2010 1395 2055 :
1431 1993 1581 2074 quia
1609 1992 1909 2055 videlicet

410 2099 725 2173 pra-cepta
754 2090 1143 2153 affirmativa
1172 2092 1456 2172 obligant.
1487 2110 1760 2173 semper,
1795 2091 1904 2151 sed

410 2207 537 2251 non
568 2191 645 2251 ad
682 2207 969 2271 semper3
1011 2198 1327 2271 praecepta
1365 2198 1576 2251 autem
1619 2190 1909 2270 negativa

410 2287 695 2369 obligant
744 2306 1019 2368 semper,
1072 2295 1135 2349 et
1182 2288 1260 2349 ad
1320 2306 1590 2369 semper.
1644 2288 1910 2368 Insuper

412 2385 576 2459 dico,
630 2386 800 2467 quod
858 2386 1051 2448 homo
1108 2405 1233 2448 non
1294 2394 1545 2449 tenetur
1592 2386 1754 2448 velle
1815 2386 1909 2447 ni-

414 2484 465 2545 si
508 2485 677 2565 quod
724 2484 889 2546 Deus
934 2484 1233 2566 explicite
1278 2484 1376 2545 vel
1423 2484 1735 2565 implicite
1773 2484 1910 2545 vult

418 2582 631 2663 ipsum
674 2582 857 2644 velle.
902 2582 979 2643 Et
1026 2583 1145 2645 hoc
1196 2582 1441 2644 sufficit
1486 2583 1563 2644 ad
1615 2582 1907 2655 salutem,

242 2690 387 2744 τΙι-κσ,
419 2680 585 2742 sicut
622 2680 711 2742 ait
750 2681 1033 2743 Salvator
1065 2698 1079 2741 :
1116 2682 1178 2743 Si
1218 2681 1317 2743 vis
1356 2681 1433 2743 ad
1468 2680 1666 2742 vitam
1708 2680 1911 2760 ingre-

420 2780 505 2853 di,
539 2797 720 2841 serva
766 2779 1077 2841 mandata.
1114 2779 1240 2842 Nec
1284 2787 1535 2841 tenetur
1578 2797 1701 2841 non
1748 2778 1911 2840 velle

2017 2000 2113 2053 est
2160 1993 2341 2074 quasi
2391 1993 2744 2057 similitudo
2785 1996 2886 2057 vel
2937 1995 3261 2077 exemplar
3307 1996 3518 2057 alteri-

2018 2110 2113 2163 us,
2150 2098 2218 2151 ut
2248 2091 2493 2172 species
2531 2092 2920 2154 assimilat-ur
2949 2093 3142 2155 colori
3170 2110 3187 2172 ;
3219 2101 3328 2155 aut
3361 2094 3516 2155 dum

2018 2190 2259 2271 aliquid
2333 2191 2670 2273 participat
2726 2191 3215 2253 similitudinem
3283 2192 3512 2272 ipsam,

2019 2289 2558 2369 quemadmodum
2604 2291 2936 2371 speculum
2988 2309 3100 2351 seu
3144 2290 3368 2353 oculus
3421 2309 3514 2352 re-

2020 2386 2179 2467 cipit
2229 2387 2716 2449 similitudinem
2770 2388 2858 2449 rei
2907 2387 3203 2449 visibilis„
3259 2388 3346 2449 De
3397 2388 3515 2449 hac

2020 2484 2464 2546 conformitate
2523 2485 2688 2546 nihil
2745 2485 2823 2547 ad
2879 2504 3176 2567 praesenS.
3231 2522 3306 2532 -
3358 2486 3515 2548 Con·

2021 2583 2282 2645 formari
2329 2601 2478 2646 vero
2521 2585 2873 2645 secundum
2917 2584 3383 2658 habitudinem,
3418 2593 3516 2647 est

2020 2680 2360 2743 assimilari
2410 2682 2764 2743 secundum
2818 2682 3353 2764 comparationem
3405 2689 3516 2744 aut

2024 2780 2499 2860 proportionem
2549 2799 2562 2843 ε
2615 2780 2837 2862 sicque
2893 2780 3184 2843 voluntas
3236 2780 3518 2842 humana

420 2878 542 2940 nisi
576 2878 743 2959 quod
776 2879 941 2940 Deus
972 2877 1270 2960 explicite
1303 2878 1401 2940 vel
1436 2878 1744 2959 implicite
1777 2894 1916 2959 pro-
2023 2886 2422 2959 comparatur
2457 2878 2708 2941 divinae.
2744 2878 3070 2960 Quumque
3105 2878 3516 2943 conformitas

420 2976 595 3037 hibet
636 2976 847 3057 ipsum
880 2976 1063 3037 velle.
1099 2976 1175 3037 Et
1204 2976 1293 3037 ita
1332 2983 1479 3037 sunt
1518 2975 1730 3057 aliqua
1772 2994 1911 3056 quae

2023 2976 2368 3038 voluntatis
2419 2984 2647 3040 nostrae
2699 2978 2777 3038 ad
2826 2977 3108 3039 divinam
3157 2977 3518 3040 attendatur

418 3074 581 3136 velle
612 3092 723 3136 scu
752 3073 920 3136 nolle
950 3080 1047 3136 est
1078 3074 1504 3153 necessitatis3
1527 3074 1739 3155 aliqua
1770 3092 1911 3154 quae
1948 3076 1991 3141 C
2023 3075 2376 3137 secundum
2420 3074 2918 3156 proportionem,
2952 3081 3016 3137 et
3049 3075 3373 3157 proportio
3408 3076 3519 3138 du-

418 3172 853 3254 congruitatiS,
887 3181 1040 3255 puta
1082 3173 1347 3236 consilia
1388 3182 1533 3234 ante
1582 3172 1911 3253 obligatio-

418 3289 563 3333 nem
620 3271 701 3332 ad
747 3290 838 3333 ea.
891 3271 1013 3333 Alii
1074 3271 1319 3344 dicunt,
1368 3271 1537 3353 quod
1586 3270 1910 3332 voluntate

417 3369 831 3432 deliberativa
884 3377 1173 3432 tenemur
1214 3369 1377 3432 velle
1425 3369 1735 3441 absolute,
1777 3387 1910 3430 om-

419 3468 736 3550 nibusque
770 3468 1069 3549 pensatis,
1098 3467 1408 3550 quidquid
1440 3467 1677 3529 scimus
1709 3468 1909 3529 Deum

418 3565 583 3628 velle
630 3565 941 3640 absolute,
982 3565 1329 3628 dummodo
1372 3572 1677 3646 congruat
1724 3565 1909 3627 nobis

419 3663 577 3725 illud
607 3664 807 3742 velle3
850 3671 913 3726 et
942 3664 1162 3727 dicunt
1192 3665 1312 3726 hoc
1352 3663 1670 3746 implicari
1712 3664 1775 3725 in
1816 3683 1909 3725 ra-

418 3763 559 3824 dice
602 3762 917 3843 Decalogi,
953 3782 1093 3844 quae
1135 3770 1232 3825 est
1271 3780 1450 3824 amor
1492 3762 1622 3824 Dei.

498 3861 564 3923 Si
621 3861 879 3923 demum
939 3868 1275 3942 quaeratur,
1326 3881 1406 3923 an
1466 3860 1674 3923 Sancti
1736 3861 1911 3924 volu-

418 3966 606 4022 erunt
637 3958 867 4021 Christi
910 3959 1308 4040 passionem3
1346 3958 1709 4032 dicendum,
1744 3959 1910 4020 sicut

420 4057 841 4140 praehabitum
874 4063 990 4130 est,
1006 4057 1174 4138 quod
1206 4075 1331 4119 non
1364 4057 1709 4119 secundum
1741 4057 1909 4138 quod

419 4154 543 4217 fuit
590 4154 861 4217 afflictio
910 4155 1287 4236 innocentiS,
1330 4155 1439 4216 sed
1492 4154 1557 4216 in
1600 4163 1909 4236 quantum

2023 3173 2170 3254 plex
2207 3173 2309 3246 sit,
2345 3180 2563 3254 utpote
2598 3180 2907 3253 quantum
2945 3173 3022 3234 ad
3062 3181 3274 3235 actum
3305 3172 3519 3234 volen-

2021 3269 2085 3331 di
2140 3277 2204 3331 et
2253 3277 2564 3352 quantum
2617 3270 2695 3331 ad
2744 3270 3058 3349 volitum;
3109 3269 3518 3333 conformitas

2022 3367 2374 3429 secundum
2408 3375 2743 3451 utramque
2774 3369 3246 3451 proportionem
3273 3377 3370 3430 est
3400 3368 3519 3429 suf-

2020 3464 2270 3537 ficiens,
2307 3473 2368 3526 et
2411 3466 2803 3528 voluntatem
2848 3465 3126 3528 hominis
3169 3465 3377 3527 efficit
3414 3465 3515 3545 ju-

2022 3563 2566 3626 stam.Similitudo
2588 3564 2758 3625 enim
2784 3563 3196 3646 proportionis
3221 3571 3516 3644 quantum

2019 3663 2098 3723 ad
2140 3669 2376 3734 actum,
2409 3662 2699 3723 consistit
2745 3663 2810 3722 in
2851 3661 2992 3736 hoc,
3027 3668 3096 3722 ut
3139 3662 3306 3724 sicut
3348 3680 3513 3724 unus

2020 3759 2157 3821 vult
2206 3778 2282 3820 ex
2334 3759 2592 3821 caritate
2641 3767 2706 3820 et
2749 3759 2920 3840 juste
2966 3778 3040 3821 ac
3083 3761 3384 3833 virtuose,
3427 3760 3515 3821 ita

2019 3867 2082 3919 et
2118 3858 2296 3920 alter.
2333 3857 2697 3920 Similitudo
2739 3858 3166 3940 proportionis
3204 3865 3514 3939 quantum

2019 3957 2096 4018 ad
2130 3956 2423 4030 volitum,
2459 3965 2556 4018 est
2587 3957 2754 4019 idem
2789 3957 3186 4037 objectaliter
3216 3956 3378 4018 velle
3407 3964 3517 4018 aut

2020 4055 2226 4134 nolle3
2269 4073 2386 4116 nec
2427 4053 2674 4116 sufficit
2707 4055 2946 4133 justam
2987 4055 3195 4118 facere
3232 4055 3518 4117 volunta-

2024 4163 2171 4226 tem,
2208 4161 2278 4215 ut
2309 4160 2479 4234 patet
2509 4171 2587 4214 ex
2628 4152 2816 4214 dictis
2852 4169 2866 4214 :
2902 4171 3048 4213 nam
3089 4152 3332 4234 aliquid
3372 4171 3517 4215 con-

420 4252 544 4315 fuit
594 4253 817 4315 mundi
878 4253 1271 4335 redemptiva
1326 4273 1399 4314 ac
1459 4253 1780 4315 salvativa.
1832 4290 1913 4299 —
1943 4256 1991 4317 D
2018 4252 2190 4332 gruit
2219 4251 2385 4313 velle
2425 4251 2558 4324 uni,
2594 4251 2765 4332 quod
2803 4268 2930 4312 non
2972 4251 3263 4331 congruit
3295 4252 3514 4330 alteri;

421 4350 852 4414 Consimiliter
900 4351 1110 4414 Sancti
1154 4371 1233 4413 ex
1280 4351 1413 4413 zelo
1457 4351 1741 4431 justitiae,
1784 4369 1910 4414 non

422 4469 497 4512 ex
542 4451 710 4523 odi0,
746 4449 969 4512 volunt
1013 4450 1329 4532 supplicia
1376 4450 1793 4532 reproborum
1840 4469 1911 4513 ac

420 4549 881 4610 damnatorum.
944 4548 1417 4622 Verumtamen,
1483 4548 1781 4629 quoniam
1847 4548 1910 4609 in

420 4645 655 4708 sanctis
706 4644 1055 4706 viatoribus
1113 4644 1324 4706 locum
1382 4644 1572 4706 habet
1627 4663 1912 4727 compas-

422 4743 621 4807 sionis
660 4739 953 4816 affectus,
988 4742 1281 4822 quamvis
1312 4742 1634 4804 voluntate
1674 4742 1911 4804 delibe-

420 4841 621 4904 rativa
648 4839 920 4903 debeant
945 4840 1107 4901 velle
1132 4840 1598 4902 damnationem
1626 4840 1912 4922 reprobo-

2021 4357 2084 4411 et
2132 4349 2302 4430 quod
2357 4368 2524 4411 unus
2573 4349 2712 4410 vult
2760 4368 2836 4411 ex
2886 4367 3074 4411 causa
3132 4349 3513 4422 rationabili,

2021 4447 2185 4509 alius
2215 4447 2354 4509 vult
2383 4466 2460 4510 ex
2492 4466 2681 4510 causa
2712 4447 3150 4511 irrationabili.
3171 4447 3346 4511 Unde
3377 4467 3520 4512 con·

2022 4553 2164 4619 stat,
2199 4565 2279 4608 an
2324 4545 2734 4609 conformitas
2777 4546 3124 4608 voluntatis
3168 4554 3396 4611 nostrae
3437 4547 3515 4609 ad

2022 4644 2328 4718 divinam,
2362 4644 2553 4706 faciat
2593 4663 2731 4706 eam
2773 4644 3030 4723 justam.

2099 4742 2406 4804 Praeterea
2448 4743 2501 4803 si
2542 4749 2880 4823 quaeratur,
2913 4760 2994 4802 an
3038 4749 3368 4804 teneamur
3409 4760 3514 4805 vo-

2020 4839 2330 4902 luntatem
2385 4847 2666 4902 nostram
2714 4839 3111 4902 conformare
3160 4839 3392 4902 divinae
3442 4841 3509 4902 in

2020 4938 2262 5000 ratione
2301 4936 2555 5000 volendi
2592 4953 2606 4998 :
2640 4936 2982 4998 dicendum
3025 4938 3194 5018 quod
3238 4937 3388 5012 imo,
3423 4939 3509 5001 ita
3535 4965 3805 5018 mamm„

2021 5043 2091 5097 ut
2131 5035 2406 5098 velimus
2453 5053 2532 5096 ex
2575 5033 2855 5106 caritate,
2897 5052 2974 5095 ex
3023 5052 3150 5115 qua
3195 5042 3258 5096 et
3306 5035 3505 5098 Deum
3537 5033 3603 5072 ³⁷·

2019 5153 2096 5196 ex
2130 5142 2258 5197 toto
2299 5134 2486 5196 corde
2518 5140 2808 5195 tenemur
2838 5132 3139 5212 diligere3
3179 5140 3244 5195 et
3280 5153 3358 5195 ex
3387 5135 3511 5197 vir-

2020 5240 2153 5294 tute
2183 5240 2372 5314 atque
2409 5230 2660 5311 justitia
2690 5237 2982 5292 tenemur
3015 5233 3315 5313 prosequi
3345 5231 3513 5295 bona

2022 5350 2095 5392 ac
2128 5330 2348 5411 fugere
2382 5329 2567 5402 mala,
2598 5329 2778 5408 juxta
2807 5327 2964 5389 illud
2999 5329 3464 5393 Deuteronomii
3493 5347 3508 5394 ε

419 4959 562 5002 rum
593 4938 1035 5001 exsistentium
1070 4937 1133 4998 in
1168 4937 1437 5012 inferno,
1470 4946 1659 5020 atque
1690 4956 1909 5001 eorum

418 5038 528 5120 qui
579 5044 729 5099 sunt
778 5036 843 5098 in
884 5035 1009 5109 via,
1052 5053 1326 5117 quorum
1375 5045 1545 5098 certa
1592 5036 1911 5100 damnatio

418 5137 511 5199 eis
560 5143 659 5198 est
705 5134 1233 5197 certitudinaliter
1290 5135 1583 5209 revelata,
1633 5142 1911 5197 attamen

419 5235 546 5297 illis
577 5233 854 5315 compati
886 5239 1170 5314 possunt.
1191 5232 1311 5294 Sed
1342 5233 1645 5314 quoniam
1675 5234 1739 5294 in
1769 5233 1913 5296 Bea-

419 5334 500 5396 tis
536 5333 749 5395 locum
783 5349 911 5394 non
950 5330 1142 5392 habet
1172 5331 1527 5412 compassio
1559 5338 1746 5413 prout
1775 5351 1911 5414 pas-

666 5465 731 5527 Τ.
766 5465 847 5516 20.
3198 5463 3262 5516 42
