4359 6250
855 477 976 545 568

1495 500 1560 546 IN
1599 501 1822 548 mmm(
1863 502 1885 547 1
1925 501 2408 548 SENTENTIARUH.
2452 519 2534 530 -
2574 502 2727 548 ΒΙὸΤ.
2772 501 2935 582 ξιῐῑξ
2980 501 3203 558 QUAEST.
3252 502 3319 549 111

855 668 1010 731 bent
1052 688 1272 732 causas
1327 671 1724 752 receptivas:
1764 672 1930 734 sicut
1977 689 2209 754 corpus
2255 690 2352 735 or·
2384 672 2435 735 A
2464 672 2716 734 videtur
2765 673 3123 736 consentire
3172 674 3473 756 positioni
3524 695 3665 756 quae
3714 674 3783 736 in
3834 673 3961 738 fine

853 767 1212 848 ganizatum
1243 789 1310 831 se
1340 769 1531 832 habet
1559 771 1636 832 ad
1668 771 2047 845 animam‚et
2077 770 2354 833 liberum

853 866 1193 930 arbitrium
1234 869 1309 931 ad
1352 869 1639 950 gratiam.
1683 870 1780 932 Illi
1827 879 2040 932 autem
2082 869 2355 932 effectus

854 965 966 1046 qui
1017 967 1147 1027 nati
1197 975 1345 1028 sunt
1388 986 1526 1029 esse
1564 987 1641 1029 ex
1686 969 1893 1030 causis
1943 967 2355 1031 inferioribus

856 1064 1162 1144 proximis
1192 1065 1416 1128 activis
1447 1073 1510 1127 et
1539 1067 1830 1147 passiviS,
1846 1066 2176 1147 judicandi
2208 1074 2355 1128 sunt.

856 1162 1193 1242 possibiles
1225 1164 1322 1224 vel
1355 1164 1783 1245 impossibiles
1823 1166 2176 1227 secundum
2209 1183 2352 1226 cau-

856 1279 956 1322 sas
1005 1260 1336 1324 inferiores
1381 1280 1395 1324 :
1436 1263 1602 1324 sicut
1650 1264 1714 1325 in
1766 1264 2008 1326 visione
2056 1264 2207 1325 caeci
2258 1283 2349 1326 re-

855 1360 1375 1441 surrectioneque
1416 1361 1666 1423 mortui.
1703 1362 1842 1423 Vita
1881 1362 2052 1423 enim
2092 1370 2154 1423 et
2189 1362 2351 1424 visio

855 1465 1004 1518 sunt
1033 1456 1302 1520 eftectus
1343 1458 1694 1522 immediati
1726 1479 2056 1522 causarum
2097 1459 2351 1522 inferio-

855 1574 1018 1629 rum,
1034 1563 1186 1637 puta
1213 1555 1562 1619 formarum
1585 1558 1835 1640 corpori
1867 1558 2195 1620 unitarum.
2208 1559 2350 1622 Haec

856 1654 1126 1716 Thomas
1171 1655 1236 1717 in
1279 1655 1545 1738 Scripto.

936 1753 1204 1834 Insuper
1242 1755 1569 1835 responsio
1598 1755 1890 1817 Richardi
1925 1756 2001 1817 ad
2043 1755 2232 1826 istud,
2264 1756 2354 1818 vi-

2463 770 2894 852 responsionis
2933 771 3174 834 Alberti
3214 772 3347 853 jam
3390 781 3554 835 tacta
3594 781 3713 846 est,
3746 781 3965 856 utpote

2462 869 2706 950 aliquid
2751 869 2876 931 dici
2929 871 3233 952 possibile
3278 871 3379 934 vel
3431 871 3831 953 impossibile
3874 891 3965 934 se-

2463 967 2745 1029 cundum
2805 969 3139 1030 scientiam
3196 970 3547 1032 naturalem
3595 971 3698 1032 vel
3746 989 3969 1033 secun-

2465 1064 2619 1126 dum
2680 1067 3011 1128 scientiam
3072 1067 3511 1148 theologicam.
3564 1069 3669 1130 Sic
3726 1068 3967 1130 etenim

2464 1163 2553 1224 ait
2598 1183 2611 1227 :
2656 1164 2832 1226 Sicut
2880 1166 3230 1227 ascendunt
3276 1166 3579 1238 scientiae,
3624 1166 3711 1228 ita
3752 1175 3817 1228 et
3858 1185 3970 1229 no-

2468 1261 2677 1340 mina3
2711 1270 2773 1324 et
2802 1263 2955 1344 quia
2983 1263 3295 1344 theologia
3325 1265 3677 1328 considerat
3710 1283 3971 1327 causam

2468 1379 2854 1440 supremam,
2875 1361 3112 1423 idcirco
3145 1362 3208 1423 in
3240 1380 3315 1423 ea
3344 1362 3647 1444 possibile
3678 1363 3975 1444 perhibe-

2467 1465 2571 1518 tur
2608 1459 2777 1540 quod
2818 1459 3049 1522 divinae
3089 1461 3384 1542 potestati
3422 1460 3787 1542 subjicitur,
3820 1470 3971 1536 etc„

2468 1565 2537 1617 ut
2578 1577 2789 1638 supra.

2546 1655 2983 1718 Bonaventura
3032 1675 3287 1740 quoque
3346 1658 3497 1720 hinc
3544 1659 3769 1720 scribit
3817 1658 3971 1721 satis

2468 1753 2732 1833 prolixe,
2766 1754 2933 1816 sicut
2968 1755 3269 1836 AEgidius.
3305 1757 3382 1818 Et
3415 1756 3599 1838 plura
3641 1756 3967 1830 inducere,

857 1851 1043 1912 detur
1099 1850 1306 1933 plana,
1366 1853 1995 1935 Antisiodorensique
2053 1873 2347 1916 consona.
2390 1855 2437 1918 B
2466 1850 2677 1914 forsan
2727 1852 3023 1915 obrueret
3064 1862 3253 1935 atque
3302 1853 3721 1917 confunderet
3763 1855 3967 1917 aciem

857 1949 961 2010 Ait
998 1968 1274 2031 namque
1310 1969 1323 2012 ι
1359 1951 1517 2013 lllud
1558 1959 1653 2013 est
1697 1953 1999 2034 possibile
2042 1953 2359 2034 simplici-

858 2055 975 2122 ter,
1027 2049 1195 2128 quod
1254 2050 1816 2112 contradictionem
1867 2069 1992 2113 non
2043 2051 2347 2132 implicat.

860 2145 949 2207 Eo
997 2146 1233 2208 etenim
1292 2147 1432 2228 ipso
1479 2149 1648 2230 quod
1705 2158 1987 2211 extrema
2044 2150 2355 2212 contradi-

858 2246 1088 2309 ctionis
1133 2249 1613 2328 repugnantiam
1655 2266 1779 2311 non
1820 2250 2177 2323 includunt,
2211 2257 2356 2312 nata

859 2353 1008 2406 sunt
1050 2353 1359 2426 quantum
1401 2365 1478 2408 ex
1523 2355 1698 2429 parte
1749 2347 2030 2429 ipsorum
2081 2355 2199 2422 cst,
2243 2368 2356 2430 per

855 2443 1136 2525 aliquam
1168 2443 1468 2525 conjungi
1510 2445 1881 2526 potentiam,
1915 2447 2036 2508 nisi
2069 2466 2146 2508 ex
2176 2455 2355 2528 parte

858 2541 1156 2622 potentiae
1203 2541 1284 2603 sit
1329 2542 1634 2604 defectus,
1680 2543 1756 2604 Et
1799 2544 1950 2625 quia
1990 2544 2207 2605 divina
2250 2562 2357 2625 po-

857 2639 1057 2700 tentia
1087 2639 1334 2702 nullum
1371 2659 1629 2722 prorsus
1669 2641 1862 2704 habet
1890 2641 2233 2716 defectum,
2267 2642 2357 2703 id-

857 2755 934 2798 eo
981 2737 1294 2819 quidquid
1343 2739 1908 2802 contradictionem
1969 2758 2094 2802 non
2148 2741 2358 2822 impli-

859 2841 980 2910 cat,
1045 2835 1264 2898 subest
1332 2837 1562 2899 divinae
1630 2839 1945 2919 potentiae.
2011 2838 2355 2920 Loquendo

857 2943 1070 2998 autem
1104 2935 1184 2997 de
1216 2934 1509 3016 possibili
1549 2936 1898 2997 secundum
1942 2937 2356 3018 comparatio-

2466 1951 2699 2012 mentis
2758 1952 2958 2032 magis
3010 1971 3201 2033 quam
3262 1953 3605 2015 illustraret
3660 1971 3673 2014 :
3730 1952 3971 2016 idcirco

2465 2056 2851 2129 pertranseo.
2920 2050 3263 2112 Diversitas
3330 2051 3521 2114 etiam
3583 2051 3965 2133 opinionum

2467 2146 2667 2226 magis
2710 2147 2960 2209 videtur
3011 2148 3074 2209 in
3119 2148 3368 2210 diversa
3414 2149 3749 2211 nominum
3796 2167 3974 2212 acce-

2467 2244 2683 2325 ptione
2727 2245 3073 2308 consistere
3116 2266 3308 2328 quam
3354 2247 3419 2309 in
3464 2266 3551 2310 re.

2544 2442 2849 2504 Praeterea
2903 2443 3212 2504 Henricus
3273 2443 3337 2505 in
3385 2444 3777 2517 Quodlibetis
3840 2447 3977 2508 suis

2464 2545 2591 2601 tres
2622 2548 2829 2602 movet
2856 2541 3235 2622 quaes'tiones
3270 2543 3451 2604 istam
3480 2544 3807 2605 materiam
3840 2562 3979 2607 con-

2466 2647 2816 2700 cernentes
2871 2639 3219 2702 Undecimo
3273 2660 3546 2722 namque
3595 2642 3978 2715 Quodlibeto

2465 2735 2714 2816 quaerit,
2767 2737 2986 2799 Utrum
3038 2739 3202 2800 Deus
3262 2746 3475 2820 posset
3532 2738 3741 2801 facere
3803 2742 3975 2821 quod

2466 2850 2592 2895 non
2636 2834 2839 2908 decet,
2874 2835 2976 2896 vel
3018 2835 3184 2916 quod
3226 2853 3375 2897 eum
3424 2855 3552 2898 non
3592 2837 3793 2900 decet.
3831 2838 3977 2900 Ter—

2467 2932 2807 2995 tiodecimo
2864 2934 3241 3007 Quodlibeto
3306 2935 3685 3010 sciscitatur,
3748 2937 3976 2999 Utrum

859 3051 1007 3094 nem
1050 3033 1129 3095 ad
1174 3032 1452 3114 aliquam
1504 3033 1876 3113 potentiam,
1919 3034 2011 3096 sic
2061 3034 2219 3096 illud
2262 3042 2357 3098 est
2393 3031 2437 3094 C
2466 3031 2631 3093 Deus
2675 3041 2885 3113 posset
2914 3032 3122 3094 facere
3155 3032 3431 3113 lapidem
3474 3053 3586 3096 seu
3621 3035 3799 3096 aliud
3846 3054 3978 3098 cor-

861 3132 1167 3215 possibile
1229 3132 1580 3195 secundum
1642 3151 1896 3196 causam
1962 3135 2354 3209 inferiorem,

861 3249 1054 3313 super
1091 3232 1259 3312 quod
1305 3238 1510 3311 potest
1549 3250 1738 3294 causa
1783 3232 2074 3312 inferior3
2112 3243 2173 3295 et
2217 3252 2358 3316 pos-

861 3328 1048 3392 sibile
1097 3330 1448 3391 secundum
1494 3348 1749 3393 causam
1801 3332 2218 3414 superiorem,
2260 3354 2361 3394 su-

862 3447 978 3511 per
1004 3428 1174 3510 quod
1204 3436 1411 3509 potest
1439 3446 1629 3491 causa
1657 3430 1967 3511 superior,
2001 3432 2136 3493 sive
2167 3451 2361 3512 super

863 3527 1021 3590 illud
1062 3526 1262 3607 possit
1305 3545 1494 3589 causa
1538 3526 1822 3602 inferior,
1856 3529 1989 3590 sive
2029 3547 2175 3591 non.
2202 3530 2358 3591 Nam

862 3624 1147 3707 pluviam
1175 3623 1334 3699 fore,
1369 3624 1675 3707 possibile
1707 3634 1803 3687 est
1834 3627 2187 3689 secundum
2219 3647 2362 3690 cau-

863 3743 998 3785 sam
1047 3722 1466 3805 superiorem,
1512 3723 1803 3806 quamvis
1853 3725 1934 3785 sit
1978 3726 2170 3788 etiam
2222 3744 2362 3808 pos-

863 3822 1050 3884 sibile
1090 3822 1442 3884 secundum
1483 3840 1738 3885 causam
1781 3821 2187 3902 inferiorem3
2232 3824 2363 3886 ani-

864 3941 1034 3985 mam
1066 3940 1217 3985 vero
1247 3921 1470 3994 creari,
1497 3921 1810 4002 virginem
1849 3941 2091 4002 parere,
2127 3931 2364 3986 mortu-

863 4042 974 4084 um
1005 4039 1349 4102 resurgere,
1365 4021 1453 4083 ita
1481 4028 1630 4083 sunt.
1661 4020 1987 4103 possibilia
2015 4022 2364 4086 secundum

865 4139 1120 4181 causam
1169 4120 1584 4199 superiorem,
1630 4120 1797 4201 quod
1848 4139 1974 4183 non
2025 4130 2173 4182 sunt
2222 4140 2364 4203 pos-

2469 3150 2588 3213 pus
2649 3139 2825 3194 extra
2886 3132 3142 3206 coelum,
3198 3133 3287 3194 ita
3343 3133 3512 3214 quod
3571 3152 3701 3196 non
3760 3142 3977 3216 tange-

2469 3238 2564 3291 ret
2613 3230 2866 3293 coelum.
2918 3230 3401 3304 Quintodecimo
3452 3232 3831 3305 Quodlibeto
3885 3234 3975 3295 in-

2470 3335 2762 3409 terrogat,
2812 3328 2906 3391 An
2957 3329 3122 3391 Deus
3175 3338 3389 3411 posset
3438 3329 3647 3392 facere
3696 3350 3975 3393 vacuum

2468 3446 2627 3488 esse.

2549 3525 2643 3587 Ad
2688 3525 2969 3607 primum
3016 3526 3356 3608 respondet
3394 3546 3409 3590 ε
3453 3528 3541 3589 De
3584 3528 3727 3589 utili
3768 3537 3833 3591 et
3872 3530 3978 3592 ho-

2472 3631 2652 3686 nesto
2693 3624 3004 3687 dubitatio
3042 3633 3161 3699 est,
3194 3644 3275 3687 an
3314 3644 3503 3687 omne
3548 3626 3705 3689 utile
3744 3626 3829 3689 sit
3873 3628 3979 3690 ho-

2474 3730 2725 3785 nestum
2774 3731 2837 3783 et
2884 3740 3245 3785 econverso.
3302 3724 3387 3785 De
3437 3723 3704 3787 honesto
3759 3734 3977 3787 autem

2472 3821 2852 3883 determinat
2889 3820 3155 3895 Tullius,
3188 3822 3357 3902 quod
3400 3842 3477 3883 ex
3517 3831 3792 3904 quatuor
3834 3840 3979 3887 con-

2472 3919 2667 3981 fletur
2697 3918 3040 3981 virtutibus
3072 3919 3541 3984 cardinalibus:
3576 3920 3644 3982 in
3673 3922 3977 3985 omnibus

2472 4019 2645 4081 enim
2708 4018 3018 4079 virtutum
3076 4018 3379 4099 operibus
3440 4018 3728 4082 consistit
3786 4020 3981 4083 hone-

2474 4127 2665 4179 stum.
2719 4118 2864 4181 Ideo
2910 4135 3100 4180 omne
3150 4117 3318 4199 quod
3382 4118 3537 4180 utile
3584 4127 3681 4180 est
3727 4136 3805 4181 ex
3864 4139 3980 4181 sua

866 4217 1080 4279 sibilia
1118 4218 1470 4279 secundum
1512 4236 1764 4279 causam
1813 4218 2203 4282 inferiorem.
2239 4221 2365 4283 Sic·
2392 4221 2441 4282 D
2476 4224 2721 4290 natura,
2774 4215 3155 4298 simpliciter
3206 4223 3302 4278 est
3359 4216 3721 4289 honest-um,
3774 4236 3977 4299 quum

867 4334 992 4397 que
1039 4335 1227 4379 omne
1275 4316 1432 4377 illud
1473 4334 1665 4397 super
1712 4317 1881 4397 quod
1922 4326 2127 4398 potest
2176 4337 2365 4380 causa

869 4414 1158 4495 superior
1197 4420 1464 4488 tantum,
1498 4414 1598 4476 vel
1633 4433 1823 4477 causa
1855 4416 2144 4496 superior
2177 4424 2241 4479 et
2270 4417 2364 4479 in-

867 4512 1064 4575 ferior
1117 4512 1333 4587 simul,
1380 4520 1474 4574 est
1531 4512 1911 4593 simpliciter
1958 4520 2015 4575 et
2077 4513 2363 4577 absolute

868 4611 1174 4693 possibile
1207 4619 1516 4693 quantum
1549 4618 1643 4673 est
1674 4630 1750 4673 ex
1781 4618 1956 4692 parte
1987 4632 2102 4674 sua
2135 4630 2148 4674 :
2181 4614 2366 4675 aliter

867 4729 1064 4792 super
1101 4710 1314 4792 ipsum
1365 4727 1492 4772 non
1539 4717 1750 4790 posset
1792 4728 1910 4771 nec
1951 4730 2140 4773 causa
2184 4730 2367 4793 supe-

869 4810 1019 4883 rior,
1071 4826 1190 4870 nec
1237 4826 1427 4870 causa
1480 4806 1760 4868 inferior.
1807 4807 1948 4869 Haec
1993 4808 2360 4871 RicharduS.

867 4908 1064 4988 Cujus
1113 4906 1441 4988 responsio
1481 4923 1630 4967 vera
1669 4913 1733 4967 et
1776 4906 1965 4986 plana
2005 4915 2319 4969 censetur.

952 5007 1258 5069 Praeterea
1315 5004 1544 5066 Doctor
1600 5002 2052 5084 irrefragabilis
2109 5004 2189 5065 de
2247 5005 2365 5067 hac

863 5102 1128 5165 materia
1168 5101 1666 5184 exquisitissime
1709 5100 1952 5175 scribit,
1985 5109 2049 5164 et
2090 5101 2361 5164 aliorum

863 5200 1197 5284 opiniones
1230 5201 1527 5274 elucidat,
1560 5208 1751 5282 atque
1786 5200 1939 5282 quid
1972 5200 2255 5262 veritatis
2295 5201 2361 5262 in

863 5300 956 5362 eis
1004 5299 1402 5362 contineatur
1444 5298 1738 5361 ostendit.
1774 5298 1914 5380 Ipse
1960 5316 2108 5361 vero
2159 5298 2361 5379 magis

2476 4314 2678 4376 virtus
2720 4332 2995 4376 consona
3034 4314 3117 4375 sit
3156 4322 3417 4377 naturae.
3452 4314 3587 4377 Non
3631 4314 3724 4376 sic
3760 4324 3975 4377 autem

2476 4421 2572 4475 est
2604 4413 2682 4475 de
2724 4413 2865 4475 utili
2906 4432 2981 4473 ex
3018 4420 3323 4493 tempore,
3358 4413 3527 4494 quod
3568 4414 3977 4476 commodum

2475 4511 2853 4593 appellatur,
2886 4511 3054 4591 quod
3097 4510 3159 4571 in
3204 4510 3415 4591 pravis
3454 4510 3827 4573 hominibus
3867 4532 3983 4594 pu-

2476 4618 2625 4690 gnat
2668 4628 2814 4670 cum
2865 4609 3149 4671 honesto.
3186 4608 3360 4682 Quod
3404 4610 3577 4671 enim
3625 4617 3721 4671 est
3766 4618 3979 4692 turpe,

2476 4708 2767 4790 quamvis
2817 4707 2899 4769 sit
2944 4706 3120 4779 utile,
3162 4724 3289 4769 non
3338 4716 3549 4769 tamen
3598 4714 3695 4769 est
3744 4708 3987 4789 eligen-

2475 4808 2651 4881 dum,
2704 4806 2855 4888 quia
2902 4806 3257 4868 secundum
3307 4804 3615 4867 rationem
3660 4806 3781 4868 hoc
3830 4806 3983 4869 sieri

2474 4904 2716 4987 nequit.
2770 4906 3105 4987 Quumque
3154 4904 3319 4967 Deus
3376 4903 3469 4965 nil
3526 4910 3667 4984 agat
3716 4912 3987 4986 propter

2475 5004 2631 5066 utile
2664 5004 2831 5085 quod
2867 5003 3101 5065 dicitur
3130 5002 3560 5075 commodum,
3594 5001 3725 5063 imo
3758 5003 3983 5064 omnia

2475 5102 2824 5163 secundum
2874 5108 3111 5163 rectam
3160 5099 3404 5163 efficiat
3454 5099 3787 5171 rationem,
3830 5118 3985 5161 con-

2474 5206 2596 5261 stat
2627 5200 2790 5281 quod
2822 5199 2885 5260 in
2918 5199 3025 5261 Dei
3058 5216 3251 5280 opere
3282 5198 3450 5260 idem
3482 5198 3611 5259 sint
3640 5197 3983 5261 honestum

2472 5306 2662 5381 atque
2706 5297 3068 5382 expediens.
3112 5296 3484 5359 Nullatenus
3526 5296 3718 5378 igitur
3760 5296 3977 5359 facere
