4359 6250
1325 541 1500 588 unm
1540 540 1562 587 1
1603 540 2083 589 summanum
2127 559 2209 570 --
2248 541 2403 589 msr.
2446 541 2588 588 xmv
3385 519 3506 586 587

408 717 570 798 quia
605 717 672 780 et
708 716 881 782 alius
917 718 982 780 et
1023 715 1257 779 melior
1302 716 1520 796 potest
1561 732 1702 779 esse
1751 716 2010 778 moduS.
2050 716 2135 778 Et
2181 715 2545 778 secundum
2585 716 2711 779 hoc
2756 716 3023 780 concedi
3064 715 3303 798 potest,
3344 714 3501 796 quia

408 850 488 896 ea
527 851 678 914 quae
730 833 906 913 facit,
956 834 1173 914 potest
1219 832 1428 896 facere
1475 831 1716 895 melius
1765 832 1831 894 et
1875 832 2064 894 aliter
2114 848 2315 912 quam
2366 831 2523 894 facit
2564 853 2578 893 ε
2630 833 2787 913 quia
2841 833 3055 913 potest
3104 831 3501 912 quibusdam

407 947 753 1011 meliorem
800 948 1074 1010 modum
1125 948 1482 1012 exsistendi
1532 947 1866 1028 praestare,
1909 948 1973 1010 et
2023 946 2420 1026 quibusdam
2462 947 2692 1010 alium.
2736 947 2923 1010 Unde
2970 946 3384 1028 Augustinus
3431 947 3501 1009 in

407 1062 864 1126 tertiodecimo
911 1062 1077 1126 libro
1125 1061 1205 1125 de
1245 1061 1564 1125 Trinitate
1610 1061 1792 1141 dicit,
1825 1060 2004 1141 quod
2051 1060 2178 1123 fuit
2216 1062 2281 1124 et
2318 1061 2489 1124 alius
2536 1061 2773 1124 modus
2817 1063 3057 1126 nostrae
3095 1061 3502 1124 liberationis
3530 1077 3799 1150 Apguerfi-

408 1178 750 1259 possibilis
777 1178 941 1256 De0‚
974 1179 1086 1259 qui
1121 1178 1342 1240 omnia
1370 1178 1622 1258 potest3
1654 1177 1770 1241 sed
1800 1177 2023 1240 nullus
2060 1177 2231 1240 alius
2266 1179 2508 1242 nostrae
2538 1177 2821 1240 miseriae
2850 1177 3155 1242 sanandae
3186 1177 3314 1241 fuit
3350 1195 3506 1240 con·
3528 1143 3681 1254 ἓῖιῗιιῗῖ
3699 1139 3793 1246 iffi*

408 1294 799 1357 venientior.
836 1330 921 1340 —
951 1293 1180 1357 Potest
1209 1311 1363 1374 ergo
1393 1294 1574 1356 Deus
1607 1310 1832 1356 eorum
1874 1311 2021 1374 quae
2062 1293 2239 1372 facit,
2273 1294 2575 1374 quaedam
2613 1293 2743 1356 alio
2782 1294 2980 1357 modo
3011 1294 3292 1374 meliori,
3325 1311 3505 1375 quae-

407 1411 564 1472 dam
602 1410 732 1473 alio
772 1410 968 1473 modo
1008 1427 1194 1490 aeque
1223 1409 1420 1488 bon0,
1445 1410 1747 1491 quaedam
1786 1410 1984 1472 etiam
2015 1411 2237 1472 minus
2273 1409 2445 1473 bono
2479 1409 2686 1473 facere
2716 1426 2915 1490 quam
2948 1409 3143 1472 facit:
3178 1412 3254 1473 ut
3282 1412 3503 1473 tamen

408 1526 652 1589 modus
689 1526 1006 1589 referatur
1043 1525 1125 1588 ad
1163 1526 1545 1608 qualitatem
1587 1527 1826 1606 operiS‚
1860 1526 1929 1588 id
1958 1527 2057 1588 est
2087 1527 2422 1605 creaturae,
2448 1543 2580 1588 non
2609 1526 2692 1588 ad
2728 1526 3117 1606 sapientiam
3150 1527 3495 1590 CreatoriS.

825 1759 906 1822 D.
966 1762 1224 1824 Utrum
1275 1763 1462 1822 Deus
1506 1775 1802 1834 semper
1839 1761 2074 1834 possit
2117 1774 2333 1824 omne
2379 1765 2569 1836 quod
2616 1763 2795 1822 olim
2833 1762 3097 1834 potuit.

543 1963 870 2026 Praeterea
908 1962 1114 2043 quaeri
1152 1961 1341 2041 solet,
1384 1965 1605 2026 utrum
1639 1963 1819 2025 Deus
1857 1979 2116 2043 semper
2151 1963 2365 2044 possit
2400 1979 2593 2027 omne
2623 1964 2802 2044 quod
2837 1963 2997 2026 olim
3036 1965 3274 2045 potuit.
3310 1965 3503 2038 Quod

405 2079 806 2161 quibusdam
846 2097 976 2142 non
1006 2079 1286 2157 videtur,
1319 2079 1689 2142 dicentibus
1722 2098 1736 2138 :
1769 2078 1998 2141 Potuit
2033 2080 2217 2142 Deus
2253 2079 2596 2160 incarnari,
2632 2081 2697 2142 et
2732 2081 2949 2161 potuit
2985 2081 3155 2143 mori
3194 2081 3256 2142 et
3286 2097 3505 2144 resur-

403 2213 581 2276 gere,
616 2196 682 2258 et
717 2195 847 2256 alia
883 2194 1290 2274 hujusmodi,
1325 2211 1472 2274 quae
1513 2194 1709 2256 modo
1750 2210 1882 2255 non
1919 2194 2156 2275 potest.
2192 2194 2418 2256 Potuit
2455 2213 2606 2275 ergo
2652 2212 2799 2276 quae
2842 2195 3039 2258 modo
3086 2213 3220 2258 non
3261 2196 3500 2276 potest,

404 2313 472 2374 et
509 2311 602 2372 ita
647 2309 876 2372 habuit
925 2309 1288 2390 potentiam
1338 2327 1536 2391 quam
1583 2309 1781 2372 modo
1835 2327 1965 2372 non
2017 2308 2214 2372 habet
2256 2329 2269 2369 :
2311 2310 2483 2373 unde
2530 2310 2788 2374 videtur
2836 2311 3129 2391 potentia
3178 2311 3323 2392 ejus
3374 2311 3503 2374 im-

402 2427 684 2489 minuta.

539 2543 646 2605 Ad
675 2541 854 2623 quod
880 2541 1187 2621 dicimus,
1221 2543 1377 2622 quia
1405 2541 1575 2603 sicut
1614 2541 1836 2603 omnia
1872 2558 2132 2621 semper
2166 2541 2291 2603 soit
2329 2559 2475 2621 quae
2512 2541 2863 2621 aliquando
2900 2542 3118 2622 scivit,
3152 2544 3217 2605 et
3244 2560 3505 2624 semper

401 2659 548 2721 vult
590 2675 740 2738 quae
779 2657 1130 2738 aliquando
1169 2657 1403 2736 voluit,
1439 2673 1556 2719 nec
1601 2674 1892 2737 unquam
1942 2656 2232 2736 aliquam
2278 2657 2619 2720 scientiam
2668 2658 2912 2720 amittit
2952 2658 3057 2722 vel
3095 2658 3501 2722 voluntatem

402 2776 619 2838 mutat
658 2791 856 2855 quam
902 2773 1169 2854 habuit3
1212 2773 1305 2835 ita
1343 2773 1565 2835 omnia
1611 2790 1872 2854 semper
1917 2775 2133 2854 potest
2170 2791 2318 2853 quae
2366 2773 2716 2853 aliquando
2762 2774 3000 2854 potuit,
3042 2792 3161 2838 nec
3208 2793 3500 2856 unquam

401 2892 627 2972 aliqua
663 2890 956 2971 potentia
1001 2906 1123 2952 sua
1167 2889 1483 2970 privatur.
1525 2889 1674 2952 Non
1713 2890 1813 2952 est
1853 2906 2006 2970 ergo
2055 2889 2352 2969 privatus
2388 2890 2681 2969 potentia
2722 2889 3101 2953 incarnandi
3138 2891 3244 2954 vel
3280 2909 3501 2954 resur-

399 3009 627 3090 gendi,
658 3007 810 3069 licet
846 3024 978 3068 non
1015 3005 1227 3086 possit
1263 3004 1461 3066 modo
1501 3005 1822 3067 incarnari
1860 3004 1965 3067 vel
2002 3021 2361 3085 resurgere.
2395 3005 2577 3068 Sicut
2615 3005 2790 3067 enim
2829 3006 3045 3086 potuit
3083 3007 3241 3069 olim
3290 3007 3503 3070 incar-

403 3125 572 3205 nari,
617 3125 711 3187 ita
747 3125 810 3186 et
847 3123 1065 3204 potest
1099 3121 1297 3184 modo
1341 3121 1716 3184 incarnatus
1758 3139 1900 3185 esse
1935 3142 1948 3183 :
1984 3121 2053 3183 in
2091 3138 2224 3201 quo
2263 3121 2560 3201 ejnsdem
2599 3123 2692 3185 rei
2735 3123 3029 3203 potentia
3074 3126 3497 3189 monstratur.

405 3243 497 3304 Ut
546 3241 726 3304 enim
779 3239 938 3301 olim
983 3238 1178 3301 scivit
1227 3255 1296 3300 se
1343 3239 1863 3300 resurrecturum
1911 3238 1975 3300 et
2023 3238 2223 3299 modo
2271 3237 2395 3299 scit
2445 3256 2515 3300 se
2564 3239 3019 3317 resurrexisse,
3061 3256 3182 3303 nec
3232 3242 3328 3304 est
3376 3241 3504 3304 alia

404 3357 706 3434 scientia,
740 3354 900 3416 illud
945 3352 1106 3415 olim
1143 3353 1436 3431 scivisse,
1471 3354 1536 3416 et
1572 3353 1696 3415 hoc
1736 3353 1932 3415 modo
1979 3354 2170 3433 scire,
2205 3353 2321 3415 sed
2362 3353 2590 3416 eadem
2637 3354 2938 3435 omnino;
2984 3355 3049 3417 et
3086 3356 3257 3419 sicut
3293 3357 3503 3420 voluit

405 3477 570 3538 olim
627 3488 960 3552 resurgere
1012 3472 1078 3533 et
1125 3470 1320 3532 modo
1377 3470 1832 3549 resurrexisse,
1881 3470 1949 3532 in
1998 3486 2128 3549 quo
2168 3470 2366 3532 unius
2421 3470 2515 3532 rei
2573 3470 2875 3533 voluntas
2932 3472 3355 3553 exprimitur3
3412 3474 3504 3536 ita

403 3591 626 3673 potuit
663 3588 824 3651 olim
865 3587 1048 3650 nasci
1090 3588 1154 3649 et
1192 3603 1551 3666 resurgere,
1587 3588 1651 3649 et
1695 3586 1891 3648 modo
1933 3586 2070 3666 ipse
2107 3588 2326 3665 potest
2362 3587 2555 3650 natus
2593 3586 2798 3650 fuisse
2837 3588 2902 3650 et
2936 3589 3394 3669 resurrexisse,
3437 3590 3501 3652 et

404 3711 506 3772 est
543 3704 841 3786 eiusdem
880 3703 972 3766 rei
1020 3703 1334 3783 potentia.
1369 3701 1439 3764 Si
1483 3702 1658 3764 enim
1700 3702 1924 3782 posset
1968 3701 2167 3763 modo
2219 3701 2398 3763 nasci
2434 3704 2499 3764 et
2536 3719 2893 3781 resurgere,
2934 3719 3067 3764 non
3115 3705 3288 3766 esset
3323 3704 3498 3767 idem

401 3820 624 3906 posse.
669 3820 883 3884 Verba
927 3819 1104 3883 enim
1155 3819 1566 3882 diversorum
1614 3819 1987 3898 temporum
2035 3817 2315 3879 diversis
2362 3816 2617 3897 prolata
2661 3818 3067 3898 temporibus
3114 3820 3179 3881 et
3223 3819 3499 3883 diversis

403 3939 718 4021 adjuncta
753 3935 1104 4015 adverbiiS,
1136 3935 1442 3998 eumdem
1482 3935 1730 3997 faciunt
1766 3951 2032 3997 sensum
2070 3954 2084 3993 :
2117 3933 2193 3995 ut
2232 3932 2430 3995 modo
2468 3932 2809 4013 loquentes
2855 3933 3161 4014 dicimuS,
3207 3936 3338 3998 Iste
3376 3952 3496 4015 po-

403 4057 534 4118 test
562 4054 777 4132 legere
807 4050 1038 4130 hodie3
1081 4066 1223 4113 cras
1259 4050 1479 4111 autem
1517 4048 1835 4127 dicemuS,
1869 4049 2000 4112 Iste
2048 4048 2267 4129 potest
2304 4047 2563 4127 legisse,
2605 4047 2732 4126 vel,
2767 4048 2991 4111 Potuit
3032 4049 3245 4130 legere
3291 4051 3432 4114 heri
3475 4071 3489 4111 ε

400 4168 519 4233 ubi
536 4164 560 4187 *
589 4166 788 4229 unius
816 4164 910 4227 rei
935 4165 1338 4228 monstratur
1363 4164 1674 4244 potentia.
1709 4163 1778 4227 Si
1809 4166 2028 4228 autem
2057 4164 2337 4226 diversis
2366 4162 2772 4243 temporibus
2810 4162 3172 4245 loquenteS,
3198 4166 3256 4246 ej
3266 4167 3495 4230 usdem
3550 4186 3569 4207 ·
3594 4183 3753 4238 ubique

401 4283 724 4365 temporis
773 4280 988 4344 verbis
1039 4280 1103 4343 et
1143 4279 1470 4342 adverbiis
1527 4280 1810 4357 utamur,
1844 4280 2132 4343 dicentes
2180 4280 2400 4358 hodie,
2442 4280 2574 4341 Iste
2622 4280 2841 4359 potest
2887 4279 3096 4359 legere
3152 4281 3387 4364 hodie3
3434 4284 3500 4347 et

400 4400 698 4464 dicentes
747 4414 911 4476 craS,
953 4397 1084 4459 Iste
1129 4396 1346 4477 potest
1389 4395 1583 4457 hodie
1622 4396 1833 4475 legere
1867 4415 1880 4455 ε
1915 4412 2047 4458 non
2097 4396 2273 4457 idem
2321 4395 2436 4457 sed
2474 4396 2733 4458 diversa
2770 4394 3050 4458 dicimus
3088 4413 3241 4459 eum
3280 4416 3495 4479 posse.

537 4515 889 4577 Fateamur
915 4528 1069 4591 ergo
1098 4512 1314 4573 Deum
1351 4527 1610 4592 semper
1637 4527 1828 4591 posse
1859 4511 2178 4591 quidquid
2216 4512 2421 4573 semel
2457 4511 2675 4591 potuit
2698 4510 2796 4591 (id
2823 4512 2944 4590 est,
2968 4511 3204 4576 habere
3234 4530 3499 4579 omnem

400 4632 587 4695 illam
639 4628 1001 4709 potentiam
1049 4643 1249 4707 quam
1295 4626 1501 4689 semel
1555 4626 1808 4707 habuit,
1861 4629 1924 4689 et
1973 4626 2152 4691 illius
2210 4627 2427 4689 omnis
2484 4628 2577 4690 rei
2628 4626 2991 4707 potentiam
3048 4628 3239 4709 cujus
3295 4631 3499 4694 semel

399 4742 688 4825 hahuit),
733 4742 848 4806 sed
893 4758 1024 4804 non
1081 4758 1339 4821 semper
1388 4758 1582 4822 posse
1635 4740 1842 4805 facere
1897 4759 2090 4804 omne
2143 4742 2307 4804 illud
2358 4741 2537 4821 quod
2588 4742 2938 4822 aliquando
2989 4744 3206 4823 potuit
3260 4736 3492 4809 facere.

397 4860 632 4923 Potest
671 4857 941 4938 quidem
979 4856 1190 4919 facere
1237 4857 1351 4917 aut
1404 4855 1633 4919 fecisse
1671 4857 1847 4937 quod
1893 4857 2243 4938 aliquando
2292 4857 2531 4937 potuit,
2572 4856 2880 4919 similiter
2924 4857 3245 4938 quidquid
3286 4859 3499 4924 voluit

400 4979 466 5039 et
503 4974 649 5037 vult
679 4973 776 5055 (id
826 4973 948 5051 est,
982 4987 1246 5035 omnem
1298 4987 1498 5052 quam
1552 4970 1779 5033 habuit
1825 4971 2232 5035 voluntatem
2284 4974 2348 5035 et
2398 4972 2595 5034 modo
2647 4970 2864 5051 habet,
2912 4972 2977 5035 et
3023 4972 3497 5055 cujuscumque

397 5091 496 5155 rei
535 5089 943 5153 voluntatem
989 5086 1222 5149 habuit
1269 5088 1334 5149 et
1369 5086 1566 5148 modo
1617 5085 1872 5167 habet);
1926 5104 2060 5150 non
2105 5088 2325 5150 tamen
2367 5087 2513 5149 vult
2558 5104 2700 5149 esse
2738 5086 2843 5149 vel
2888 5087 3028 5150 fieri
3078 5104 3271 5151 omne
3318 5091 3497 5169 quod

397 5204 756 5285 aliquando
805 5202 1016 5265 voluit
1057 5218 1200 5265 esse
1238 5201 1343 5265 vel
1388 5201 1553 5283 fleri,
1595 5202 1711 5266 sed
1751 5202 1896 5264 vult
1934 5202 2138 5266 fuisse
2178 5202 2285 5266 vel
2332 5202 2580 5265 factum
2630 5218 2793 5265 esse.
2836 5202 2936 5265 Ita
2982 5202 3047 5265 et
3094 5202 3174 5267 de
3222 5204 3498 5267 scientia

396 5320 526 5385 Dei
573 5317 925 5381 dicendum
971 5318 1093 5380 est.
