4359 6250
825 449 904 512 30
1479 469 1542 514 m
1582 468 1806 514 manum
1847 469 1866 512 1
1909 466 2391 513 suni-nmmum.
2438 485 2519 494 —
2558 468 2711 512 msr.
2759 468 2926 528 xv113
2972 469 3194 523 Quasr.
3236 469 3298 514 vl

831 635 975 696 liter
1024 643 1290 718 possunt
1339 637 1613 700 discerni
1657 639 1738 701 ab
1785 639 1927 700 aliis
1963 656 1976 700 :
2011 638 2152 701 ideo
2200 655 2325 700 non
2358 637 2612 712 Amne,
2656 638 2811 700 velit
2860 638 3038 712 nolit,
3080 638 3403 720 ambigere
3450 646 3724 719 nequeat
3769 638 3929 720 quin

829 742 925 795 est
967 735 1196 797 simile.
2437 737 2681 817 placeat
2709 744 2772 798 et
2800 744 3060 818 accepta
3088 737 3172 798 sit
3201 738 3349 810 Dec,
3382 745 3554 798 certa
3582 737 3666 798 sit
3694 755 3759 798 se
3789 755 3931 799 esse

908 833 1001 894 Ad
1042 834 1339 914 quintum
1381 835 1917 916 respondendum,
1951 835 2121 915 quod
2161 835 2328 895 sicut
2439 833 2501 894 in
2544 835 2840 910 caritate3
2872 842 2935 894 et
2972 833 3140 914 quod
3186 841 3309 894 tam
3350 833 3623 913 gratiosa
3661 841 3723 894 et
3761 850 3932 894 amo-

829 928 1141 1010 sapientia
1177 951 1318 1013 quae
1357 941 1454 994 est
1492 932 1731 995 donum
1771 933 2046 1014 Spiritus
2088 933 2323 1006 Sancti,
2436 949 2576 993 rosa
2618 931 2897 992 visitatio
2942 932 3171 992 mentis
3212 950 3249 992 a
3298 932 3446 1003 De0,
3480 929 3934 1013 aequivalenter

827 1035 890 1088 et
929 1029 1178 1103 caritaS,
1213 1030 1448 1092 habent
1481 1038 1606 1092 tres
1647 1032 1918 1111 gradus;
1951 1032 2042 1093 sic
2082 1031 2328 1112 sapien·
2436 1029 2536 1090 vel
2576 1030 2769 1091 etiam
2808 1028 3158 1092 formaliter
3197 1029 3281 1090 sit
3318 1029 3619 1090 revelatio
3657 1029 3933 1109 desuper

829 1126 914 1187 tia
942 1128 1272 1200 naturalis,
1307 1129 1620 1210 sapientia
1658 1147 1914 1211 quoque
1951 1129 2323 1208 theologica,
2439 1127 2620 1189 facta.
2655 1129 2781 1190 Nec
2821 1136 3067 1209 oportet
3107 1128 3557 1190 revelationem
3600 1127 3773 1189 illam
3814 1145 3932 1208 per

825 1243 970 1306 quae
999 1234 1095 1287 est
1132 1225 1388 1288 habitus
1427 1227 1778 1307 acquisitus
1819 1235 1882 1288 et
1920 1228 2158 1289 donum
2190 1246 2324 1307 gra·
2438 1226 2734 1306 angelum
2777 1225 2917 1286 fieri
2954 1243 2967 1286 :
3001 1245 3142 1307 quae
3179 1225 3299 1287 etsi
3340 1244 3454 1307 per
3482 1225 3779 1305 angelum
3818 1224 3934 1288 fie-

826 1323 930 1386 tiae
984 1324 1178 1402 gratis
1235 1325 1416 1396 datae‚
1468 1332 1532 1385 et
1586 1326 1778 1386 etiam
1827 1343 2006 1387 amor
2055 1326 2164 1386 Dei
2219 1345 2323 1387 na·
2440 1331 2555 1398 ret,
2588 1342 2713 1386 non
2754 1324 3043 1405 protinus
3080 1323 3467 1404 acceptanda
3503 1331 3671 1384 esset
3698 1329 3762 1384 et
3800 1341 3933 1383 cre-

827 1421 1072 1494 turaliS,
1125 1421 1360 1484 habent
1418 1423 2042 1504 proportionabiliter
2088 1424 2321 1504 gradus
2439 1422 2643 1484 denda
2700 1431 3000 1504 tanquam
3050 1420 3130 1483 ab
3185 1421 3409 1501 angelo
3464 1429 3681 1482 sancto
3740 1419 3929 1495 facta,

825 1525 973 1580 tres.
1038 1519 1267 1601 Sicque
1326 1521 1638 1602 sapientia
1698 1522 1806 1583 illa
1869 1522 2197 1596 naturaliS,
2259 1529 2323 1582 et
2437 1521 2562 1582 nisi
2601 1520 2813 1582 forsan
2845 1520 2989 1601 quis
3028 1517 3288 1582 haberet
3327 1518 3774 1580 discretionem
3806 1518 3934 1599 spi-

827 1619 1180 1698 praesertim
1212 1618 1645 1700 theologicalis
1674 1620 2008 1702 acquisita,
2039 1639 2114 1682 ac
2145 1636 2324 1681 amor
2438 1620 2699 1691 rituum,
2742 1627 2851 1681 aut
2898 1620 3070 1681 intus
3120 1617 3583 1680 certificaretur
3629 1617 3707 1679 de
3754 1618 3875 1680 hoc
3912 1635 3927 1680 ε

829 1716 1133 1778 naturalis
1171 1735 1282 1779 seu
1322 1718 1694 1798 acquisituS‚
1729 1727 2040 1800 quantum
2081 1718 2159 1779 ad
2189 1737 2324 1799 gra·
2435 1718 2737 1799 quoniam
2794 1717 3056 1797 angelus
3104 1716 3345 1780 Satanae
3403 1716 3812 1796 transfigurat
3858 1734 3929 1777 se
3990 1736 4037 1779 ιι
4070 1737 4199 1782 eor.
4226 1753 4289 1786 ιι,

827 1813 946 1876 dus
978 1833 1125 1877 suos
1157 1833 1488 1896 supremos
1529 1816 1764 1878 habent
1794 1817 2101 1898 quosdam
2141 1823 2321 1878 actus
2360 1814 2406 1877 B
2438 1816 2503 1877 in
2538 1816 2836 1896 angelum
2881 1815 3061 1877 luciS.
3096 1850 3175 1860 —
3204 1814 3296 1876 Ex
3342 1814 3575 1895 quibus
3620 1822 3791 1896 patet
3831 1831 3929 1876 so-
3958 1801 4048 1842 ¹⁴·

827 1919 889 1973 et
919 1911 1188 1975 effectus
1215 1912 1398 1974 valde
1429 1915 1796 1976 consimiles
1837 1915 2118 1996 mysticae
2152 1914 2321 1977 theo·
2438 1914 2593 1976 lutio
2632 1913 2812 1976 sexti.
2846 1949 2926 1960 ———
2954 1913 3048 1976 Ad
3088 1913 3433 1995 septimum
3484 1913 3924 1994 respondetur,

829 2011 1030 2090 logias,
1065 2019 1252 2092 prout
1281 2031 1357 2073 ex
1400 2011 1580 2074 libris
1620 1999 2085 2075 Platonicorum
2115 2013 2323 2092 Augu·
2435 2012 2602 2094 quod
2650 2012 2991 2073 auctoritas
3036 2011 3145 2073 illa
3184 2011 3645 2093 Archiapostoli
3693 2011 3929 2093 exponi

827 2109 1032 2171 stinus
1083 2111 1148 2170 in
1199 2110 1362 2172 libro
1410 2110 1487 2171 de
1537 2111 1801 2173 Civitate
1860 2111 1968 2172 Dei
2021 2111 2317 2172 declarat.
2436 2118 2640 2191 potest
2679 2110 2755 2171 de
2796 2109 3176 2172 certitudine
3212 2109 3624 2189 conjecturali
3662 2117 3727 2170 et
3764 2109 3929 2170 mul·

828 2207 974 2269 ldeo
1005 2207 1171 2268 inter
1210 2215 1388 2270 actus
1428 2208 1569 2271 illos
1603 2209 1964 2271 discernere
2003 2227 2129 2270 non
2160 2209 2324 2270 vale·
2435 2217 2570 2270 tum
2615 2207 2929 2289 probabili
2966 2226 2979 2269 :
3013 2209 3090 2270 de
3123 2228 3249 2290 qua
3284 2215 3541 2270 sanctus
3580 2215 3759 2290 pater
3786 2208 3931 2270 Ber-

829 2325 990 2366 muS.
1018 2305 1094 2366 Et
1123 2307 1416 2386 quamvis
1449 2325 1668 2368 revera
1696 2307 1824 2369 sint
1853 2307 2113 2388 quidam
2143 2315 2324 2368 actus
2435 2307 2669 2368 nardus
2709 2315 2773 2368 et
2817 2306 3000 2368 multi
3043 2307 3153 2369 alii
3198 2307 3409 2369 Sancti
3450 2306 3813 2388 loquuntur.
3846 2341 3931 2351 —

827 2411 890 2464 et
937 2401 1207 2465 effectus
1259 2405 1536 2466 caritatis
1601 2403 1827 2467 infusae
1879 2404 2199 2486 perfectae,
2251 2423 2323 2466 ac
2434 2405 2547 2466 Per
2586 2405 2755 2485 quod
2796 2412 2966 2485 patet
3009 2405 3088 2466 ad
3125 2412 3419 2466 octavum
3466 2404 3811 2485 responsio.

831 2503 1112 2584 mysticae
1153 2503 1481 2583 theologiae
1519 2504 1688 2585 (quae
1729 2503 1983 2565 realiter
2021 2505 2190 2565 idem
2230 2511 2325 2564 est
2513 2503 2855 2575 Postremo,
2892 2503 3331 2565 auctoritatem
3376 2501 3727 2564 Salomonis
3772 2521 3927 2583 prae-

829 2619 975 2663 cum
1019 2602 1184 2664 dono
1223 2602 1550 2683 sapientiae
1589 2611 1899 2683 quantum
1939 2604 2016 2664 ad
2055 2602 2322 2683 gradum
2435 2601 2737 2674 habitam,
2770 2601 2982 2663 Nescit
3011 2602 3202 2664 homo
3229 2620 3310 2663 an
3340 2600 3423 2662 sit
3451 2600 3683 2680 dignus
3710 2619 3923 2664 amore
3992 2619 4193 2665 Recte.
4220 2638 4293 2674 ιι,

828 2699 968 2779 ejus
998 2700 1258 2761 tertium
1289 2718 1362 2761 ac
1393 2700 1815 2782 supremum),
1853 2709 1978 2762 tam
2015 2699 2325 2762 sublimes
2435 2698 2533 2760 vel
2564 2698 2730 2772 odic,
2765 2699 3025 2780 quidam
3066 2707 3393 2780 exponunt
3421 2700 3498 2760 de
3528 2717 3742 2761 amore
3772 2717 3929 2780 prae-
3954 2687 4001 2726 ¹·

827 2805 891 2858 et
938 2797 1312 2870 eminenteS,
1347 2797 1516 2878 quod
1561 2797 1864 2858 naturalis
1909 2815 2088 2860 amor
2129 2805 2193 2858 et
2234 2816 2327 2857 sa·
2434 2796 2873 2858 destinationis
2904 2815 3017 2858 seu
3048 2795 3261 2859 finalis
3292 2797 3681 2870 salvationiS,
3703 2815 3785 2858 an
3814 2797 3931 2858 sci-

829 2895 1068 2977 pientia
1117 2895 1427 2976 acquisita
1467 2894 1547 2955 ad
1595 2912 1816 2956 eorum
1868 2893 2325 2976 perfectionem
2436 2894 2583 2956 licet
2642 2893 2922 2956 finaliter
2969 2895 3053 2956 sit
3108 2895 3447 2959 salvandus
3501 2912 3514 2956 :
3568 2903 3631 2956 et
3686 2903 3931 2958 constat

826 3011 899 3056 ac
969 2993 1342 3074 dignitatem
1415 2993 1772 3074 pertingere
1842 3001 2189 3074 nequeunt,
2259 3000 2326 3054 ut
2362 2994 2405 3056 C
2438 2993 2583 3054 inde
2646 2993 2969 3056 neminem
3032 2993 3169 3055 sine
3239 2993 3621 3056 revelatione
3684 3001 3930 3056 certum

831 3091 1150 3174 praecipue
1209 3098 1382 3173 patet
1436 3091 1500 3152 in
1558 3090 1658 3153 his
1708 3090 1819 3172 qui
1882 3091 2216 3172 rapiuntur
2263 3099 2325 3153 et
2437 3109 2621 3173 posse
2663 3092 3027 3155 consistere.
3062 3092 3345 3174 Apostoli
3376 3109 3524 3155 vero
3563 3100 3627 3155 et
3654 3092 3763 3155 alii
3794 3093 3933 3175 qui-

827 3189 1248 3252 absorbentur
1279 3190 1343 3251 in
1380 3189 1634 3251 divitias
1668 3189 1884 3269 gloriae
1918 3189 2028 3251 Dei
2065 3198 2193 3251 tam
2225 3209 2327 3251 va·
2436 3191 2581 3251 dam
2634 3191 2866 3263 Sancti,
2903 3211 2980 3253 ex
3030 3191 3413 3253 revelatione
3465 3192 3620 3253 certi
3671 3190 3931 3253 fuerunt

829 3288 955 3349 lide
1008 3287 1178 3369 quod
1231 3287 1310 3349 ab
1361 3287 1661 3350 omnibus
1717 3288 2010 3349 sensibus
2069 3288 2324 3369 penitus
2436 3307 2503 3349 se
2534 3288 2759 3369 dignos
2790 3308 2928 3351 esse
2967 3306 3181 3351 amore
3213 3296 3275 3350 et
3316 3290 3574 3351 caritate
3608 3297 3735 3352 tam
3776 3308 3931 3370 prae-

826 3387 1186 3449 alienantur
1230 3405 1430 3467 usque
1482 3386 1672 3448 totius
1716 3386 1996 3468 corporis
2049 3387 2326 3467 rigidita-
2436 3387 2631 3448 sentis
2682 3387 2826 3449 vitae
2886 3406 3076 3469 quam
3136 3388 3501 3449 salvationis
3560 3396 3809 3450 aeternae
3865 3396 3929 3449 et

829 3493 980 3557 tem,
1043 3485 1532 3565 soporationem,
1600 3484 2138 3547 inflexibilitatem
2172 3504 2188 3563 ;
2243 3494 2327 3546 ta·
2438 3484 3007 3564 praedestinationis
3039 3484 3290 3547 divinae.
3325 3484 3743 3547 Verissimum
3774 3503 3927 3566 quo-

830 3602 978 3645 men
1025 3584 1266 3665 aliquid
1327 3583 1449 3645 tale
1508 3584 1701 3645 etiam
1759 3584 2131 3646 naturaliter
2180 3584 2325 3645 fieri
2436 3599 2560 3662 que
2603 3590 2699 3643 est
2738 3582 2907 3663 quod
2947 3582 3202 3643 divinus
3244 3582 3332 3645 ait
3369 3581 3706 3664 Apostolus
3740 3600 3755 3643 ε
3788 3583 3927 3664 lpse
3982 3601 4147 3646 nom.
4172 3620 4291 3659 vm,

831 3700 1014 3764 posse
1060 3682 1258 3763 aliqui
1309 3680 1574 3743 forsitan
1625 3682 2102 3763 responderent,
2138 3682 2241 3743 vel
2289 3700 2326 3743 a
2437 3680 2709 3761 Spiritus
2740 3681 3177 3743 testimonium
3209 3680 3499 3762 perhibet
3530 3682 3786 3763 spiritui
3818 3700 3927 3743 no-
3956 3666 4035 3707 ¹⁶·

830 3780 1060 3862 spiritu
1101 3780 1269 3842 malo
1311 3780 1808 3859 imaginarentur
1848 3797 2080 3861 corpus
2119 3780 2211 3841 sic
2240 3779 2327 3841 al·
2436 3785 2566 3839 stro
2596 3779 2767 3859 quod
2796 3777 2919 3841 filii
2950 3780 3060 3841 Dei
3100 3798 3341 3841 sumus.
3376 3780 3617 3862 Nempe
3654 3780 3927 3862 Spiritus

832 3878 1038 3939 terari.
1072 3878 1260 3940 Porro
1299 3879 1468 3959 quod
1507 3878 1786 3958 tangitur
1817 3878 1881 3939 in
1920 3878 2026 3939 illa
2065 3877 2328 3957 obJ‘ecti-
2438 3877 2703 3939 Sanctus
2734 3895 2997 3939 suorum
3029 3878 3217 3940 corda
3246 3876 3536 3939 fidelium
3569 3878 3933 3940 consolatur

830 3996 972 4050 one,
1011 3978 1163 4059 quia
1204 3976 1476 4039 naturali
1523 3976 1744 4038 habitu
1786 3977 1863 4038 ad
1911 3976 2163 4038 libitum
2211 3977 2329 4038 uti·
2438 3976 2630 4037 variis
2663 3976 2890 4049 modis,
2924 3984 2989 4037 et
3027 3976 3183 4058 ipsis
3223 3976 3513 4057 inspirat,
3548 3976 3831 4057 loquitur
3867 3984 3932 4037 et

835 4095 999 4148 mur,
1033 4076 1384 4137 solveretur
1419 4073 1726 4146 fortassis,
1760 4074 2030 4137 dicendo
2059 4076 2229 4156 quod
2262 4075 2327 4137 in
2438 4072 2713 4136 ostendit
2744 4075 2914 4155 quod
2950 4074 3233 4155 adoptivi
3274 4075 3401 4136 sint
3441 4074 3560 4136 filii
3605 4076 3739 4148 Dei,
3772 4083 3836 4137 et
3865 4075 3931 4136 in

835 4172 1120 4255 raptibus
1152 4172 1278 4234 illis
1311 4172 1675 4253 inopinatis,
1697 4172 2061 4253 improvisis
2091 4180 2153 4233 et
2181 4192 2330 4254 proe-
2358 4180 2407 4241 D
2440 4172 2697 4234 caritate
2746 4173 3093 4235 consistant
3128 4191 3140 4234 :
3175 4173 3345 4254 quod
3386 4172 3770 4254 quibusdam
3820 4192 3936 4254 per

833 4268 1260 4343 venientibuS‚
1295 4269 1406 4350 qui
1437 4269 1622 4331 vitari
1660 4287 1788 4331 non
1819 4270 2051 4342 valent,
2085 4270 2151 4331 in
2192 4272 2329 4352 qui·
2442 4271 2888 4332 certitudinem
2930 4271 3306 4340 absolutam,
3338 4271 3481 4333 aliis
3524 4290 3637 4353 per
3676 4272 3931 4333 certitu-

834 4369 956 4431 bus
995 4368 1241 4449 sopitur
1279 4367 1536 4429 libertas
1579 4368 1848 4441 arbitrii,
1882 4367 2095 4449 aliqua
2138 4388 2329 4431 causa
2442 4370 2657 4430 dinem
2689 4368 3084 4450 probabilem
3125 4377 3234 4430 aut
3264 4370 3435 4451 piam
3477 4370 3931 4431 confidentiam

835 4466 1125 4549 superior
1165 4466 1468 4528 naturalis
1510 4475 1752 4528 secreta
1789 4474 2140 4528 concurrat.
2175 4468 2326 4529 Mihi
2443 4474 2825 4548 protestatur
2864 4485 2937 4528 ac
2982 4466 3363 4529 manifestat.

835 4574 1047 4628 tamen
1095 4564 1214 4626 sub
1273 4564 1662 4627 correctione
1713 4564 1984 4637 videtur,
2038 4565 2209 4646 quod
2264 4566 2327 4627 in

835 4662 1296 4725 elevationibus
1329 4662 1455 4724 illis
1483 4662 1800 4724 ecstaticis
1841 4661 2329 4726 ferventissimis

833 4781 907 4824 ac
963 4760 1519 4842 splendidissimiS,
1573 4760 1637 4821 in
1684 4760 1920 4842 quibus
1971 4780 2150 4823 mens
2201 4770 2329 4823 tam
2863 4793 2994 4867 ΟΠ
3006 4792 3219 4858 AEST
3237 4792 3341 4857 10
3404 4793 3508 4856 VI

834 4861 1106 4941 gratiose
1137 4859 1541 4940 praevenitur,
1569 4859 1832 4940 rapitur,
1858 4857 2235 4922 absorbetur
2266 4861 2329 4922 in

836 4961 1059 5031 Deum,
1106 4967 1362 5039 tamque
1411 4957 1815 5018 serenissime
1866 4958 2333 5039 contemplatur

836 5055 1074 5128 divina,
1135 5060 1324 5136 atque
1387 5062 1515 5115 tam
1577 5069 1862 5115 amorose
1925 5072 2001 5115 ac
2059 5054 2333 5116 dulciter
2563 5057 2723 5119 Exto
2768 5057 3092 5138 quaeritur,
3128 5057 3255 5123 An
3304 5059 3603 5124 caritas
3646 5072 3930 5136 augea.-

837 5154 1028 5215 sentit
1066 5171 1133 5214 se
1173 5151 1531 5234 praeveniri,
1573 5152 1944 5232 constringi,
1977 5153 2330 5216 deosculari
2592 5158 2749 5235 tur,
2809 5158 2891 5222 et
2944 5154 3295 5237 qualiter
3352 5155 3745 5236 quibusve
3804 5170 3933 5222 ao-

835 5270 874 5312 a
925 5249 1487 5332 superbeatissima
1547 5250 1810 5325 Deitate‚
1863 5250 1948 5313 ita
1995 5251 2166 5331 quod
2217 5270 2331 5333 pro
2442 5253 2685 5321 tibus,
