4359 6250
124 3232 364 3287 Romam&

592 487 680 534 AN
723 487 840 536 ΒΕΘ
881 488 1226 536 CONVENIAT
1265 487 1550 545 Quosnau
1591 485 1948 535 neritonum
1991 487 2064 532 m·
2104 485 2448 544 ommutui,
2482 486 2556 532 m·
2596 485 2741 542 Qum
2782 485 2918 531 SINT
2958 484 3146 532 Acws
3190 485 3305 530 ls'rl
3382 465 3503 531 525

399 658 475 720 de
507 667 774 740 peccato
802 660 1084 723 finaliter
1113 662 1191 723 ad
1233 659 1417 740 cujus
1457 659 1900 742 poenitentiam
1928 657 1980 720 A
2011 666 2209 731 catur,
2256 658 2425 740 quod
2472 666 2569 720 est
2616 677 2807 720 causa
2852 656 3290 720 obdurationis
3338 657 3506 720 sicut

399 774 525 819 non
567 765 668 820 est
705 759 1208 840 praedestinatuS,
1242 757 1544 840 quoniam
1589 758 1732 820 talis
1773 775 1902 840 poe—

398 854 674 917 nitentia
729 865 826 919 est
879 875 995 939 per
1038 858 1306 939 gratiam
1360 863 1608 937 gratum
1668 854 1902 918 facien-

399 961 553 1028 tem,
617 975 762 1037 quae
820 963 916 1018 est
975 955 1547 1037 praedestinationis
1604 953 1896 1026 effectuS,

397 1054 756 1116 secundum
797 1053 1224 1135 Augustinum
1266 1053 1430 1116 libro
1468 1054 1546 1115 de
1582 1053 1902 1116 Praedesti-

395 1151 659 1213 natione
727 1145 1122 1215 Sanctorum.
1192 1153 1353 1234 Ergo
1417 1152 1668 1213 videtur
1730 1151 1897 1232 quod

396 1249 566 1311 Deus
617 1268 744 1312 non
795 1251 1300 1333 praedest.inando
1348 1250 1696 1325 hominem,
1749 1249 1901 1312 facit

396 1366 548 1409 eum
594 1349 1062 1431 impossibilem
1102 1350 1178 1412 ad
1222 1349 1486 1412 finalem
1536 1348 1899 1431 poenitenti-

395 1463 498 1505 am
525 1461 718 1526 :ergo
748 1464 876 1508 non
905 1447 1412 1528 praedestinando
1443 1447 1678 1529 ipsum,
1711 1464 1900 1507 causa

395 1549 492 1604 est
521 1542 826 1606 effectiva
863 1545 1078 1607 finalis
1118 1545 1554 1608 obdurationis
1595 1544 1787 1606 illius.
1821 1579 1902 1588 —

397 1641 580 1716 Item,
600 1641 890 1704 absentia
918 1642 1363 1724 gubernatoris
1393 1650 1489 1705 est
1515 1661 1706 1705 causa
1733 1661 1902 1704 ever·

397 1739 599 1802 sionis
645 1741 826 1802 navis
868 1740 1184 1816 efficienS‚
1218 1742 1381 1804 sicut
1421 1741 1702 1804 secundo
1742 1741 1897 1803 dici-

2009 762 2201 817 nauta
2240 775 2355 838 per
2383 775 2565 818 suam
2605 755 2959 818 absentiam
2990 762 3086 818 est
3120 774 3311 819 causa
3338 754 3503 837 peri-

2010 854 2354 917 clitationis
2402 854 2624 934 navis3
2674 854 2794 917 hoc
2844 855 3075 916 iterum
3129 853 3292 916 nihil
3338 860 3433 916 est
3486 871 3499 916 :

2009 953 2162 1034 quia
2210 953 2564 1017 secundum
2607 952 3057 1034 Augustinum‚
3091 953 3257 1015 Deus
3303 953 3507 1014 omni-

2011 1050 2130 1113 bus
2161 1071 2439 1133 praesens
2477 1061 2593 1126 est,
2626 1052 3163 1134 quemadmodum
3206 1051 3312 1112 lux
3352 1050 3506 1114 solis

2009 1150 2203 1214 etiam
2247 1151 2452 1214 oculis
2496 1151 2697 1214 caecis.
2736 1151 2800 1213 Si
2843 1169 2994 1214 vero
3036 1151 3303 1226 dicatur,
3336 1151 3505 1232 quod

2008 1257 2105 1311 est
2163 1269 2354 1312 eausa
2415 1249 2851 1313 obdurationis
2910 1249 3077 1311 sicut
3132 1255 3357 1310 natura
3412 1257 3507 1310 est

2011 1365 2202 1410 causa
2244 1348 2501 1429 quietiS,
2534 1348 2781 1410 scilicet
2829 1365 2956 1410 non
3004 1347 3352 1425 movend03
3385 1346 3505 1408 hoc

2009 1446 2217 1508 adhuc
2247 1445 2586 1509 absurdius
2616 1454 2709 1508 est
2746 1464 2760 1508 ε
2795 1445 2947 1528 quia
2984 1454 3208 1508 natura
3238 1453 3334 1507 est
3363 1463 3507 1506 cau-

2009 1562 2078 1615 sa
2119 1543 2355 1625 quietis
2395 1563 2510 1626 per
2548 1563 2637 1617 se,
2670 1552 2731 1606 et
2770 1563 2959 1606 causa
2997 1551 3207 1606 motus
3247 1551 3505 1625 propter

2010 1641 2315 1723 quietem,
2349 1651 2420 1704 ut
2456 1643 2681 1724 quinto
2723 1642 3134 1725 Physicorum
3174 1641 3496 1726 probatur.

2007 1777 2088 1786 —
2135 1741 2587 1803 Verumtamen
2635 1741 2801 1803 Deus
2848 1741 3097 1803 ordinat
3144 1738 3504 1803 obduratio-

398 1845 502 1899 tur
531 1838 964 1922 Physicorum.
986 1841 1149 1922 Ergo
1179 1859 1378 1922 quum
1410 1841 1574 1902 Deus
1605 1840 1896 1902 homines
1933 1839 1980 1901 B
2010 1857 2155 1901 nem
2207 1839 2271 1901 in
2316 1839 2518 1901 multa
2561 1839 2747 1914 bona,
2780 1857 2859 1901 ne
2902 1839 3164 1902 omnino
3206 1839 3290 1901 sit
3332 1839 3505 1901 inde-

397 1935 710 2016 gubernet
743 1956 858 2020 per
885 1939 1174 2019 gratiam,
1199 1939 1450 2001 videtur
1479 1939 1648 2021 quod
1680 1958 1897 2020 quam-

397 2036 494 2098 vis
527 2036 784 2099 induret
811 2037 1077 2118 gratiam
1119 2056 1245 2101 non
1286 2039 1660 2120 praestando,
1693 2037 1897 2100 nihilo

401 2134 616 2196 minus
661 2135 742 2196 sit
784 2154 974 2198 causa
1013 2134 1308 2199 efficiens
1353 2135 1810 2198 obdurationis,

477 2232 832 2294 Dicendum
891 2234 972 2296 ad
1028 2233 1333 2315 primum,
1385 2233 1554 2314 quod
1602 2233 1894 2315 quamvis

397 2330 591 2394 homo
629 2348 758 2393 non
800 2331 1002 2414 possit
1039 2332 1228 2413 digne
1269 2333 1576 2414 poenitere
1616 2331 1896 2394 finaliter

400 2429 524 2492 nisi
555 2430 635 2491 ad
677 2430 796 2492 hoc
825 2429 909 2493 sit
948 2431 1450 2513 praedestinatuS,
1484 2437 1698 2492 tamen
1727 2431 1894 2492 Deus

398 2546 526 2590 non
559 2528 1068 2610 praede-stinando
1096 2547 1226 2592 non
1255 2537 1350 2590 est
1381 2547 1571 2590 causa
1599 2528 1894 2591 efficiens

397 2625 838 2690 obdurationis
869 2627 1066 2701 illius,
1100 2627 1401 2709 quoniam
1443 2628 1608 2690 Deus
1642 2628 1892 2690 nullum

397 2725 849 2805 praedestinare
905 2733 1177 2800 tenetur,
1230 2725 1381 2807 quia
1429 2744 1508 2788 ex
1561 2745 1737 2788 mera
1781 2746 1896 2788 sua

396 2821 779 2886 liberalitate
848 2823 1320 2906 praedestinavit
1392 2824 1888 2906 praedestinatos

397 2921 572 2983 Unde
604 2921 657 2982 si
689 2921 939 2984 nullum
971 2922 1499 3005 praedestinasset,
1523 2940 1650 2986 non
1683 2931 1896 3006 posset

2009 1955 2154 2000 cora
2203 1954 2217 2000 :
2262 1946 2327 2000 et
2374 1938 2583 2020 quoad
2631 1938 2772 2012 hoc,
2822 1938 3059 2001 dicitur
3108 1937 3355 2020 aliquos
3405 1937 3503 2000 in-

2005 2036 2289 2110 durasse,
2332 2037 2421 2099 ita
2470 2037 2640 2118 quod
2690 2054 2817 2099 non
2866 2043 3118 2099 notetur
3168 2036 3504 2099 causalitas

2005 2133 2220 2216 aliqua
2276 2136 2353 2197 ad
2414 2135 2908 2210 indurationem,
2959 2136 3069 2198 sed
3129 2135 3467 2218 permissio
3484 2152 3503 2214 ;

2005 2233 2343 2296 causalitas
2380 2253 2533 2297 vero
2570 2233 2882 2297 referatur
2922 2235 3001 2297 ad
3039 2234 3502 2298 ordinationem

2007 2330 2427 2395 indurationis
2467 2332 2533 2395 in
2577 2333 2744 2396 bona
2787 2353 2929 2416 quae
2972 2351 3050 2394 ex
3099 2332 3502 2396 induratione

2005 2430 2371 2506 eliciuntur,
2423 2433 2613 2494 etiam
2674 2433 2813 2515 ipso
2866 2432 3160 2494 indurato
3221 2431 3495 2495 nolente.

2003 2527 2146 2590 Haec
2189 2528 2504 2592 AlbertuS.

2083 2627 2383 2700 Quamvis
2426 2635 2636 2691 autem
2683 2629 3011 2711 responsio
3051 2628 3171 2691 ista
3210 2628 3501 2692 videatur

2003 2744 2040 2787 a
2071 2727 2390 2808 praedictis
2428 2726 2789 2808 aliqualiter
2826 2728 3187 2802 dissentire,
3221 2735 3499 2791 attamen

2004 2843 2120 2906 per
2145 2825 2588 2887 distinctiones
2630 2825 3007 2906 praehabitas
3046 2824 3319 2889 faciliter
3352 2845 3501 2890 con-

2005 2924 2301 2985 cordatur
2344 2943 2491 2986 cum
2537 2923 2684 2986 illis.

396 3019 454 3081 ei
488 3019 734 3101 imponi
764 3021 934 3102 quod
965 3028 1183 3083 contra
1201 3020 1518 3102 justitiam
1551 3021 1706 3103 quid
1733 3022 1896 3103 egis·
1925 3018 1969 3080 C
2081 3021 2160 3083 At
2190 3039 2342 3084 vero
2369 3021 2697 3085 Udalricus
2728 3023 2806 3085 de
2836 3023 2954 3086 hoc
2992 3023 3246 3106 plenius
3278 3025 3503 3087 scribit

395 3128 513 3195 set,
546 3128 658 3181 aut
701 3119 1018 3201 justitiam
1061 3120 1340 3184 debitam
1390 3120 1600 3184 facere
1647 3121 1894 3185 omisis—

394 3226 509 3281 set.
547 3219 706 3281 Hinc
755 3238 948 3302 super
996 3220 1154 3282 illud
1200 3221 1279 3283 ad
1327 3222 1662 3294 RomanOS,
1695 3222 1893 3295 Quem

393 3318 534 3378 vult
585 3318 861 3392 indurat,
907 3318 1131 3381 asserit
1179 3318 1399 3382 Glossa
1448 3337 1462 3381 ε
1515 3320 1893 3383 Universum

393 3433 596 3495 genus
646 3416 1003 3477 humanum
1053 3416 1117 3478 in
1165 3417 1376 3480 radice
1431 3426 1716 3500 apostata
1765 3426 1892 3481 tam

389 3514 566 3594 justo
597 3514 710 3577 Dei
747 3514 993 3595 judicio
1032 3524 1128 3577 est
1166 3516 1558 3591 damnatum,
1593 3525 1663 3579 ut
1699 3518 1892 3580 etiam

391 3610 445 3673 si
478 3612 698 3675 nullus
729 3612 878 3675 inde
919 3612 1315 3689 liberaretur,
1349 3615 1564 3678 nullus
1605 3624 1772 3678 recte
1803 3616 1893 3678 vi-

393 3719 693 3792 tuperare
742 3720 956 3793 posset
1000 3712 1313 3794 justitiam
1365 3714 1496 3776 Dei.
1537 3750 1616 3760 —
1657 3715 1750 3778 Ad
1800 3734 1892 3777 se·

391 3810 680 3871 cundum
722 3810 887 3885 dico,
921 3812 1089 3893 quod
1131 3830 1353 3875 verum
1393 3820 1489 3874 est
1527 3813 1604 3875 de
1645 3812 1755 3875 illo
1782 3832 1894 3894 gu-

387 3906 730 3972 bernatore
768 3910 878 3991 qui
919 3917 1128 3991 potest
1163 3917 1228 3971 et
1264 3917 1516 3973 tenetur
1554 3911 1890 3992 prohibere

389 4023 510 4087 pro
551 4023 742 4088 posse
783 4006 964 4069 navis
1007 4008 1441 4087 eversionem3
1473 4009 1639 4071 Deus
1676 4018 1888 4072 autem

388 4104 688 4186 quamvis
719 4122 974 4167 omnem
1007 4105 1206 4187 possit
1236 4106 1716 4169 obdurationem
1751 4126 1891 4189 pro-

2006 3119 2070 3181 in
2102 3119 2376 3183 Summa.
2394 3139 2529 3195 sua,
2566 3119 2729 3184 libro
2767 3124 3047 3185 secundo
3081 3141 3095 3185 :
3131 3124 3497 3199 obduratio,

2005 3218 2325 3301 inquiens,
2360 3220 2425 3281 in
2468 3220 2814 3302 Scripturis
2852 3220 3172 3284 interdum
3212 3222 3502 3285 attribui-

2004 3325 2107 3379 tur
2144 3318 2274 3380 Deo
2312 3318 2554 3381 ratione
2595 3318 3081 3400 reprobationis,
3116 3340 3258 3403 quae
3296 3328 3393 3384 est
3432 3322 3498 3383 in

2002 3416 2131 3479 Deo
2162 3416 2540 3498 reprobante
2578 3417 2833 3499 iniquos
2863 3426 2926 3480 et
2956 3418 3303 3494 induratoS,
3337 3437 3497 3501 quos

2002 3515 2238 3577 dicitur
2264 3516 2561 3578 indurare
2590 3516 2857 3597 gratiam
2889 3536 3015 3580 non
3048 3517 3491 3600 impertienda

2001 3614 2122 3677 Sed
2160 3634 2239 3676 ex
2280 3614 2401 3676 hoc
2443 3614 2624 3696 sequi
2668 3614 2941 3689 videtur,
2985 3617 3153 3699 quod
3202 3617 3497 3699 quamvis

2002 3713 2168 3775 Deus
2209 3728 2335 3775 non
2376 3712 2459 3774 sit
2497 3731 2687 3775 causa
2724 3713 2917 3794 hujus
2960 3714 3108 3776 mali
3148 3733 3262 3797 per
3291 3734 3379 3789 se,
3414 3716 3497 3777 sit

2003 3819 2214 3873 tamen
2246 3829 2437 3873 causa
2467 3829 2581 3894 per
2608 3811 2922 3886 accidenS,
2944 3813 3327 3876 removendo
3356 3832 3498 3895 pro·

2001 3909 2252 3983 hibenS,
2305 3908 2367 3972 id
2427 3916 2523 3972 est
2568 3909 2997 3972 subtrahendo
3050 3912 3317 3991 gratiam
3361 3912 3496 3993 jam

2000 4008 2282 4070 habitam
2314 4027 2351 4070 a
2379 4008 2781 4089 quibusdam,
2800 4007 2953 4092 quia
2981 4012 3331 4073 secundum
3362 4011 3499 4074 Phi·

2001 4107 2337 4190 losophum
2368 4114 2590 4169 octavo
2627 4107 3060 4190 Physieorum,
3095 4109 3160 4170 id
3198 4110 3368 4190 quod
3400 4129 3494 4173 re-

385 4202 636 4276 hibere,
670 4220 800 4265 non
830 4209 1044 4266 tamen
1074 4211 1326 4265 tenetur
1354 4204 1431 4265 ad
1464 4204 1602 4267 hoc.
1637 4240 1716 4251 -—
1744 4206 1888 4269 Haec
1917 4214 1967 4276 D
2002 4214 2214 4268 movet
2260 4206 2664 4269 obstaculum
2708 4213 2938 4280 motuS,
2974 4214 3183 4270 movet
3233 4226 3347 4289 per
3389 4228 3489 4272 ac-

385 4301 760 4364 RicharduS.

469 4400 662 4462 Porro
691 4399 990 4463 Albertus
1024 4417 1038 4461 :
1073 4400 1260 4474 DeuS,
1296 4400 1525 4483 inquit,
1549 4402 1726 4465 nullo
1759 4422 1886 4466 mo-

386 4497 491 4571 do,
524 4516 646 4561 nec
675 4516 792 4580 per
822 4517 889 4561 se
921 4517 1038 4561 nec
1075 4518 1190 4581 per
1218 4499 1534 4575 accidenS,
1571 4520 1760 4565 causa
1790 4512 1886 4566 est

385 4595 852 4671 obdurationiS,
887 4604 956 4659 ut
997 4597 1158 4660 mihi
1187 4598 1458 4661 videtur.
1494 4599 1560 4661 Si
1589 4600 1762 4663 enim
1794 4602 1886 4664 di-

386 4704 590 4770 catur,
643 4696 814 4777 quod
863 4704 956 4758 est
1007 4716 1198 4759 causa
1243 4696 1383 4778 ejus
1431 4699 1700 4778 gratiam
1758 4718 1885 4764 non

384 4792 854 4875 impertiend03
887 4794 1006 4857 hoc
1037 4794 1199 4856 nihil
1229 4802 1346 4870 est,
1370 4797 1521 4878 quia
1548 4798 1886 4861 Anselmus

383 4900 656 4954 testatur
690 4910 705 4953 :
739 4892 939 4955 Causa
976 4911 1172 4973 quare
1209 4893 1326 4955 iste
1365 4912 1491 4956 non
1530 4895 1722 4957 habet
1750 4915 1888 4977 gra-

382 4992 564 5066 tiam,
617 5009 746 5054 non
803 5000 901 5053 est
947 4991 1100 5074 quia
1156 4993 1322 5055 Deus
1375 5012 1501 5056 non
1552 4994 1690 5056 vult
1747 5013 1886 5056 eam

382 5089 557 5163 dare,
590 5090 704 5151 sed
734 5089 1040 5171 quoniam
1074 5089 1192 5153 iste
1224 5109 1350 5153 non
1381 5091 1518 5153 vult
1558 5111 1698 5154 eam
1728 5094 1889 5156 reci-

383 5204 538 5270 pere
573 5205 587 5250 :
624 5188 764 5269 ipse
809 5207 1085 5271 namque
1129 5189 1428 5252 omnibus
1468 5191 1735 5271 gratiam
1777 5192 1893 5255 im-

383 5288 664 5371 pertitur
708 5294 1020 5371 quantum
1063 5287 1128 5349 in
1171 5306 1238 5351 se
1273 5297 1386 5351 est.
1433 5290 1497 5353 Si
1541 5298 1756 5354 autem
1801 5289 1892 5354 di-

1999 4303 2253 4381 cidens3
2285 4311 2349 4365 et
2388 4303 2557 4386 quod
2601 4303 2683 4364 sit
2724 4304 2949 4366 saltem
2990 4304 3241 4368 occasio
3284 4306 3489 4388 culpae

1997 4420 2126 4465 non
2157 4402 2479 4483 largiendo
2506 4402 2772 4483 gratiam
2805 4402 3306 4482 justificationis,
3339 4408 3490 4487 quia

1997 4500 2246 4565 occasio
2282 4508 2379 4562 est
2416 4519 2493 4562 ex
2531 4500 2717 4581 cujus
2755 4500 3044 4564 absentia
3079 4501 3321 4586 aliquid
3358 4502 3437 4566 fit
3470 4521 3485 4567 ε

1997 4609 2061 4663 et
2097 4600 2219 4663 hoc
2258 4599 2324 4662 in
2355 4598 2730 4662 voluntariis
2768 4608 3100 4682 reputatur
3126 4620 3242 4683 pro
3276 4621 3486 4677 causa,

1998 4699 2150 4781 quia
2196 4707 2323 4761 tam
2374 4718 2519 4761 reus
2575 4708 2671 4761 est
2719 4699 2829 4781 qui
2884 4700 3123 4763 omittit
3167 4701 3333 4763 sicut
3378 4701 3488 4782 qui

2000 4798 2362 4871 committit,
2395 4806 2459 4859 et
2500 4798 2611 4879 qui
2655 4799 3054 4861 occasionem
3098 4799 3203 4862 dat
3249 4799 3487 4873 damni,

2000 4898 2303 4957 damnum
2337 4896 2627 4958 intulisse
2655 4896 2926 4959 videtur.
2961 4898 3052 4959 Ad
3084 4898 3203 4959 hoc
3234 4916 3493 4980 respon-

1999 4995 2245 5069 demuS,
2309 4994 2477 5076 quod
2536 4994 2601 5055 in
2659 4993 3076 5057 obduratione
3138 5003 3287 5057 sunt
3340 4997 3487 5061 duo.

2001 5094 2208 5155 Unum
2237 5099 2333 5153 est
2371 5100 2547 5153 actus
2578 5091 2923 5153 voluntatis
2964 5092 3371 5174 pertinaciter
3401 5095 3495 5157 in-

2001 5190 2297 5255 haerentis
2339 5189 2595 5252 malitiae
2628 5206 2643 5251 :
2678 5198 2740 5252 et
2783 5189 2977 5269 hujus
3016 5192 3180 5253 Deus
3220 5210 3346 5255 non
3394 5202 3493 5256 est

2003 5310 2192 5353 eausa
2239 5308 2353 5374 per
2399 5307 2487 5363 se,
2520 5307 2727 5371 neque
2776 5308 2891 5371 per
2932 5289 3249 5365 accidenS,
3281 5309 3491 5376 neque
