4359 6250
876 494 998 560 556
1812 510 1986 556 unm
2027 511 2048 556 1
2090 508 2572 556 sarz-mmmm.
2617 525 2698 537 —
2736 507 2890 554 ms’r.
2936 507 3058 553 xm

879 687 994 752 sed
1044 687 1354 768 potentiae
1401 685 1864 769 imputandum
1915 687 2015 751 est
2055 686 2234 767 quod
2279 684 2405 748 ista
2452 701 2584 747 non
2630 684 2868 765 potest.
2910 682 3099 746 Unde
3136 681 3550 764 Augustinus
3602 681 3669 744 in
3720 681 3988 762 quinto-

587 825 856 884 Anguem·
881 803 1138 867 decimo
1186 802 1352 866 libro
1408 803 1488 866 de
1537 803 1855 866 Trinitate
1894 823 1907 862 :
1951 802 2209 882 Magna,
2265 800 2504 881 inquit,
2556 799 2682 863 Dei
2742 799 3035 879 potentia
3092 799 3212 877 est,
3268 815 3400 860 non
3447 815 3641 879 posse
3694 797 3984 861 mentiri.

589 888 852 1004 ξζ“,“,“’ςῗ“’“
881 919 1050 984 Sunt
1087 920 1262 984 enim
1303 920 1606 1001 quaedam
1637 938 1786 1000 quae
1824 919 1895 981 in
1931 918 2080 981 aliis
2117 917 2314 981 rebus
2351 916 2661 998 potentiae
2702 915 3074 997 deputanda
3111 915 3288 995 sunt,
3322 914 3391 976 in
3429 913 3578 976 aliis
3606 932 3761 978 vero
3794 915 3993 977 mini-

883 1055 1032 1118 me3
1065 1037 1129 1100 et
1165 1054 1312 1118 quae
1351 1037 1419 1100 in
1449 1036 1598 1100 aliis
1627 1036 1981 1100 laudabilia
2007 1037 2185 1115 sunt,
2216 1035 2285 1097 in
2323 1034 2471 1098 aliis
2500 1050 2655 1096 vero
2685 1031 3224 1114 reprehensibilia
3260 1032 3436 1094 sunt.
3469 1031 3619 1094 Non
3650 1048 3805 1111 ergo
3845 1031 3993 1094 ideo

880 1155 1062 1218 Deus
1101 1154 1324 1217 minus
1359 1155 1594 1235 potens
1627 1153 1748 1233 est,
1783 1152 1939 1234 quia
1977 1169 2241 1233 peccare
2280 1169 2413 1214 non
2444 1151 2683 1233 potest,
2718 1166 2925 1230 quum
2965 1148 3385 1230 omnipotens
3422 1147 3801 1211 nullatenus
3840 1164 3996 1228 pos-

590 1289 858 1346 namhoc
883 1273 973 1337 sit
1017 1269 1206 1338 esse*
1252 1273 1366 1353 qui
1413 1273 1539 1335 hoc
1584 1272 1820 1353 potest.

1906 1507 1988 1568 D.
2029 1507 2217 1569 Item
2263 1509 2349 1567 de
2398 1507 2575 1568 aliis
2622 1477 2961 1592 opponit„

1018 1725 1186 1788 Sunt
1240 1723 1438 1786 etiam
1493 1723 1557 1785 et
1612 1721 1740 1784 alia
1795 1719 2099 1802 quaedam
2153 1737 2301 1800 quae
2356 1719 2539 1782 Deus
2584 1735 2715 1782 non
2766 1718 3005 1799 potest,
3047 1718 3221 1781 unde
3260 1717 3521 1781 videtur
3574 1734 3705 1779 non
3764 1717 3991 1781 omnia

885 1859 1100 1926 posse.
1141 1841 1292 1904 Non
1341 1839 1517 1903 enim
1565 1839 1780 1920 potest
1819 1837 1987 1900 mori
2025 1836 2129 1899 vel
2179 1836 2339 1898 falli.
2389 1834 2572 1898 Unde
2622 1833 3033 1914 Augustinus
3070 1834 3138 1895 in
3186 1835 3401 1914 primo
3454 1833 3621 1896 libro
3666 1834 3749 1897 de
3794 1835 3991 1914 Sym-

605 1971 858 2044 1d-dessqn·
885 1958 1038 2022 bolo
1081 1978 1095 2020 :
1137 1958 1317 2021 Deus
1357 1956 1773 2036 omnipotens
1820 1971 1953 2016 non
1997 1954 2216 2035 potest
2251 1952 2445 2031 mori,
2495 1967 2623 2013 non
2664 1951 2880 2031 potest
2926 1949 3087 2029 falli,
3130 1966 3263 2012 non
3312 1952 3529 2031 potest
3575 1950 3776 2014 miser
3819 1951 3985 2030 fieri,

591 2031 862 2140 ῗῖοιῖηῗῖ
888 2092 1020 2139 non
1059 2074 1274 2155 potest
1311 2073 1507 2137 vinci.
1548 2073 1708 2136 Haec
1745 2071 1972 2152 utique
2024 2071 2089 2132 et
2141 2067 2525 2149 hujusmodi
2578 2065 2747 2129 absit
2791 2067 2865 2128 ut
2916 2067 3128 2148 possit
3175 2067 3633 2148 Omnipotens.
3684 2068 3757 2132 Si
3810 2069 3987 2132 enim

888 2185 1273 2271 hujusmodi
1310 2188 1729 2271 passionibus
1765 2189 1962 2268 atque
1996 2185 2363 2250 defectibus
2411 2183 2650 2263 subjici
2691 2184 2935 2264 posset,
2979 2183 3399 2264 omnipotens
3443 2184 3718 2248 minime
3762 2185 3933 2248 foret
3972 2205 3987 2246 :

665 2319 682 2340 ·
707 2318 809 2362 inde
888 2308 954 2372 et
990 2307 1136 2370 ideo
1159 2302 1184 2327 *
1220 2306 1623 2369 monstratur
1659 2304 2100 2386 omnipotenS,
2124 2303 2281 2383 quia
2318 2304 2377 2366 ei
2410 2303 2553 2368 haec
2580 2306 3019 2387 propinquare
3058 2318 3189 2365 non
3222 2300 3477 2382 valent3
3516 2301 3732 2382 potest
3770 2303 3992 2364 tamen

887 2423 1030 2488 haec
1076 2423 1145 2486 in
1192 2422 1340 2486 aliis
1385 2421 1662 2503 operari.

1263 2665 1340 2728 E.
1398 2667 1594 2733 Quod
1639 2666 2172 2739 omnipotentia
2228 2667 2356 2727 Det
2400 2671 2797 2730 secundum
2845 2669 2985 2728 duo
3035 2665 3581 2728 consideratur.
3624 2643 3632 2648 ⁴

1019 2879 1147 2943 Hic
1188 2897 1340 2960 ergo
1379 2879 1726 2960 diligenter
1771 2879 2359 2961 considerantibuS‚
2410 2879 2885 2960 omnipotentia
2922 2879 3066 2960 ejus
3104 2878 3464 2942 secundum
3506 2879 3638 2942 duo
3689 2883 3983 2961 apparet,

885 2996 1158 3076 scilicet,
1194 2995 1370 3076 quod
1409 2996 1632 3058 omnia
1670 2996 1825 3058 facit
1861 3013 2010 3076 quae
2057 2996 2223 3076 vult,
2274 2997 2340 3059 et
2375 2996 2543 3059 nihil
2590 2995 2859 3058 omnino
2907 2996 3173 3076 patitur.
3218 2994 3593 3058 Secundum
3631 2997 3990 3076 utrumque

887 3115 1069 3179 Deus
1107 3096 1524 3193 omnipotens
1551 3113 1892 3177 verissime
1921 3113 2357 3194 praedicatur:
2392 3113 2547 3195 quia
2584 3130 2703 3176 nec
2741 3112 2991 3194 aliquid
3022 3113 3122 3177 est
3158 3111 3335 3193 quod
3380 3112 3440 3175 ei
3478 3111 3560 3175 ad
3601 3113 3987 3195 patiendum

888 3229 1372 3311 corruptionem
1411 3228 1650 3291 inferre
1691 3229 1926 3310 valeat,
1967 3247 2085 3293 nec
2123 3230 2375 3311 aliquid
2412 3228 2493 3292 ad
2544 3229 2911 3292 faciendum
2954 3228 3497 3310 impedimentum
3554 3230 3807 3293 afferre.
3850 3230 3992 3293 Ma-

886 3347 1204 3410 nifestum
1249 3346 1344 3408 est
1389 3345 1632 3425 itaque,
1679 3346 1891 3409 Deum
1937 3346 2207 3408 omnino
2245 3346 2411 3408 nihil
2450 3363 2643 3427 posse
2684 3344 2843 3426 pati,
2878 3347 2942 3407 et
2980 3345 3203 3407 omnia
3248 3342 3457 3408 facere
3496 3362 3712 3426 posse,
3754 3349 3993 3427 praeter

888 3482 964 3529 ea
1017 3462 1158 3526 sola
1204 3461 1446 3543 quibus
1497 3461 1643 3541 eJus
1689 3462 1977 3543 dignitas
2022 3461 2388 3542 laederetur,
2432 3462 2705 3544 ejusque
2762 3461 3164 3525 excellentiae
3218 3462 3641 3542 derogaretur
3681 3482 3697 3523 :
3739 3463 3811 3525 in
3860 3481 3993 3544 quo

887 3584 1109 3645 tamen
1146 3596 1280 3643 non
1311 3580 1409 3641 est
1438 3578 1662 3642 minus
1691 3580 2129 3659 omnipotens.
2165 3578 2309 3640 Hoc
2348 3580 2522 3641 enim
2564 3595 2779 3659 posse,
2820 3595 2949 3640 non
2992 3578 3164 3641 esset
3191 3595 3409 3659 posse,
3442 3578 3557 3641 sed
3594 3595 3729 3641 non
3766 3598 3987 3660 posse.

885 3699 1098 3762 Nemo
1137 3714 1290 3777 ergo
1329 3696 1542 3759 Deum
1591 3694 2020 3776 impotentem
2069 3696 2135 3757 in
2188 3695 2409 3775 aliquo
2458 3694 2673 3759 dicere
2710 3696 3090 3776 praesumat,
3132 3694 3246 3776 qui
3296 3694 3521 3757 omnia
3568 3696 3789 3776 potest
3839 3714 3991 3777 quae

889 3832 1083 3897 posse
1121 3812 1430 3895 potentiae
1471 3813 1592 3891 est,
1634 3814 1698 3875 et
1735 3812 1885 3875 inde
1923 3830 2073 3875 vere
2120 3811 2362 3874 dicitur
2410 3811 2849 3891 omnipotens,

1108 4056 1182 4117 F.
1233 4020 1674 4125 Quibusdam
1711 4057 2286 4120 auctoritatibus
2331 4058 2689 4130 traditur,
2733 4059 2923 4131 quod
2958 4056 3232 4118 dicitur
3270 4056 3755 4129 omnipotens,

1901 4176 2077 4250 quia
2118 4175 2359 4248 potest
2393 4175 2743 4250 quidquid
2786 4174 2963 4235 vult.

1023 4389 1124 4450 Ex
1171 4387 1563 4469 quibusdam
1615 4390 1836 4451 tamen
1883 4387 2383 4451 auctoritatibus
2424 4387 2723 4467 traditur,
2773 4386 2920 4449 ideo
2970 4402 3120 4450 vere
3166 4385 3296 4448 dici
3346 4386 3791 4467 omnipotenS,
3834 4388 3991 4469 quia

622 4522 685 4565 ld.
709 4520 864 4565 Enem-
890 4503 1215 4584 quidquid
1265 4503 1430 4584 vult,
1481 4504 1716 4584 potest.
1775 4503 1961 4567 Unde
2012 4503 2427 4585 Augustinus
2478 4504 2546 4566 in
2593 4503 2974 4566 Enchiridio
3026 4522 3040 4564 ε
3092 4500 3241 4565 Non
3294 4500 3379 4564 ob
3437 4501 3618 4564 aliud
3668 4504 3995 4567 veraciter

595 4587 841 4638 ‘¹⁶‘'⁰'⁹⁶'
889 4621 1162 4684 vocatur
1205 4619 1644 4699 omnipotenS,
1691 4618 1819 4681 nisi
1868 4618 2183 4698 quoniam
2220 4619 2541 4700 quidquid
2584 4620 2749 4697 vult,
2782 4619 3021 4700 potest,
3070 4634 3190 4680 nec
3226 4617 3564 4681 voluntate
3613 4618 3993 4700 cujuspiam

891 4737 1226 4815 creaturae,
1268 4734 1628 4798 voluntatis
1679 4735 2150 4816 omnipotentis
2201 4736 2559 4817 impeditur
2606 4736 2895 4799 effectus.
2946 4734 3130 4798 Idem
3169 4733 3235 4796 in
3289 4733 3456 4797 libro
3504 4734 3585 4797 de
3632 4734 3888 4816 Spiritu
3927 4737 3993 4799 et

617 4878 680 4923 ω.
697 4880 752 4922 <10
769 4878 866 4933 sps·
891 4854 1108 4917 littera
1148 4872 1163 4914 :
1204 4853 1354 4916 Non
1405 4854 1623 4932 potest
1667 4852 1847 4914 Deus
1888 4851 2098 4914 facere
2147 4852 2416 4932 injusta,
2468 4854 2624 4932 quia
2662 4853 2804 4933 ipse
2841 4854 2941 4915 est
2985 4868 3247 4915 summa
3277 4850 3540 4931 justit-ia
3586 4852 3653 4913 et
3701 4849 3987 4915 bonitas.

595 4944 864 5051 ξί,““ἱῖζιξζξ.
891 4970 1326 5051 Omnipotens
1367 4985 1522 5032 vero
1571 4969 1692 5048 est,
1725 4985 1858 5030 non
1904 4968 2081 5048 quod
2118 4970 2332 5049 possit
2376 4968 2599 5032 omnia
2637 4969 2871 5049 facere,
2904 4968 3019 5031 sed
3062 4966 3218 5048 quia
3252 4968 3473 5047 potest
3508 4966 3761 5030 efficere
3800 4968 3996 5048 quid-

595 5082 668 5175 '4'20
697 5072 791 5121 ²¹⁴¹
815 5082 860 5112 ¹¹·
891 5086 1052 5168 quid
1089 5085 1254 5166 vult,
1301 5084 1393 5147 ita
1437 5085 1511 5147 ut
1558 5083 1724 5147 nihil
1773 5083 1986 5148 valeat
2022 5084 2168 5164 eJus
2214 5084 2539 5148 voluntati
2590 5084 2891 5149 resistere
2929 5082 3091 5164 quin
3128 5082 3557 5164 compleatur,
3602 5084 3720 5145 aut
3764 5083 3991 5165 aliquo

639 5212 861 5268 Chri-sost-
891 5202 1087 5266 modo
1126 5201 1444 5283 impedire
1487 5200 1808 5264 eamdem.
1841 5200 2128 5265 Joannes
2159 5201 2672 5282 chrysostomus
2709 5200 2775 5263 in
2818 5199 3094 5263 homilia
3131 5199 3413 5280 quadam
3453 5199 3535 5262 de
3576 5184 3993 5281 expositione

596 5275 861 5382 ffossiffffl'
891 5318 1217 5401 Symboli,
1257 5318 1350 5381 ait
1382 5337 1396 5379 ε
1432 5317 1867 5399 Omnipotens
1902 5314 2144 5381 dicitur
2179 5318 2383 5397 DeuS,
2432 5316 2587 5399 quia
2623 5334 2817 5401 posse
2868 5316 3050 5380 illius
3096 5332 3231 5379 non
3272 5316 3491 5397 potest
3536 5314 3821 5381 inveniri
3858 5334 3993 5380 non
