4359 6250
579 915 682 995 D.
775 914 1130 995 PETRI
1217 912 1849 996 LOMBARDI
1932 915 2484 997 EPISCOPI
2568 916 3333 998 PARISIENSIS

1384 1225 1855 1334 LIBER
1951 1226 2543 1334 PRIMUS

1046 1555 2869 1721 SENTENTIARUM

799 1950 864 1994 m
906 1949 1024 2005 Quo
1065 1949 1289 1995 AGrrUR
1331 1949 1409 1994 DE
1449 1949 1551 1994 ms
1592 1949 1727 2005 QuAE
1770 1950 1848 1995 DE
1891 1950 2291 1997 SANCTISSIMA
2333 1950 2407 1995 ΕΤ
2450 1950 2771 1996 INDIVIDUA
2812 1949 3133 1995 TRINITATE

1255 2066 1492 2112 smn’ltn
1532 2067 1871 2113 ADORANDA
1912 2065 2245 2114 cATnomclt
2286 2066 2665 2114 CREDANTUR.

1206 2693 2187 2807 DISTINCTIO
2344 2694 2713 2804 XVII

752 3095 833 3158 A.
893 3097 990 3158 De
1035 3097 1387 3158 missione
1433 3093 1758 3167 Spiritu-s·
1799 3091 2056 3153 Sancti
2103 3105 2247 3165 qua
2296 3091 2774 3154 invisibiliter
2816 3093 3167 3157 mittitur.

571 3344 702 3411 AM
735 3362 916 3409 nunc
950 3344 1336 3408 accedamus
1373 3342 1456 3405 ad
1487 3340 1874 3424 signandam
1912 3340 2299 3404 missionem
2337 3338 2623 3420 Spiritus
2660 3339 2883 3405 Sancti
2924 3358 3056 3423 qua
3093 3342 3513 3409 invisibiliter

601 3461 890 3525 mittitur
925 3460 995 3523 in
1033 3459 1229 3522 corda
1267 3458 1587 3522 fidelium.
1621 3457 1793 3520 Nam
1835 3456 1977 3537 ipse
2013 3456 2301 3537 Spiritus
2342 3453 2643 3535 Sanctus,
2676 3456 2793 3537 qui
2837 3456 3019 3521 Deus
3064 3458 3163 3521 est
3208 3476 3285 3523 ac
3320 3459 3513 3522 tertia

599 3577 670 3639 in
698 3576 1019 3640 Trinitate
1054 3592 1355 3656 persona,
1387 3574 1463 3637 ut
1499 3590 1699 3654 supra
1735 3574 2074 3637 ostensum
2112 3572 2213 3635 est
2248 3589 2287 3635 a
2323 3571 2516 3636 Patre
2559 3574 2625 3636 et
2650 3572 2821 3636 Filio
2864 3590 2939 3636 ac
2977 3591 3047 3637 se
3077 3574 3222 3655 ipso
3260 3577 3515 3656 tempo-
3542 3590 3796 3647 enai-m.

405 3693 629 3757 taliter
663 3692 982 3774 procedit,
1021 3692 1090 3754 id
1129 3692 1250 3771 est,
1288 3690 1576 3753 mittitur
1611 3706 1686 3753 ac
1732 3689 2014 3752 donatur
2057 3687 2385 3752 fidelibus.
2427 3687 2555 3752 Sed
2592 3704 2741 3769 quae
2792 3689 2880 3753 sit
2926 3690 3053 3753 ista
3094 3691 3324 3755 missio
3372 3692 3513 3755 sive

406 3808 702 3888 donatio,
743 3806 848 3871 vel
894 3807 1229 3888 quomodo
1275 3806 1410 3887 fiat,
1461 3804 2012 3869 considerandum
2059 3806 2180 3869 est.

407 4083 486 4147 Β.
543 4084 1041 4149 Praemittitur
1085 4086 1438 4159 quiddam
1483 4086 1582 4146 ad
1623 4086 1814 4146 hanc
1875 4084 2367 4147 ostensionem
2421 4086 2955 4159 necessarium,
2996 4087 3279 4147 scilicet
3324 4090 3515 4162 quod

614 4200 940 4273 spiritus
983 4201 1300 4262 Sanctus
1343 4200 1450 4261 est
1508 4200 1796 4261 caritas
1840 4214 1984 4273 qua
2035 4201 2414 4275 dilioimus
2461 4202 2691 4262 Deum
2737 4201 2808 4261 et
2846 4205 3309 4274 proximum.

547 4441 696 4505 Hoc
743 4441 965 4505 autem
1011 4440 1086 4503 ut
1133 4436 1616 4520 intelligibilius
1664 4437 1883 4503 doceri
1927 4455 2004 4502 ac
2049 4439 2310 4520 plenius
2364 4438 2647 4521 perspici
2698 4438 2933 4520 valeat,
2979 4440 3515 4521 praemittendum

407 4561 512 4625 est
551 4557 868 4640 quiddam
903 4556 986 4619 ad
1022 4556 1148 4618 hoc
1183 4554 1373 4619 valde
1418 4556 1882 4620 necessarium.
1922 4555 2194 4620 Dictum
2232 4556 2501 4637 quidem
2539 4557 2637 4620 est
2680 4572 2903 4638 supra,
2944 4557 3011 4621 et
3043 4557 3247 4621 sacris
3293 4560 3516 4624 aucto-

405 4674 720 4740 ritatibus
755 4674 1118 4751 ostensum,
1149 4670 1328 4752 quod
1365 4671 1650 4752 Spiritus
1688 4672 1967 4735 Sanctus
2007 4688 2194 4735 amor
2222 4675 2321 4737 est
2359 4672 2575 4735 Patris
2617 4673 2683 4736 et
2722 4671 2901 4754 Filii,
2942 4689 3075 4754 quo
3122 4690 3194 4737 se
3230 4674 3515 4741 invicem

402 4794 638 4857 amant
666 4791 729 4855 et
765 4804 908 4852 nos.
941 4786 1068 4851 His
1103 4788 1324 4850 autem
1353 4786 1724 4850 addendum
1763 4789 1884 4865 est,
1908 4782 1935 4806 *
1962 4786 2140 4867 quod
2171 4786 2313 4868 ipse
2350 4786 2527 4850 idem
2564 4786 2851 4867 Spiritus
2887 4787 3165 4852 Sanctus
3202 4790 3303 4852 est
3329 4806 3515 4854 amor
3554 4804 3810 4863 *memfi-

401 4911 554 4975 sive
590 4907 826 4971 caritas
871 4920 1003 4986 qua
1051 4919 1174 4966 nos
1227 4902 1567 4983 diligimus
1603 4902 1820 4966 Deum
1868 4906 1932 4966 et
1967 4887 2349 4983 proximum
2392 4922 2407 4963 :
2438 4919 2588 4983 quae
2640 4903 2875 4967 caritas
2920 4919 3129 4984 quum
3180 4904 3272 4968 ita
3309 4906 3409 4969 est
3442 4906 3514 4969 in
3539 4872 3810 4973 {22²⁰ssss

403 5026 606 5091 nobis
633 5025 710 5086 ut
745 5037 868 5085 nos
905 5019 1103 5083 faciat
1130 5018 1401 5099 diligere
1442 5018 1659 5082 Deum
1701 5019 1767 5082 et
1798 5018 2203 5099 proximum,
2236 5019 2391 5081 tunc
2429 5018 2715 5099 Spiritus
2742 5018 3021 5081 Sanctus
3061 5018 3303 5083 dicitur
3338 5020 3513 5084 mitti
3541 4993 3743 5037 mmm·

236 5135 349 5224 ’ξς
405 5144 518 5209 vel
556 5139 698 5205 dari
736 5138 964 5218 nohis3
1004 5137 1070 5200 et
1113 5136 1230 5218 qui
1280 5135 1496 5217 diligit
1540 5136 1754 5217 ipsam
1790 5136 2211 5200 dilectionem
2256 5152 2388 5217 qua
2427 5134 2645 5217 diligit
2693 5133 3095 5215 proximum,
3135 5134 3207 5197 in
3254 5151 3332 5200 eo
3370 5138 3516 5219 ipso

248 5288 384 5403 ᾗ
407 5262 638 5328 Deum
684 5254 924 5335 diligit,
966 5252 1124 5335 quia
1167 5252 1313 5334 ipsa
1349 5251 1611 5316 dilectio
1656 5251 1839 5317 Deus
1885 5254 2008 5333 est,
2055 5252 2125 5315 id
2170 5254 2272 5317 est
2316 5252 2603 5334 Spiritus
2648 5250 2949 5315 sanctus.
3546 5283 3590 5326 a.

675 5395 740 5445 T.
777 5392 856 5443 20.
3244 5390 3270 5439 1

3562 5216 3813 5272 llmnav,
3904 5236 3909 5240 ·
