4359 6250
908 469 1029 533 244

1526 487 1587 531 IN
1630 487 1851 533 LIBRUM
1896 488 1913 532 1
1958 487 2439 532 SENTENTIARUM.
2485 506 2566 514 —
2607 489 2759 532 Dls’r.
2805 489 3015 549 xxvn3
3061 489 3283 544 QUAEST.
3332 491 3398 535 111

908 657 1223 738 triplicem
1282 655 1713 718 differentiam
1771 657 1970 719 verbi.
2035 657 2242 718 Unum
2301 662 2396 717 est
2427 655 2777 736 Agitamus
2837 676 2978 738 quae
3028 657 3347 732 nolumuS,
3399 665 3460 719 et
3509 657 3594 718 ita
3639 657 3860 737 juncta
3908 667 4017 719 est

902 757 1171 818 verbum
1221 756 1544 830 sensibile,
1586 755 1759 817 aliud
1812 755 2238 835 intelligibile,
2285 761 2398 815 ter-

902 854 1063 916 tium
1123 855 1332 917 medio
1392 856 1578 917 modo
1636 874 1702 916 se
1758 855 2021 928 habens,
2074 855 2243 935 quod
2303 861 2398 914 est

903 954 1169 1016 verbum
1230 954 1695 1034 imaginarium.
1754 953 2029 1014 Verbum
2093 952 2396 1014 sensibile

902 1054 1249 1114 attenditur
1280 1054 1343 1114 in
1384 1052 1735 1133 prolatione
1767 1053 1962 1123 vociS‚
1996 1052 2266 1114 verbum
2306 1052 2398 1113 in-

901 1152 1235 1232 telligibile
1276 1152 1340 1213 in
1387 1152 1475 1213 rei
1517 1152 1917 1232 cogitatione,
1951 1151 2219 1212 verbum
2271 1169 2398 1211 me-

897 1250 1075 1311 dium
1119 1251 1184 1313 in
1225 1250 1604 1331 cogitatione
1646 1250 1836 1312 vocis.
1874 1249 1951 1310 Et
1989 1249 2081 1310 sic
2123 1249 2290 1309 inter
2322 1267 2395 1310 ea

897 1357 994 1412 est
1040 1351 1193 1412 ordo
1247 1368 1259 1410 :
1312 1351 1613 1432 quoniam
1666 1349 1874 1431 primo
1924 1349 2155 1429 cogitat
2205 1349 2395 1410 homo

896 1448 1137 1529 aliquid
1172 1449 1327 1529 quid
1369 1449 1487 1526 sit3
1520 1449 1821 1520 secundo,
1856 1447 2131 1528 qualiter
2170 1446 2395 1508 debeat

896 1547 1239 1626 cogitatum
1300 1547 1748 1628 pronuntiare3
1799 1547 1985 1608 tertio
2036 1545 2196 1606 illud
2255 1563 2396 1625 pro-

895 1644 1164 1706 nuntiat.
1202 1645 1378 1706 Sicut
1422 1646 1613 1726 igitur
1643 1645 1802 1707 ratio
1832 1664 1943 1706 seu
1975 1644 2190 1725 aliqua
2220 1643 2395 1704 simi-

897 1743 1097 1805 litudo
1130 1743 1453 1805 Trinitatis
1496 1744 1810 1824 reperitur
1851 1744 1916 1804 in
1958 1761 2169 1814 sensu,
2201 1749 2391 1823 atque

2504 753 2699 814 verbo
2755 763 2970 816 nostro
3027 753 3434 836 displicentia
3471 773 3487 833 ;
3549 756 3658 816 sed
3719 764 3780 817 et
3837 776 4015 838 saepe

2506 853 2856 932 cogitamus
2888 873 3030 935 quae
3061 872 3188 916 non
3223 872 3584 936 possumuS‚
3619 854 3838 936 sicque
3871 874 4017 916 ver-

2509 950 2590 1012 bo
2630 960 2844 1013 nostro
2882 952 3174 1032 jungitur
3215 953 3609 1035 impotentia.
3645 953 3834 1015 Porro
3861 953 4017 1014 Ver-

2507 1049 2657 1110 bum
2687 1049 2797 1112 Dei
2829 1051 3210 1113 aeternaliter
3238 1051 3658 1124 verissimum,
3675 1051 4016 1132 placentis-

2506 1148 2742 1209 simum
2801 1149 3629 1232 omnipotentissimumque
3687 1149 4006 1211 consistit.

2505 1247 2664 1308 Hinc
2696 1267 2993 1328 expressa
3021 1249 3239 1310 aeterni
3271 1248 3459 1310 Verbi
3492 1248 3845 1311 similitudo
3875 1266 4008 1310 non

2507 1346 2796 1408 consistit
2827 1347 2891 1406 in
2923 1346 3118 1409 verbo
3151 1353 3365 1410 nostro
3398 1348 3460 1408 in
3505 1366 3594 1420 se,
3629 1347 3752 1408 nisi
3781 1346 4012 1427 juncta

2505 1444 2589 1505 sit
2635 1444 2692 1506 ei
2744 1445 3058 1508 certitudo
3108 1446 3368 1518 notitiae.
3405 1446 3868 1528 complacentia
3917 1453 4012 1505 at-

2504 1562 2628 1625 que
2677 1545 2959 1625 potentia
3012 1562 3024 1605 :
3077 1545 3244 1625 quod
3296 1552 3392 1606 est
3440 1545 3710 1607 verbum
3757 1543 4010 1606 affecti·

2504 1660 2656 1702 vum
2701 1649 2763 1703 et
2803 1643 3222 1724 operativum.
3259 1643 3433 1705 Unde
3474 1661 3642 1705 nono
3684 1643 3763 1704 de
3803 1641 4011 1703 Trini-

2505 1748 2629 1802 tate
2663 1741 2942 1822 loquitur
2971 1741 3361 1821 Augustinus
3383 1741 3694 1803 :Verbum
3725 1750 3821 1802 est
3853 1759 4006 1802 cum

895 1841 961 1902 in
1006 1841 1247 1903 ratione
1291 1859 1593 1903 conversa
1636 1842 1714 1903 ad
1764 1859 2044 1914 sensum,
2077 1848 2140 1901 et
2185 1841 2249 1900 in
2300 1859 2392 1901 ra·
2428 1833 2475 1896 Β
2504 1858 2717 1901 amore
2749 1841 2990 1902 notitia.
3027 1842 3202 1914 Quod
3234 1841 3285 1902 si
3319 1840 3522 1902 virtus
3561 1841 3848 1913 addatur,
3881 1841 4010 1901 erit

896 1940 1065 2002 tione
1110 1940 1462 2001 secundum
1509 1957 1613 2016 se3
1646 1939 1738 2000 sic
1778 1946 1841 2000 et
1880 1938 2040 2000 ratio
2079 1938 2278 1999 verbi.
2315 1939 2392 1999 Et

891 2038 1430 2118 quemadmodum
1463 2037 1713 2098 trinitas
1756 2043 1962 2098 creata
1995 2056 2136 2117 quae
2165 2045 2262 2097 est
2289 2055 2393 2097 ex-

892 2154 1110 2216 pressa
1150 2136 1441 2198 increatae
1482 2134 1805 2197 Trinitatis
1852 2134 2227 2208 similitude,
2263 2151 2388 2195 non

890 2241 986 2295 est
1016 2234 1081 2295 in
1113 2253 1301 2295 sensu
1334 2252 1544 2315 neque
1579 2233 1643 2293 in
1677 2231 1963 2294 inferiori
1996 2239 2174 2312 parte
2208 2231 2392 2293 ratio-

893 2331 1014 2406 niS,
1039 2333 1150 2394 sed
1179 2333 1244 2392 in
1277 2331 1517 2394 ratione
1552 2331 1903 2392 secundum
1937 2348 2037 2409 se3
2066 2330 2158 2391 sic
2191 2349 2390 2411 quum

890 2429 1160 2492 verbum
1202 2429 1447 2491 dicatur
1486 2428 1840 2510 tripliciter,
1870 2429 1936 2489 in
1978 2428 2155 2490 nullo
2195 2427 2393 2490 consi-

892 2527 1002 2589 stit
1031 2546 1293 2590 summae
1323 2527 1647 2588 Trinitatis
1680 2525 2034 2588 similitudo
2064 2544 2384 2608 expressa,

893 2626 1018 2688 nisi
1051 2627 1116 2688 in
1149 2626 1536 2706 intelligibili
1570 2625 1785 2688 verbo.
1812 2661 1892 2670 -
1922 2625 2068 2698 Quae
2099 2625 2393 2686 similitu-

894 2725 995 2799 do,
1037 2725 1391 2786 secundum
1436 2724 1889 2804 Augustinum,
1938 2723 2004 2784 in
2050 2723 2254 2784 tribus
2304 2730 2392 2783 at-

893 2824 1189 2896 tenditur,
1205 2823 1449 2884 scilicet
1478 2815 1899 2903 quantum'ad
1932 2821 2244 2902 originem
2277 2839 2388 2882 seu

894 2921 1381 2994 emanationem,
1416 2929 1725 3002 quantum
1766 2921 1843 2981 ad
1878 2920 2384 3000 dispositionem,

2503 1938 2856 2001 similitudo
2886 1940 3258 2020 expressior,
3279 1947 3498 2020 utpote
3529 1939 3796 2001 verbum
3827 1957 4008 2002 amo-

2501 2055 2716 2099 rosum
2748 2046 2811 2100 et
2849 2037 3100 2100 efficax.
3134 2075 3214 2083 —
3245 2037 3646 2100 Transfertur
3685 2027 3836 2118 ergo
3867 2056 4010 2098 ver-

2503 2134 2657 2195 bum
2688 2136 2767 2197 ad
2797 2135 3012 2198 divina
3041 2155 3078 2197 a
3106 2136 3302 2198 verbo
3335 2135 3617 2198 interiori
3651 2135 4009 2197 secundum

2502 2233 2954 2296 similitudines
2985 2242 3048 2296 et
3079 2235 3474 2297 conditiones
3517 2234 3850 2316 praedictas
3887 2251 3902 2295 :
3941 2241 4006 2295 et

2503 2331 2622 2393 ista
2665 2339 2759 2393 est
2805 2333 2962 2394 ratio
3006 2332 3435 2395 translationis
3482 2351 3559 2394 ex
3603 2340 3779 2414 parte
3825 2332 3938 2393 rei.

2581 2429 2760 2490 Ratio
2791 2448 2941 2491 vero
2972 2450 3048 2492 ex
3079 2439 3254 2512 parte
3287 2439 3522 2504 nostra,
3559 2439 3654 2492 est
3685 2431 3838 2512 quia
3865 2449 4006 2492 om-

2503 2526 2607 2587 nia
2640 2526 3056 2608 intelligimus
3099 2547 3213 2609 per
3242 2537 3467 2590 creata.
3502 2529 3811 2602 Quoniam
3850 2547 4008 2609 ergo

2501 2643 2700 2706 quum
2741 2626 3036 2687 audimus
3073 2627 3316 2688 Patrem
3355 2636 3419 2688 et
3459 2626 3688 2690 Filium
3731 2627 3797 2688 in
3839 2626 4008 2688 divi-

2500 2723 2622 2796 nis,
2658 2723 3008 2802 cogitamus
3053 2724 3130 2785 de
3181 2732 3357 2806 patre
3406 2724 3673 2806 filioque
3721 2723 4004 2802 carnali3

2501 2820 2762 2894 idcirco,
2797 2829 2867 2883 ut
2913 2823 3238 2885 elevemur
3285 2824 3363 2885 ad
3414 2823 3822 2904 cogitandum
3873 2824 4008 2905 spi-

2500 2919 2792 2981 ritualem
2851 2921 3343 3001 generationem,
3403 2909 3848 2983 divinissimus
3903 2923 4006 2984 Jo-

892 3027 955 3081 et
1000 3026 1309 3100 quantum
1354 3018 1432 3079 ad
1484 3018 1803 3079 unionem.
1838 3018 1985 3091 Qu'ae
2026 3018 2144 3077 tria
2185 3017 2388 3079 consi·
2427 3010 2470 3072 C
2499 3035 2717 3090 annes,
2771 3019 2881 3098 qui
2931 3025 3098 3079 totus
3159 3017 3281 3079 fuit
3333 3019 3400 3079 in
3459 3019 4004 3100 contemplatione

895 3118 1196 3179 derantur
1246 3117 1309 3178 in
1368 3115 1527 3178 Filio
1584 3115 1716 3189 Dei,
1771 3124 1922 3197 puta
1975 3134 1988 3177 ε
2042 3115 2219 3195 origo
2276 3135 2387 3179 seu

894 3216 1229 3289 emanatio,
1264 3216 1617 3277 secundum
1648 3233 1837 3296 quam
1870 3222 1965 3275 est
1994 3214 2190 3277 Filius
2221 3232 2236 3293 ;
2271 3216 2390 3277 dis-

894 3314 1127 3395 positio
1185 3322 1438 3387 aeterna,
1492 3313 1843 3374 secundum
1904 3332 2095 3394 quam
2155 3312 2390 3375 dicitur

895 3414 1171 3475 mundus
1203 3412 1605 3493 archetypus,
1640 3430 1740 3472 ars
1773 3410 2123 3473 rationibus
2158 3411 2386 3493 plena3

893 3518 957 3573 et
989 3511 1160 3585 unio,
1196 3511 1547 3572 secundum
1579 3510 1749 3590 quod
1778 3509 2014 3571 dicitur
2045 3508 2249 3571 factus
2281 3510 2388 3571 ho-

895 3628 1017 3673 mo.
1056 3610 1163 3671 Est
1203 3628 1351 3689 ergo
1391 3607 1743 3670 similitudo
1786 3607 1949 3669 inter
1979 3608 2246 3670 verbum
2280 3627 2388 3670 no-

893 3717 1095 3771 strum
1128 3716 1191 3771 et
1219 3708 1499 3769 Verbum
1530 3707 1639 3769 Dei
1671 3714 1980 3769 aeternum
2023 3707 2085 3767 in
2119 3706 2382 3787 origine.

893 3807 1437 3880 Quemadmodum
1482 3805 1656 3867 enim
1700 3804 1898 3866 Filius
1941 3804 2054 3866 Dei
2106 3806 2390 3885 procedit

893 3925 966 3968 ac
997 3906 1280 3968 nascitur
1311 3924 1424 3986 per
1455 3904 1716 3965 modum
1748 3912 2008 3976 naturae,
2029 3902 2258 3964 similis
2289 3904 2392 3964 Pa·

894 4005 974 4065 tri
1008 4023 1121 4085 per
1152 4003 1367 4065 omnia
1388 4020 1415 4081 3,
1436 4002 1529 4063 sic
1568 4001 1835 4063 verbum
1883 4001 2243 4062 intellectus
2286 4019 2392 4063 no-

895 4103 1009 4164 stri
1038 4122 1075 4164 a
1107 4110 1318 4163 mente
1358 4100 1659 4181 procedit.
1697 4100 1773 4159 Et
1810 4107 1906 4161 est
1939 4100 2131 4161 etiam
2173 4098 2395 4160 simili-

2501 3115 2761 3179 Deitatis
2819 3125 3087 3191 erectus,
3138 3137 3290 3179 usus
3338 3126 3434 3180 est
3482 3117 3741 3180 nomine
3789 3118 4000 3191 verbi,

2500 3215 2717 3277 dicens
2762 3234 2775 3276 ε

2500 3313 2610 3393 qui
2644 3312 2963 3394 intelligit,
3001 3314 3272 3376 multum
3306 3314 3560 3395 proficit
3593 3314 3658 3375 in
3690 3316 4006 3395 cognitio—

2500 3430 2580 3472 ne
2627 3411 2765 3472 Filii
2812 3412 2943 3473 Dei.
2981 3413 3154 3475 Unde
3197 3413 3464 3475 Basilius
3499 3430 3512 3474 :
3549 3414 3708 3476 Filio
3754 3414 3865 3476 Dei
3913 3424 4010 3476 at-

2501 3509 2805 3571 tribuitur
2835 3530 3079 3585 sensuS,
3114 3512 3442 3594 sapientia,
3477 3512 3703 3584 virtus,
3727 3512 4008 3575 verbum

2500 3615 2563 3669 et
2607 3608 2820 3670 lumen
2859 3626 2872 3671 :
2909 3629 3131 3671 sensus
3176 3628 3302 3691 quo
3351 3612 3565 3673 omnia
3609 3629 4012 3692 cognoscun-

2501 3714 2623 3779 tur,
2659 3707 2970 3788 sapientia
3000 3728 3126 3789 qua
3151 3709 3368 3770 omnia
3396 3710 3846 3791 disponuntur,
3882 3711 4014 3771 vir-

2501 3812 2602 3866 tus
2652 3825 2777 3886 qua
2827 3804 3014 3879 fiunt,
3067 3807 3335 3869 verbum
3385 3825 3512 3889 quo
3560 3807 4010 3889 proferuntur,

2503 3903 2719 3964 lumen
2762 3922 2889 3984 quo
2940 3904 3312 3967 clarescunt.
3361 3940 3442 3949 —
3482 3906 3625 3969 Haec
3673 3906 4014 3969 Bonaven·

2501 4009 2662 4062 tura.

2582 4101 2670 4161 De
2727 4100 2845 4161 hac
2897 4100 3052 4162 'vero
3114 4102 3376 4163 materia
3433 4101 3794 4164 introducta
3851 4112 4016 4167 sunt

896 4201 1049 4262 tudo
1087 4207 1398 4281 quantum
1431 4199 1512 4260 ad
1551 4198 2058 4278 dispositionem,
2088 4199 2390 4279 quoniam
2422 4203 2470 4263 D
2502 4199 2780 4297 plurima
2810 4199 3217 4261 distinctione
3257 4200 3535 4262 secunda
3564 4208 3626 4261 et
3655 4201 3867 4274 tertia,
3903 4222 4018 4265 su-

896 4300 1061 4361 sicut
1093 4300 1159 4360 in
1188 4298 1395 4361 Verbo
1437 4315 1552 4358 suo
1593 4304 1821 4357 cuncta
1855 4296 2167 4379 disposuit
2199 4299 2386 4371 DeuS,

896 4398 989 4460 sic
1038 4398 1230 4460 homo
1277 4394 1735 4457 rationabiliter
1782 4396 1873 4456 nil
1921 4403 2220 4477 operatur
2267 4397 2390 4458 nisi

895 4498 1065 4579 quod
1130 4503 1340 4557 mente
1402 4494 1783 4576 praecogitat.
1846 4495 2388 4567 Quemadmodum

894 4595 1086 4657 etiam
1118 4593 1396 4655 Verbum
1439 4592 1688 4653 unitum
1721 4600 1816 4653 est
1855 4592 2025 4654 carni
2071 4593 2387 4669 humanae,

895 4694 987 4756 sic
1018 4693 1285 4755 verbum
1326 4689 1733 4771 intelligibile
1774 4691 1993 4751 unitur
2022 4691 2162 4753 voci
2197 4692 2393 4753 sensi-

895 4793 1010 4855 bili
1061 4800 1129 4853 ut
1183 4790 1557 4863 innotescat,
1609 4796 1671 4851 et
1720 4789 1923 4851 nihilo
1973 4790 2186 4850 minus
2237 4790 2392 4851 inte-

893 4910 1078 4972 grum
1131 4897 1343 4952 manet
1394 4888 1458 4949 in
1509 4895 1741 4961 mente,
1786 4888 1951 4949 sicut
2000 4895 2062 4949 et
2110 4888 2390 4950 Verbum

895 4991 1004 5054 Dei
1038 4990 1103 5051 in
1143 4990 1340 5051 Patre.
1376 4988 1827 5049 Verumtamen
1870 4994 1965 5048 est
1995 4985 2392 5048 dissimilitu-

894 5090 974 5151 do
1023 5088 1089 5149 in
1140 5087 1358 5148 multis
1408 5104 1422 5147 ε
1472 5086 1771 5167 quoniam
1822 5104 1988 5166 saepe
2039 5085 2391 5165 cogitamus

894 5206 1035 5268 quae
1074 5186 1461 5265 ignoramuS,
1495 5190 1557 5244 et
1596 5184 1689 5245 sic
1728 5183 1923 5245 verbo
1963 5191 2177 5245 nostro
2223 5200 2392 5244 com-

897 5286 1201 5347 miscetur
1244 5281 1531 5360 fallacia;
1578 5280 1945 5363 frequenter
1993 5299 2248 5362 quoquc
2293 5300 2390 5344 co-

2503 4316 2636 4378 pra,
2684 4317 2759 4359 ex
2808 4297 2950 4358 aliis
3000 4298 3325 4379 opusculis
3372 4298 3662 4378 ejusdem
3713 4298 4016 4363 Doctoris

2501 4414 2574 4456 ac
2616 4396 2907 4458 aliorum.

2581 4495 2740 4556 Hinc
2772 4495 2989 4557 Petrus
3015 4513 3029 4557 ε
3055 4495 3415 4557 Secundum
3441 4496 3872 4575 Augustinum
3905 4498 4020 4560 de-

2502 4594 2670 4656 cimo
2713 4594 2790 4655 de
2832 4593 3156 4666 Trinitate,
3199 4593 3568 4655 Anselmum
3621 4594 3685 4654 in
3730 4594 4020 4658 Monolo—

2500 4691 2670 4771 gion,
2706 4699 2766 4752 et
2797 4692 3256 4753 Damascenum
3298 4690 3506 4772 primo
3548 4690 3733 4765 libro,
3769 4692 4020 4775 triplex

2501 4798 2596 4850 est
2635 4789 2904 4850 verbum
2955 4789 3020 4849 in
3071 4788 3255 4850 nobis
3306 4806 3320 4849 :
3369 4789 3798 4869 intelligibile,
3855 4791 4022 4854 ima·

2499 4887 2803 4968 ginabile,
2851 4886 3173 4949 sensibile.
3221 4888 3336 4949 Per
3379 4888 3647 4949 verbum
3703 4888 4020 4970 intelligi-

2501 4985 2630 5047 bile
2663 4986 3104 5067 cognoscimus
3137 5004 3271 5047 rem
3302 5004 3416 5066 per
3445 5005 3626 5047 suam
3659 4988 3950 5068 speciem
3997 5008 4012 5051 :

2499 5083 2620 5146 hoc
2666 5084 2935 5145 verbum
2985 5084 3315 5165 potissime
3362 5084 3751 5145 assimilatur
3795 5086 4020 5151 Verbo

2501 5190 2736 5245 aeterno
2795 5182 3216 5244 essentialiter
3271 5183 3503 5263 genito.
3557 5184 3671 5245 Per
3729 5184 4016 5247 verbum

2505 5281 2910 5362 imaginabile
2943 5281 3222 5363 speciem
3249 5282 3424 5344 vocis
3453 5282 3881 5363 exprimendae
3917 5284 4022 5347 in·

2819 3217 2888 3277 In
2933 3216 3251 3297 principio
3292 3224 3426 3277 erat
3469 3217 3767 3278 Verbum.
3817 3218 4003 3289 Quod
4031 3232 4277 3280 Joannm.
