4359 6250
850 496 971 562 618

1768 518 1944 565 tumn
1985 520 2004 565 1
2045 516 2528 565 SENTENTIARUM.
2573 537 2652 546 -
2691 518 2845 564 msr.
2890 518 3031 564 XLVI

854 688 1109 751 volendi
1157 689 1367 752 media
1415 690 1553 771 ipsa
1598 691 1675 752 ad
1727 690 1925 751 finem
1976 707 1989 750 :
2043 688 2344 771 quoniam
2377 688 2427 751 Α
2537 688 2887 751 Concordat
2920 688 3290 763 RicharduS,
3323 689 3594 752 dicendo
3625 706 3640 751 ε
3673 688 3956 751 Effectu-

855 787 1023 850 idem
1056 806 1181 851 non
1212 796 1309 851 est
1338 808 1525 852 causa
1559 789 1657 852 sui
1690 789 1910 871 ipsiuS.
1936 790 2100 851 Deus
2129 795 2344 850 autem

852 886 1020 949 sicut
1048 905 1176 949 uno
1211 895 1355 950 actu
1393 896 1621 949 cuncta
1656 888 1975 969 intelligit,
2010 887 2096 949 ita
2124 895 2189 949 ει
2217 904 2345 948 uno

850 992 996 1047 actu
1035 986 1253 1048 omnia
1290 987 1445 1048 vult.
1481 986 1640 1049 Hinc
1680 986 1845 1049 sicut
1884 988 1949 1049 in
1990 986 2117 1048 Deo
2161 984 2344 1047 intel-

853 1084 1047 1165 ligere
1089 1104 1343 1147 causam
1396 1103 1520 1147 non
1572 1093 1667 1147 est
1710 1104 1899 1148 causa
1946 1083 2343 1165 intelligendi

828 1183 1144 1258 -et't'ectuS,
1178 1184 1265 1246 ita
1301 1184 1464 1245 velle
1506 1183 1705 1246 finem
1751 1202 1875 1246 non
1920 1192 2014 1247 est
2054 1184 2113 1245 ei
2156 1201 2344 1245 causa

850 1282 1105 1344 volendi
1165 1282 1373 1344 media
1430 1283 1598 1345 finis.
1654 1283 1799 1343 Vult
1860 1290 2069 1344 tamen
2135 1282 2343 1344 media

779 1407 787 1415 ·
850 1380 988 1461 ipsa
1017 1380 1295 1443 ordinari
1335 1381 1401 1442 in
1442 1381 1661 1443 tinem.
1696 1380 1845 1442 Vult
1873 1398 2023 1461 ergo
2052 1380 2173 1441 hoc
2203 1399 2342 1442 εεεε

848 1487 1107 1561 propter
1165 1478 1321 1557 hoc;
1372 1480 1481 1541 sed
1542 1498 1668 1542 non
1728 1486 1989 1561 propter
2036 1480 2153 1541 hoc
2205 1479 2342 1540 vult

844 1577 983 1640 hoc.
1020 1576 1250 1658 Sicque
1290 1577 1579 1639 voluntas
1626 1578 1736 1639 Dei
1779 1577 2175 1639 rationabilis
2221 1585 2337 1650 est,

844 1675 909 1737 in
941 1684 1249 1758 quantum
1280 1676 1420 1738 vult
1448 1695 1645 1737 unum
1679 1694 1817 1738 esse
1850 1683 2107 1757 propter
2139 1676 2334 1737 aliud.

841 1774 985 1837 Haec
1029 1772 1297 1835 Thomas
1342 1774 1408 1835 in
1452 1773 1731 1837 Summa.

2457 807 2565 850 um
2596 788 2707 868 qui
2739 788 3152 869 egrediuntur
3180 808 3218 849 a
3244 788 3372 851 Deo
3405 788 3721 851 mediante
3761 806 3954 851 causa

2458 887 2756 959 secunda,
2791 894 2998 967 potest
3034 887 3213 948 reddi
3255 887 3415 949 ratio
3455 886 3593 969 ipsa
3631 906 3822 949 causa
3855 906 3954 948 εε-

2455 986 2703 1063 cunda3
2750 986 2859 1047 sed
2905 986 3159 1047 tandem
3205 986 3580 1048 resolvendo
3619 1004 3822 1066 usque
3872 985 3955 1046 ad

2456 1084 2727 1165 primam
2761 1102 3039 1155 causam,
3063 1083 3381 1165 oportebit
3411 1091 3576 1146 stare
3608 1084 3670 1145 in
3703 1083 3812 1145 Dei
3847 1101 3956 1145 vo-

2455 1183 2713 1244 luntate.
2741 1182 2913 1255 Quod
2946 1180 3198 1243 videtur
3227 1182 3500 1244 sensisse
3530 1181 3952 1265 Philosophus

2454 1281 2664 1363 primo
2693 1281 3134 1353 Meteororum,
3167 1298 3295 1363 quo
3334 1280 3422 1343 ait
3456 1300 3470 1343 :
3503 1280 3682 1362 Aqua
3719 1288 3816 1342 est
3844 1299 3952 1341 ex-

2452 1378 2682 1441 sistens
2721 1398 2800 1440 ex
2847 1397 3012 1451 aere,
3055 1386 3118 1441 et
3158 1398 3266 1441 aer
3310 1397 3388 1440 ex
3435 1397 3620 1460 aqua,
3663 1397 3778 1460 per
3825 1378 3950 1440 hoc

2452 1477 2621 1559 quod
2663 1484 2928 1559 utraque
2962 1476 3049 1538 ita
3087 1476 3402 1559 disposuit
3433 1477 3597 1538 Deus
3633 1476 3950 1557 gloriosus

2450 1583 2513 1638 et
2559 1574 2876 1638 sublimis
2931 1574 3294 1637 Et't'ectuum
3343 1575 3535 1637 etiam
3583 1575 3948 1656 aliquorum

2451 1674 2560 1757 qui
2601 1675 3012 1755 egrediuntur
3043 1693 3078 1735 a
3108 1674 3236 1735 Deo
3277 1692 3402 1735 non
3446 1674 3764 1736 mediante.
3804 1693 3951 1735 eau-

2450 1792 2518 1835 sa
2561 1773 2860 1846 secunda,
2905 1779 3112 1854 potest
3154 1772 3332 1834 reddi
3381 1772 3540 1835 ratio
3591 1772 3951 1853 congruita—

922 1871 1082 1933 Hinc
1112 1872 1550 1935 Bonaventura
1580 1872 1645 1934 in
1677 1871 2137 1955 quaestionibus
2168 1872 2338 1933 circa
2373 1871 2420 1934 B
2451 1872 2566 1951 tis3
2606 1879 2670 1934 et
2707 1872 2960 1934 tandem
3007 1871 3378 1933 resolvendo
3421 1870 3737 1953 oportebit
3777 1878 3948 1933 stare

843 1970 1115 2034 litteram
1158 1988 1172 2032 ε
1214 1971 1515 2033 Voluntas
1558 1971 1825 2053 (inquit)
1874 1979 2086 2034 nostra
2134 1990 2334 2052 quum

841 2070 1155 2132 excitetur
1193 2088 1228 2130 a
1268 2069 1485 2143 volito,
1521 2088 1777 2132 causam
1822 2069 2011 2131 habet
2052 2077 2116 2131 et
2154 2070 2337 2131 ratio-

842 2188 1013 2241 nem,
1046 2174 1175 2230 tam
1212 2168 1417 2249 quoad
1454 2187 1521 2230 se
1551 2187 1743 2249 quam
1784 2175 2093 2250 quantum
2124 2169 2203 2230 ad
2233 2187 2337 2231 vo-

842 2267 1050 2341 litum,
1094 2266 1445 2348 praesertim
1495 2266 1647 2328 dum
1691 2266 1829 2328 vult
1873 2266 2115 2347 aliquid
2165 2268 2334 2348 quod

840 2372 937 2427 est
966 2372 1225 2447 propter
1251 2363 1473 2425 finem.
1509 2364 1627 2426 Sed
1662 2364 1951 2426 voluntas
1983 2364 2118 2438 Dei,
2149 2365 2335 2446 cujus

840 2470 1018 2525 actus
1049 2469 1145 2525 est
1176 2461 1333 2544 ipse,
1358 2481 1557 2543 quum
1592 2480 1715 2524 non
1750 2462 2062 2523 excitetur
2092 2462 2334 2525 ratione

839 2561 963 2624 alia
1000 2580 1037 2623 a
1076 2580 1165 2635 se,
1209 2580 1465 2623 causam
1514 2567 1823 2641 quantum
1874 2561 1951 2622 ad
2002 2580 2069 2623 se
2112 2562 2336 2642 nequit

839 2659 1093 2733 habere,
1157 2659 1267 2721 sed
1329 2666 1636 2739 quantum
1701 2660 1776 2720 ad
1837 2658 2105 2720 volitum
2170 2679 2184 2723 :
2251 2659 2336 2720 ita

838 2758 1009 2841 quod
1049 2757 1316 2820 volitum
1363 2756 1681 2819 interdum
1726 2756 1911 2819 habet
1954 2756 2144 2817 aliam
2191 2775 2334 2817 cau-

838 2876 972 2918 sam
1014 2874 1205 2937 quam
1246 2854 1445 2917 solam
1487 2854 1596 2917 Dei
1632 2855 2046 2927 voluntatem,
2080 2862 2142 2916 et
2187 2862 2335 2916 tunc

840 2960 1133 3036 respectu
1172 2953 1313 3033 ejus
1357 2952 1547 3015 habet
1586 2953 1895 3016 rationem
1937 2961 1999 3015 ει
2039 2971 2333 3031 causam3

2450 1972 2529 2051 in·
2564 1972 2676 2035 Dei
2735 1971 3015 2054 simplici
3065 1972 3390 2033 voluntate
3439 1971 3578 2033 sine
3623 1970 3748 2033 alia
3795 1989 3946 2033 con-

2446 2070 2717 2151 gruitate
2737 2087 2751 2132 ε
2775 2078 2846 2131 ut
2876 2070 2927 2131 si
2960 2078 3299 2152 quaeratur,
3319 2088 3516 2151 quare
3544 2070 3746 2131 voluit
3775 2070 3944 2131 Deus

2449 2168 2761 2229 mundum
2807 2185 3040 2239 creare,
3075 2167 3200 2229 dici
3246 2174 3474 2250 potest,
3509 2166 3660 2249 quia
3701 2166 3942 2243 voluit3

2448 2265 2668 2347 ibique
2727 2266 3024 2327 standum
3078 2274 3195 2338 est,
3249 2265 3550 2348 quoniam
3609 2265 3728 2327 etsi
3779 2285 3944 2327 nun-

2447 2383 2635 2447 quam
2672 2372 2944 2427 creasset
2975 2373 3381 2426 creaturusve
3411 2371 3578 2427 esset
3609 2365 3942 2437 mundum,

2449 2463 2512 2524 in
2572 2462 2748 2525 nullo
2805 2462 3213 2543 derogaretur
3272 2461 3650 2543 perfectioni
3712 2462 3938 2544 ipsiuS.

2446 2562 2590 2623 Herc
2632 2560 2998 2623 RicharduS.

2515 2660 2976 2721 ‘Verumtamen
3019 2659 3178 2721 ratio
3219 2659 3576 2740 assignatur
3617 2678 3732 2721 cur
3773 2660 3944 2723 Deus

2449 2758 2758 2819 mundum
2808 2758 3067 2831 creavit,
3115 2766 3187 2819 ut
3234 2758 3479 2820 scilicet
3527 2778 3644 2820 sua
3691 2758 3944 2820 bonitas

2446 2856 2512 2917 in
2555 2856 2780 2917 creatis
2823 2856 3156 2930 reluceret,
3190 2864 3252 2917 et
3297 2856 3433 2938 ipse
3474 2876 3655 2917 suam
3699 2856 3946 2919 bonita-

2447 2961 2574 3016 tem
2614 2974 2686 3017 ac
2727 2955 3186 3017 beatitudinem
3230 2954 3372 3017 aliis
3417 2954 3942 3027 communicaret,

839 3052 1181 3136 aliquando
1222 3051 1419 3113 solam
1464 3051 1575 3113 Dei
1616 3052 2029 3126 voluntatem,
2062 3051 2228 3113 sicut
2270 3052 2333 3113 in
2373 3057 2416 3120 C
2447 3060 2509 3114 ει
2554 3053 2704 3114 item
2757 3060 2825 3114 ut
2877 3053 3013 3134 ipse
3060 3072 3098 3115 a
3144 3052 3449 3115 creaturis
3498 3052 3946 3115 intellectuali·

842 3151 1065 3214 mundi
1107 3149 1423 3212 creatione
1458 3169 1472 3213 :
1506 3156 1569 3211 et
1600 3158 1751 3212 tunc
1789 3151 2081 3213 voluntas
2119 3150 2338 3213 divina

841 3248 1031 3312 habet
1062 3247 1393 3320 rationem,
1419 3265 1545 3310 non
1576 3266 1853 3320 causam,
1874 3248 2175 3329 quoniam
2211 3267 2336 3311 non

840 3353 937 3408 est
968 3344 1451 3423 irrationabilis3
1485 3363 1602 3406 nec
1633 3345 1823 3407 habet
1854 3345 2163 3407 rationem
2196 3365 2341 3426 qua·

840 3444 895 3507 si
929 3443 1080 3526 quid
1109 3442 1285 3506 aliud
1314 3463 1349 3504 a
1379 3462 1469 3518 se,
1504 3444 1612 3506 sed
1648 3451 1715 3505 ut.
1747 3443 1914 3506 idem
1954 3443 2017 3506 in
2056 3463 2141 3506 re.
2177 3444 2338 3506 Hinc

839 3543 1132 3606 voluntas
1172 3541 1283 3603 Dei
1326 3541 1776 3604 irrationabilis
1809 3561 1949 3604 esse
1991 3561 2115 3604 non
2148 3543 2333 3606 valet.

840 3641 1015 3705 Unde
1069 3640 1135 3701 in
1196 3639 1295 3701 his
1354 3659 1495 3720 quae
1553 3640 1829 3702 'totaliter
1886 3649 1949 3702 ει
2009 3639 2338 3704 immedia—

840 3747 903 3802 te
945 3745 1095 3801 sunt
1136 3757 1173 3800 a
1217 3738 1543 3801 voluntate
1593 3738 1830 3811 divina,
1878 3739 2123 3800 sufficit
2173 3739 2338 3802 scire

840 3838 1069 3919 ipsam,
1094 3855 1212 3898 nec
1243 3835 1433 3898 aliam
1464 3843 1713 3917 oportet
1742 3856 2024 3918 quaerere
2056 3857 2332 3900 causam.

841 3936 987 3998 Haec
1029 3934 1486 3998 Bonaventura.

2448 3152 2568 3214 bus
2607 3152 2987 3214 aeternaliter
3026 3152 3388 3215 laudaretur
3419 3171 3434 3216 z
3468 3171 3626 3234 quas
3665 3152 3944 3214 rationes

2448 3270 2574 3314 non
2635 3250 2841 3312 solum
2891 3251 3303 3331 AugustinuS‚
3356 3251 3466 3312 sed
3525 3250 3698 3313 Plato
3745 3251 3942 3312 etiam

2448 3350 2559 3412 diu
2595 3357 2741 3411 ante
2773 3349 3198 3430 Augustinum
3237 3348 3582 3429 assignavit
3613 3349 3803 3429 atque
3835 3367 3944 3410 ex-

2448 3447 2695 3530 pressit.
2732 3448 2964 3509 Verum
2999 3446 3054 3508 si
3086 3447 3229 3529 quis
3269 3445 3537 3509 ulterius
3579 3446 3804 3508 harum
3843 3466 3946 3509 ra·

2447 3545 2692 3608 tionum
2743 3545 3051 3608 rationem
3099 3553 3210 3606 aut
3258 3563 3514 3608 causam
3565 3544 3942 3626 inquireret,

2445 3643 2742 3705 standum
2791 3650 2956 3705 esset
3009 3643 3074 3705 in
3125 3644 3332 3725 prima
3382 3661 3591 3716 causa,
3643 3642 3943 3717 dicende,

2446 3741 2746 3822 quoniam
2786 3741 2914 3804 Deo
2954 3742 3046 3804 sic
3087 3741 3349 3823 placuit,
3383 3749 3445 3802 et
3475 3739 3628 3821 quia
3667 3739 3805 3823 ipse
3847 3740 3948 3803 sic

2445 3839 2668 3912 voluit,
2703 3847 2765 3902 et.
2794 3859 2908 3902 sua
2935 3838 3248 3923 sapientia
3277 3839 3372 3900 sic
3401 3837 3672 3912 censuit,
3696 3845 3758 3900 et
3787 3856 3950 3919 quo—

2446 3938 2617 4001 niam
2661 3939 3032 4001 naturaliter
3075 3937 3280 4001 bonus
3322 3944 3434 3999 est.

1700 4313 2610 4427 DISTINCTIO
2711 4313 3080 4423 XLVI

1020 4639 1102 4703 A.
1134 4642 1261 4702 Illi
1293 4638 1675 4702 sententiae
1713 4652 1855 4712 qua
1895 4635 2171 4698 dictum
2209 4635 2341 4708 est,
2386 4636 2518 4696 Dei
2554 4633 3006 4696 voluntatem
3047 4647 3196 4695 non
3225 4647 3440 4706 posse
3476 4639 3774 4698 cassari

1575 4770 1735 4830 quae
1771 4757 1925 4828 ipse
1962 4753 2093 4826 est,
2128 4754 2467 4826 quaedam
2505 4751 2847 4813 videntur
2883 4751 3208 4811 obviare.

564 5197 817 5248 Pmcxxxtv,
890 4955 946 5252 Ι
1028 4954 1085 5250 Ι

1126 4957 1219 5020 IC
1282 4956 1491 5018 oritur
1554 4953 1855 5035 quaestiO.
1916 4951 2181 5014 Dictum
2246 4949 2346 5012 est
2411 4949 2588 5012 enim
2653 4948 2722 5010 in
2783 4945 3254 5028 superioribuS,
3315 4949 3379 5010 ει
3443 4948 3958 5016 auctoritatibus

1154 5071 1661 5149 communitum,
1712 5067 1891 5150 quod
1936 5067 2242 5129 voluntas
2291 5065 2415 5128 Dei
2467 5083 2613 5147 quae
2665 5063 2806 5145 ipse
2855 5064 2955 5127 est
3003 5063 3403 5143 vocaturque
3457 5061 3956 5144 beneplacitum

1154 5187 1322 5266 eJuS,
1357 5185 1595 5249 cassari
1634 5201 1765 5247 non
1795 5183 2011 5266 potest
2044 5202 2057 5243 :
2093 5181 2249 5262 quia
2279 5181 2392 5244 illa
2419 5181 2756 5244 voluntate
2795 5179 2950 5242 fecit
2977 5195 3410 5259 quaecumque
3439 5178 3652 5242 voluit
3679 5181 3749 5243 in
3779 5183 3956 5248 coelo

552 5263 815 5374 {imnum
846 5306 911 5370 ει
949 5304 1015 5368 in
1054 5305 1243 5369 terra.
1278 5303 1425 5382 Cui,
1455 5302 1619 5365 teste
1656 5299 2000 5382 Apost010‚
2031 5297 2200 5362 nihil
2238 5297 2504 5362 resistit.
2540 5295 2870 5370 Quaeritur
2907 5310 3084 5374 erg0,
3117 5294 3449 5379 quomodo
3487 5295 3958 5377 accipiendum
