4359 6250
862 461 985 526 260
1753 482 1927 528 Lim-:R
1971 482 1988 527 1
2032 482 2514 527 SENTENTIARUM.
2561 499 2642 509 --
2683 481 2834 527 ms‘r.
2881 481 3074 526 xxvm

1281 727 1357 789 Β.
1406 731 1520 792 An
1564 731 1757 792 sicut
1799 733 2001 792 solus
2043 730 2275 792 Pater
2323 730 2598 793 dicitur
2644 730 3040 806 moenitus,
3091 733 3238 794 dici
3283 731 3542 793 debeat

1860 861 2013 910 non
2056 848 2347 923 aenitus
2391 851 2507 909 vet
2552 862 2702 910 non
2743 848 2962 918 filius.

995 1040 1150 1104 Ideo
1187 1041 1353 1104 solet
1391 1041 1623 1122 quaeri,
1656 1042 1881 1105 utrum
1910 1042 2080 1105 sicut
2116 1041 2301 1105 solus
2337 1042 2531 1106 Pater
2557 1043 2799 1106 dicitur
2826 1043 3181 1123 ingenitus,
3215 1041 3308 1104 ita
3336 1041 3478 1123 ipse
3513 1041 3697 1104 solus
3731 1039 3972 1104 debeat

861 1157 990 1220 dici
1029 1175 1160 1220 non
1197 1158 1461 1240 genitus
1492 1158 1597 1221 vel
1633 1175 1765 1221 non
1802 1158 2004 1239 filius,
2046 1161 2121 1222 ut
2156 1176 2276 1222 nec
2313 1159 2512 1222 etiam
2550 1159 2836 1240 Spiritus
2873 1159 3152 1222 Sanctus
3191 1158 3403 1239 possit
3438 1158 3567 1221 dici
3605 1175 3741 1222 non
3785 1157 3970 1220 filius

859 1273 965 1336 vel
1008 1290 1141 1336 non
1190 1275 1473 1354 genitus.
1508 1274 1918 1348 Quibusdam
1956 1274 2238 1354 videtur,
2272 1275 2452 1356 quod
2488 1276 2684 1338 Pater
2729 1274 2912 1338 solus
2947 1274 3182 1338 debeat
3217 1275 3348 1337 dici
3384 1292 3516 1337 non
3561 1273 3825 1355 genitus
3859 1271 3970 1335 vel

858 1406 992 1453 non
1028 1388 1250 1472 filius;
1284 1389 1569 1472 Spiritus
1600 1407 1755 1454 vero
1793 1391 2094 1470 SanctuS,
2128 1391 2302 1454 sicut
2335 1407 2470 1454 non
2506 1391 2746 1454 dicitur
2774 1390 3129 1471 ingenituS,
3162 1389 3255 1451 ita
3293 1387 3656 1472 (inquiunt)
3692 1406 3827 1451 non
3867 1389 3973 1451 est

858 1505 1175 1570 dicendus
1211 1524 1343 1569 non
1391 1508 1653 1588 genitus
1698 1507 1802 1571 vel
1840 1524 1973 1570 non
2024 1508 2225 1571 filius.
2267 1507 2477 1572 Debet
2525 1508 2794 1589 quidem
2841 1506 2970 1570 dici
3011 1508 3076 1570 et
3123 1507 3297 1570 credi
3349 1506 3636 1587 Spiritus
3685 1505 3972 1570 Sanctus

858 1639 990 1684 non
1031 1640 1171 1686 esse
1220 1622 1482 1704 genitus
1521 1623 1626 1686 vel
1662 1640 1795 1686 non
1847 1641 1989 1686 esse
2038 1623 2240 1704 fflius,
2273 1622 2389 1686 sed
2426 1639 2557 1686 non
2607 1623 2800 1686 debet
2845 1623 2976 1685 dici
3015 1639 3157 1686 esse
3207 1639 3340 1685 non
3377 1623 3640 1703 genitus
3677 1621 3782 1684 vel
3829 1637 3968 1683 non

858 1737 1057 1801 filius.
1091 1737 1263 1802 Aliis
1308 1740 1527 1802 autem
1568 1737 1849 1818 videtur,
1882 1740 2059 1820 quod
2096 1757 2306 1820 quum
2353 1740 2639 1820 Spiritus
2676 1739 2954 1802 Sanctus
2999 1756 3132 1802 non
3171 1738 3382 1819 possit
3418 1739 3550 1801 dici
3601 1737 3965 1818 ingenituS,

858 1855 1076 1935 potest
1111 1855 1331 1916 tamen
1378 1855 1508 1918 dici
1554 1872 1686 1918 non
1736 1855 1997 1936 genitus
2041 1856 2144 1920 vel
2199 1874 2333 1920 non
2371 1856 2571 1920 filius.
2615 1855 2806 1928 Quod
2856 1856 3075 1918 autem
3122 1853 3537 1935 Augustinus
3590 1869 3790 1934 supra
3844 1853 3967 1930 ait,

859 1970 1116 2034 tantum
1154 1971 1369 2034 valere
1420 1988 1627 2052 quum
1679 1970 1941 2052 dicitur,
1983 1972 2339 2052 ingenituS,
2380 1973 2703 2052 quantum
2755 1988 2964 2052 quum
3017 1970 3280 2050 dicitur,
3320 1987 3454 2032 non
3502 1970 3788 2050 genitus,
3831 1967 3968 2046 vel,

858 2100 991 2147 non
1018 2084 1197 2148 filius
1230 2104 1245 2147 :
1280 2085 1751 2167 etymologiam
1789 2089 2078 2151 nominis
2116 2088 2517 2152 ostendendo
2557 2105 2710 2152 eum
2738 2088 2864 2150 hoc
2901 2087 3148 2149 dixisse
3185 2086 3434 2166 dicunt,
3467 2103 3601 2148 non
3637 2085 3967 2148 rationem

856 2201 1367 2280 praedicationis.

1078 2432 1149 2496 C.
1207 2435 1372 2502 Quae
1414 2437 1515 2498 sit
1552 2438 1986 2510 proprietas
2025 2441 2425 2500 secundum
2471 2453 2694 2513 quam
2744 2438 3020 2500 dicitur
3068 2438 3299 2500 Pater
3347 2439 3734 2513 moenitus.

989 2638 1059 2703 Si
1109 2639 1331 2702 autem
1367 2640 1471 2703 vis
1508 2641 1675 2702 scire
1715 2657 1865 2720 quae
1902 2641 1991 2703 sit
2025 2639 2392 2722 proprietas
2437 2640 2801 2704 secundum
2848 2657 3048 2721 quam
3096 2640 3338 2704 dicitur
3373 2640 3569 2704 Pater
3603 2640 3968 2721 ingenituS,

858 2754 1011 2818 audi
1059 2755 1388 2819 Hilarium
1440 2756 1653 2837 ipsam
1708 2757 2050 2819 vocantem
2107 2756 2708 2836 innascibilitatem,
2762 2757 2833 2819 in
2882 2758 3115 2837 quarto
3164 2756 3330 2819 libro
3387 2757 3468 2819 de
3509 2756 3824 2820 Trinitate
3873 2756 3976 2818 ita

618 2889 751 2966 uun.
778 2889 833 2933 (ιο
859 2870 1143 2934 aientem
1186 2891 1200 2932 :
1250 2873 1371 2935 Est
1414 2889 1588 2935 unus
1636 2872 1719 2934 ab
1773 2889 1931 2952 un0,
1972 2872 2224 2935 scilicet
2272 2873 2355 2935 ab
2411 2873 2702 2953 ingenito
2757 2873 3042 2953 genitus,
3084 2873 3480 2954 proprietate
3535 2872 3837 2936 videlicet
3899 2871 3974 2932 in

562 2953 828 3064 ἔξῗῗῗὲςς,
858 3003 1257 3067 unoquoque
1294 2988 1360 3050 et
1410 2987 1683 3068 originis
1732 2989 1797 3051 et
1835 2987 2382 3051 innascibilitatis.
2418 2988 2794 3069 Significata
2831 3004 2984 3068 ergo
3023 2988 3091 3050 in
3134 2989 3490 3069 Scripturis
3535 3004 3976 3069 personarum

859 3100 1313 3182 intelligentia,
1355 3103 1421 3166 et
1465 3103 1773 3167 distincto
1819 3101 2348 3167 innascibilitatis
2395 3103 2892 3185 nativitatisque
2943 3120 3165 3184 sensu,
3217 3102 3554 3167 solitarius
3600 3104 3781 3168 Deus
3828 3119 3974 3167 non

600 3239 708 3284 tud.
736 3242 802 3283 as.
858 3218 960 3281 est
1004 3217 1393 3299 opinandus.
1428 3220 1752 3283 Discretio
1792 3236 1944 3299 ergo
1984 3219 2089 3282 vel
2126 3219 2460 3284 distinctio
2503 3236 2932 3301 personarum
2973 3219 3041 3281 in
3089 3219 3447 3301 Scripturis
3486 3221 3703 3301 posita
3741 3221 3862 3298 est,
3898 3219 3976 3284 in

856 3333 1039 3396 nullo
1086 3334 1309 3397 autem
1353 3336 1605 3399 naturae
1651 3334 2011 3398 distinctio.

854 3567 936 3631 D.
968 3571 1241 3633 Ariani
1273 3570 1707 3633 nitebantur
1738 3571 2068 3644 probare
2106 3571 2419 3633 alterius
2461 3571 2896 3633 substantioe
2935 3572 3266 3646 Patrem,
3301 3572 3619 3635 alterius
3654 3574 3968 3649 Filium,

987 3689 1163 3762 quta
1230 3689 1358 3749 ille
1412 3687 1806 3762 mamitus,
1861 3687 1997 3748 iste
2052 3688 2343 3762 aeuitur
2379 3707 2404 3746 .·
2445 3689 2705 3763 quibus
2760 3691 3211 3760 respondens
3267 3690 3720 3766 Ambrosius,
3773 3692 3980 3752 dimit

985 3818 1063 3866 se
1108 3807 1241 3867 hoc
1285 3819 1555 3867 nomen
1602 3805 1683 3867 in
1727 3804 2141 3877 Scripturis
2185 3818 2334 3867 non
2379 3807 2639 3882 iecisse
2687 3806 2978 3866 divim-5⁴.

992 4007 1166 4070 Illud
1202 4007 1400 4071 etiam
1439 4008 1636 4071 taceri
1686 4024 1819 4070 non
1873 4009 2151 4087 oportet,
2193 4007 2372 4088 quod
2416 4006 2644 4070 Ariani
2693 4026 2777 4071 ex
2822 4024 2898 4070 eo
2949 4007 3224 4088 probare
3273 4008 3648 4072 nitebantur
3699 4009 3984 4075 alterius

858 4123 1242 4189 substantiae
1274 4142 1416 4189 esse
1454 4125 1741 4205 Patrem,
1783 4123 2053 4187 alterius
2090 4124 2362 4205 Filium,
2396 4125 2552 4205 quia
2581 4124 2692 4189 ille
2734 4124 3068 4205 ingenitus
3106 4126 3170 4187 et
3207 4125 3331 4189 iste
3367 4125 3629 4207 genitus
3666 4126 3914 4191 dicitur
3959 4148 3978 4189 ε

861 4257 1067 4320 quum
1105 4240 1442 4305 diversum
1480 4242 1569 4305 sit
1612 4259 1754 4305 esse
1791 4242 2158 4321 ingenitum
2203 4242 2269 4305 et
2317 4259 2458 4305 esse
2495 4241 2816 4322 genitum.
2853 4241 3040 4304 Unde
3077 4240 3470 4305 Ambrosius
3508 4259 3738 4306 eorum
3781 4260 3982 4324 quae-

862 4355 1063 4419 stioni
1111 4357 1535 4438 respondenS,
1567 4357 1727 4419 dicit
1778 4376 1849 4421 se
1889 4358 1956 4420 in
2003 4358 2250 4422 divinis
2287 4358 2644 4441 Scripturis
2683 4358 2807 4421 hoc
2843 4374 3107 4438 nomen,
3141 4357 3393 4422 scilicet
3436 4359 3792 4439 ingenitus,
3833 4376 3982 4423 non

608 4490 754 4536 Ambe.
782 4491 837 4534 «ιο
863 4470 1125 4552 legisse,
1166 4472 1259 4535 ita
1308 4473 1614 4553 inquiens
1662 4473 1731 4533 in
1782 4475 2016 4554 quarto
2068 4472 2236 4536 libro
2286 4474 2368 4539 de
2421 4474 2671 4556 Spiritu
2720 4474 2957 4537 Sancto
3001 4494 3015 4534 :
3058 4474 3280 4547 Quum
3335 4475 3588 4539 dudum
3638 4475 3983 4538 audierint

568 4553 834 4670 ἷῗῗζὴῆῗζ
864 4587 1134 4669 quidam
1183 4588 1552 4651 dicentibus
1586 4588 1801 4667 nobis,
1842 4588 2087 4651 Filium
2134 4590 2283 4670 Dei,
2329 4592 2443 4672 qui
2489 4593 2836 4673 generatus
2886 4593 3006 4671 est,
3053 4591 3256 4671 Patri,
3309 4589 3424 4672 qui
3461 4592 3819 4672 generavit,
3863 4592 3982 4654 in-

864 4703 1186 4785 aequalem
1218 4720 1361 4767 esse
1389 4720 1521 4765 non
1557 4720 1775 4784 posse,
1817 4704 2122 4785 quamvis
2159 4706 2271 4770 ille
2308 4708 2656 4787 generatus
2693 4707 2804 4787 sit,
2837 4707 2960 4770 iste
2989 4707 3419 4787 generaverit,
3449 4706 3605 4787 quia
3631 4708 3980 4786 generatio

862 4822 963 4885 est
1003 4822 1254 4884 naturae
1299 4840 1314 4882 ε
1356 4821 1671 4883 adversus
1708 4820 1976 4901 quidem
2014 4820 2198 4885 illam
2233 4824 2666 4904 quaestionem
2706 4840 2936 4887 vocem
2975 4822 3101 4887 sibi
3152 4822 3550 4886 arbitrantur
3590 4822 3928 4886 occlusam
3961 4846 3982 4905 ς

862 4938 978 5001 sed
1014 4936 1551 5018 tergiversatione
1593 4936 1953 4999 damnabili
1989 4938 2057 4999 in
2095 4938 2330 5002 eodem
2370 4939 2512 5002 loco
2551 4939 2908 5019 vestigium
2947 4940 3230 5019 vertunt,
3271 4939 3347 5001 ut
3380 4939 3614 5019 putent
3649 4939 3988 5002 mutatio-

862 5072 1015 5119 nem
1072 5054 1212 5118 fieri
1264 5053 1652 5133 quaestionis
1698 5053 2063 5117 mutatione
2108 5055 2457 5134 sermonis,
2498 5055 2790 5119 dicentes
2831 5076 2846 5117 ε
2890 5056 3236 5130 Quomodo
3281 5056 3562 5137 possunt
3605 5072 3749 5119 esse
3787 5054 3990 5137 inge—

572 5184 679 5229 ιωᾱ.
700 5198 743 5229 n.
764 5188 833 5230 so.
862 5170 1043 5233 nitus
1080 5172 1145 5234 et
1173 5169 1435 5251 genitus
1461 5170 1661 5232 unius
1698 5171 1947 5232 naturae
1977 5170 2174 5249 atque
2204 5170 2630 5234 substantiae?
2655 5172 2826 5252 Ergo
2856 5172 2933 5234 ut
2959 5172 3387 5252 respondeam
3417 5171 3584 5234 mihi
3612 5171 3988 5252 propositae

866 5286 1239 5368 quaestioni,
1281 5286 1497 5367 primo
1545 5285 1845 5348 omnium
1892 5286 1959 5347 in
2010 5285 2256 5348 divinis
2305 5286 2663 5367 Scripturis
2711 5290 3078 5365 invenitus
3125 5303 3453 5367 nusquam
3505 5287 3796 5365 invenio,
3835 5304 3988 5351 non
