4359 6250
885 485 972 530 AN
1013 485 1222 530 nortun
1263 485 1326 530 nt
1371 485 1596 530 mvnvs
1641 485 1731 530 srr
1773 483 1981 530 nouus
2024 485 2413 542 essm-trum,
2458 487 2578 532 Aur
2620 485 2968 532 ausonam:
3397 467 3475 532 79

378 652 610 714 ductus
640 661 788 716 ante
817 671 1007 717 omne
1047 663 1328 716 creatum
1371 654 1474 716 cui
1505 654 1708 716 detur.
1743 654 1877 715 Imo
1907 653 1958 716 A
1989 673 2180 734 quem
2226 655 2430 716 datur.
2467 655 2620 718 Dico
2661 655 2893 736 itaque,
2928 655 3097 736 quod
3141 657 3205 718 in
3242 655 3477 718 divinis

379 749 444 810 in
497 751 618 812 isto
671 753 892 833 priori.
937 753 1128 814 etiam
1178 754 1230 814 si
1283 753 1558 834 Spiritus
1611 755 1876 814 Sanctus

377 865 502 910 non
546 849 942 928 intelligatur
973 859 1040 912 ut
1079 852 1345 918 dandus,
1384 851 1762 931 intelligitur
1795 859 1879 911 ta-

375 965 522 1006 men
577 955 642 1008 ut
702 948 1207 1028 aptitudinaliter
1257 949 1591 1010 donabilis,
1647 949 1876 1030 Sit-qne

373 1043 618 1106 donum
669 1054 876 1126 potest
919 1047 1130 1108 dicere
1181 1048 1634 1128 proprietatem
1683 1047 1876 1128 Spiri-

376 1149 478 1202 tus
523 1143 760 1215 Sancti,
795 1144 906 1225 qui
953 1153 1048 1206 est
1093 1145 1374 1226 primum
1418 1155 1480 1206 et
1520 1145 1874 1227 perfectum

375 1239 642 1310 donum,
679 1241 742 1302 in
775 1243 945 1323 quod
977 1251 1184 1304 cetera
1211 1243 1427 1304 omnia
1455 1244 1620 1305 dona
1651 1243 1876 1324 imper-

375 1336 544 1398 fecta
602 1346 852 1419 oportet
908 1340 1147 1411 reduci,
1206 1340 1372 1402 sicut
1433 1340 1876 1402 universaliter

376 1434 756 1516 imperfecta
798 1438 875 1498 ad
921 1439 1202 1518 perfecta
1247 1439 1528 1500 finaliter
1567 1440 1875 1500 reducun-

375 1541 498 1594 tur.
537 1535 610 1595 Et
643 1536 762 1597 hoc
805 1537 1084 1617 primum
1123 1538 1362 1599 donum
1394 1547 1488 1599 est
1528 1537 1877 1600 essentiali-

373 1639 470 1692 ter
497 1633 740 1695 donum
770 1642 834 1696 et
862 1652 1040 1697 amor
1069 1636 1368 1716 spiratuS,
1401 1636 1512 1717 qui
1546 1636 1877 1717 participa-

373 1739 478 1792 tur
505 1731 588 1793 ab
617 1731 762 1794 aliis
801 1732 1004 1794 donis.
1039 1733 1320 1795 Primum
1361 1735 1598 1796 etenim
1633 1735 1872 1796 donum

1987 751 2148 812 nihil
2179 761 2272 813 est
2308 753 2409 814 cui
2444 760 2736 834 respectu
2768 753 3129 826 divinorum
3164 760 3481 835 competat

1989 851 2146 910 ratio
2190 851 2363 919 doni,
2396 871 2604 932 neque
2649 852 3005 923 essentiale,
3040 872 3156 914 nec
3202 853 3481 914 notiona-

1991 947 2064 1008 le.
2105 948 2255 1010 Dico
2300 949 2516 1022 etiam,
2552 951 2722 1030 quod
2768 950 2926 1010 ratio
2970 951 3117 1012 doni
3161 950 3483 1012 invenitur

1989 1044 2053 1106 in
2085 1045 2321 1108 divinis
2354 1055 2647 1128 respectu
2680 1055 3133 1122 creaturarum,
3166 1056 3229 1110 et
3258 1066 3483 1111 conve-

1988 1143 2078 1204 nit·
2109 1163 2288 1225 aeque
2321 1145 2576 1226 proprie
2607 1147 3051 1208 essentialibus
3084 1147 3249 1208 sicut
3276 1163 3482 1228 perso-

1986 1243 2262 1315 nalibuS,
2282 1261 2395 1304 seu
2425 1244 2715 1306 essentiae
2745 1244 2909 1304 sicut
2942 1244 3249 1325 personiS,
3268 1263 3480 1326 quam-

1985 1339 2084 1400 vis
2151 1341 2557 1421 appropriate
2628 1352 2945 1424 competat
3012 1345 3127 1406 soli
3198 1362 3482 1425 personae

1987 1438 2263 1519 Spiritus
2323 1441 2554 1501 Sancti.
2618 1441 2901 1502 Primum
2961 1442 3263 1523 probatur
3321 1442 3411 1503 sic
3465 1460 3478 1502 :

1986 1537 2160 1610 Quod
2196 1523 2320 1598 non
2352 1539 2861 1601 communicatur
2890 1541 3069 1602 alteri
3106 1541 3324 1614 libere,
3354 1559 3483 1604 non

1985 1634 2176 1696 habet
2235 1636 2545 1698 rationem
2594 1637 2763 1699 doni.
2821 1639 2941 1700 Sed
2993 1638 3062 1699 in
3119 1639 3355 1701 divinis
3404 1638 3483 1700 ad

1987 1733 2153 1796 intra
2193 1733 2283 1795 nil
2330 1735 2528 1796 libere
2574 1736 3104 1810 communicatur,
3148 1737 3259 1798 sed
3302 1737 3484 1818 quid-

372 1838 468 1892 est
497 1830 745 1912 aliquid
784 1831 1162 1905 subsistens,
1194 1851 1232 1894 a
1261 1833 1584 1894 voluntate
1623 1851 1874 1894 summa
1905 1832 1951 1894 B
1986 1833 2139 1912 quid
2172 1833 2685 1896 communicatur
2720 1835 2831 1907 ibi,
2866 1835 3375 1898 communicatur
3404 1854 3482 1896 ex

375 1929 784 2008 productum,
827 1929 1173 1992 liberaliter
1213 1931 1777 2005 communicatum,
1812 1937 1876 1994 et

375 2027 916 2090 communicabile
962 2030 1208 2092 ceteris
1259 2030 1402 2092 Haec
1447 2031 1690 2092 ScotuS.

451 2123 780 2186 Postremo
810 2125 1144 2187 Durandus
1175 2126 1280 2188 hic
1308 2126 1397 2188 ait
1431 2144 1444 2188 :
1481 2127 1876 2208 Significatio

375 2220 677 2284 dictionis
718 2231 780 2283 et
821 2224 978 2285 ratio
1016 2225 1424 2304 significandi
1469 2243 1593 2288 non
1637 2233 1880 2288 mutan-

379 2329 484 2381 tur
513 2341 591 2382 ex
622 2322 742 2384 hoc
773 2325 944 2404 quod
976 2343 1074 2386 res
1103 2326 1466 2406 significata
1498 2346 1612 2408 per
1642 2345 1876 2390 nomen

381 2419 710 2482 invenitur
753 2421 818 2482 in
868 2422 993 2485 alio
1041 2443 1114 2485 ac
1163 2425 1290 2487 alio
1330 2443 1558 2505 genere
1609 2426 1873 2488 entium.

383 2518 532 2580 Sive
589 2520 764 2581 enim
818 2520 880 2581 id
932 2523 1098 2602 quod
1157 2524 1429 2586 donatur
1475 2525 1560 2586 sit
1613 2524 1724 2586 bos
1774 2533 1882 2587 aut

384 2617 628 2691 asinu5‚
661 2627 771 2680 aut
820 2619 1062 2700 aliquid
1106 2624 1392 2684 naturale
1434 2623 1534 2684 vel
1585 2642 1883 2704 superna-

387 2715 614 2787 turale,
647 2723 930 2778 creatum
971 2727 1078 2779 aut
1120 2720 1494 2795 increatum,
1528 2739 1762 2784 nomen
1797 2728 1882 2782 ta-

387 2832 536 2874 men
600 2814 750 2876 doni
819 2815 988 2877 idem
1048 2817 1392 2896 significat,
1457 2820 1754 2882 videlicet
1819 2820 1880 2880 id

383 2911 558 2991 quod
611 2931 725 2992 per
772 2913 1216 2976 definitionem
1269 2916 1693 2997 importatur:
1729 2918 1884 2979 defi-

1987 1931 2363 1993 necessitate
2393 1939 2654 2006 naturai,
2686 1941 2753 1994 ut
2784 1952 2977 2014 supra
3006 1941 3332 1996 ostensum
3363 1941 3477 1995 est.

1988 2030 2351 2092 Secundum
2382 2030 2474 2092 sic
2505 2038 2708 2112 patet:
2730 2032 2881 2112 quia
2907 2032 3125 2094 divina
3156 2050 3282 2094 non
3312 2049 3483 2094 com-

1991 2128 2400 2190 municantur
2429 2129 2735 2190 creaturis
2778 2129 2903 2192 nisi
2936 2137 3006 2191 ut
3033 2130 3349 2210 objective
3380 2131 3485 2191 ha-

1991 2226 2261 2288 beantur
2317 2226 2397 2288 ab
2457 2227 2635 2308 ipsis,
2698 2228 2995 2291 videlicet
3052 2248 3166 2310 per
3224 2230 3483 2291 modum

1991 2324 2227 2404 cogniti
2260 2332 2320 2386 et
2351 2326 2565 2399 amati,
2600 2345 2710 2388 seu
2742 2346 2857 2408 per
2886 2328 3149 2390 modum
3190 2328 3485 2409 specialis

1993 2423 2256 2485 rectoris
2307 2441 2320 2483 :
2369 2431 2431 2484 et
2484 2423 2569 2485 ita
2616 2425 2751 2486 dari
2799 2427 3105 2488 creaturis
3159 2427 3487 2508 aequaliter

1993 2522 2291 2584 convenit
2324 2521 2558 2584 divinae
2587 2524 2877 2586 essentiae
2906 2532 2969 2586 et
2999 2525 3307 2606 personis.
3343 2525 3485 2588 Haec

1993 2620 2346 2681 Durandus.

2073 2718 2217 2780 Haec
2255 2725 2469 2779 autem
2509 2719 2787 2780 Durandi
2828 2719 3048 2800 opinio
3076 2720 3328 2782 videtur
3357 2738 3488 2783 om-

1993 2816 2186 2878 nibus
2229 2816 2643 2897 praeallegatis
2674 2817 3039 2880 doctoribus
3078 2837 3217 2880 esse
3247 2826 3489 2881 contra-

1996 2916 2109 2987 ria,
2137 2915 2707 2996 multipliciterque
2738 2933 3019 2990 erronea,
3047 2917 3176 2979 imo
3206 2917 3328 2978 sibi
3364 2917 3485 2998 ipsi

383 3009 546 3070 nitio
577 3029 852 3092 namque
885 3020 980 3074 est
1009 3014 1168 3074 ratio
1199 3033 1389 3094 quam
1425 3015 1747 3096 significat
1777 3035 1882 3078 no-
1920 3015 1963 3077 C
1995 3032 2357 3095 repugnans
2408 3021 2469 3074 et
2522 3013 2877 3095 implicans.
2914 3015 2975 3076 Si
3028 3015 3223 3090 enim,
3258 3023 3327 3076 ut
3375 3016 3483 3088 ait,

385 3128 558 3179 men,
604 3117 672 3170 ut
721 3118 946 3191 quarto
991 3112 1434 3195 Metaphysicae
1483 3114 1735 3177 dicitur.
1771 3115 1884 3178 De—

383 3206 602 3269 finitio
661 3227 812 3271 vero
869 3210 1018 3273 doni
1077 3219 1194 3283 est,
1256 3212 1426 3292 quod
1489 3213 1728 3275 donum
1787 3221 1880 3275 est

382 3306 630 3387 aliquid
678 3307 859 3369 alteri
914 3308 1259 3371 liberaliter
1301 3311 1880 3389 communicatum

383 3405 496 3465 sed
527 3405 699 3485 quod
733 3406 892 3468 illud
931 3408 1024 3469 sic
1065 3410 1630 3481 communicatum,
1665 3410 1748 3472 sit
1777 3410 1883 3472 ab·

383 3502 668 3565 solutum
713 3504 814 3566 vel
859 3506 1218 3580 relativum,
1253 3508 1589 3570 essentiale
1628 3516 1738 3571 aut
1777 3527 1884 3571 no-

385 3602 644 3676 tionale,
701 3612 902 3665 totum
961 3605 1080 3667 hoc
1136 3606 1368 3667 accidit
1427 3607 1614 3680 don0‚
1667 3616 1730 3669 et
1787 3617 1883 3670 est

383 3710 562 3763 extra
590 3702 1130 3782 significationem
1163 3704 1260 3765 vel
1292 3704 1727 3785 significatum
1759 3724 1884 3769 mo·

385 3800 670 3881 dumque
719 3800 1128 3881 significandi
1179 3803 1380 3884 ipsius
1429 3804 1600 3865 doni.
1643 3805 1882 3869 Idcirco

384 3898 542 3959 dum
591 3899 922 3980 quaeritur,
957 3900 1111 3981 quid
1154 3901 1394 3963 donum
1442 3902 1766 3983 significet
1817 3904 1881 3965 in

385 3996 648 4069 divinis,
705 4004 920 4059 utrum
979 3999 1315 4061 essentiale
1374 4001 1476 4062 vel
1539 4001 1878 4075 notionale‚

388 4096 907 4177 respondendum
967 4105 1082 4169 est,
1136 4100 1302 4179 quod
1363 4099 1612 4161 nullum
1663 4118 1881 4162 eorum

1994 3113 2072 3175 de
2105 3113 2347 3175 ratione
2377 3113 2528 3175 doni
2560 3119 2707 3175 sunt
2749 3119 3074 3194 respectus
3113 3115 3191 3176 ad
3231 3114 3486 3177 dantem

1993 3218 2056 3272 et
2105 3218 2433 3292 respectus
2482 3213 2559 3273 ad
2608 3231 2757 3273 eum
2806 3212 2910 3274 cui
2960 3213 3165 3287 datur,
3201 3213 3489 3295 sequitur

1993 3310 2160 3390 quod
2213 3310 2293 3371 sit
2347 3310 2709 3384 relativum,
2750 3330 2951 3392 quum
3004 3319 3329 3393 respectus
3380 3312 3487 3373 ille

1995 3408 2215 3469 relatio
2245 3409 2344 3469 sit.
2380 3409 2704 3483 Praeterea,
2737 3410 2816 3471 de
2846 3410 3211 3490 significato
3245 3410 3490 3491 signifi-

1993 3506 2367 3587 cationeque
2405 3507 2715 3569 ‘dictionis
2770 3508 3187 3588 judicandum
3238 3515 3334 3571 est
3382 3528 3488 3589 pe-

1993 3623 2104 3665 nes
2155 3604 2442 3679 formale,
2488 3623 2613 3668 non
2665 3625 2860 3687 penes
2912 3607 3235 3669 materiale
3270 3624 3284 3668 ε
3319 3608 3488 3669 unde

1953 3721 2213 3767 servus
2261 3711 2356 3765 est
2404 3704 2762 3776 relativum,
2794 3706 3087 3785 quamvis
3136 3706 3327 3768 homo
3376 3706 3487 3787 qui

1992 3808 2088 3862 est
2125 3819 2369 3874 servus,
2402 3802 2484 3863 sit
2520 3802 2903 3865 absolutum.
2939 3804 3146 3877 Quum
3185 3821 3336 3884 ergo
3366 3804 3490 3866 for-

1995 3898 2178 3960 malis
2224 3898 2610 3979 significatio
2648 3919 2720 3962 ac
2764 3900 2923 3963 ratio
2966 3900 3118 3963 doni
3160 3909 3486 3983 respectus

1996 4005 2327 4079 praetaetos
2379 3997 2681 4073 includat,
2728 3999 3015 4081 sequitur
3062 4001 3231 4081 quod
3282 4000 3489 4063 relati-

1994 4115 2147 4157 vum
2179 4095 2479 4157 consistat
2515 4113 2528 4157 :
2564 4096 2731 4158 sicut
2760 4104 2822 4159 et
2858 4098 3159 4179 pretium,
3193 4100 3486 4181 quamvis

385 4194 734 4274 significet,
769 4195 1063 4275 quamvis
1104 4196 1181 4257 de
1209 4196 1424 4277 aliquo
1463 4216 1684 4261 eorum
1717 4199 1882 4261 dica·
1915 4205 1964 4265 D
1997 4194 2059 4255 id
2122 4195 2292 4275 quod
2356 4202 2450 4256 est
2515 4195 2793 4276 pretium
2862 4196 3151 4258 absolute
3215 4197 3482 4260 dicatur.

387 4301 494 4354 tur
545 4310 560 4354 :
613 4294 780 4355 sicut
833 4294 1107 4374 pretium
1158 4313 1284 4357 non
1333 4296 1656 4375 significat
1706 4317 1886 4360 num-

391 4412 572 4454 mum
632 4400 742 4454 aut
801 4393 1101 4465 solidum,
1159 4396 1452 4475 quamvis
1511 4396 1588 4457 de
1645 4397 1736 4458 eis
1795 4398 1884 4459 di-

387 4499 592 4552 catur.
643 4526 722 4535 —
769 4492 832 4553 Si
891 4499 1106 4553 autem
1165 4502 1502 4573 quaeratur,
1564 4495 1730 4557 sicut
1785 4498 1884 4576 (ut

387 4588 608 4667 credo)
641 4587 978 4650 intendunt
1008 4588 1118 4669 qui
1157 4598 1412 4651 movent
1443 4591 1604 4652 hanc
1637 4593 1887 4673 quaesti-

389 4702 602 4759 onem,
629 4703 755 4748 non
786 4686 866 4747 de
895 4686 1259 4765 significato
1291 4689 1392 4749 vel
1427 4690 1612 4751 modo
1643 4690 1886 4771 signifi-

389 4784 602 4857 candi,
637 4784 747 4845 sed
779 4785 858 4845 de
890 4785 1239 4865 suppositis
1269 4794 1378 4847 aut
1410 4786 1510 4848 his
1540 4788 1616 4849 de
1648 4788 1882 4868 quibus

391 4884 774 4964 praedicatur
821 4883 1082 4956 donum,
1133 4903 1213 4945 an
1263 4884 1346 4945 sit
1402 4886 1736 4948 essentiale
1785 4888 1884 4950 vel

392 4981 714 5043 notionale
749 4998 763 5042 :
799 4981 1146 5043 videndum
1191 4990 1287 5043 est
1331 4983 1561 5064 primo,
1604 4985 1757 5065 quid
1803 4986 1885 5048 sit

391 5079 470 5140 de
517 5080 760 5141 ratione
803 5079 972 5141 doni.
1011 5080 1260 5141 Donum
1303 5098 1452 5160 ergo
1496 5082 1612 5142 tria
1657 5084 1887 5165 impor-

395 5186 506 5249 tat,
567 5186 720 5259 puta
785 5184 1146 5259 respectum
1210 5179 1286 5239 ad
1349 5178 1629 5251 dantem,
1691 5190 1754 5241 ct
1807 5184 1884 5243 ad

393 5276 460 5337 id
510 5278 610 5338 cui
659 5278 870 5351 datur,
905 5294 978 5337 ac
1029 5276 1288 5338 modum
1335 5276 1732 5341 liberalitatis
1777 5299 1888 5360 per

1996 4292 2297 4365 Quamvis
2360 4293 2551 4355 etiam
2612 4293 2996 4373 significatio
3054 4295 3352 4358 dictionis
3408 4297 3491 4359 sit

1995 4394 2217 4454 eadem
2260 4393 2323 4454 in
2364 4393 2714 4467 communi,
2750 4412 2849 4455 res
2890 4404 3099 4457 tamen
3130 4395 3492 4475 significata

1995 4492 2265 4553 diversis
2313 4492 2737 4554 diversimode
2786 4494 3087 4574 competit
3132 4512 3145 4554 :
3189 4494 3356 4556 sicut
3400 4513 3491 4556 sa-

1997 4591 2239 4672 pientia
2275 4592 2460 4653 aliter
2500 4591 2798 4653 convenit
2837 4592 2986 4665 De0,
3023 4592 3207 4654 aliter
3251 4601 3491 4655 creatu-

1995 4690 2101 4751 ris.
2144 4689 2458 4771 AmpliuS,
2506 4690 2672 4751 sicut
2718 4690 3029 4772 quidquid
3079 4692 3143 4752 in
3193 4692 3321 4754 Deo
3369 4699 3483 4765 est,

1995 4796 2090 4849 est.
2119 4788 2219 4849 vel
2254 4807 2351 4849 res
2391 4788 2680 4850 absoluta
2720 4795 2828 4850 aut
2867 4788 3127 4851 relativa
3166 4790 3300 4852 sive
3334 4791 3487 4851 rela-

1998 4886 2103 4959 tio,
2137 4892 2247 4947 aut
2285 4886 2615 4948 includens
2655 4885 2899 4967 aliquid
2939 4886 3015 4947 de
3056 4894 3357 4969 utroque3
3390 4888 3483 4949 sic

1994 5003 2183 5047 omne
2234 5002 2462 5045 nomen
2513 4986 2749 5046 divinis
2797 4985 3202 5058 convenienS‚
3249 4994 3358 5046 aut
3404 4986 3485 5047 si-

1993 5084 2259 5165 gnificat
2304 5082 2547 5165 aliquid
2601 5082 2937 5145 essentiale
2986 5091 3048 5143 et
3096 5083 3479 5155 absolutum,

1993 5190 2102 5245 aut
2148 5182 2391 5263 aliquid
2452 5182 2784 5243 relativum
2834 5199 2948 5241 seu
3006 5180 3323 5242 notionale
3371 5200 3482 5243 seu

1999 5281 2351 5363 personale,
2384 5289 2493 5343 aut
2542 5280 2746 5361 ipsam
2799 5278 3173 5341 relationem
3222 5298 3334 5341 seu
3380 5297 3487 5344 no-
