4359 6250
794 483 997 529 Urium
1039 482 1483 528 PROPRIETATl-:s
1528 479 1930 526 PnRsoNARUM
1978 480 2057 523 AB
2098 479 2346 524 {Nx-’tcum
2389 480 2874 526 DISTINGUANTUR
2913 479 3210 525 REALITER

3433 460 3555 523 239

529 650 886 715 Dicendum
915 653 993 714 ad
1024 653 1327 734 primum,
1361 652 1530 733 quod
1561 651 1822 733 quidam
1850 650 1950 729 (ut
1977 649 2029 711 A
2138 649 2334 730 Cujus
2373 649 2566 711 verba
2605 649 2839 732 quibus
2881 650 2969 711 ait
3007 648 3450 731 paternitatem
3491 655 3554 709 et

444 749 803 828 Avicenna)
844 750 1139 812 dixerunt
1188 750 1357 832 quod
1406 750 1627 811 eadem
1680 766 1949 810 numero

446 847 672 910 relatio
716 849 781 910 in
832 858 1101 930 utroque
1151 849 1235 910 sit
1276 857 1726 910 extremorum.
1771 846 1947 920 Quod

446 953 617 1008 stare
660 964 787 1009 non
827 947 1014 1021 valet,
1046 947 1199 1028 quia
1234 947 1529 1008 accidens
1576 965 1773 1008 unum
1820 963 1947 1007 non

448 1052 659 1126 potest
708 1045 773 1106 in
823 1045 1072 1107 duobus
1128 1064 1268 1107 esse
1326 1044 1653 1125 subjectis.
1708 1043 1948 1106 Idcirco

446 1143 817 1216 dicendum,
863 1143 1032 1224 quod
1084 1144 1147 1204 in
1198 1151 1467 1224 utroque
1515 1150 1943 1205 extremorum

446 1248 547 1302 θεῖ
596 1261 723 1304 una
770 1243 992 1304 relatio
1040 1241 1346 1304 differens
1391 1240 1472 1303 ab
1520 1241 1643 1303 alia
1694 1241 1758 1302 in
1810 1241 1947 1323 qui-

448 1338 722 1401 busdam
775 1341 1125 1402 secundum
1178 1340 1480 1422 speciem,
1532 1341 1699 1402 sicut
1751 1340 1816 1400 in
1876 1339 1946 1400 il-

446 1436 529 1497 lis
574 1457 716 1518 quae
765 1439 1033 1501 diversis
1082 1439 1449 1502 nominibus
1498 1438 1945 1519 exprimuntur

446 1536 773 1617 utrinque,
816 1545 887 1598 ut
931 1537 1274 1619 paternitas
1317 1545 1379 1598 et
1428 1535 1675 1599 filiatio.
1718 1537 1788 1598 In
1835 1537 1945 1598 ali-

444 1634 685 1716 quibus
717 1655 867 1699 vero
900 1655 1028 1700 non
1066 1637 1378 1699 differunt
1415 1637 1650 1719 specie,
1683 1636 1794 1698 scd
1834 1656 1947 1698 nu-

446 1753 625 1798 mero
694 1743 965 1811 tantum,
1030 1745 1101 1798 ut
1164 1737 1419 1818 quando
1484 1737 1783 1817 utrinque
1849 1744 1946 1797 est

2058 765 2464 809 communem
2505 747 2917 828 spirationem
2960 765 3086 809 non
3125 765 3263 808 esse
3303 765 3401 807 res
3442 746 3552 806 du-

2056 865 2146 914 as,
2180 865 2290 906 seu
2339 864 2462 907 non
2509 845 2814 925 distingui
2859 845 3133 920 realiter,
3167 863 3294 907 non
3335 843 3550 904 viden—

2056 953 2161 1005 tur
2205 961 2549 1006 consonare
2595 942 2960 1025 praehabitis
3003 961 3079 1004 ex
3122 941 3401 1015 Alberto,
3442 940 3554 1002 Bo-

2058 1049 2427 1114 naventura,
2460 1041 2730 1122 aliisque
2761 1041 3166 1123 quibusdam,
3191 1039 3550 1101 dicentibus

2056 1141 2224 1220 quod
2283 1158 2583 1221 generare
2631 1147 2695 1201 et
2743 1139 2984 1221 spirare
3034 1139 3286 1202 realiter
3330 1136 3554 1200 distin-

2054 1245 2350 1319 guantur.
2408 1239 2752 1301 Paternitas
2808 1245 3020 1300 autem
3079 1246 3174 1300 est
3231 1236 3552 1318 generatio

2057 1336 2195 1418 ipsa
2237 1336 2466 1410 activa,
2501 1344 2562 1398 et
2605 1337 2846 1417 spirare
2891 1343 2987 1397 est
3025 1335 3384 1397 communis
3429 1334 3552 1415 spi-

2056 1434 2218 1496 ratio
2254 1454 2381 1516 qua
2418 1435 2595 1498 Pater
2625 1442 2688 1496 et
2726 1434 2922 1496 Filius
2963 1435 3207 1514 spirant
3244 1433 3550 1515 Spiritum

2056 1533 2377 1596 Sanctum.
2446 1534 2749 1596 Praeterea
2813 1532 3160 1614 paternitas
3219 1539 3315 1593 θεῖ
3383 1531 3551 1593 idem

2055 1633 2225 1714 quod
2283 1633 2506 1708 Pater;
2560 1649 2686 1693 non
2739 1639 2953 1694 autem
3008 1640 3104 1693 est
3159 1631 3328 1692 idem
3383 1629 3552 1712 quod

2055 1728 2286 1792 filiatio
2314 1737 2424 1790 aut
2449 1729 2678 1791 Filius:
2702 1736 2765 1790 et
2795 1737 3006 1790 tamen
3038 1729 3398 1791 communis
3429 1728 3553 1810 spi—

446 1852 649 1894 unum
690 1852 949 1909 nomen,
984 1842 1055 1896 ut
1093 1835 1158 1897 in
1198 1834 1619 1897 similitudine,
1649 1843 1711 1896 et
1740 1853 1945 1916 aequa-
1982 1836 2027 1897 Β
2057 1828 2218 1889 ratio
2257 1836 2353 1889 θεῖ
2401 1827 2655 1890 realiter
2705 1828 2874 1889 idem
2918 1829 3086 1909 quod
3133 1828 3314 1889 Pater
3355 1835 3418 1889 et
3462 1827 3554 1888 Fi—

442 1931 659 2008 litate3
704 1940 985 2014 tuncque
1026 1933 1245 1996 relatio
1283 1953 1424 2014 quae
1462 1941 1559 1994 est
1597 1933 1665 1994 in
1708 1951 1835 1995 uno
1874 1939 1945 1994 ut

444 2029 513 2091 in
562 2030 879 2111 subjecto,
931 2040 1027 2094 est
1076 2031 1139 2094 in
1188 2032 1386 2093 altero
1438 2040 1507 2092 ut
1557 2032 1621 2093 in
1670 2031 1944 2093 termino

441 2147 559 2190 seu
605 2129 884 2208 objecto,
937 2138 1001 2192 et
1045 2148 1407 2193 econverso.
1464 2130 1540 2190 Et
1590 2130 1676 2190 ita
1724 2130 1945 2191 relatio

440 2226 803 2287 secundum
841 2243 981 2288 esse
1024 2245 1214 2288 suum
1258 2233 1445 2307 prout
1489 2225 1679 2287 habet
1722 2224 1945 2287 funda-

440 2331 736 2385 mentum
788 2324 853 2386 in
903 2343 995 2398 re,
1036 2343 1163 2387 non
1200 2333 1297 2386 est
1341 2325 1645 2396 medium,
1688 2324 1799 2386 sed
1841 2343 1944 2386 ex-

444 2430 756 2500 tremum3
780 2422 891 2484 sed
923 2422 1277 2485 secundum
1307 2430 1669 2505 respectum
1699 2431 1795 2484 est
1824 2441 1948 2484 me-

440 2519 625 2582 dium
670 2539 686 2582 :
732 2521 875 2584 ideo
924 2519 1178 2583 realiter
1218 2519 1823 2601 distinguuntur.—-
1851 2522 1943 2584 Ad

441 2619 825 2693 secundum,
860 2619 1027 2701 quod
1059 2619 1225 2681 sicut
1252 2618 1557 2680 attributa
1586 2620 1947 2682 essentialia

443 2735 575 2780 non
616 2726 765 2779 sunt
814 2717 1031 2800 plures
1079 2737 1199 2790 reS,
1246 2718 1332 2780 ita
1372 2736 1490 2779 nec
1529 2719 1945 2801 proprietates

442 2815 639 2877 unius
670 2833 995 2897 personae3
1037 2817 1145 2878 sed
1177 2823 1327 2877 sunt
1358 2834 1484 2878 una
1524 2834 1646 2889 res,
1679 2836 1821 2898 quae
1850 2826 1947 2878 est

442 2913 559 2975 illa
606 2931 897 2994 persona.
952 2915 1243 2977 Attamen
1294 2933 1495 2996 quum
1550 2915 1771 2977 relatio
1820 2934 1945 2976 ma-

2056 1924 2203 1999 lius,
2237 1925 2348 2007 qui
2380 1934 2527 1987 sunt
2557 1945 2724 1987 unus
2758 1926 3052 2007 spirator,
3085 1933 3148 1986 et
3178 1926 3393 2007 aliquo
3424 1944 3554 1988 mo-

2054 2025 2135 2086 do
2165 2023 2293 2085 duo
2332 2025 2666 2105 spiranteS,
2702 2023 2812 2104 qui
2852 2031 3002 2085 sunt
3039 2043 3153 2085 sua
3192 2023 3551 2086 communis

2055 2122 2337 2203 spiratio.
2373 2122 2606 2183 Verum
2651 2122 2729 2183 ad
2773 2121 2936 2184 hanc
2978 2121 3429 2184 difficultatem
3473 2141 3550 2184 ex

2055 2221 2243 2283 dictis
2274 2239 2346 2282 ac
2371 2221 2660 2283 dicendis
2690 2222 2924 2304 poterit
2953 2222 3172 2284 baberi
3203 2223 3547 2304 responsio,

2122 2319 2518 2382 Concordant
2546 2320 2956 2402 praeinductae
2982 2322 3378 2402 responsioni
3401 2321 3556 2382 Tho-

2057 2437 2175 2480 mae
2232 2419 2450 2480 Petrus
2513 2427 2576 2480 et
2633 2418 3001 2482 Richardus.
3065 2419 3298 2480 Tamen
3363 2418 3548 2480 istam

2056 2515 2633 2579 difficultatem'de
2680 2518 3090 2580 distinctione
3141 2517 3304 2579 inter
3352 2525 3553 2598 pater·

2057 2615 2320 2678 nitatem
2379 2623 2442 2677 et
2501 2633 2906 2678 communem
2965 2616 3399 2698 spirationem,
3459 2633 3552 2676 re-

2061 2714 2255 2776 mittit
2284 2714 2632 2777 Richardus
2663 2715 2740 2775 ad
2772 2714 3249 2776 distinctionem
3287 2732 3553 2795 sequen-

2058 2820 2204 2874 tem.
2239 2812 2536 2875 Alber‘tus
2578 2820 2813 2886 autem,
2845 2812 3303 2884 Bonaventura‚
3336 2819 3400 2873 θῖ
3441 2812 3549 2873 alii

2058 2911 2266 2984 multi,
2319 2911 2438 2973 hoc
2499 2911 2637 2973 loco
2684 2928 2812 2973 non
2872 2917 3128 2974 movent
3175 2910 3338 2972 hanc
3385 2929 3552 2991 quae-

440 3020 595 3073 neat
644 3012 710 3073 in
759 3011 995 3073 divinis
1044 3012 1235 3074 etiam
1293 3012 1647 3074 secundum
1698 3011 1795 3073 sui
1843 3029 1945 3092 ge·
1982 3015 2024 3078 C
2056 3008 2352 3082 stionem‚
2399 3009 2550 3090 quia
2596 3029 2674 3071 ex
2721 3009 3133 3090 praeinductis
3182 3009 3350 3072 circa
3396 3009 3551 3071 alias

440 3111 621 3173 neris
676 3110 1012 3186 rationem,
1056 3117 1271 3173 manet
1316 3130 1569 3193 quoque
1618 3109 1943 3173 relationis

438 3209 775 3272 distinctio
826 3210 893 3272 in
940 3218 1252 3292 quantum
1302 3210 1524 3272 relatio
1565 3227 1579 3271 ε
1627 3210 1769 3271 ideo
1816 3208 1943 3271 dici

440 3314 655 3390 potest
684 3309 858 3390 quod
888 3318 1037 3371 sunt
1065 3308 1283 3390 plures
1312 3308 1747 3381 relationeS,et
1774 3308 1942 3390 quod

439 3426 575 3468 una
618 3424 745 3469 non
785 3406 1167 3488 praedicatur
1197 3406 1275 3468 de
1312 3404 1453 3467 alia.
1492 3406 1595 3468 Sic
1626 3425 1776 3469 vero
1815 3426 1943 3470 non

438 3513 544 3567 eet
582 3506 663 3567 de
706 3504 1176 3577 essentialibuS,
1218 3524 1361 3586 quae
1406 3522 1533 3567 non
1578 3513 1836 3567 manent
1878 3506 1943 3567 in

436 3602 685 3665 divinis
724 3602 1079 3664 secundum
1110 3620 1519 3665 communem
1558 3602 1809 3683 generis
1850 3621 1944 3664 ra-

438 3702 709 3764 tionem.
742 3701 986 3763 Idcirco
1028 3719 1153 3764 non
1197 3700 1679 3782 distinguuntur
1720 3720 1945 3763 secun-

438 3802 601 3863 dum
662 3800 969 3862 rationem
1027 3798 1301 3879 alicujus
1351 3799 1710 3863 communis
1760 3799 1945 3879 cujus

440 3900 613 3962 ratio
656 3900 741 3960 sit
791 3899 856 3962 in
905 3900 1053 3971 Deo,
1107 3898 1161 3960 si
1208 3897 1559 3979 accipiatur
1608 3916 1946 3960 commune

438 3998 808 4061 secundum
847 3997 1017 4079 quod
1056 4005 1153 4059 est
1190 4014 1425 4059 nomen
1474 3996 1699 4078 primae
1748 3996 1948 4058 inten-

438 4096 663 4159 tionis.
699 4096 765 4157 Si
803 4103 1017 4158 autem
1061 4104 1349 4157 sumatur
1387 4113 1729 4157 commune
1766 4095 1950 4155 ratio-

2056 3107 2495 3170 distinctiones
2543 3108 2796 3170 videtur
2852 3115 3085 3189 patere.
3137 3108 3420 3189 AEgidius
3469 3115 3554 3171 ta-

2056 3226 2204 3269 men
2261 3208 2367 3270 hic
2427 3215 2637 3269 movet
2691 3225 2856 3281 eam,
2907 3214 2970 3269 et
3018 3207 3086 3268 in
3144 3210 3550 3272 conclusione

2056 3308 2396 3370 concordat
2433 3325 2578 3368 cum
2617 3305 2875 3376 Thoma‚
2911 3306 3020 3367 sed
3060 3306 3550 3370 declarationem

2054 3406 2196 3486 ejus
2242 3406 2397 3467 dicit
2440 3404 2735 3466 deficere.
2771 3405 3028 3478 Verum,
3065 3412 3132 3465 ut
3175 3414 3413 3467 tactum
3457 3413 3553 3467 est

2055 3522 2249 3585 supra
2275 3502 2814 3585 frequentet-,ipse
2845 3501 3083 3583 scripta
3111 3503 3364 3566 Thomae
3397 3502 3554 3565 mul-

2056 3602 2242 3664 toties
2291 3601 2516 3662 nititur
2567 3598 2947 3682 improbare,
2997 3601 3106 3662 sed
3157 3600 3551 3663 irrationabi-

2056 3699 2200 3761 liter
2245 3705 2434 3779 atque
2496 3698 2794 3771 invalide,
2845 3698 3011 3760 sicut
3056 3706 3119 3760 θῖ
3167 3700 3549 3780 praecedenti

2054 3796 2464 3858 distinctione
2513 3795 2850 3877 reprobare
2899 3804 3164 3859 conatur
3203 3797 3554 3861 distinctio·
3615 3837 3623 3845 μ

2058 3914 2206 3957 nem
2252 3914 2444 3977 quam
2488 3894 2652 3955 inter
2693 3895 3087 3969 relationem,
3121 3896 3446 3958 notionem
3489 3904 3553 3959 θῖ

2059 3994 2508 4075 proprietatem
2572 3992 2750 4073 ponit
2798 3993 2898 4054 vir
2954 4001 3231 4066 sanctuS,
3284 3994 3553 4058 dicendo

2060 4092 2513 4174 proprietatem
2553 4109 2690 4153 esse
2721 4109 2862 4171 quae
2900 4091 3198 4153 convenit
3232 4092 3341 4153 uni
3381 4092 3498 4155 soli
3534 4110 3548 4155 :

438 4194 549 4257 nis
600 4194 958 4256 secundum
1004 4193 1174 4275 quod
1222 4200 1319 4254 est
1365 4210 1597 4255 nomen
1656 4193 1949 4255 secundae
1981 4200 2030 4260 D
2060 4199 2280 4253 contra
2323 4190 2491 4271 quod
2534 4188 2778 4269 objicit,
2821 4189 2973 4270 quia
3013 4192 3364 4267 secundum
3408 4192 3550 4267 hoc,

440 4291 954 4365 intentioni5‚sic
985 4308 1323 4354 commune
1352 4299 1449 4352 est
1476 4290 1569 4353 eis
1600 4290 1771 4371 quod
1802 4296 1950 4351 sunt

438 4390 777 4455 attributa.
818 4390 1151 4471 Quumque
1201 4389 1487 4451 dividant
1530 4409 1731 4451 unum
1783 4406 1951 4451 com-

444 4508 648 4552 mune
706 4488 993 4561 rationiS,
1045 4488 1397 4550 secundum
1447 4488 1567 4550 hoc
1618 4506 1742 4549 non
1796 4506 1951 4568 prae-

438 4589 745 4651 dicantur
783 4587 864 4649 de
908 4586 1186 4649 invicem
1230 4604 1243 4647 ε
1288 4604 1413 4648 non
1458 4586 1631 4647 enim
1674 4586 1946 4647 dicimus

440 4686 619 4769 quod
668 4686 790 4748 hoc
834 4685 1213 4747 attributum
1264 4685 1347 4746 sit
1394 4684 1575 4757 illud,
1620 4684 1749 4746 imo
1798 4683 1948 4745 dici-

444 4784 593 4847 mu‘s
624 4785 795 4867 quod
827 4784 910 4846 sit
938 4783 1112 4844 aliud
1138 4782 1519 4845 attributum
1547 4782 1628 4843 ab
1661 4782 1789 4843 illo.
1827 4782 1946 4844 Sed

440 4884 603 4965 quia
640 4900 771 4945 non
809 4881 1105 4943 dividunt
1138 4900 1338 4942 unum
1378 4899 1717 4944 commune
1757 4880 1943 4955 reale,

441 4984 591 5045 ideo
650 4980 898 5043 ratione
948 4979 1179 5043 divinae
1236 4978 1667 5061 simplicitatis
1728 4978 1949 5060 praedi-

440 5089 672 5145 cantur
700 5080 783 5143 de
812 5078 1091 5141 invicem
1122 5078 1473 5139 secundum
1504 5079 1949 5160 quodcumque

438 5198 681 5244 nomen
727 5178 957 5261 primae
998 5177 1388 5248 intentionis,
1422 5184 1491 5238 ut
1532 5178 1815 5259 potentia
1855 5184 1951 5239 est

436 5279 783 5365 sapientia,
818 5284 942 5339 etc.
974 5311 1055 5320 —
1084 5274 1225 5338 Haec
1260 5276 1529 5338 Thomas
1570 5277 1635 5338 in
1675 5276 1942 5358 Scripto.

2062 4286 2526 4350 innascibilitas
2569 4294 2734 4348 esset
2779 4288 3133 4369 proprietas
3175 4289 3395 4363 Patris,
3437 4310 3554 4352 nec

2058 4393 2270 4448 essent
2311 4392 2557 4447 tantum
2600 4392 2724 4447 tres
2765 4385 3200 4467 proprietates.
3237 4387 3313 4449 Et
3342 4395 3554 4450 tamen

2058 4484 2229 4567 quod
2277 4484 2548 4545 Thomas
2598 4482 2773 4557 dicit,
2815 4482 3188 4558 Alexander,
3234 4484 3551 4560 AlbertuS,

2057 4584 2518 4656 Bonaventura‚
2558 4581 2793 4663 aliique
2838 4584 3263 4645 communiter
3306 4584 3548 4646 dicunt.

2057 4683 2185 4745 Nec
2210 4682 2377 4744 valet
2402 4681 2510 4743 illa
2532 4679 2824 4760 objecti0‚
2844 4681 2995 4761 quia
3023 4682 3377 4744 secundum
3407 4702 3555 4763 prae-

2060 4781 2220 4845 fatos
2261 4781 2570 4853 doctoreS,
2606 4780 2670 4842 in
2702 4780 2937 4841 divinis
2971 4788 3118 4841 sunt
3146 4788 3396 4843 tantum
3427 4789 3551 4844 tres

2060 4879 2478 4961 proprietates
2509 4879 2894 4961 personaleS,
2913 4879 3204 4960 quamvis
3237 4887 3554 4960 ponantur

2060 4978 2150 5040 ibi
2181 4986 2452 5059 quatuor
2484 4977 2896 5059 proprietates
2931 4995 2944 5039 :
2979 4977 3279 5058 quoniam
3310 4976 3553 5059 aliquid

2061 5076 2207 5159 plus
2256 5084 2350 5137 est
2395 5075 2472 5137 de
2519 5074 2758 5137 ratione
2809 5074 3210 5156 proprietatis
3259 5092 3554 5156 persona-

2063 5175 2163 5248 lis,
2216 5193 2408 5257 quam
2460 5173 2538 5235 de
2592 5171 2834 5234 ratione
2887 5172 3312 5253 proprietatis,
3363 5181 3551 5255 prout

2062 5273 2444 5357 praecedenti
2492 5270 2902 5335 distinctione
2943 5278 3270 5335 ostensum
3313 5280 3430 5337 est.

3637 4802 3708 4859 Cf.
3739 4805 3844 4851 dist..

3594 4880 3706 4917 xxvi,
3723 4880 3766 4921 q.
3787 4871 3827 4911 4.
