4359 6250
1363 511 1564 556 UTRUM
1607 510 1758 555 DEUS
1803 511 1894 554 srt·
1937 511 2000 556 IN
2043 511 2305 559 OMNIBUS
2347 513 2537 560 REBUS

3377 489 3497 556 439

393 684 498 738 est
542 697 750 754 causa,
794 681 1040 744 scilicet
1084 701 1098 744 ε
1141 681 1436 744 efficiens
1477 689 1540 743 et
1581 700 1706 745 non
1753 701 1896 744 con·
1924 680 1975 744 Α
2005 682 2125 744 hoc
2165 685 2333 765 quod
2376 702 2606 767 corpus
2646 685 2804 746 illud
2842 691 2983 766 agat
3022 684 3087 746 in
3132 683 3495 766 proximum

392 796 679 850 servanS,
725 789 792 841 ut
835 779 1239 844 domificator
1289 789 1580 863 respectu
1630 783 1893 860 domus;

392 876 687 956 quaedam
717 875 1011 940 efficiens
1043 886 1106 939 et.
1139 896 1540 952 conservanS,
1575 885 1646 940 ut
1677 878 1770 940 sol
1802 898 1895 940 re-

391 981 620 1054 spectu
666 975 930 1038 luminis
976 977 1040 1038 in
1087 996 1249 1039 aere.
1288 977 1517 1059 Sicque
1565 977 1896 1060 productio

391 1081 455 1132 et
505 1075 898 1137 conservatio
941 1083 1089 1137 sunt
1133 1077 1272 1138 duae
1315 1076 1595 1138 actiones
1639 1095 1898 1138 causan-

392 1171 500 1232 tis,
536 1172 829 1244 Quamvis
859 1192 1009 1254 ergo
1039 1175 1206 1235 Deus
1249 1193 1374 1236 non
1413 1175 1495 1236 sit
1533 1174 1897 1236 immediata

393 1288 590 1331 eausa
619 1270 906 1332 omnium
939 1279 1250 1352 quantum
1281 1274 1356 1335 ad
1389 1272 1892 1355 productionem,

392 1375 492 1430 est
527 1375 734 1430 tamen
767 1369 1134 1432 immediata
1167 1389 1355 1432 causa
1385 1371 1675 1432 omnium
1706 1391 1900 1453 quan-

393 1474 534 1528 tum
575 1468 652 1529 ad
693 1469 1260 1531 conservationem.
1299 1471 1442 1532 Haec
1485 1469 1840 1531 Durandus.

475 1564 674 1646 Cujus
723 1568 1051 1650 responsio
1096 1576 1404 1650 quantum
1445 1568 1521 1630 ad
1564 1569 1682 1630 hoe
1726 1569 1895 1649 quod

391 1663 482 1724 ait
525 1665 724 1726 Deum
770 1684 898 1728 non
944 1686 1082 1728 esse
1125 1666 1415 1729 omnium
1462 1668 1894 1730 immediatam

391 1782 650 1826 causam
701 1773 1010 1846 quantum
1071 1766 1148 1827 ad
1211 1767 1714 1846 productionem,
1767 1785 1895 1828 non

2005 784 2359 844 secundum
2419 785 2707 846 eamdem
2770 783 3141 866 potentiam,
3204 783 3496 864 quamvis

2003 891 2144 962 agat
2183 883 2374 944 etiam
2417 883 2482 944 in
2524 884 2955 965 propinquum
2999 884 3349 945 seeundum
3390 881 3499 944 ali-

2003 999 2106 1042 am
2137 982 2410 1044 activam
2442 983 2809 1064 potentiam.
2828 981 2949 1044 Scd
2979 981 3099 1044 hoc
3128 981 3499 1056 accidit,vel

2009 1086 2266 1160 propter
2316 1080 2831 1160 conjunctionem
2880 1081 3145 1142 istarum
3190 1079 3499 1161 potentia-

2007 1196 2147 1238 rum
2180 1177 2448 1240 duarum
2480 1179 2829 1240 activarum
2860 1179 2927 1240 in
2957 1178 3203 1252 eodem,
3228 1195 3498 1259 quarum

2007 1283 2274 1357 utraque
2332 1285 2428 1338 est
2485 1277 2709 1350 activa,
2760 1285 2821 1338 et
2872 1297 2997 1340 una
3054 1277 3246 1338 habet
3292 1277 3499 1359 proxi-

2007 1394 2185 1436 mum
2226 1393 2341 1456 pro
2381 1394 2565 1457 passo
2597 1377 3091 1458 proportionato,
3124 1383 3187 1438 et
3216 1376 3341 1438 alia
3377 1375 3499 1438 for-

2007 1493 2110 1535 ma
2151 1473 2359 1535 activa
2401 1474 2592 1536 habet
2636 1481 2949 1537 remotum
2994 1494 3109 1556 pro
3148 1493 3334 1557 passo
3373 1474 3499 1536 sibi

2005 1573 2497 1654 proportionale.
2534 1573 2643 1635 Vel
2687 1574 2919 1636 accidit
2960 1583 3221 1656 propter
3268 1573 3499 1656 imper-

2009 1671 2349 1732 fectionem
2390 1672 2633 1752 agentis
2672 1672 2739 1733 in
2771 1691 2898 1754 quo
2930 1681 3026 1734 est
3057 1671 3343 1735 defectus
3373 1671 3499 1733 vir-

2008 1769 2162 1830 tutis
2201 1769 2421 1832 activae
2450 1789 2463 1833 :
2494 1776 2751 1852 propter
2786 1790 2977 1852 quem
3017 1769 3333 1832 defectum
3373 1769 3501 1852 pri-

392 1861 648 1923 videtur
678 1881 1024 1925 consonare
1066 1864 1476 1946 praeinductis
1513 1884 1590 1926 ex
1629 1865 1895 1927 Alexan·
1931 1871 1978 1933 Β
2011 1887 2085 1929 us
2115 1867 2245 1948 agit
2276 1869 2627 1930 secundum
2660 1869 2929 1930 formam
2965 1868 3500 1950 imperfectiorem

391 1960 529 2032 dro,
575 1961 836 2031 Thoma,
883 1961 1160 2036 Alberto,
1211 1963 1670 2037 Bonaventura,
1719 1963 1897 2026 Udal-

393 2058 530 2120 rico
571 2078 585 2121 ε
633 2059 988 2120 secundum
1039 2079 1312 2141 quorum
1361 2061 1714 2124 doctrinam
1761 2061 1894 2142 jam

392 2155 700 2230 habitam,
734 2158 900 2218 Deus
941 2165 1034 2219 est
1073 2159 1361 2220 omnium
1403 2166 1465 2220 et
1497 2159 1894 2240 singulorum

391 2273 585 2316 causa
632 2254 952 2328 efficienS,
999 2263 1060 2318 et
1104 2277 1432 2339 nunquam
1481 2265 1576 2320 est
1622 2258 1894 2338 alicujus

392 2373 586 2415 causa
613 2353 910 2416 efficiens
952 2355 1351 2417 solummodo
1395 2357 1684 2418 mediata.
1721 2358 1788 2418 In
1823 2356 1896 2418 li-

389 2452 511 2515 bro
553 2471 808 2534 quoque
852 2455 930 2515 de
978 2455 1196 2516 Causis
1245 2455 1566 2536 probatur,
1611 2456 1781 2538 quod
1829 2457 1895 2518 in

390 2553 570 2613 omni
617 2560 872 2615 causato
915 2561 977 2614 et
1020 2571 1233 2634 opere,
1268 2573 1458 2616 causa
1505 2555 1708 2636 prima
1751 2556 1896 2636 plus

395 2651 614 2713 influit.
645 2671 837 2733 quam
880 2671 1298 2734 quaecumque
1340 2671 1528 2714 causa
1567 2655 1846 2715 secunda
1879 2672 1892 2715 ε

389 2759 454 2812 et
495 2751 631 2812 haec
676 2757 772 2812 est
817 2749 1104 2812 doctrina
1144 2751 1245 2813 SS.
1279 2750 1640 2831 Augustini,
1675 2752 1894 2814 Hilarii

390 2857 454 2910 et
501 2849 808 2912 Anselmi.

473 2947 768 3028 Amplius
819 2947 1042 3009 Scotus
1099 2946 1202 3008 hic
1256 2955 1465 3008 movet
1513 2948 1676 3008 hanc
1728 2967 1896 3029 qua>-

2008 1985 2201 2048 quam
2242 1965 2709 2048 perfectiorem,
2744 1967 2909 2029 sicut
2949 1966 3363 2048 corruptibile
3402 1985 3505 2047 ge-

2007 2084 2238 2126 nerans
2280 2064 2457 2146 prius
2498 2065 2719 2127 alterat
2748 2085 2939 2148 quam
2978 2072 3254 2146 generet.
3291 2064 3354 2126 Si
3391 2063 3503 2145 igi-

2007 2169 2111 2222 tur
2152 2162 2331 2243 prius
2364 2163 2659 2224 tollamus
2699 2163 2891 2225 talem
2932 2181 3313 2226 concursum
3354 2163 3502 2224 dua-

2009 2280 2148 2321 rum
2210 2262 2637 2342 potentiarum
2696 2262 2777 2324 ab
2825 2269 2969 2324 ente
3028 2269 3258 2335 create,
3311 2268 3502 2342 atque

2007 2360 2287 2421 secundo
2328 2359 2621 2421 tollamus
2661 2360 2739 2421 ab
2779 2377 2853 2423 eo
2893 2360 3077 2422 istam
3120 2359 3505 2441 imperfecti-

2006 2475 2218 2531 onem,
2252 2457 2337 2518 ita
2376 2457 2546 2539 quod
2584 2476 2711 2519 non
2752 2466 3038 2540 oporteat
3070 2459 3282 2539 ipsum
3325 2458 3502 2539 prius

2009 2556 2358 2638 producere
2408 2555 2868 2638 imperfectius,
2914 2574 3039 2618 non
3088 2555 3342 2618 videtur
3389 2556 3501 2618 ali-

2007 2673 2132 2735 qua
2173 2655 2331 2716 ratio
2371 2673 2565 2735 quare
2609 2671 2735 2716 non
2777 2654 2896 2716 erit
2940 2674 3217 2737 praesens
3260 2661 3503 2716 remoto

2007 2753 2361 2814 secundum
2409 2752 2755 2834 potentiam
2799 2752 3151 2814 secundum
3197 2753 3363 2834 quod
3407 2759 3504 2814 est

2009 2851 2198 2912 modo
2246 2869 2521 2931 praesens
2562 2850 2686 2912 sibi
2728 2849 2793 2911 in
2843 2850 3085 2912 ratione
3127 2850 3348 2912 activae
3394 2868 3503 2932 po-

2012 2949 2223 3012 tentia>
2258 2968 2272 3011 ε
2306 2956 2364 3009 ct
2402 2956 2609 3010 tamen
2643 2965 2767 3010 non
2797 2955 2940 3029 aget
2970 2947 3035 3010 in
3069 2947 3502 3030 propinquum

391 3045 693 3118 stionem,
725 3047 946 3108 Utrum
979 3065 1056 3107 ex
1088 3045 1207 3106 hoc
1238 3045 1404 3127 quod
1447 3045 1612 3107 Deus
1654 3045 1894 3127 ubique
1934 3048 1978 3111 C
2009 3046 2117 3109 illa
2159 3046 2463 3130 potentia,
2497 3047 2659 3108 sicut
2701 3065 2819 3108 nee
2860 3047 3083 3127 mod03
3116 3053 3177 3107 et
3218 3045 3336 3107 hoe
3379 3065 3505 3108 ma-

389 3152 492 3205 est
523 3144 874 3206 secundum
908 3164 1086 3206 suam
1130 3143 1500 3225 potentiam,
1535 3144 1895 3206 necessario

391 3242 816 3304 concludatur
857 3243 1024 3323 quod
1071 3242 1312 3323 ubique
1356 3241 1438 3303 sit
1484 3260 1761 3322 praesens
1805 3262 1898 3305 se·

391 3341 678 3401 cundum
725 3360 906 3401 suam
949 3340 1312 3413 essentiam,
1356 3341 1474 3403 hoc
1519 3348 1634 3415 est,
1679 3349 1894 3403 utrum

391 3438 858 3519 omnipotentia
891 3438 1118 3500 inferat
1152 3438 1665 3501 immensitatem.
1702 3440 1779 3501 Et
1810 3460 1899 3503 re·

390 3537 668 3618 spondet
724 3556 738 3599 :
793 3536 1000 3616 Agens
1061 3546 1390 3599 causatum
1450 3546 1655 3619 potest
1711 3558 1896 3620 agere

392 3635 510 3697 ubi
561 3652 688 3697 non
739 3642 870 3712 est3
915 3636 1340 3698 communiter
1391 3644 1600 3699 tamen
1651 3646 1898 3719 oportet

392 3734 567 3817 quod
613 3734 696 3795 sit
736 3733 1175 3796 immediatum
1219 3734 1484 3796 cuilibet
1523 3726 1646 3797 sibi
1693 3737 1900 3817 proxi-

395 3852 506 3897 mo
539 3851 723 3915 passo
753 3832 820 3893 in
851 3832 1021 3913 quod
1061 3832 1210 3912 agit,
1245 3834 1537 3915 quamvis
1577 3834 1899 3895 interdum

391 3951 528 3995 non
557 3939 695 4011 agat
727 3930 790 3991 in
825 3930 984 3991 illud
1023 3930 1272 3993 actione
1303 3932 1593 4012 ejusdem
1636 3932 1898 3994 rationis

393 4050 549 4092 curn
605 4030 853 4091 actione
903 4048 1030 4111 qua
1085 4029 1215 4109 agit
1276 4031 1339 4091 in
1390 4038 1706 4092 remotum
1763 4049 1777 4092 :
1829 4038 1901 4091 ut

391 4128 596 4211 piscis
645 4127 1057 4190 mordificans
1117 4146 1376 4189 manum
1432 4128 1785 4209 piscatoriS,
1835 4137 1901 4190 et

2008 3148 2201 3219 xime,
2236 3148 2289 3209 si
2322 3146 2430 3209 illa
2460 3146 2742 3228 potentia
2770 3147 3123 3209 secundum
3153 3165 3344 3227 quam
3376 3145 3505 3226 agit

2007 3244 2074 3307 in
2107 3253 2444 3318 remotum,
2470 3244 2551 3306 sit
2580 3243 2959 3325 simpliciter
2988 3244 3269 3325 potentia
3297 3244 3505 3305 activa

2009 3342 2291 3424 perfecta
2343 3360 2357 3403 :
2411 3349 2646 3423 quanto
2689 3342 2863 3404 enim
2910 3341 3252 3423 perfectior
3298 3341 3503 3404 forma

2008 3448 2104 3503 est
2163 3441 2229 3501 in
2288 3440 2539 3512 creatiS,
2602 3447 2776 3501 ‘tanto
2832 3440 3087 3502 videtur
3145 3458 3283 3502 esse
3341 3439 3501 3502 ratio

2007 3538 2233 3619 agendi
2279 3538 2344 3599 in
2387 3537 2711 3599 remotius,
3324 3590 3331 3595 .

2081 3639 2170 3701 Ex
2202 3638 2322 3699 hoc
2353 3637 2428 3699 ad
2464 3636 2857 3718 propositum
2890 3636 3143 3698 videtur
3172 3637 3340 3718 quod
3372 3654 3502 3699 om-

2009 3736 2381 3820 nipotentia,
2434 3755 2574 3817 quae
2634 3742 2729 3797 est
2786 3735 3165 3817 simpliciter
3224 3735 3504 3817 perfecta

2008 3837 2215 3897 activa
2254 3834 2555 3917 potentia,
2591 3851 2717 3896 non
2759 3833 3039 3914 requirat
3079 3832 3393 3896 actionem
3436 3834 3502 3895 in

2011 3954 2211 3996 unum
2263 3951 2521 4015 passum
2572 3932 2750 4013 prius
2794 3951 2985 4014 quam
3036 3931 3099 3993 in
3146 3931 3343 4004 aliud,
3385 3950 3502 3993 nee

2009 4038 2269 4115 propter
2299 4032 2577 4093 diversas
2611 4030 2923 4113 potentias
2956 4036 3405 4092 concurrentes
3435 4030 3501 4091 in

2009 4138 2255 4212 agente,
2289 4148 2407 4191 nec
2438 4136 2696 4210 propter
2726 4128 3001 4209 priorem
3031 4127 3501 4208 generationem

389 4246 528 4289 non
559 4225 970 4289 mordifieans
1004 4234 1152 4287 rete.
1171 4227 1556 4307 Quandoque
1587 4234 1798 4288 autem
1833 4228 1898 4289 in
1930 4235 1980 4297 D
2011 4226 2518 4310 imperfectioris
2537 4226 2800 4287 Videtur
2829 4242 2978 4305 ergo
3009 4226 3177 4306 quod
3208 4225 3350 4287 talis
3379 4244 3505 4289 om-

391 4324 760 4407 proximum
807 4344 1064 4405 passum
1104 4343 1231 4386 non
1273 4325 1398 4405 agit
1436 4325 1655 4387 eadem
1695 4326 1901 4387 activa

391 4422 678 4505 potentia
709 4441 834 4503 qua
867 4422 932 4483 in
964 4430 1278 4485 remotum
1311 4441 1325 4484 ε
1360 4424 1898 4505 quemadmodum

389 4539 628 4601 corpus
673 4520 930 4582 coeleste
979 4538 1290 4600 generans
1340 4522 1650 4584 mineram
1701 4522 1766 4583 in
1813 4523 1902 4584 vi-

390 4618 683 4680 sceribus
737 4624 940 4690 terrae,
989 4620 1089 4680 vel
1137 4620 1397 4700 aliquod
1451 4620 1721 4682 mixtum
1771 4620 1902 4681 ani-

395 4724 640 4779 matum
689 4716 791 4778 vel
845 4734 972 4779 non
1031 4717 1383 4779 animatum
1438 4718 1543 4780 hic
1595 4718 1659 4780 in
1711 4726 1894 4793 terra,

393 4816 526 4897 agit
557 4834 672 4877 sua
705 4814 910 4877 forma
949 4814 1372 4889 substantiali,
1407 4816 1558 4898 quia
1591 4835 1718 4879 non
1752 4817 1898 4878 sub-

393 4913 630 4977 stantia
689 4930 819 4974 non
882 4919 1086 4995 potest
1147 4932 1448 4993 generare
1511 4933 1628 4976 nec
1693 4914 1900 4977 facere

395 5012 844 5083 substantiam,
879 5030 998 5073 nec
1037 5010 1330 5073 accidens
1371 5011 1627 5093 aliquod
1668 5014 1734 5075 in
1775 5034 1902 5077 me-

395 5112 508 5173 dio
556 5116 767 5192 potest
815 5128 954 5171 esse
1015 5110 1173 5172 ratio
1220 5110 1562 5189 generandi
1613 5112 1903 5174 substan-

399 5210 577 5272 tiam.
645 5208 756 5270 Est
815 5225 965 5287 ergo
1023 5208 1226 5269 forma
1288 5208 1571 5289 corporis
1631 5210 1906 5274 coelestis

403 5307 692 5390 potentia
731 5304 942 5368 activa
979 5324 1170 5386 agens
1213 5305 1278 5366 in
1316 5313 1631 5368 remotum
1670 5307 1908 5390 absque

2009 4326 2363 4409 nipotentia
2420 4324 2503 4385 sit
2550 4324 2710 4386 ratio
2764 4323 2988 4404 agendi
3041 4324 3105 4385 in
3159 4326 3504 4405 quodcum-

2010 4445 2156 4507 que,
2200 4432 2263 4486 et
2304 4423 2693 4505 producendi
2739 4424 3187 4503 quodcumque
3239 4425 3504 4505 possibi-

2012 4524 2090 4593 le,
2145 4523 2292 4585 lieet
2342 4540 2455 4603 per
2502 4520 2895 4602 impossibile
2945 4522 3112 4583 Deus
3163 4538 3289 4583 non
3338 4530 3503 4585 esset

2011 4621 2269 4701 ubique.
2308 4656 2388 4664 -
2428 4618 2503 4679 Et
2545 4620 2897 4681 secundum
2941 4619 3083 4692 hoc,
3125 4619 3378 4681 videtur
3420 4628 3504 4681 te-

2009 4719 2217 4781 nenda
2258 4718 2551 4799 negativa
2598 4736 2742 4799 pars
2790 4717 3240 4791 conclusioniS,
3282 4717 3503 4779 videli-

2010 4825 2110 4880 cet
2154 4817 2322 4899 quod
2372 4815 2572 4897 possit
2612 4834 2794 4896 agere
2844 4814 2953 4875 ubi
3005 4833 3131 4876 non
3180 4821 3342 4887 esset
3394 4833 3506 4895 per

2011 4936 2249 4979 casum.
2287 4914 2362 4975 Et
2404 4912 2818 4975 confirmatur
2863 4914 2955 4975 sic
2999 4933 3011 4975 :
3055 4913 3115 4975 Si
3161 4913 3334 4974 enim
3378 4932 3507 4975 om-

2012 5014 2368 5097 nipotentia
2406 5019 2501 5074 est
2537 5012 2829 5073 voluntas
2866 5011 2943 5073 ad
2986 5010 3170 5089 cujus
3206 5011 3373 5073 velle
3411 5030 3504 5073 se-

2015 5114 2234 5196 quitur
2279 5130 2409 5173 rem
2454 5127 2613 5181 esse,
2649 5127 2847 5191 quum
2889 5107 3087 5189 possit
3125 5127 3306 5189 aeque
3342 5109 3505 5171 velle

2017 5213 2259 5274 distans
2318 5209 2483 5270 sicut
2530 5206 2985 5287 propinquum,
3036 5205 3290 5268 videtur
3337 5206 3505 5287 quod

2021 5310 2074 5372 si
2127 5306 2542 5388 Omnipotens
2602 5322 2715 5385 per
2767 5302 3165 5384 impossibile
3222 5310 3389 5365 esset
3442 5303 3508 5365 in
