4359 6250
609 516 695 564 AN
734 518 888 565 DEUS
926 519 1129 566 Possrr
1170 518 1517 565 PRAEcm-:RE
1557 518 1639 563 EA
1677 516 1812 573 QUAE
1851 518 2002 563 SUNT
2042 516 2278 563 CONTRA
2317 518 2436 563 Am·
2475 516 2724 563 PRAETER
2760 515 3160 561 VOLUNTATEM‘
3198 513 3362 560 SUAH
3421 490 3539 557 647

444 708 525 751 an
566 688 764 771 possit
805 696 1024 752 eontra
1060 708 1135 751 ea
1173 689 1538 772 praecipere.
1572 689 1699 751 Nec
1732 695 1937 771 potest
1968 688 2018 749 A
2049 706 2176 750 non
2218 695 2432 749 autem
2474 688 2579 750 illa
2619 707 2760 769 quae
2796 685 3026 767 jubent
3061 685 3203 747 fieri
3245 684 3412 748 bona
3449 701 3542 745 se-

444 796 661 851 contra
688 807 764 850 ea
794 788 1496 871 praecipere,loquendo
1527 787 1935 868 conjunctim,

444 886 534 949 ita
574 894 644 948 ut
688 894 907 950 contra
950 906 1024 949 ea
1066 887 1414 968 praecipiat,
1448 894 1511 948 et
1556 895 1764 949 tamen
1809 904 1937 948 ma-

444 984 577 1047 lum
612 984 695 1047 sit
723 1004 906 1066 agere
938 992 1156 1048 contra
1186 1003 1280 1057 ea,
1316 984 1483 1045 sieut
1519 984 1647 1064 jam
1691 985 1933 1047 dictum

440 1092 553 1145 est.
605 1121 688 1130 —
734 1084 876 1147 Haec
934 1084 1055 1145 tria
1103 1083 1375 1146 videnda
1434 1090 1599 1145 sunt.
1653 1084 1934 1146 Primum

440 1189 557 1254 est,
598 1181 753 1262 quid
797 1182 875 1243 sit
921 1181 1328 1262 dispensatio.
1367 1181 1751 1254 Secundum,
1794 1201 1935 1263 quae

439 1286 755 1361 praecepta
804 1279 931 1341 sint
979 1279 1453 1361 dispensabilia.
1504 1282 1807 1355 Tertium,
1854 1302 1933 1343 an

438 1376 505 1439 in
564 1378 899 1459 praeceptis
952 1378 1241 1459 Decalogi
1294 1380 1474 1441 cadat
1522 1379 1928 1462 dispensatio.

435 1510 517 1521 —
547 1476 859 1549 Quantum
911 1477 988 1537 ad
1041 1477 1345 1558 primum,
1382 1478 1714 1540 sciendum
1764 1479 1929 1561 quod

437 1575 559 1636 tria
595 1575 728 1637 haec
759 1574 1090 1648 differunt,
1128 1575 1565 1657 interpretatio
1606 1577 1928 1658 praecepti,

437 1673 847 1755 dispensatio,
880 1683 942 1736 et
974 1674 1308 1737 revocatio.
1343 1675 1746 1756 Interpretari
1781 1694 1934 1756 prae-

436 1780 718 1853 ceptum,
750 1780 847 1833 est
878 1772 1025 1834 dare
1056 1771 1499 1835 rationabilem
1536 1772 1929 1835 intellectum

2048 786 2329 847 cundum
2363 804 2430 848 se
2457 786 2630 866 justa
2659 793 2721 847 et
2751 783 3106 848 necessaria
3134 784 3214 845 ad
3243 782 3536 854 salutem,

2046 884 2172 945 nisi
2221 884 2301 945 ab
2344 884 2436 946 eis
2481 883 2640 945 ratio
2678 882 2830 946 boni
2872 883 3078 946 valeat
3125 880 3425 944 amoveri.
3459 914 3541 925 —

2046 982 2190 1044 Haec
2253 982 2584 1044 Durandus
2648 997 2663 1043 z
2723 981 2835 1064 qui
2894 989 3206 1063 quantum
3272 979 3349 1041 ad
3412 986 3540 1041 ter-

2047 1081 2231 1153 tium,
2293 1081 2583 1161 sequitur
2639 1079 3116 1162 responsionem
3177 1085 3538 1161 praetactam

2044 1179 2407 1251 Alexandri,
2441 1180 2696 1241 Thomae
2737 1198 2811 1241 ac
2858 1180 3332 1249 Bonaventurae,
3367 1174 3540 1238 vide-

2047 1278 2216 1351 licet,
2262 1277 2534 1358 qualiter
2585 1285 2898 1359 praecepta
2947 1274 3236 1357 Decalogi
3284 1274 3537 1356 dispen-

2045 1376 2357 1438 sationem
2401 1376 2712 1458 recipiant
2754 1385 2862 1438 aut
2905 1394 3051 1437 non.

2123 1475 2450 1548 Praeterea,
2483 1475 2559 1536 ad
2591 1474 3007 1556 quaestionem
3042 1474 3225 1545 hanc,
3258 1491 3339 1533 an
3369 1472 3535 1533 Deus

2044 1579 2252 1653 potest
2283 1572 2628 1654 praecipere
2658 1572 2824 1653 quod
2857 1589 2982 1633 non
3015 1570 3173 1645 vult,
3197 1569 3537 1651 respondet

2042 1671 2376 1732 Durandus
2412 1687 2426 1731 ε
2458 1670 2572 1731 Hic
2603 1677 2697 1731 est
2734 1670 2968 1751 duplex
3000 1669 3224 1731 modus
3258 1667 3530 1729 dicendi.

2042 1768 2291 1831 Primus
2340 1775 2457 1841 est,
2504 1769 2671 1848 quod
2722 1769 2887 1829 Deus
2936 1774 3143 1849 potest
3193 1765 3536 1848 praecipere

438 1869 735 1950 praecepti
803 1888 877 1931 ao
943 1870 1397 1951 praecipientis,
1465 1888 1591 1932 non
1652 1871 1932 1934 tollendo
1968 1870 2015 1931 B
2044 1874 2107 1927 et
2135 1867 2517 1947 quandoque
2549 1866 2850 1947 praecepit
2880 1865 3046 1947 quod
3078 1882 3204 1925 non
3236 1863 3394 1932 vult,
3419 1882 3536 1925 nee

434 1966 884 2047 obligationem
920 1968 1219 2049 praecepti
1254 1968 1319 2029 in
1350 1968 1565 2049 aliquo
1602 1989 1613 2031 :
1649 1977 1710 2031 et
1744 1970 1929 2031 talem

435 2065 1022 2147 interpretationem
1082 2075 1291 2149 potest
1341 2066 1615 2147 quilibet
1661 2068 1809 2129 dare
1865 2068 1930 2129 in

432 2163 615 2225 valde
667 2162 1059 2243 manifestis3
1114 2164 1178 2226 in
1231 2164 1444 2227 dubiis
1495 2184 1645 2227 vero
1691 2172 1934 2247 spectat

431 2261 509 2323 ad
545 2280 691 2323 eum
728 2262 836 2343 qui
875 2262 1157 2324 condidit
1193 2263 1418 2344 legem,
1453 2264 1553 2325 vel
1596 2264 1673 2325 ad
1716 2282 1931 2345 parem

433 2366 539 2421 aut
582 2359 997 2441 superiorem.
1038 2360 1438 2442 Dispensatio
1480 2370 1695 2423 autem
1736 2370 1797 2424 et
1842 2381 1935 2424 re-

434 2458 679 2520 vocatio
718 2458 1069 2539 important
1100 2459 1486 2521 amotionem
1526 2459 1933 2541 obligationis

436 2556 757 2638 praecepti,
810 2556 922 2618 sed
970 2556 1347 2619 differenter
1394 2575 1408 2618 ε
1456 2558 1758 2639 quoniam
1808 2558 1933 2619 dis-

436 2654 723 2735 pensatio
755 2653 1055 2735 importat
1084 2654 1205 2715 hoc
1236 2653 1299 2714 in
1334 2673 1505 2727 casu,
1531 2664 1593 2716 et
1623 2663 1931 2736 quantum

435 2752 512 2813 ad
551 2752 801 2833 aliqua3
846 2751 1161 2814 revocatio
1191 2769 1343 2814 vero
1376 2752 1663 2814 absolute
1705 2754 1935 2834 impor-

437 2855 521 2911 tat
580 2849 987 2930 obligationis
1046 2850 1453 2913 amotionem.
1517 2886 1591 2897 —
1649 2851 1931 2933 Denique

438 2954 901 3028 praeceptorum
952 2948 1390 3028 negativorum
1443 2949 1731 3030 quiedam
1786 2955 1933 3009 sunt

2045 1964 2370 2027 voluntate
2414 1964 2827 2026 antecedente
2875 1982 2992 2025 nec
3045 1969 3471 2043 consequente
3519 1978 3533 2023 ε

2045 2069 2114 2124 ut
2154 2062 2277 2123 fuit
2313 2064 2390 2124 de
2433 2061 2865 2123 immolatione
2903 2062 3090 2122 Isaac.
3125 2059 3302 2133 Quod
3337 2078 3538 2140 quum
3570 2080 3828 2133 Gen.xxn,2.

2047 2180 2172 2223 non
2234 2160 2427 2223 fuerit
2479 2160 2920 2241 adimpletum,
2974 2158 3282 2220 non'fuit
3327 2176 3364 2219 a
3411 2158 3540 2219 Deo

2022 2260 2311 2322 'volitum
2343 2258 2668 2322 voluntate
2709 2264 3157 2338 consequente,
3192 2274 3308 2317 nec
3347 2255 3536 2317 etiam

2047 2359 2368 2422 voluntate
2415 2356 2826 2418 antecedente
2862 2372 2874 2415 :
2912 2354 3060 2436 quia
3101 2353 3392 2415 voluntas
3435 2372 3542 2415 an-

2046 2458 2338 2519 tecedens
2382 2462 2444 2518 et
2487 2472 2882 2535 consequens
2926 2471 3050 2514 non
3097 2459 3244 2514 sunt
3291 2452 3544 2534 opposi-

2046 2564 2144 2629 ta»,
2178 2563 2248 2617 ut
2288 2554 2457 2636 quod
2501 2572 2625 2615 una
2664 2552 2839 2626 velit,
2873 2569 2999 2613 non
3039 2550 3190 2612 velit
3237 2549 3378 2611 alia.
3415 2550 3541 2612 Nec

2048 2654 2188 2716 ideo
2219 2652 2343 2715 fuit
2371 2651 2550 2714 fictio
2580 2652 2647 2712 in
2678 2649 3046 2732 hujusmodi
3075 2647 3542 2729 jussione,quia

2048 2772 2159 2835 per
2193 2771 2332 2813 eam
2372 2751 2616 2833 aliquid
2656 2748 3160 2830 significabatur,
3196 2754 3267 2807 ut
3305 2746 3372 2808 in
3412 2765 3539 2808 me-

2047 2849 2393 2931 taphoricis
2444 2846 2950 2931 parabolicisque
3000 2844 3422 2907 sermonibus
3461 2880 3542 2890 —-

2043 2948 2185 3009 Alia
2215 2946 2446 3028 positio
2475 2954 2570 3007 est
2602 2946 2862 3007 omnino
2900 2943 3235 3018 contraria,
3268 2950 3330 3005 et
3360 2942 3536 3017 dicit,

437 3046 515 3107 de
548 3046 731 3107 malis
772 3066 913 3128 quae
942 3064 1070 3108 non
1111 3054 1323 3108 essent
1355 3047 1519 3109 mala
1559 3047 1681 3107 nisi
1724 3054 1935 3109 essent
1972 3044 2015 3108 C
2048 3046 2216 3128 quod
2267 3045 2432 3106 Deus
2481 3062 2608 3106 non
2660 3043 2859 3125 possit
2907 3041 3252 3125 praecipere
3298 3040 3540 3123 aliquid

438 3146 806 3228 prohibita:
843 3154 911 3207 ut
956 3165 1079 3208 non
1126 3147 1458 3208 comedere
1508 3165 1727 3208 carnes
1778 3146 1937 3208 seria

438 3253 630 3306 sexta.
666 3245 807 3307 Alia
846 3251 995 3306 sunt
1026 3245 1101 3307 de
1138 3245 1321 3306 malis
1362 3246 1711 3306 secundum
1744 3263 1833 3316 se,
1869 3251 1937 3304 ut

436 3343 799 3405 adulterari.
836 3342 1060 3405 Omnia
1103 3342 1317 3423 itaque
1360 3351 1675 3425 praecepta
1724 3341 1935 3423 prohi-

436 3439 639 3503 bitiva
682 3458 903 3502 eorum
948 3460 1089 3521 qum
1133 3440 1299 3502 mala
1342 3447 1490 3500 sunt
1532 3440 1681 3521 quia
1724 3439 1935 3522 prohi-

438 3539 591 3612 bita,
626 3546 776 3600 sunt
819 3538 1275 3620 dispensabilia
1310 3556 1322 3600 :
1358 3537 1508 3619 quia
1548 3538 1628 3600 ab
1667 3537 1757 3599 eis
1798 3537 1934 3600 tolli

439 3643 646 3719 potest
695 3636 975 3698 conditio
1034 3654 1277 3717 ponens
1338 3635 1645 3697 rationem
1701 3634 1931 3697 illiciti.

437 3735 615 3799 Unde
674 3733 727 3797 si
787 3735 953 3816 Papa
1011 3741 1334 3797 revocaret
1394 3733 1934 3816 quadragesimale

434 3833 783 3916 jejunium,
817 3832 1033 3894 nullus
1067 3831 1457 3914 obligaretur
1492 3833 1569 3894 ad
1611 3832 1787 3894 illud.
1824 3833 1935 3895 Ra-

436 3934 526 3996 tio
554 3931 798 4014 quippe
833 3930 1037 3992 illiciti
1075 3931 1140 3992 in
1173 3931 1429 4004 ta'libuS,
1464 3938 1560 3992 est
1591 3931 1937 4012 prohibitio

436 4032 671 4104 solum,
732 4049 926 4112 quam
988 4037 1198 4111 potest.
1254 4047 1549 4092 amovere
1608 4029 1718 4112 qui
1785 4028 1933 4092 fecit

436 4150 599 4193 eam.
635 4130 953 4210 Praecepta
989 4145 1139 4191 vero
1183 4127 1589 4211 prohibentia
1636 4128 1801 4190 mala
1842 4148 1938 4190 se-

2047 3145 2215 3226 quod
2250 3143 2426 3206 nullo
2459 3144 2646 3205 modo
2673 3143 2832 3217 vult,
2866 3161 2982 3204 nec
3014 3142 3337 3204 voluntate
3368 3148 3540 3203 ante-

2048 3244 2314 3305 cedente
2353 3260 2471 3304 nec
2510 3249 2957 3323 consequente.
2993 3241 3168 3314 Quod
3207 3239 3417 3321 primo
3449 3238 3542 3300 sie

2048 3341 2274 3422 probat.
2307 3359 2321 3402 ι
2355 3342 2521 3402 Deus
2570 3339 2707 3402 vult
2757 3339 3081 3401 voluntate
3131 3338 3542 3400 antecedente

2045 3457 2236 3501 omne
2269 3439 2330 3500 id
2363 3439 2530 3521 quod
2563 3439 2639 3499 ad
2670 3437 2912 3518 aliquid
2946 3436 3228 3514 ordinat3
3263 3435 3372 3498 sed
3401 3434 3542 3516 qui-

2045 3556 2322 3618 cumque
2364 3535 2652 3618 praeoipit
2690 3535 2954 3615 aliquid,
2989 3534 3128 3614 ipso
3169 3532 3335 3594 facto
3374 3532 3539 3594 ordi-

2045 3643 2153 3696 nat
2186 3635 2248 3697 id
2280 3634 2450 3716 quod
2486 3633 2773 3716 praecipit
2806 3650 2819 3693 :
2858 3631 3049 3712 igitur
3078 3649 3154 3694 eo
3191 3630 3330 3712 ipso
3369 3631 3536 3711 quod

2045 3736 2212 3797 Deus
2242 3733 2483 3814 aliquid
2516 3731 2822 3813 praecipit,
2857 3729 2995 3791 vult
3024 3729 3183 3791 illud
3215 3728 3537 3791 voluntate

2044 3833 2476 3895 antecedente.
2511 3829 2821 3902 Secundo,
2863 3829 3030 3890 Deus
3068 3827 3394 3889 voluntate
3431 3845 3538 3888 an-

2045 3930 2373 3993 tecedente
2413 3927 2548 3991 vult
2589 3945 2809 3988 omnes
2848 3925 3140 3988 homines
3179 3924 3386 3987 salvos
3423 3922 3537 3986 sie·
3565 3942 3771 3996 ιτεηωι,
3815 3974 3826 3986 .

2045 4029 2121 4104 ri,
2174 4035 2238 4092 et
2286 4036 2495 4089 tamen
2545 4025 2869 4088 voluntate
2927 4030 3352 4105 consequente
3399 4021 3538 4084 vult

2044 4128 2283 4190 multos
2341 4123 2624 4187 damnari
2678 4140 2692 4184 :
2745 4140 2894 4202 ergo
2942 4121 3265 4184 voluntate
3322 4138 3538 4183 conse-

436 4228 723 4290 cundum
766 4245 855 4299 se,
889 4233 1038 4287 sunt
1077 4225 1555 4307 dispensabilia,
1589 4226 1935 4287 dummodo
1965 4229 2015 4289 D
2046 4232 2281 4307 quente
2311 4223 2448 4286 vult
2478 4221 2843 4303 oppositum
2883 4219 3024 4300 ejus
3064 4219 3231 4301 quod
3263 4218 3400 4281 vult
3428 4235 3536 4280 vo-

437 4325 598 4389 ratio
658 4323 807 4386 mali
869 4331 1061 4405 queat
1119 4322 1432 4386 removeri
1490 4323 1569 4384 ab
1627 4322 1757 4400 eis3
1809 4342 1933 4384 non

437 4423 615 4496 aliaS,
669 4429 739 4484 ut
786 4428 937 4483 sunt
987 4421 1353 4484 communia
1409 4421 1572 4501 juris
1634 4421 1937 4482 naturalis

440 4529 778 4603 praecepta,
828 4519 1125 4582 videlicet
1174 4537 1302 4582 non
1351 4538 1487 4581 esse
1541 4519 1703 4581 male
1753 4538 1938 4600 agen-

442 4620 620 4692 dum,
646 4636 762 4679 nec
794 4616 1083 4680 debitum
1115 4616 1640 4691 subtrahendum,
1666 4635 1939 4698 quorum

444 4713 738 4799 opposita
783 4713 1121 4775 includunt
1166 4714 1404 4775 malum
1450 4715 1655 4796 culpae
1694 4715 1761 4776 in
1804 4734 1943 4797 pro-

448 4812 589 4896 pria
643 4812 883 4875 ratione
941 4831 955 4875 ε
1012 4812 1155 4874 ideo
1216 4812 1739 4895 indispensabilia
1795 4821 1943 4876 sunt

451 4907 765 4992 praecepta
806 4910 1115 4972 malorum
1150 4909 1371 4972 talium
1416 4910 1818 4993 prohibitiva.
1856 4911 1944 4972 Si-

452 5008 688 5071 militer
736 5007 1079 5069 dicendum
1129 5008 1206 5069 de
1256 5007 1662 5069 affirmativis
1713 5027 1943 5090 praece-

452 5107 597 5189 ptis.
632 5105 789 5198 Nam
832 5105 1121 5187 quaedam
1171 5106 1550 5189 praecipiunt
1590 5105 1759 5168 bona
1800 5106 1946 5168 fieri

452 5223 595 5286 quae
634 5203 992 5266 necessaria
1033 5221 1159 5266 non
1200 5212 1348 5265 sunt
1388 5204 1465 5265 ad
1510 5203 1779 5266 salutem
1824 5203 1945 5264 nisi

454 5302 607 5384 quia
637 5311 952 5385 praecepta
985 5309 1085 5365 :et
1114 5301 1247 5366 haec
1283 5308 1427 5363 sunt
1461 5299 1945 5383 dispensabilia;

2048 4324 2288 4385 luntate
2337 4320 2766 4382 antecedente.
2815 4319 2942 4382 Nec
2992 4325 3201 4379 tamen
3251 4316 3386 4380 istae
3430 4335 3538 4379 vo-

2048 4421 2323 4482 luntates
2371 4426 2520 4480 sunt
2563 4417 2627 4478 in
2671 4418 2800 4480 Deo
2846 4416 3196 4490 contrariae,
3239 4416 3542 4498 quoniam

2048 4519 2341 4581 voluntas
2383 4516 2762 4578 antecedens
2809 4533 2933 4578 non
2973 4522 3066 4576 est
3105 4514 3397 4577 voluntas
3440 4513 3545 4576 ab·

2048 4617 2256 4680 soluta
2284 4623 2343 4677 et
2378 4607 2586 4696 plena,
2622 4615 2731 4676 sed
2769 4613 3215 4686 conditionata,
3250 4620 3313 4674 ct
3350 4631 3544 4694 quan-

2051 4723 2186 4794 tum
2218 4715 2296 4776 ad
2327 4713 2495 4794 quid,
2519 4719 2586 4774 ut
2618 4711 2860 4773 dictum
2891 4717 2987 4772 est
3017 4729 3197 4791 saepe.
3220 4709 3548 4772 Distinctio

2053 4829 2326 4893 namque
2372 4808 2718 4872 voluntatis
2766 4808 2997 4870 divinae
3047 4807 3108 4869 in
3155 4807 3543 4870 voluntatem

2052 4909 2531 4973 antecedentem
2591 4915 2652 4968 et
2701 4912 3216 4986 consequentem,
3268 4923 3394 4968 non
3453 4914 3548 4968 est

2054 5028 2130 5070 ex
2180 5013 2357 5089 parte
2405 5003 2771 5074 voluntatiS,
2815 5003 2879 5063 in
2931 5022 3054 5084 qua
3106 5022 3355 5065 summa
3402 5003 3551 5065 sim-

2056 5104 2306 5187 plicitas
2356 5111 2473 5177 est,
2508 5103 2618 5164 sed
2662 5100 3023 5162 volitorum.
3058 5101 3264 5163 Potest
3310 5102 3547 5164 etenim

2057 5201 2297 5284 aliquid
2341 5201 2574 5262 habere
2619 5198 2921 5261 rationem
2971 5199 3146 5261 voliti
3196 5200 3548 5262 secundum

2060 5300 2216 5383 quid
2247 5307 2302 5362 et
2338 5300 2688 5362 secundum
2716 5297 3024 5359 rationem
3056 5317 3237 5360 suam
3270 5298 3334 5360 in
3366 5317 3550 5380 gene-
