4359 6250
839 471 963 538 388

1474 496 1539 544 m
1579 498 1799 543 LIBRUM
1842 498 1863 542 1
1905 494 2388 542 SENTENTIARUH.
2435 512 2516 523 —
2556 496 2710 542 nlsT.
2755 496 2962 560 XXXV}
3004 495 3229 553 QUAEST.
3277 495 3322 542 11

840 679 967 725 non
1007 671 1123 740 est,
1167 666 1319 747 quia
1367 667 1633 730 scientia
1680 667 1867 749 plene
1907 664 2187 748 practica
2228 666 2334 727 de-
2364 665 2415 728 A
2447 663 2632 738 vinus
2665 664 3026 728 intellectus
3052 665 3318 728 dictavit
3347 671 3594 726 rectum
3624 681 3763 726 esse
3794 661 3950 724 fieri

840 761 1139 828 terminat
1169 765 1561 828 voluntatem
1600 766 1678 828 ad
1710 765 2053 827 volendum
2084 763 2332 846 operari

839 857 903 919 id
951 861 1119 940 quod
1181 862 1541 924 intellectus
1596 863 1913 945 practicus
1973 881 2086 944 per
2134 863 2334 924 scien-

835 955 991 1018 tiam
1052 961 1395 1040 practicam
1446 962 1642 1023 dictat
1690 961 2081 1043 operandum
2137 978 2150 1022 ε
2206 977 2333 1022 non

835 1054 1361 1121 determinatione
1428 1060 1819 1122 voluntatem
1887 1059 2330 1132 necessitante,

834 1154 984 1233 quia
1008 1155 1301 1218 voluntas
1332 1166 1546 1220 nostra
1577 1176 1643 1218 se
1670 1165 1875 1239 potest
1908 1175 2161 1220 movere
2194 1174 2335 1219 con-

832 1257 929 1312 tra
988 1252 1348 1316 intellectus
1396 1255 1735 1330 dictamen,
1789 1256 1898 1317 sed
1956 1255 2333 1317 determina-

832 1349 1005 1412 tione
1037 1350 1404 1414 inclinante.
1442 1354 1598 1415 Nam
1632 1354 1933 1435 quoniam
1970 1353 2330 1415 intellectus

830 1448 1100 1510 artificis
1139 1469 1252 1531 per
1288 1451 1621 1514 scientiam
1654 1452 2101 1514 aedisicativam
2133 1452 2329 1516 dictat

832 1545 1074 1628 lapides
1122 1567 1260 1610 esse
1316 1551 1641 1630 ponendos
1699 1551 1995 1613 deorsum
2046 1559 2109 1611 et
2159 1550 2330 1630 ligna

830 1662 1088 1707 sursum
1134 1647 1200 1707 in
1244 1647 1539 1722 aedificio,
1574 1648 1813 1711 idcirco
1850 1649 2143 1711 voluntas
2185 1648 2329 1709 arti-

830 1739 975 1804 ficis
1026 1743 1295 1825 imperat
1339 1745 1431 1808 sic
1480 1765 1619 1808 esse
1666 1746 1999 1827 agendum.
2046 1746 2183 1808 Non
2233 1747 2325 1808 sic

2447 764 2777 825 mundum.
2833 764 2934 826 Sic
2991 764 3184 845 igitur
3232 771 3404 845 patet
3453 763 3621 845 quod
3675 761 3950 824 scientia

2445 862 2557 923 Dei
2586 871 2879 944 respectu
2910 863 3182 924 aliorum
3211 882 3248 925 a
3275 881 3342 924 se
3375 881 3502 924 non
3530 870 3629 924 est
3660 860 3950 943 plenarie

2446 961 2724 1042 practica
2773 979 2887 1042 per
2937 961 3476 1042 comparationem
3524 960 3602 1023 ad
3651 959 3950 1022 volunta-

2444 1066 2596 1132 tem,
2649 1077 2766 1120 nec
2813 1067 3060 1120 tantum
3122 1059 3516 1142 speculativa
3565 1075 3580 1120 ε
3634 1057 3944 1139 quoniam

2443 1157 2566 1219 nisi
2626 1156 2987 1219 intellectus
3047 1158 3427 1220 ostendisset
3481 1156 3793 1218 voluntati
3851 1154 3950 1217 fa-

2442 1256 2717 1318 ctionem
2770 1257 3013 1329 mundi,
3057 1256 3274 1319 divina
3319 1256 3614 1318 voluntas
3665 1273 3792 1317 non
3835 1272 3950 1316 vo-

2442 1355 2665 1416 luisset
2708 1354 2850 1416 l'ieri
2893 1355 3225 1428 mu'ndum,
3266 1355 3568 1437 quoniam
3613 1353 3800 1427 velle,
3841 1372 3947 1414 se-

2441 1452 2722 1514 cundum
2789 1453 3098 1515 rationem
3163 1453 3582 1534 intelligendi,
3645 1452 3950 1533 sequitur

2438 1551 2718 1632 aliquam
2767 1551 3216 1632 cognitionem.
3265 1551 3476 1613 Factio
3527 1550 3724 1631 igitur
3772 1568 3948 1612 crea-

2439 1657 2596 1712 turae
2625 1650 2940 1731 dependet
2964 1669 3000 1711 a
3029 1650 3297 1714 scientia
3326 1668 3518 1732 quam
3551 1650 3718 1711 Deus
3749 1648 3946 1710 habet

2438 1746 2516 1808 de
2576 1754 2904 1825 creatura3
2955 1755 3018 1808 et
3067 1747 3231 1808 velle
3288 1746 3497 1809 facere
3555 1753 3941 1818 creaturam,

827 1848 1041 1902 autem
1080 1861 1148 1904 se
1186 1843 1410 1905 habuit
1440 1845 1706 1906 scientia
1744 1846 1965 1906 mundi
2008 1844 2326 1926 producti-
2362 1845 2408 1906 B
2439 1845 2873 1926 praesupponit
2924 1846 3276 1907 secundum
3337 1845 3648 1907 rationem
3706 1843 3946 1906 intelli-

828 1959 907 2001 va
946 1938 1011 2002 in
1053 1939 1377 2004 intellectu
1422 1943 1640 2005 divino
1682 1944 1759 2004 ad
1800 1943 2192 2005 voluntatem
2237 1944 2328 2006 di—

826 2037 1061 2100 vinam.
1098 2040 1235 2102 Non
1274 2041 1447 2102 enim
1488 2042 1638 2122 quia
1668 2042 1923 2104 divinus
1965 2042 2324 2104 intellectus

825 2135 1093 2216 dictavit
1123 2137 1363 2200 bonum
1398 2158 1536 2201 esse
1569 2141 1881 2202 mundum
1923 2141 2145 2215 creari,
2183 2141 2326 2204 ideo

821 2235 1041 2299 divina
1073 2237 1367 2302 voluntas
1407 2238 1743 2321 imperavit
1778 2246 1847 2301 ut
1879 2240 2155 2302 mundus
2191 2259 2323 2302 cre-

822 2341 1072 2413 aretur3
1116 2337 1226 2397 sed
1274 2336 1427 2417 quia
1468 2337 1762 2399 voluntas
1812 2337 2015 2400 voluit
2063 2339 2324 2402 creatio-

822 2450 971 2493 nem
1017 2434 1238 2496 mundi
1286 2435 1591 2510 futuram,
1637 2435 1781 2498 ideo
1826 2435 2189 2498 intellectus
2234 2437 2325 2498 di-

821 2531 1011 2593 vinus
1069 2533 1348 2596 dictabat
1408 2542 1653 2596 rectum
1718 2552 1855 2596 esse
1918 2542 1986 2596 ut
2045 2536 2322 2597 mundus

822 2639 1145 2692 crearetur
1187 2649 1201 2693 :
1247 2632 1333 2694 ita
1375 2632 1545 2714 quod
1590 2631 1911 2694 dictamen
1960 2632 2321 2696 intellectus

822 2745 950 2791 non
999 2729 1449 2792 determinavit
1488 2730 1879 2793 voluntatem
1929 2731 2007 2793 ad
2058 2731 2176 2793 hoc
2218 2749 2323 2794 vo-

820 2826 1106 2900 lendum,
1140 2828 1251 2889 sed
1282 2828 1587 2890 voluntas
1636 2829 1755 2891 hoc
1800 2828 2071 2891 volendo
2119 2830 2322 2891 deter-

822 2924 1090 2987 minavit
1149 2925 1545 2987 intellectum
1605 2927 1682 2986 ad
1742 2926 1863 2988 hoc
1922 2926 2313 2989 dictandum.

2436 1943 2648 2023 gendi,
2701 1943 3036 2005 scientiam
3084 1944 3162 2005 de
3213 1951 3499 2005 creatura
3550 1961 3565 2004 ε
3617 1950 3681 2004 et
3727 1943 3942 2024 quoad

2437 2041 2578 2114 hoc,
2631 2041 2898 2103 scientia
2946 2041 3056 2102 Dei
3108 2049 3399 2122 respectu
3454 2041 3728 2102 aliorum
3775 2059 3812 2102 a
3861 2059 3942 2102 se

2437 2139 2715 2221 practica
2752 2149 2849 2202 est
2881 2158 2994 2222 per
3022 2140 3560 2222 comparationem
3600 2140 3678 2201 ad
3701 2131 3939 2202 'volun-

2436 2244 2647 2300 tatem.

2515 2336 2577 2398 Si
2621 2343 2834 2398 autem
2884 2335 3248 2416 objiciatur,
3291 2337 3460 2417 quod
3509 2335 3778 2398 scientia
3817 2335 3936 2398 Dei

2433 2440 2529 2494 est
2573 2453 2699 2496 una
2746 2453 2872 2516 qua
2921 2435 3246 2516 cognoscit
3292 2453 3358 2496 se
3408 2433 3622 2516 ipsum
3669 2443 3732 2496 et
3769 2433 3938 2514 alia3

2433 2533 2543 2594 scd
2573 2533 2840 2594 scientia
2865 2551 2990 2614 qua
3022 2533 3344 2613 cognoscit
3374 2551 3463 2606 se,
3481 2541 3578 2594 est
3605 2552 3763 2614 pure
3793 2551 3940 2615 spe-

2433 2630 2709 2693 culativa
2741 2648 2754 2692 :
2788 2649 2936 2711 ergo
2975 2639 3036 2692 et
3075 2630 3216 2692 alia.
3251 2665 3332 2676 —
3368 2631 3932 2713 Respondendum,

2432 2730 2600 2811 quod
2645 2728 2938 2811 quamvis
2983 2729 3066 2790 sit
3106 2749 3250 2803 una,
3287 2736 3496 2790 tamen
3541 2728 3662 2790 sub
3698 2729 3822 2790 alia
3863 2737 3938 2790 et

2430 2827 2555 2888 alia
2587 2827 2828 2889 ratione
2860 2834 2923 2888 et
2952 2826 3159 2909 quoad
3191 2827 3442 2889 diversa
3469 2826 3738 2907 objecta,
3757 2845 3935 2889 com-

2431 2933 2656 3008 petunt
2700 2925 2821 2987 sibi
2868 2925 3137 2987 diversa.
3173 2961 3254 2970 —
3291 2925 3434 2988 Haec
3475 2925 3846 2988 RicharduS.

819 3021 995 3095 Quod
1039 3023 1132 3085 sic
1178 3030 1366 3104 patet.
1403 3023 1670 3085 Divinus
1718 3023 2077 3085 intellectus
2122 3025 2317 3087 dicta·
2355 3025 2400 3090 C
2520 3022 2715 3104 Cujus
2783 3023 3262 3104 responsionem
3327 3022 3652 3084 recitative
3721 3022 3932 3102 magis

818 3119 913 3183 vit
943 3128 1187 3183 rectum
1218 3140 1355 3183 esse
1390 3130 1457 3183 ut
1488 3121 1765 3184 mundus
1796 3121 2321 3206 fieret,quoniam

818 3226 1063 3281 rectum
1095 3228 1227 3282 erat
1255 3227 1324 3281 ut
1353 3220 1551 3282 fieret.
1570 3220 1705 3282 Non
1734 3240 1884 3302 ergo
1916 3230 2155 3284 rectum
2185 3232 2319 3285 erat

829 3325 901 3379 ut
930 3316 1117 3381 fieret
1156 3320 1435 3381 mundus
1472 3319 1624 3401 quia
1656 3319 1913 3381 divinus
1955 3321 2316 3383 intellectus

818 3415 1097 3480 dictabat
1146 3424 1390 3479 rectum
1440 3436 1577 3480 esse
1628 3426 1697 3480 ut
1744 3420 2020 3481 mundus
2068 3419 2256 3482 fieret
2298 3440 2338 3484 :⁴

827 3515 1013 3578 aliter
1052 3516 1225 3578 enim
1269 3523 1435 3578 esset
1474 3516 1823 3580 circulatio.
1869 3518 2030 3600 Ergo
2069 3528 2314 3581 rectum

817 3613 942 3675 fuit
973 3621 1042 3675 ut
1074 3615 1348 3677 mundus
1379 3614 1579 3687 fieret,
1593 3616 1746 3697 quia
1774 3616 1992 3678 divina
2022 3617 2315 3679 voluntas

818 3713 939 3775 hoc
990 3711 1259 3776 volebat.
1308 3713 1471 3794 Ergo
1518 3732 1555 3775 a
1603 3714 1812 3795 primo
1858 3716 1936 3776 ad
1988 3716 2311 3789 ultimum,

819 3811 971 3892 quia
1008 3812 1175 3873 Deus
1214 3811 1466 3874 volebat
1509 3820 1579 3873 ut
1616 3814 1892 3874 mundus
1930 3812 2137 3888 fieret,
2173 3813 2315 3876 ideo

818 3909 1075 3970 divinus
1116 3909 1475 3971 intellectus
1506 3910 1770 3973 dictavit
1800 3918 2043 3973 rectum
2076 3930 2215 3973 esse
2249 3920 2316 3973 ut

816 4006 1022 4069 fieret.
1058 4007 1380 4083 Praeterea,
1419 4008 1473 4069 si
1518 4008 1776 4070 divinus
1822 4008 2183 4072 intellectus
2227 4009 2316 4071 di-

818 4112 1046 4167 ctasset
1094 4112 1339 4167 rectum
1382 4124 1520 4167 esse
1567 4114 1636 4167 ut
1682 4107 1865 4169 fieret
1911 4108 2210 4182 munduS,
2253 4116 2316 4169 et

2429 3142 2622 3204 quam
2655 3123 2960 3185 assertive
2999 3139 3451 3195 commemom,
3485 3120 3786 3203 quoniam
3827 3121 3928 3183 in-

2431 3222 2652 3283 tricata
2681 3229 2744 3283 et
2773 3221 3044 3284 obscura
3073 3221 3346 3295 videtur,
3380 3229 3445 3282 et
3474 3220 3674 3282 multa
3705 3228 3928 3281 contra

2427 3338 2568 3381 eam
2598 3319 2793 3399 objici
2837 3326 3115 3402 possent,
3149 3326 3335 3401 prout
3367 3336 3482 3381 suo
3522 3318 3658 3381 loco
3689 3318 3926 3400 poterit

2427 3418 2618 3498 tangi.

2506 3516 2802 3578 Albertus
2834 3522 3046 3577 autem
3080 3515 3333 3578 videtur
3363 3515 3598 3577 sentire
3631 3515 3750 3577 hoc
3781 3514 3927 3577 loco

2426 3616 2592 3677 sicut
2636 3614 2985 3689 L'dalricus,
3030 3614 3198 3696 quod
3242 3613 3509 3675 scientia
3554 3613 3662 3675 Dei
3709 3632 3926 3695 respe-

2426 3722 2531 3776 ctu
2575 3714 2844 3777 aliorum
2871 3732 2926 3774 ·a
2967 3732 3034 3775 se
3078 3712 3170 3773 sit'
3203 3710 3500 3794 practica.

2503 3812 2692 3875 Porro
2724 3811 2789 3873 in
2822 3812 3028 3893 prima
3058 3818 3235 3893 parte
3266 3809 3544 3872 Summae
3575 3828 3726 3884 suae,
3749 3829 3922 3892 quae-

2425 3911 2628 3973 stione
2689 3910 3181 3992 quartadecima,
3240 3908 3522 3990 loquitur
3577 3909 3846 3971 Thomas
3901 3928 3918 3973 τ

2425 4011 2589 4071 Deus
2621 4010 2698 4071 de
2730 4028 2798 4070 se
2831 4008 2969 4089 ipso
2999 4006 3192 4069 habet
3222 4006 3557 4069 scientiam
3588 4007 3925 4089 speculati·
3991 4038 4095 4077 m,
4121 4050 4218 4079 m,

2426 4126 2568 4170 vam
2609 4114 2878 4178 tantum,
2913 4105 3216 4188 quoniam
3254 4123 3382 4168 non
3421 4113 3518 4166 est
3547 4104 3916 4187 operabilis.

817 4201 936 4263 hoc
996 4201 1175 4282 prius
1234 4202 1534 4264 dictasset
1590 4203 1942 4265 secundum
2001 4204 2322 4267 rationem
2344 4211 2393 4273 D
2425 4207 2510 4268 De
2534 4206 2676 4267 aliis
2699 4224 2849 4268 vero
2875 4203 3069 4267 habet
3097 4204 3429 4266 scientiam
3459 4204 3920 4286 speculativam

818 4299 1237 4380 intelligendi,
1272 4319 1465 4382 quam
1496 4300 1789 4363 voluntas
1830 4302 1949 4364 hoc
1984 4302 2310 4376 voluisset,

818 4416 946 4459 non
990 4399 1299 4480 potuisset
1342 4398 1612 4461 dictasse
1662 4400 2069 4462 contrarium.
2106 4402 2314 4475 Quum

818 4516 969 4579 ergo
1016 4497 1307 4561 voluntas
1357 4498 1574 4560 divina
1620 4518 1658 4561 a
1706 4500 1909 4562 divini
1968 4501 2313 4564 dictamine

820 4596 1180 4660 intellectus
1220 4596 1581 4659 discordare
1616 4616 1742 4660 non
1785 4599 2005 4681 possit,
2039 4601 2204 4662 Deus
2235 4602 2313 4662 de

819 4697 1193 4759 necessitate
1262 4695 1565 4758 voluisset
1636 4698 1948 4759 mundum
2015 4718 2230 4761 creare
2295 4718 2309 4761 :

819 4796 988 4880 quod
1033 4794 1265 4857 falsum
1314 4803 1427 4856 est.
1475 4795 1577 4857 Sic
1624 4795 1817 4875 igitur
1860 4796 2059 4877 priuS,
2093 4817 2315 4860 secun-

817 4897 972 4958 dum
1015 4893 1324 4957 rationem
1372 4893 1791 4975 intelligendi,
1833 4895 2089 4958 divinus
2136 4896 2315 4959 intel-

818 4994 1018 5055 lectus
1060 4992 1391 5074 proposuit
1421 4991 1523 5054 vel
1563 4993 1839 5055 ostendit
1877 4993 2188 5056 voluntati
2228 4994 2316 5057 fa-

818 5092 1092 5154 ctionem
1137 5092 1380 5165 mundi‚
1415 5111 1543 5154 non
1587 5092 1885 5155 dictando
1924 5092 2043 5155 hoc
2082 5092 2312 5156 debere

816 5188 961 5251 fieri
995 5190 1093 5252 vel
1136 5207 1263 5251 non
1302 5188 1533 5251 debere
1566 5189 1748 5268 sieri3
1786 5191 2066 5254 secundo
2097 5191 2314 5253 divina

818 5288 1109 5350 voluntas
1152 5288 1353 5351 voluit
1400 5289 1713 5350 mundum
1762 5288 1943 5367 fieri3
1988 5290 2173 5352 tertio
2222 5291 2313 5351 di-

2423 4314 2486 4367 et
2527 4305 2869 4387 practicam
2906 4323 2919 4367 :
2953 4302 3435 4386 speculativam,
3479 4310 3789 4385 quantum
3837 4304 3920 4365 ad

2426 4404 2684 4466 modum
2710 4392 2952 4464 sciendi
2974 4404 3072 4483 (ut
3098 4401 3340 4463 dictum
3366 4402 3518 4481 est.);
3547 4401 3914 4482 practicam,
3973 4438 4028 4479 p.
4055 4430 4144 4468 aa:
4160 4428 4234 4473 nn
4309 4402 4311 4470 j

2422 4508 2732 4583 quantum
2780 4500 2856 4562 ad
2905 4518 3040 4561 rem
3090 4498 3315 4561 scitam
3354 4499 3524 4579 (quae
3570 4497 3918 4580 operabilis

2422 4607 2538 4673 est,
2573 4600 2670 4662 vel
2711 4618 2902 4681 quam
2945 4598 3010 4659 in
3051 4597 3268 4679 aliquo
3299 4603 3582 4678 tempore
3621 4597 3819 4677 facit),
3849 4606 3915 4659 et

2425 4699 2576 4760 item
2625 4705 2937 4780 quantum
2976 4696 3052 4758 ad
3101 4695 3326 4769 finem,
3369 4695 3537 4757 sicut
3582 4714 3775 4777 quam
3823 4714 3920 4758 re-

2425 4796 2546 4859 fert
2601 4797 2680 4858 ad
2737 4814 2917 4877 opuS.
2983 4794 3216 4857 Eorum
3275 4812 3426 4857 vero
3483 4813 3626 4875 quae
3679 4794 3798 4856 scit
3853 4803 3920 4855 et

2424 4914 2750 4976 nunquam
2794 4893 2967 4967 facit,
3001 4909 3128 4954 non
3168 4891 3360 4954 habet
3399 4891 3734 4954 scientiam
3776 4910 3922 4973 pra-

2423 4994 2652 5055 cticam
2703 5000 2892 5075 prout
2950 4990 3218 5054 scientia
3276 4990 3512 5052 dicitur
3560 4990 3838 5071 practica
3883 5009 3925 5052 a

2423 5093 2574 5155 fine.
2609 5092 2799 5155 Porro
2840 5091 3004 5152 mala
3033 5089 3258 5171 culpae,
3294 5088 3588 5170 quamvis
3627 5106 3756 5151 non
3793 5088 3922 5151 sint

2422 5210 2458 5253 a
2488 5192 2617 5253 Deo
2646 5188 3017 5272 operabilia,
3053 5196 3264 5249 tamen
3305 5186 3424 5249 sub
3464 5186 3742 5268 practica
3779 5186 3922 5269 ejus

2425 5288 2696 5352 scientia
2743 5287 2997 5361 cadunt,
3044 5286 3211 5348 sicut
3258 5292 3322 5347 et
3368 5284 3557 5359 bona,
3605 5284 3673 5346 in
3721 5305 3924 5367 quan·-
