<?xml version="1.0" encoding="UTF-8"?>
<!DOCTYPE html PUBLIC "-//W3C//DTD XHTML 1.0 Transitional//EN"
    "http://www.w3.org/TR/xhtml1/DTD/xhtml1-transitional.dtd">
<html xmlns="http://www.w3.org/1999/xhtml" xml:lang="en" lang="en">
 <head>
  <title>
</title>
<meta http-equiv="Content-Type" content="text/html;charset=utf-8" />
  <meta name='ocr-system' content='tesseract 3.04.00' />
  <meta name='ocr-capabilities' content='ocr_page ocr_carea ocr_par ocr_line ocrx_word'/>
</head>
<body>
  <div class='ocr_page' id='page_1' title='image "./doctorisecstati11unkngoog_0043.png"; bbox 0 0 4359 6250; ppageno 0'>
   <div class='ocr_carea' id='block_1_1' title="bbox 1040 455 3501 528">
    <p class='ocr_par' dir='ltr' id='par_1_1' title="bbox 1040 455 3501 528">
     <span class='ocr_line' id='line_1_1' title="bbox 1040 455 3501 528; baseline -0.001 -8"><span class='ocrx_word' id='word_1_1' title='bbox 1040 475 1122 520; x_wconf 73' lang='lat' dir='ltr'>AN</span> <span class='ocrx_word' id='word_1_2' title='bbox 1165 473 1420 519; x_wconf 68' lang='lat' dir='ltr'>cAnrrAs</span> <span class='ocrx_word' id='word_1_3' title='bbox 1461 473 1806 528; x_wconf 65' lang='lat' dir='ltr'>Antinum,</span> <span class='ocrx_word' id='word_1_4' title='bbox 1851 473 1923 518; x_wconf 75' lang='grc' dir='ltr'>Ετ</span> <span class='ocrx_word' id='word_1_5' title='bbox 1965 473 2263 527; x_wconf 57' lang='lat' dir='ltr'>Quantum</span> <span class='ocrx_word' id='word_1_6' title='bbox 2303 473 2596 528; x_wconf 72' lang='lat' dir='ltr'>Qumcsvn</span> <span class='ocrx_word' id='word_1_7' title='bbox 2637 473 2886 520; x_wconf 72' lang='lat' dir='ltr'>Acrruus</span> <span class='ocrx_word' id='word_1_8' title='bbox 3426 455 3501 518; x_wconf 82' lang='lat'>31</span> 
     </span>
    </p>
   </div>
   <div class='ocr_carea' id='block_1_2' title="bbox 489 641 3510 725">
    <p class='ocr_par' dir='ltr' id='par_1_2' title="bbox 489 641 3510 725">
     <span class='ocr_line' id='line_1_2' title="bbox 489 641 3510 725; baseline -0 -21"><span class='ocrx_word' id='word_1_9' title='bbox 489 642 754 704; x_wconf 83' lang='lat' dir='ltr'>Videtur</span> <span class='ocrx_word' id='word_1_10' title='bbox 785 643 957 724; x_wconf 90' lang='lat' dir='ltr'>quod</span> <span class='ocrx_word' id='word_1_11' title='bbox 989 660 1114 706; x_wconf 90' lang='lat' dir='ltr'>non</span> <span class='ocrx_word' id='word_1_12' title='bbox 1143 649 1464 724; x_wconf 86' lang='lat' dir='ltr'>augeatur.</span> <span class='ocrx_word' id='word_1_13' title='bbox 1500 643 1730 714; x_wconf 89' lang='lat' dir='ltr'>Primo,</span> <span class='ocrx_word' id='word_1_14' title='bbox 1764 659 1912 724; x_wconf 91' lang='lat' dir='ltr'>quo-</span> <span class='ocrx_word' id='word_1_15' title='bbox 1938 641 1988 706; x_wconf 84' lang='grc' dir='ltr'><strong>Α</strong></span> <span class='ocrx_word' id='word_1_16' title='bbox 2017 643 2309 705; x_wconf 81' lang='lat' dir='ltr'>essentiae</span> <span class='ocrx_word' id='word_1_17' title='bbox 2343 661 2355 704; x_wconf 95' lang='lat'>:</span> <span class='ocrx_word' id='word_1_18' title='bbox 2392 643 2691 725; x_wconf 89' lang='lat' dir='ltr'>quoniam</span> <span class='ocrx_word' id='word_1_19' title='bbox 2734 643 2934 705; x_wconf 87' lang='lat' dir='ltr'>virtus</span> <span class='ocrx_word' id='word_1_20' title='bbox 2974 643 3025 704; x_wconf 92' lang='lat' dir='ltr'>si</span> <span class='ocrx_word' id='word_1_21' title='bbox 3069 660 3195 704; x_wconf 90' lang='lat' dir='ltr'>non</span> <span class='ocrx_word' id='word_1_22' title='bbox 3237 650 3332 704; x_wconf 91' lang='lat' dir='ltr'>est</span> <span class='ocrx_word' id='word_1_23' title='bbox 3372 643 3510 723; x_wconf 85' lang='lat' dir='ltr'>ipsa</span> 
     </span>
    </p>
   </div>
   <div class='ocr_carea' id='block_1_3' title="bbox 404 741 1912 1800">
    <p class='ocr_par' dir='ltr' id='par_1_3' title="bbox 404 741 1912 1702">
     <span class='ocr_line' id='line_1_3' title="bbox 408 741 1909 824; baseline 0 -22"><span class='ocrx_word' id='word_1_24' title='bbox 408 741 582 803; x_wconf 87' lang='lat' dir='ltr'>niam</span> <span class='ocrx_word' id='word_1_25' title='bbox 639 749 738 802; x_wconf 89' lang='lat' dir='ltr'>est</span> <span class='ocrx_word' id='word_1_26' title='bbox 786 741 1060 824; x_wconf 82' lang='lat' dir='ltr'><strong>simplex</strong></span> <span class='ocrx_word' id='word_1_27' title='bbox 1109 741 1313 806; x_wconf 86' lang='lat' dir='ltr'>forma</span> <span class='ocrx_word' id='word_1_28' title='bbox 1371 741 1909 822; x_wconf 78' lang='lat' dir='ltr'>indivisibilisque</span> 
     </span>
     <span class='ocr_line' id='line_1_4' title="bbox 405 840 1912 922; baseline 0.002 -25"><span class='ocrx_word' id='word_1_29' title='bbox 405 840 702 900; x_wconf 79' lang='lat' dir='ltr'>essentia.</span> <span class='ocrx_word' id='word_1_30' title='bbox 739 875 820 884; x_wconf 92' lang='lat'><strong>—</strong></span> <span class='ocrx_word' id='word_1_31' title='bbox 849 840 1160 914; x_wconf 81' lang='lat' dir='ltr'>Secunde,</span> <span class='ocrx_word' id='word_1_32' title='bbox 1194 840 1347 922; x_wconf 88' lang='lat' dir='ltr'>quia</span> <span class='ocrx_word' id='word_1_33' title='bbox 1385 857 1502 900; x_wconf 90' lang='lat' dir='ltr'>nec</span> <span class='ocrx_word' id='word_1_34' title='bbox 1541 847 1635 900; x_wconf 91' lang='lat' dir='ltr'>est</span> <span class='ocrx_word' id='word_1_35' title='bbox 1676 847 1912 920; x_wconf 89' lang='lat' dir='ltr'>quanta</span> 
     </span>
     <span class='ocr_line' id='line_1_5' title="bbox 405 936 1910 1019; baseline 0.001 -23"><span class='ocrx_word' id='word_1_36' title='bbox 405 955 484 996; x_wconf 86' lang='lat' dir='ltr'>ex</span> <span class='ocrx_word' id='word_1_37' title='bbox 517 955 635 997; x_wconf 90' lang='lat' dir='ltr'>sua</span> <span class='ocrx_word' id='word_1_38' title='bbox 674 945 924 1011; x_wconf 86' lang='lat' dir='ltr'>natura,</span> <span class='ocrx_word' id='word_1_39' title='bbox 955 956 1074 999; x_wconf 87' lang='lat' dir='ltr'>nec</span> <span class='ocrx_word' id='word_1_40' title='bbox 1114 939 1457 1019; x_wconf 79' lang='lat' dir='ltr'>quantitaS,</span> <span class='ocrx_word' id='word_1_41' title='bbox 1487 937 1599 999; x_wconf 90' lang='lat' dir='ltr'>sed</span> <span class='ocrx_word' id='word_1_42' title='bbox 1639 936 1910 1018; x_wconf 78' lang='lat' dir='ltr'>qualitas</span> 
     </span>
     <span class='ocr_line' id='line_1_6' title="bbox 405 1033 1908 1117; baseline 0.001 -23"><span class='ocrx_word' id='word_1_43' title='bbox 405 1033 722 1114; x_wconf 84' lang='lat' dir='ltr'>simplex;</span> <span class='ocrx_word' id='word_1_44' title='bbox 756 1053 874 1096; x_wconf 91' lang='lat' dir='ltr'>nec</span> <span class='ocrx_word' id='word_1_45' title='bbox 904 1055 981 1096; x_wconf 87' lang='lat' dir='ltr'>ex</span> <span class='ocrx_word' id='word_1_46' title='bbox 1022 1044 1197 1117; x_wconf 89' lang='lat' dir='ltr'>parte</span> <span class='ocrx_word' id='word_1_47' title='bbox 1237 1035 1511 1115; x_wconf 89' lang='lat' dir='ltr'>subjecti</span> <span class='ocrx_word' id='word_1_48' title='bbox 1553 1035 1675 1106; x_wconf 90' lang='lat' dir='ltr'>sui,</span> <span class='ocrx_word' id='word_1_49' title='bbox 1708 1054 1908 1116; x_wconf 89' lang='lat' dir='ltr'>quum</span> 
     </span>
     <span class='ocr_line' id='line_1_7' title="bbox 405 1132 1909 1214; baseline 0.001 -22"><span class='ocrx_word' id='word_1_50' title='bbox 405 1132 562 1193; x_wconf 90' lang='lat' dir='ltr'>insit</span> <span class='ocrx_word' id='word_1_51' title='bbox 619 1133 957 1206; x_wconf 84' lang='lat' dir='ltr'>voluntati,</span> <span class='ocrx_word' id='word_1_52' title='bbox 1013 1153 1154 1214; x_wconf 84' lang='lat' dir='ltr'>quae</span> <span class='ocrx_word' id='word_1_53' title='bbox 1213 1141 1304 1195; x_wconf 91' lang='lat' dir='ltr'>est</span> <span class='ocrx_word' id='word_1_54' title='bbox 1364 1133 1800 1196; x_wconf 87' lang='lat' dir='ltr'>immaterialis</span> <span class='ocrx_word' id='word_1_55' title='bbox 1848 1141 1909 1193; x_wconf 89' lang='lat' dir='ltr'>et</span> 
     </span>
     <span class='ocr_line' id='line_1_8' title="bbox 407 1230 1910 1312; baseline 0.001 -22"><span class='ocrx_word' id='word_1_56' title='bbox 407 1230 778 1310; x_wconf 88' lang='lat' dir='ltr'>inorganica</span> <span class='ocrx_word' id='word_1_57' title='bbox 807 1231 1092 1312; x_wconf 88' lang='lat' dir='ltr'>potentia</span> <span class='ocrx_word' id='word_1_58' title='bbox 1119 1232 1365 1294; x_wconf 81' lang='lat' dir='ltr'>animae..</span> <span class='ocrx_word' id='word_1_59' title='bbox 1387 1267 1466 1276; x_wconf 90' lang='lat'>·-</span> <span class='ocrx_word' id='word_1_60' title='bbox 1486 1231 1716 1303; x_wconf 80' lang='lat' dir='ltr'>Tertio,</span> <span class='ocrx_word' id='word_1_61' title='bbox 1741 1232 1910 1312; x_wconf 92' lang='lat' dir='ltr'>quod</span> 
     </span>
     <span class='ocr_line' id='line_1_9' title="bbox 405 1335 1911 1410; baseline 0.001 -23"><span class='ocrx_word' id='word_1_62' title='bbox 405 1344 538 1388; x_wconf 88' lang='lat' dir='ltr'>non</span> <span class='ocrx_word' id='word_1_63' title='bbox 570 1336 886 1400; x_wconf 84' lang='lat' dir='ltr'>movetur,</span> <span class='ocrx_word' id='word_1_64' title='bbox 912 1345 1038 1390; x_wconf 90' lang='lat' dir='ltr'>non</span> <span class='ocrx_word' id='word_1_65' title='bbox 1069 1335 1357 1409; x_wconf 90' lang='lat' dir='ltr'>augetur,</span> <span class='ocrx_word' id='word_1_66' title='bbox 1381 1348 1581 1410; x_wconf 91' lang='lat' dir='ltr'>quum</span> <span class='ocrx_word' id='word_1_67' title='bbox 1613 1346 1911 1409; x_wconf 90' lang='lat' dir='ltr'>augmen-</span> 
     </span>
     <span class='ocr_line' id='line_1_10' title="bbox 407 1425 1910 1506; baseline 0 -20"><span class='ocrx_word' id='word_1_68' title='bbox 407 1425 565 1487; x_wconf 88' lang='lat' dir='ltr'>tatio</span> <span class='ocrx_word' id='word_1_69' title='bbox 614 1425 696 1486; x_wconf 90' lang='lat' dir='ltr'>sit</span> <span class='ocrx_word' id='word_1_70' title='bbox 746 1426 993 1506; x_wconf 88' lang='lat' dir='ltr'>species</span> <span class='ocrx_word' id='word_1_71' title='bbox 1045 1432 1272 1488; x_wconf 67' lang='lat' dir='ltr'>motus</span> <span class='ocrx_word' id='word_1_72' title='bbox 1316 1426 1435 1488; x_wconf 87' lang='lat' dir='ltr'>Sed</span> <span class='ocrx_word' id='word_1_73' title='bbox 1489 1425 1732 1488; x_wconf 84' lang='lat' dir='ltr'>caritati</span> <span class='ocrx_word' id='word_1_74' title='bbox 1781 1443 1910 1486; x_wconf 90' lang='lat' dir='ltr'>non</span> 
     </span>
     <span class='ocr_line' id='line_1_11' title="bbox 405 1523 1908 1604; baseline 0 -21"><span class='ocrx_word' id='word_1_75' title='bbox 405 1523 718 1604; x_wconf 89' lang='lat' dir='ltr'>competit</span> <span class='ocrx_word' id='word_1_76' title='bbox 781 1523 1044 1595; x_wconf 87' lang='lat' dir='ltr'>moveri,</span> <span class='ocrx_word' id='word_1_77' title='bbox 1097 1543 1294 1604; x_wconf 90' lang='lat' dir='ltr'>quum</span> <span class='ocrx_word' id='word_1_78' title='bbox 1353 1541 1480 1586; x_wconf 91' lang='lat' dir='ltr'>non</span> <span class='ocrx_word' id='word_1_79' title='bbox 1539 1523 1621 1584; x_wconf 90' lang='lat' dir='ltr'>sit</span> <span class='ocrx_word' id='word_1_80' title='bbox 1679 1540 1908 1604; x_wconf 91' lang='lat' dir='ltr'>corpus</span> 
     </span>
     <span class='ocr_line' id='line_1_12' title="bbox 404 1621 1742 1702; baseline 0.001 -22"><span class='ocrx_word' id='word_1_81' title='bbox 404 1638 620 1701; x_wconf 91' lang='lat' dir='ltr'>neque</span> <span class='ocrx_word' id='word_1_82' title='bbox 663 1639 764 1682; x_wconf 91' lang='lat' dir='ltr'>res</span> <span class='ocrx_word' id='word_1_83' title='bbox 805 1621 1174 1702; x_wconf 82' lang='lat' dir='ltr'>corporaliS‚</span> <span class='ocrx_word' id='word_1_84' title='bbox 1220 1621 1331 1683; x_wconf 91' lang='lat' dir='ltr'>sed</span> <span class='ocrx_word' id='word_1_85' title='bbox 1373 1621 1742 1702; x_wconf 88' lang='lat' dir='ltr'>spiritualis.</span> 
     </span>
    </p>

    <p class='ocr_par' dir='ltr' id='par_1_4' title="bbox 487 1719 1904 1800">
     <span class='ocr_line' id='line_1_13' title="bbox 487 1719 1904 1800; baseline 0.001 -21"><span class='ocrx_word' id='word_1_86' title='bbox 487 1719 560 1779; x_wconf 89' lang='lat' dir='ltr'>ln</span> <span class='ocrx_word' id='word_1_87' title='bbox 609 1719 976 1800; x_wconf 90' lang='lat' dir='ltr'>oppositum</span> <span class='ocrx_word' id='word_1_88' title='bbox 1019 1728 1116 1781; x_wconf 91' lang='lat' dir='ltr'>est</span> <span class='ocrx_word' id='word_1_89' title='bbox 1163 1719 1504 1782; x_wconf 88' lang='lat' dir='ltr'>auctoritas</span> <span class='ocrx_word' id='word_1_90' title='bbox 1545 1719 1904 1799; x_wconf 84' lang='lat' dir='ltr'>Augustini,</span> 
     </span>
    </p>
   </div>
   <div class='ocr_carea' id='block_1_4' title="bbox 2016 740 3517 1799">
    <p class='ocr_par' dir='ltr' id='par_1_5' title="bbox 2016 740 3517 1799">
     <span class='ocr_line' id='line_1_14' title="bbox 2016 740 3513 822; baseline 0.001 -22"><span class='ocrx_word' id='word_1_91' title='bbox 2016 741 2311 814; x_wconf 75' lang='lat' dir='ltr'>essentia,</span> <span class='ocrx_word' id='word_1_92' title='bbox 2337 749 2579 822; x_wconf 81' lang='lat' dir='ltr'>oportet</span> <span class='ocrx_word' id='word_1_93' title='bbox 2612 742 2782 822; x_wconf 89' lang='lat' dir='ltr'>quod</span> <span class='ocrx_word' id='word_1_94' title='bbox 2811 741 2893 802; x_wconf 89' lang='lat' dir='ltr'>sit</span> <span class='ocrx_word' id='word_1_95' title='bbox 2921 740 3000 802; x_wconf 89' lang='lat' dir='ltr'>ab</span> <span class='ocrx_word' id='word_1_96' title='bbox 3030 741 3325 814; x_wconf 79' lang='lat' dir='ltr'>essentia,</span> <span class='ocrx_word' id='word_1_97' title='bbox 3348 757 3513 802; x_wconf 90' lang='lat' dir='ltr'>com-</span> 
     </span>
     <span class='ocr_line' id='line_1_15' title="bbox 2022 838 3513 920; baseline 0.001 -21"><span class='ocrx_word' id='word_1_98' title='bbox 2022 848 2551 920; x_wconf 86' lang='lat' dir='ltr'>mensureturque</span> <span class='ocrx_word' id='word_1_99' title='bbox 2602 840 2662 900; x_wconf 88' lang='lat' dir='ltr'>ei</span> <span class='ocrx_word' id='word_1_100' title='bbox 2708 839 2876 900; x_wconf 91' lang='lat' dir='ltr'>sicut</span> <span class='ocrx_word' id='word_1_101' title='bbox 2923 838 3191 899; x_wconf 84' lang='lat' dir='ltr'>effectus</span> <span class='ocrx_word' id='word_1_102' title='bbox 3241 839 3513 920; x_wconf 81' lang='lat' dir='ltr'>propriae</span> 
     </span>
     <span class='ocr_line' id='line_1_16' title="bbox 2021 935 3513 1017; baseline -0.001 -20"><span class='ocrx_word' id='word_1_103' title='bbox 2021 955 2244 998; x_wconf 80' lang='lat' dir='ltr'>causae.</span> <span class='ocrx_word' id='word_1_104' title='bbox 2279 972 2359 981; x_wconf 91' lang='lat'>—</span> <span class='ocrx_word' id='word_1_105' title='bbox 2390 937 2511 998; x_wconf 84' lang='lat' dir='ltr'>Alii</span> <span class='ocrx_word' id='word_1_106' title='bbox 2562 937 2879 1009; x_wconf 85' lang='lat' dir='ltr'>dixerunt,</span> <span class='ocrx_word' id='word_1_107' title='bbox 2927 935 3095 1017; x_wconf 91' lang='lat' dir='ltr'>quod</span> <span class='ocrx_word' id='word_1_108' title='bbox 3146 936 3371 997; x_wconf 86' lang='lat' dir='ltr'>caritas</span> <span class='ocrx_word' id='word_1_109' title='bbox 3420 955 3513 996; x_wconf 86' lang='lat' dir='ltr'>es-</span> 
     </span>
     <span class='ocr_line' id='line_1_17' title="bbox 2020 1034 3511 1115; baseline -0.001 -19"><span class='ocrx_word' id='word_1_110' title='bbox 2020 1035 2374 1096; x_wconf 86' lang='lat' dir='ltr'>sentialiter</span> <span class='ocrx_word' id='word_1_111' title='bbox 2436 1053 2561 1097; x_wconf 89' lang='lat' dir='ltr'>non</span> <span class='ocrx_word' id='word_1_112' title='bbox 2618 1043 2907 1115; x_wconf 88' lang='lat' dir='ltr'>augetur,</span> <span class='ocrx_word' id='word_1_113' title='bbox 2968 1034 3077 1095; x_wconf 90' lang='lat' dir='ltr'>sed</span> <span class='ocrx_word' id='word_1_114' title='bbox 3136 1034 3511 1095; x_wconf 82' lang='lat' dir='ltr'>adveniente</span> 
     </span>
     <span class='ocr_line' id='line_1_18' title="bbox 2021 1132 3517 1214; baseline -0.001 -20"><span class='ocrx_word' id='word_1_115' title='bbox 2021 1133 2248 1213; x_wconf 88' lang='lat' dir='ltr'>majori</span> <span class='ocrx_word' id='word_1_116' title='bbox 2277 1134 2558 1205; x_wconf 88' lang='lat' dir='ltr'>caritate,</span> <span class='ocrx_word' id='word_1_117' title='bbox 2595 1133 2803 1195; x_wconf 90' lang='lat' dir='ltr'>minor</span> <span class='ocrx_word' id='word_1_118' title='bbox 2832 1151 2975 1214; x_wconf 80' lang='lat' dir='ltr'>quae</span> <span class='ocrx_word' id='word_1_119' title='bbox 3008 1133 3210 1193; x_wconf 90' lang='lat' dir='ltr'>inerat</span> <span class='ocrx_word' id='word_1_120' title='bbox 3238 1132 3517 1193; x_wconf 89' lang='lat' dir='ltr'>destrua-</span> 
     </span>
     <span class='ocr_line' id='line_1_19' title="bbox 2018 1230 3515 1312; baseline -0.001 -20"><span class='ocrx_word' id='word_1_121' title='bbox 2018 1240 2142 1306; x_wconf 90' lang='lat' dir='ltr'>tur,</span> <span class='ocrx_word' id='word_1_122' title='bbox 2186 1233 2352 1294; x_wconf 87' lang='lat' dir='ltr'>sicut</span> <span class='ocrx_word' id='word_1_123' title='bbox 2400 1232 2533 1293; x_wconf 89' lang='lat' dir='ltr'>dies</span> <span class='ocrx_word' id='word_1_124' title='bbox 2583 1232 2796 1312; x_wconf 83' lang='lat' dir='ltr'>augeri</span> <span class='ocrx_word' id='word_1_125' title='bbox 2850 1232 3151 1293; x_wconf 90' lang='lat' dir='ltr'>dicuntur</span> <span class='ocrx_word' id='word_1_126' title='bbox 3198 1231 3351 1291; x_wconf 87' lang='lat' dir='ltr'>dum</span> <span class='ocrx_word' id='word_1_127' title='bbox 3400 1230 3515 1291; x_wconf 92' lang='lat' dir='ltr'>mi-</span> 
     </span>
     <span class='ocr_line' id='line_1_20' title="bbox 2019 1329 3511 1408; baseline -0.001 -18"><span class='ocrx_word' id='word_1_128' title='bbox 2019 1329 2283 1390; x_wconf 86' lang='lat' dir='ltr'>noribus</span> <span class='ocrx_word' id='word_1_129' title='bbox 2342 1330 2692 1391; x_wconf 88' lang='lat' dir='ltr'>succedunt</span> <span class='ocrx_word' id='word_1_130' title='bbox 2755 1329 3046 1408; x_wconf 84' lang='lat' dir='ltr'>maj0reS.</span> <span class='ocrx_word' id='word_1_131' title='bbox 3109 1329 3285 1401; x_wconf 88' lang='lat' dir='ltr'>Quod</span> <span class='ocrx_word' id='word_1_132' title='bbox 3347 1335 3511 1389; x_wconf 87' lang='lat' dir='ltr'>stare</span> 
     </span>
     <span class='ocr_line' id='line_1_21' title="bbox 2020 1426 3511 1508; baseline -0.001 -21"><span class='ocrx_word' id='word_1_133' title='bbox 2020 1444 2145 1487; x_wconf 91' lang='lat' dir='ltr'>non</span> <span class='ocrx_word' id='word_1_134' title='bbox 2188 1427 2374 1500; x_wconf 90' lang='lat' dir='ltr'>valet,</span> <span class='ocrx_word' id='word_1_135' title='bbox 2417 1427 2718 1508; x_wconf 88' lang='lat' dir='ltr'>quoniam</span> <span class='ocrx_word' id='word_1_136' title='bbox 2764 1427 2939 1488; x_wconf 91' lang='lat' dir='ltr'>nulla</span> <span class='ocrx_word' id='word_1_137' title='bbox 2979 1426 3183 1488; x_wconf 83' lang='lat' dir='ltr'>forma</span> <span class='ocrx_word' id='word_1_138' title='bbox 3230 1443 3511 1488; x_wconf 89' lang='lat' dir='ltr'>corrum-</span> 
     </span>
     <span class='ocr_line' id='line_1_22' title="bbox 2021 1521 3513 1602; baseline -0.001 -19"><span class='ocrx_word' id='word_1_139' title='bbox 2021 1523 2195 1602; x_wconf 91' lang='lat' dir='ltr'>pitur</span> <span class='ocrx_word' id='word_1_140' title='bbox 2236 1522 2361 1583; x_wconf 89' lang='lat' dir='ltr'>nisi</span> <span class='ocrx_word' id='word_1_141' title='bbox 2407 1541 2483 1583; x_wconf 88' lang='lat' dir='ltr'>ex</span> <span class='ocrx_word' id='word_1_142' title='bbox 2526 1530 2749 1602; x_wconf 85' lang='lat' dir='ltr'>agente</span> <span class='ocrx_word' id='word_1_143' title='bbox 2800 1523 3135 1596; x_wconf 89' lang='lat' dir='ltr'>contrario,</span> <span class='ocrx_word' id='word_1_144' title='bbox 3173 1530 3242 1582; x_wconf 90' lang='lat' dir='ltr'>ut</span> <span class='ocrx_word' id='word_1_145' title='bbox 3286 1521 3513 1583; x_wconf 86' lang='lat' dir='ltr'>albedo</span> 
     </span>
     <span class='ocr_line' id='line_1_23' title="bbox 2020 1619 3512 1702; baseline 0.001 -22"><span class='ocrx_word' id='word_1_146' title='bbox 2020 1620 2371 1700; x_wconf 83' lang='lat' dir='ltr'>nigredine,</span> <span class='ocrx_word' id='word_1_147' title='bbox 2397 1619 2496 1681; x_wconf 89' lang='lat' dir='ltr'>vel</span> <span class='ocrx_word' id='word_1_148' title='bbox 2529 1638 2643 1700; x_wconf 90' lang='lat' dir='ltr'>per</span> <span class='ocrx_word' id='word_1_149' title='bbox 2671 1620 2967 1682; x_wconf 88' lang='lat' dir='ltr'>accidens</span> <span class='ocrx_word' id='word_1_150' title='bbox 2998 1639 3075 1682; x_wconf 88' lang='lat' dir='ltr'>ex</span> <span class='ocrx_word' id='word_1_151' title='bbox 3106 1621 3512 1702; x_wconf 83' lang='lat' dir='ltr'>corruptione</span> 
     </span>
     <span class='ocr_line' id='line_1_24' title="bbox 2021 1717 3511 1799; baseline 0 -19"><span class='ocrx_word' id='word_1_152' title='bbox 2021 1718 2315 1799; x_wconf 90' lang='lat' dir='ltr'>subjecti.</span> <span class='ocrx_word' id='word_1_153' title='bbox 2369 1719 2575 1791; x_wconf 84' lang='lat' dir='ltr'>Quum</span> <span class='ocrx_word' id='word_1_154' title='bbox 2623 1736 2773 1799; x_wconf 89' lang='lat' dir='ltr'>ergo</span> <span class='ocrx_word' id='word_1_155' title='bbox 2820 1717 3181 1799; x_wconf 90' lang='lat' dir='ltr'>subjectum</span> <span class='ocrx_word' id='word_1_156' title='bbox 3234 1719 3511 1781; x_wconf 87' lang='lat' dir='ltr'>caritatis</span> 
     </span>
    </p>
   </div>
   <div class='ocr_carea' id='block_1_5' title="bbox 401 1816 3511 1900">
    <p class='ocr_par' dir='ltr' id='par_1_6' title="bbox 401 1816 3511 1900">
     <span class='ocr_line' id='line_1_25' title="bbox 401 1816 3511 1900; baseline 0.001 -24"><span class='ocrx_word' id='word_1_157' title='bbox 401 1816 680 1878; x_wconf 88' lang='lat' dir='ltr'>dicentis</span> <span class='ocrx_word' id='word_1_158' title='bbox 714 1834 728 1877; x_wconf 76' lang='grc' dir='ltr'>ε</span> <span class='ocrx_word' id='word_1_159' title='bbox 763 1817 1002 1879; x_wconf 85' lang='lat' dir='ltr'>Caritas</span> <span class='ocrx_word' id='word_1_160' title='bbox 1042 1825 1322 1879; x_wconf 89' lang='lat' dir='ltr'>meretur</span> <span class='ocrx_word' id='word_1_161' title='bbox 1350 1818 1591 1898; x_wconf 85' lang='lat' dir='ltr'>augeri,</span> <span class='ocrx_word' id='word_1_162' title='bbox 1627 1825 1696 1879; x_wconf 91' lang='lat' dir='ltr'>ut</span> <span class='ocrx_word' id='word_1_163' title='bbox 1725 1825 1910 1878; x_wconf 89' lang='lat' dir='ltr'>aucta</span> <span class='ocrx_word' id='word_1_164' title='bbox 1944 1823 1990 1886; x_wconf 91' lang='grc' dir='ltr'>Β</span> <span class='ocrx_word' id='word_1_165' title='bbox 2021 1825 2408 1900; x_wconf 87' lang='lat' dir='ltr'>permaneat,</span> <span class='ocrx_word' id='word_1_166' title='bbox 2452 1817 2677 1879; x_wconf 87' lang='lat' dir='ltr'>caritas</span> <span class='ocrx_word' id='word_1_167' title='bbox 2720 1835 2974 1898; x_wconf 89' lang='lat' dir='ltr'>quoque</span> <span class='ocrx_word' id='word_1_168' title='bbox 3014 1818 3379 1891; x_wconf 90' lang='lat' dir='ltr'>adveniens,</span> <span class='ocrx_word' id='word_1_169' title='bbox 3414 1835 3511 1878; x_wconf 87' lang='lat' dir='ltr'>ca-</span> 
     </span>
    </p>
   </div>
   <div class='ocr_carea' id='block_1_6' title="bbox 399 1914 1914 2978">
    <p class='ocr_par' dir='ltr' id='par_1_7' title="bbox 399 1914 1914 2585">
     <span class='ocr_line' id='line_1_26' title="bbox 403 1914 1907 1997; baseline 0.003 -23"><span class='ocrx_word' id='word_1_170' title='bbox 403 1922 730 1976; x_wconf 88' lang='lat' dir='ltr'>mereatur</span> <span class='ocrx_word' id='word_1_171' title='bbox 759 1923 822 1976; x_wconf 90' lang='lat' dir='ltr'>et</span> <span class='ocrx_word' id='word_1_172' title='bbox 854 1915 1098 1997; x_wconf 76' lang='lat' dir='ltr'>persici.</span> <span class='ocrx_word' id='word_1_173' title='bbox 1125 1914 1203 1976; x_wconf 90' lang='lat' dir='ltr'>Et</span> <span class='ocrx_word' id='word_1_174' title='bbox 1235 1915 1467 1977; x_wconf 90' lang='lat' dir='ltr'>iterum</span> <span class='ocrx_word' id='word_1_175' title='bbox 1498 1915 1586 1976; x_wconf 90' lang='lat' dir='ltr'>ait</span> <span class='ocrx_word' id='word_1_176' title='bbox 1621 1932 1634 1976; x_wconf 91' lang='lat'><strong>:</strong></span> <span class='ocrx_word' id='word_1_177' title='bbox 1671 1915 1907 1978; x_wconf 85' lang='lat' dir='ltr'>Caritas</span> 
     </span>
     <span class='ocr_line' id='line_1_27' title="bbox 401 2011 1906 2093; baseline 0.001 -20"><span class='ocrx_word' id='word_1_178' title='bbox 401 2031 610 2093; x_wconf 90' lang='lat' dir='ltr'>quum</span> <span class='ocrx_word' id='word_1_179' title='bbox 653 2011 846 2074; x_wconf 81' lang='lat' dir='ltr'>suerit</span> <span class='ocrx_word' id='word_1_180' title='bbox 885 2021 1050 2085; x_wconf 87' lang='lat' dir='ltr'>nata,</span> <span class='ocrx_word' id='word_1_181' title='bbox 1087 2013 1151 2074; x_wconf 90' lang='lat' dir='ltr'>id</span> <span class='ocrx_word' id='word_1_182' title='bbox 1191 2021 1285 2074; x_wconf 90' lang='lat' dir='ltr'>est</span> <span class='ocrx_word' id='word_1_183' title='bbox 1327 2013 1558 2086; x_wconf 86' lang='lat' dir='ltr'>infusa,</span> <span class='ocrx_word' id='word_1_184' title='bbox 1593 2013 1906 2090; x_wconf 83' lang='lat' dir='ltr'>nutritur3</span> 
     </span>
     <span class='ocr_line' id='line_1_28' title="bbox 401 2109 1912 2193; baseline 0.001 -22"><span class='ocrx_word' id='word_1_185' title='bbox 401 2129 610 2190; x_wconf 90' lang='lat' dir='ltr'>quum</span> <span class='ocrx_word' id='word_1_186' title='bbox 650 2109 846 2172; x_wconf 79' lang='lat' dir='ltr'>fuerit</span> <span class='ocrx_word' id='word_1_187' title='bbox 886 2111 1148 2184; x_wconf 89' lang='lat' dir='ltr'>nutrita,</span> <span class='ocrx_word' id='word_1_188' title='bbox 1185 2111 1551 2189; x_wconf 90' lang='lat' dir='ltr'>roboratur;</span> <span class='ocrx_word' id='word_1_189' title='bbox 1585 2130 1785 2193; x_wconf 91' lang='lat' dir='ltr'>quum</span> <span class='ocrx_word' id='word_1_190' title='bbox 1816 2111 1912 2172; x_wconf 80' lang='lat' dir='ltr'>su-</span> 
     </span>
     <span class='ocr_line' id='line_1_29' title="bbox 399 2206 1909 2292; baseline 0.003 -24"><span class='ocrx_word' id='word_1_191' title='bbox 399 2208 529 2268; x_wconf 84' lang='lat' dir='ltr'>erit</span> <span class='ocrx_word' id='word_1_192' title='bbox 560 2206 870 2283; x_wconf 87' lang='lat' dir='ltr'>roborata,</span> <span class='ocrx_word' id='word_1_193' title='bbox 887 2208 1238 2290; x_wconf 79' lang='lat' dir='ltr'>perficitur.</span> <span class='ocrx_word' id='word_1_194' title='bbox 1259 2245 1338 2254; x_wconf 93' lang='lat'>—</span> <span class='ocrx_word' id='word_1_195' title='bbox 1360 2210 1643 2292; x_wconf 91' lang='lat' dir='ltr'>Denique</span> <span class='ocrx_word' id='word_1_196' title='bbox 1675 2210 1909 2273; x_wconf 91' lang='lat' dir='ltr'>diversi</span> 
     </span>
     <span class='ocr_line' id='line_1_30' title="bbox 399 2306 1910 2389; baseline 0.003 -23"><span class='ocrx_word' id='word_1_197' title='bbox 399 2314 560 2366; x_wconf 88' lang='lat' dir='ltr'>sunt</span> <span class='ocrx_word' id='word_1_198' title='bbox 585 2306 819 2386; x_wconf 87' lang='lat' dir='ltr'>gradus</span> <span class='ocrx_word' id='word_1_199' title='bbox 849 2307 1152 2380; x_wconf 82' lang='lat' dir='ltr'>caritatiS‚</span> <span class='ocrx_word' id='word_1_200' title='bbox 1189 2308 1255 2369; x_wconf 89' lang='lat' dir='ltr'>in</span> <span class='ocrx_word' id='word_1_201' title='bbox 1286 2308 1523 2389; x_wconf 89' lang='lat' dir='ltr'>quibus</span> <span class='ocrx_word' id='word_1_202' title='bbox 1555 2309 1750 2371; x_wconf 86' lang='lat' dir='ltr'>homo</span> <span class='ocrx_word' id='word_1_203' title='bbox 1781 2327 1910 2370; x_wconf 90' lang='lat' dir='ltr'>cre-</span> 
     </span>
     <span class='ocr_line' id='line_1_31' title="bbox 401 2405 1912 2489; baseline 0.003 -25"><span class='ocrx_word' id='word_1_204' title='bbox 401 2405 528 2465; x_wconf 88' lang='lat' dir='ltr'>scit</span> <span class='ocrx_word' id='word_1_205' title='bbox 560 2405 886 2486; x_wconf 90' lang='lat' dir='ltr'>paulatim.</span> <span class='ocrx_word' id='word_1_206' title='bbox 911 2406 986 2468; x_wconf 84' lang='lat' dir='ltr'>Et</span> <span class='ocrx_word' id='word_1_207' title='bbox 1017 2406 1138 2469; x_wconf 90' lang='lat' dir='ltr'>tale</span> <span class='ocrx_word' id='word_1_208' title='bbox 1170 2415 1566 2468; x_wconf 85' lang='lat' dir='ltr'>crementum</span> <span class='ocrx_word' id='word_1_209' title='bbox 1599 2415 1696 2469; x_wconf 91' lang='lat' dir='ltr'>est</span> <span class='ocrx_word' id='word_1_210' title='bbox 1724 2407 1912 2489; x_wconf 89' lang='lat' dir='ltr'>quod·</span> 
     </span>
     <span class='ocr_line' id='line_1_32' title="bbox 399 2502 1914 2585; baseline 0.004 -22"><span class='ocrx_word' id='word_1_211' title='bbox 399 2502 556 2564; x_wconf 83' lang='lat' dir='ltr'>dam</span> <span class='ocrx_word' id='word_1_212' title='bbox 599 2504 880 2566; x_wconf 80' lang='lat' dir='ltr'>caritatis</span> <span class='ocrx_word' id='word_1_213' title='bbox 923 2513 1357 2585; x_wconf 89' lang='lat' dir='ltr'>augmentum.</span> <span class='ocrx_word' id='word_1_214' title='bbox 1895 2543 1914 2560; x_wconf 91' lang='lat'><strong>·</strong></span> 
     </span>
    </p>

    <p class='ocr_par' dir='ltr' id='par_1_8' title="bbox 399 2601 1910 2978">
     <span class='ocr_line' id='line_1_33' title="bbox 486 2601 1910 2685; baseline 0.004 -23"><span class='ocrx_word' id='word_1_215' title='bbox 486 2601 584 2662; x_wconf 88' lang='lat' dir='ltr'>Ad</span> <span class='ocrx_word' id='word_1_216' title='bbox 615 2601 736 2663; x_wconf 90' lang='lat' dir='ltr'>hoc</span> <span class='ocrx_word' id='word_1_217' title='bbox 766 2601 1038 2664; x_wconf 90' lang='lat' dir='ltr'>Thomas</span> <span class='ocrx_word' id='word_1_218' title='bbox 1079 2604 1419 2685; x_wconf 88' lang='lat' dir='ltr'>respondet</span> <span class='ocrx_word' id='word_1_219' title='bbox 1453 2621 1466 2665; x_wconf 92' lang='lat'>:</span> <span class='ocrx_word' id='word_1_220' title='bbox 1501 2603 1768 2676; x_wconf 87' lang='lat' dir='ltr'>Quidam</span> <span class='ocrx_word' id='word_1_221' title='bbox 1805 2622 1910 2685; x_wconf 89' lang='lat' dir='ltr'>po-</span> 
     </span>
     <span class='ocr_line' id='line_1_34' title="bbox 401 2701 1905 2782; baseline 0.004 -24"><span class='ocrx_word' id='word_1_222' title='bbox 401 2707 678 2760; x_wconf 87' lang='lat' dir='ltr'>suerunt</span> <span class='ocrx_word' id='word_1_223' title='bbox 706 2701 1030 2762; x_wconf 88' lang='lat' dir='ltr'>caritatem</span> <span class='ocrx_word' id='word_1_224' title='bbox 1059 2701 1480 2763; x_wconf 87' lang='lat' dir='ltr'>essentialiter</span> <span class='ocrx_word' id='word_1_225' title='bbox 1510 2720 1636 2764; x_wconf 89' lang='lat' dir='ltr'>non</span> <span class='ocrx_word' id='word_1_226' title='bbox 1666 2703 1905 2782; x_wconf 87' lang='lat' dir='ltr'>augeri,</span> 
     </span>
     <span class='ocr_line' id='line_1_35' title="bbox 399 2796 1908 2880; baseline 0.002 -22"><span class='ocrx_word' id='word_1_227' title='bbox 399 2805 470 2858; x_wconf 89' lang='lat' dir='ltr'>et</span> <span class='ocrx_word' id='word_1_228' title='bbox 498 2796 732 2859; x_wconf 85' lang='lat' dir='ltr'>horum</span> <span class='ocrx_word' id='word_1_229' title='bbox 773 2798 1170 2880; x_wconf 87' lang='lat' dir='ltr'>quadruplex</span> <span class='ocrx_word' id='word_1_230' title='bbox 1213 2798 1337 2861; x_wconf 85' lang='lat' dir='ltr'>fuit</span> <span class='ocrx_word' id='word_1_231' title='bbox 1371 2799 1606 2880; x_wconf 80' lang='lat' dir='ltr'>opinio,</span> <span class='ocrx_word' id='word_1_232' title='bbox 1642 2800 1908 2872; x_wconf 83' lang='lat' dir='ltr'>Quidam</span> 
     </span>
     <span class='ocr_line' id='line_1_36' title="bbox 399 2896 1907 2978; baseline 0.001 -21"><span class='ocrx_word' id='word_1_233' title='bbox 399 2914 688 2977; x_wconf 87' lang='lat' dir='ltr'>namque</span> <span class='ocrx_word' id='word_1_234' title='bbox 725 2896 1047 2970; x_wconf 87' lang='lat' dir='ltr'>dixerunt,</span> <span class='ocrx_word' id='word_1_235' title='bbox 1082 2897 1252 2978; x_wconf 89' lang='lat' dir='ltr'>quod</span> <span class='ocrx_word' id='word_1_236' title='bbox 1292 2897 1519 2959; x_wconf 87' lang='lat' dir='ltr'>caritas</span> <span class='ocrx_word' id='word_1_237' title='bbox 1555 2899 1907 2959; x_wconf 89' lang='lat' dir='ltr'>secundum</span> 
     </span>
    </p>
   </div>
   <div class='ocr_carea' id='block_1_7' title="bbox 2019 1916 3516 2978">
    <p class='ocr_par' dir='ltr' id='par_1_9' title="bbox 2019 1916 3516 2978">
     <span class='ocr_line' id='line_1_37' title="bbox 2023 1916 3515 1997; baseline 0.001 -21"><span class='ocrx_word' id='word_1_238' title='bbox 2023 1917 2191 1977; x_wconf 89' lang='lat' dir='ltr'>ritati</span> <span class='ocrx_word' id='word_1_239' title='bbox 2225 1935 2366 1997; x_wconf 78' lang='lat' dir='ltr'>quae</span> <span class='ocrx_word' id='word_1_240' title='bbox 2406 1916 2609 1978; x_wconf 89' lang='lat' dir='ltr'>inerat</span> <span class='ocrx_word' id='word_1_241' title='bbox 2640 1933 2765 1978; x_wconf 91' lang='lat' dir='ltr'>non</span> <span class='ocrx_word' id='word_1_242' title='bbox 2808 1917 3247 1989; x_wconf 86' lang='lat' dir='ltr'>contrarietur,</span> <span class='ocrx_word' id='word_1_243' title='bbox 3282 1934 3515 1997; x_wconf 87' lang='lat' dir='ltr'>nequa-</span> 
     </span>
     <span class='ocr_line' id='line_1_38' title="bbox 2021 2014 3511 2096; baseline -0.001 -20"><span class='ocrx_word' id='word_1_244' title='bbox 2021 2034 2213 2096; x_wconf 86' lang='lat' dir='ltr'>quam</span> <span class='ocrx_word' id='word_1_245' title='bbox 2263 2015 2629 2076; x_wconf 83' lang='lat' dir='ltr'>destruitur.</span> <span class='ocrx_word' id='word_1_246' title='bbox 2678 2048 2759 2058; x_wconf 89' lang='lat'><strong>—</strong></span> <span class='ocrx_word' id='word_1_247' title='bbox 2804 2014 2927 2076; x_wconf 86' lang='lat' dir='ltr'>Alii</span> <span class='ocrx_word' id='word_1_248' title='bbox 2970 2014 3287 2088; x_wconf 81' lang='lat' dir='ltr'>dixerunt,</span> <span class='ocrx_word' id='word_1_249' title='bbox 3341 2014 3511 2096; x_wconf 91' lang='lat' dir='ltr'>quod</span> 
     </span>
     <span class='ocr_line' id='line_1_39' title="bbox 2019 2111 3513 2194; baseline -0.001 -21"><span class='ocrx_word' id='word_1_250' title='bbox 2019 2113 2247 2175; x_wconf 88' lang='lat' dir='ltr'>caritas</span> <span class='ocrx_word' id='word_1_251' title='bbox 2292 2130 2415 2174; x_wconf 89' lang='lat' dir='ltr'>uon</span> <span class='ocrx_word' id='word_1_252' title='bbox 2456 2120 2723 2192; x_wconf 88' lang='lat' dir='ltr'>augetur</span> <span class='ocrx_word' id='word_1_253' title='bbox 2762 2112 2884 2174; x_wconf 88' lang='lat' dir='ltr'>nisi</span> <span class='ocrx_word' id='word_1_254' title='bbox 2924 2121 3234 2194; x_wconf 88' lang='lat' dir='ltr'>quantum</span> <span class='ocrx_word' id='word_1_255' title='bbox 3276 2113 3356 2174; x_wconf 93' lang='lat' dir='ltr'>ad</span> <span class='ocrx_word' id='word_1_256' title='bbox 3395 2111 3513 2173; x_wconf 86' lang='lat' dir='ltr'>fer-</span> 
     </span>
     <span class='ocr_line' id='line_1_40' title="bbox 2021 2209 3512 2292; baseline -0.001 -20"><span class='ocrx_word' id='word_1_257' title='bbox 2021 2227 2255 2273; x_wconf 88' lang='lat' dir='ltr'>vorem.</span> <span class='ocrx_word' id='word_1_258' title='bbox 2314 2210 2489 2283; x_wconf 84' lang='lat' dir='ltr'>Quod</span> <span class='ocrx_word' id='word_1_259' title='bbox 2548 2209 2673 2272; x_wconf 91' lang='lat' dir='ltr'>dici</span> <span class='ocrx_word' id='word_1_260' title='bbox 2734 2227 2859 2272; x_wconf 92' lang='lat' dir='ltr'>non</span> <span class='ocrx_word' id='word_1_261' title='bbox 2921 2218 3148 2292; x_wconf 87' lang='lat' dir='ltr'>potest,</span> <span class='ocrx_word' id='word_1_262' title='bbox 3210 2210 3512 2291; x_wconf 87' lang='lat' dir='ltr'>quoniam</span> 
     </span>
     <span class='ocr_line' id='line_1_41' title="bbox 2023 2307 3513 2391; baseline 0 -21"><span class='ocrx_word' id='word_1_263' title='bbox 2023 2309 2233 2371; x_wconf 86' lang='lat' dir='ltr'>fervor</span> <span class='ocrx_word' id='word_1_264' title='bbox 2274 2309 2551 2370; x_wconf 86' lang='lat' dir='ltr'>caritatis</span> <span class='ocrx_word' id='word_1_265' title='bbox 2594 2307 2939 2391; x_wconf 86' lang='lat' dir='ltr'>dupliciter</span> <span class='ocrx_word' id='word_1_266' title='bbox 2977 2309 3269 2370; x_wconf 88' lang='lat' dir='ltr'>sumitur.</span> <span class='ocrx_word' id='word_1_267' title='bbox 3305 2308 3513 2370; x_wconf 91' lang='lat' dir='ltr'>Primo</span> 
     </span>
     <span class='ocr_line' id='line_1_42' title="bbox 2021 2407 3511 2489; baseline 0 -21"><span class='ocrx_word' id='word_1_268' title='bbox 2021 2408 2298 2489; x_wconf 88' lang='lat' dir='ltr'>proprie,</span> <span class='ocrx_word' id='word_1_269' title='bbox 2318 2415 2505 2488; x_wconf 91' lang='lat' dir='ltr'>prout</span> <span class='ocrx_word' id='word_1_270' title='bbox 2533 2414 2629 2468; x_wconf 88' lang='lat' dir='ltr'>est</span> <span class='ocrx_word' id='word_1_271' title='bbox 2662 2407 2725 2468; x_wconf 90' lang='lat' dir='ltr'>in</span> <span class='ocrx_word' id='word_1_272' title='bbox 2757 2414 2934 2489; x_wconf 89' lang='lat' dir='ltr'>parte</span> <span class='ocrx_word' id='word_1_273' title='bbox 2964 2407 3283 2468; x_wconf 86' lang='lat' dir='ltr'>sensitiva.</span> <span class='ocrx_word' id='word_1_274' title='bbox 3305 2407 3511 2480; x_wconf 84' lang='lat' dir='ltr'>Quum</span> 
     </span>
     <span class='ocr_line' id='line_1_43' title="bbox 2019 2505 3512 2586; baseline -0.001 -20"><span class='ocrx_word' id='word_1_275' title='bbox 2019 2506 2193 2567; x_wconf 90' lang='lat' dir='ltr'>enim</span> <span class='ocrx_word' id='word_1_276' title='bbox 2240 2507 2406 2567; x_wconf 89' lang='lat' dir='ltr'>vires</span> <span class='ocrx_word' id='word_1_277' title='bbox 2466 2505 2795 2566; x_wconf 79' lang='lat' dir='ltr'>inferiores</span> <span class='ocrx_word' id='word_1_278' title='bbox 2854 2513 3209 2586; x_wconf 89' lang='lat' dir='ltr'>sequuntur</span> <span class='ocrx_word' id='word_1_279' title='bbox 3268 2514 3512 2566; x_wconf 90' lang='lat' dir='ltr'>motum</span> 
     </span>
     <span class='ocr_line' id='line_1_44' title="bbox 2021 2603 3512 2684; baseline -0.002 -19"><span class='ocrx_word' id='word_1_280' title='bbox 2021 2603 2423 2684; x_wconf 87' lang='lat' dir='ltr'>superiorum</span> <span class='ocrx_word' id='word_1_281' title='bbox 2466 2603 2517 2664; x_wconf 91' lang='lat' dir='ltr'>si</span> <span class='ocrx_word' id='word_1_282' title='bbox 2560 2603 2641 2664; x_wconf 88' lang='lat' dir='ltr'>sit</span> <span class='ocrx_word' id='word_1_283' title='bbox 2685 2603 2993 2676; x_wconf 84' lang='lat' dir='ltr'>intensuS,</span> <span class='ocrx_word' id='word_1_284' title='bbox 3024 2603 3190 2663; x_wconf 92' lang='lat' dir='ltr'>sicut</span> <span class='ocrx_word' id='word_1_285' title='bbox 3221 2603 3512 2664; x_wconf 91' lang='lat' dir='ltr'>videmus</span> 
     </span>
     <span class='ocr_line' id='line_1_45' title="bbox 2021 2701 3514 2783; baseline 0 -19"><span class='ocrx_word' id='word_1_286' title='bbox 2021 2702 2191 2783; x_wconf 93' lang='lat' dir='ltr'>quod</span> <span class='ocrx_word' id='word_1_287' title='bbox 2220 2701 2298 2763; x_wconf 88' lang='lat' dir='ltr'>ad</span> <span class='ocrx_word' id='word_1_288' title='bbox 2328 2701 2900 2783; x_wconf 88' lang='lat' dir='ltr'>apprehensionem</span> <span class='ocrx_word' id='word_1_289' title='bbox 2944 2701 3231 2762; x_wconf 89' lang='lat' dir='ltr'>mulieris</span> <span class='ocrx_word' id='word_1_290' title='bbox 3267 2701 3514 2764; x_wconf 80' lang='lat' dir='ltr'>dilectae</span> 
     </span>
     <span class='ocr_line' id='line_1_46' title="bbox 2023 2799 3516 2881; baseline 0 -21"><span class='ocrx_word' id='word_1_291' title='bbox 2023 2807 2225 2860; x_wconf 87' lang='lat' dir='ltr'>totum</span> <span class='ocrx_word' id='word_1_292' title='bbox 2272 2817 2502 2881; x_wconf 89' lang='lat' dir='ltr'>corpus</span> <span class='ocrx_word' id='word_1_293' title='bbox 2546 2799 2949 2877; x_wconf 85' lang='lat' dir='ltr'>accenditur3</span> <span class='ocrx_word' id='word_1_294' title='bbox 2992 2799 3084 2861; x_wconf 92' lang='lat' dir='ltr'>sic</span> <span class='ocrx_word' id='word_1_295' title='bbox 3132 2799 3387 2880; x_wconf 88' lang='lat' dir='ltr'>quando</span> <span class='ocrx_word' id='word_1_296' title='bbox 3426 2799 3516 2862; x_wconf 86' lang='lat' dir='ltr'>af-</span> 
     </span>
     <span class='ocr_line' id='line_1_47' title="bbox 2021 2896 3510 2978; baseline 0.001 -20"><span class='ocrx_word' id='word_1_297' title='bbox 2021 2896 2225 2958; x_wconf 79' lang='lat' dir='ltr'>fectus</span> <span class='ocrx_word' id='word_1_298' title='bbox 2268 2897 2559 2978; x_wconf 90' lang='lat' dir='ltr'>superior</span> <span class='ocrx_word' id='word_1_299' title='bbox 2590 2897 2835 2958; x_wconf 89' lang='lat' dir='ltr'>intense</span> <span class='ocrx_word' id='word_1_300' title='bbox 2867 2905 3158 2959; x_wconf 91' lang='lat' dir='ltr'>movetur</span> <span class='ocrx_word' id='word_1_301' title='bbox 3189 2897 3255 2958; x_wconf 90' lang='lat' dir='ltr'>in</span> <span class='ocrx_word' id='word_1_302' title='bbox 3287 2898 3510 2972; x_wconf 89' lang='lat' dir='ltr'>Deum,</span> 
     </span>
    </p>
   </div>
   <div class='ocr_carea' id='block_1_8' title="bbox 397 2995 3515 3077">
    <p class='ocr_par' dir='ltr' id='par_1_10' title="bbox 397 2995 3515 3077">
     <span class='ocr_line' id='line_1_48' title="bbox 397 2995 3515 3077; baseline 0.001 -22"><span class='ocrx_word' id='word_1_303' title='bbox 397 3013 474 3055; x_wconf 91' lang='lat' dir='ltr'>se</span> <span class='ocrx_word' id='word_1_304' title='bbox 517 3012 646 3057; x_wconf 89' lang='lat' dir='ltr'>non</span> <span class='ocrx_word' id='word_1_305' title='bbox 687 3003 976 3075; x_wconf 85' lang='lat' dir='ltr'>augetur,</span> <span class='ocrx_word' id='word_1_306' title='bbox 1012 2995 1123 3056; x_wconf 89' lang='lat' dir='ltr'>sed</span> <span class='ocrx_word' id='word_1_307' title='bbox 1166 2995 1402 3056; x_wconf 91' lang='lat' dir='ltr'>dicitur</span> <span class='ocrx_word' id='word_1_308' title='bbox 1439 2995 1654 3075; x_wconf 88' lang='lat' dir='ltr'>augeri</span> <span class='ocrx_word' id='word_1_309' title='bbox 1697 2995 1762 3056; x_wconf 89' lang='lat' dir='ltr'>in</span> <span class='ocrx_word' id='word_1_310' title='bbox 1803 3013 1910 3058; x_wconf 92' lang='lat' dir='ltr'>no—</span> <span class='ocrx_word' id='word_1_311' title='bbox 1945 3001 1988 3064; x_wconf 88' lang='lat' dir='ltr'>C</span> <span class='ocrx_word' id='word_1_312' title='bbox 2020 2995 2431 3077; x_wconf 89' lang='lat' dir='ltr'>consequitur</span> <span class='ocrx_word' id='word_1_313' title='bbox 2461 2995 2747 3076; x_wconf 84' lang='lat' dir='ltr'>quaedam</span> <span class='ocrx_word' id='word_1_314' title='bbox 2790 2995 3127 3077; x_wconf 89' lang='lat' dir='ltr'>impressio</span> <span class='ocrx_word' id='word_1_315' title='bbox 3166 2997 3230 3058; x_wconf 90' lang='lat' dir='ltr'>in</span> <span class='ocrx_word' id='word_1_316' title='bbox 3270 2997 3515 3060; x_wconf 89' lang='lat' dir='ltr'>viribus</span> 
     </span>
    </p>
   </div>
   <div class='ocr_carea' id='block_1_9' title="bbox 395 3091 1909 4157">
    <p class='ocr_par' dir='ltr' id='par_1_11' title="bbox 395 3091 1909 4157">
     <span class='ocr_line' id='line_1_49' title="bbox 403 3091 1909 3176; baseline 0 -21"><span class='ocrx_word' id='word_1_317' title='bbox 403 3091 508 3155; x_wconf 90' lang='lat' dir='ltr'>bis</span> <span class='ocrx_word' id='word_1_318' title='bbox 569 3093 637 3155; x_wconf 90' lang='lat' dir='ltr'>in</span> <span class='ocrx_word' id='word_1_319' title='bbox 688 3101 1002 3176; x_wconf 88' lang='lat' dir='ltr'>quantum</span> <span class='ocrx_word' id='word_1_320' title='bbox 1057 3111 1170 3157; x_wconf 89' lang='lat' dir='ltr'>nos</span> <span class='ocrx_word' id='word_1_321' title='bbox 1229 3094 1295 3156; x_wconf 90' lang='lat' dir='ltr'>in</span> <span class='ocrx_word' id='word_1_322' title='bbox 1347 3092 1604 3156; x_wconf 87' lang='lat' dir='ltr'>caritate</span> <span class='ocrx_word' id='word_1_323' title='bbox 1657 3093 1909 3176; x_wconf 84' lang='lat' dir='ltr'>profici-</span> 
     </span>
     <span class='ocr_line' id='line_1_50' title="bbox 399 3192 1909 3274; baseline 0.001 -21"><span class='ocrx_word' id='word_1_324' title='bbox 399 3210 550 3253; x_wconf 85' lang='lat' dir='ltr'>mus</span> <span class='ocrx_word' id='word_1_325' title='bbox 587 3210 601 3253; x_wconf 92' lang='lat'>:</span> <span class='ocrx_word' id='word_1_326' title='bbox 636 3199 702 3253; x_wconf 90' lang='lat' dir='ltr'>et</span> <span class='ocrx_word' id='word_1_327' title='bbox 744 3192 878 3255; x_wconf 80' lang='lat' dir='ltr'>haec</span> <span class='ocrx_word' id='word_1_328' title='bbox 919 3192 1046 3254; x_wconf 85' lang='lat' dir='ltr'>fuit</span> <span class='ocrx_word' id='word_1_329' title='bbox 1087 3192 1307 3274; x_wconf 90' lang='lat' dir='ltr'>opinio</span> <span class='ocrx_word' id='word_1_330' title='bbox 1349 3192 1624 3272; x_wconf 84' lang='lat' dir='ltr'>Magistri</span> <span class='ocrx_word' id='word_1_331' title='bbox 1665 3201 1728 3253; x_wconf 90' lang='lat' dir='ltr'>et</span> <span class='ocrx_word' id='word_1_332' title='bbox 1770 3210 1909 3255; x_wconf 92' lang='lat' dir='ltr'>suo-</span> 
     </span>
     <span class='ocr_line' id='line_1_51' title="bbox 399 3290 1906 3371; baseline 0.001 -21"><span class='ocrx_word' id='word_1_333' title='bbox 399 3308 574 3363; x_wconf 85' lang='lat' dir='ltr'>rum,</span> <span class='ocrx_word' id='word_1_334' title='bbox 627 3290 932 3369; x_wconf 86' lang='lat' dir='ltr'>quoniam</span> <span class='ocrx_word' id='word_1_335' title='bbox 993 3297 1342 3371; x_wconf 88' lang='lat' dir='ltr'>posuerunt</span> <span class='ocrx_word' id='word_1_336' title='bbox 1392 3290 1718 3351; x_wconf 86' lang='lat' dir='ltr'>caritatem</span> <span class='ocrx_word' id='word_1_337' title='bbox 1780 3308 1906 3352; x_wconf 89' lang='lat' dir='ltr'>non</span> 
     </span>
     <span class='ocr_line' id='line_1_52' title="bbox 395 3387 1906 3469; baseline 0.001 -21"><span class='ocrx_word' id='word_1_338' title='bbox 395 3406 544 3448; x_wconf 85' lang='lat' dir='ltr'>esse</span> <span class='ocrx_word' id='word_1_339' title='bbox 587 3387 714 3450; x_wconf 88' lang='lat' dir='ltr'>nisi</span> <span class='ocrx_word' id='word_1_340' title='bbox 755 3387 1102 3469; x_wconf 89' lang='lat' dir='ltr'>ipsummet</span> <span class='ocrx_word' id='word_1_341' title='bbox 1142 3388 1450 3469; x_wconf 89' lang='lat' dir='ltr'>Spiritum</span> <span class='ocrx_word' id='word_1_342' title='bbox 1484 3388 1807 3461; x_wconf 89' lang='lat' dir='ltr'>Sanctum,</span> <span class='ocrx_word' id='word_1_343' title='bbox 1843 3388 1906 3449; x_wconf 89' lang='lat' dir='ltr'>in</span> 
     </span>
     <span class='ocr_line' id='line_1_53' title="bbox 397 3486 1907 3568; baseline 0 -21"><span class='ocrx_word' id='word_1_344' title='bbox 397 3504 602 3568; x_wconf 88' lang='lat' dir='ltr'>quem</span> <span class='ocrx_word' id='word_1_345' title='bbox 651 3486 918 3549; x_wconf 79' lang='lat' dir='ltr'>variatio</span> <span class='ocrx_word' id='word_1_346' title='bbox 961 3486 1138 3548; x_wconf 85' lang='lat' dir='ltr'>nulla</span> <span class='ocrx_word' id='word_1_347' title='bbox 1187 3487 1372 3548; x_wconf 89' lang='lat' dir='ltr'>cadit.</span> <span class='ocrx_word' id='word_1_348' title='bbox 1409 3486 1530 3548; x_wconf 90' lang='lat' dir='ltr'>Sed</span> <span class='ocrx_word' id='word_1_349' title='bbox 1580 3487 1697 3548; x_wconf 91' lang='lat' dir='ltr'>hoc</span> <span class='ocrx_word' id='word_1_350' title='bbox 1743 3495 1907 3549; x_wconf 89' lang='lat' dir='ltr'>stare</span> 
     </span>
     <span class='ocr_line' id='line_1_54' title="bbox 400 3585 1908 3666; baseline 0 -19"><span class='ocrx_word' id='word_1_351' title='bbox 400 3602 536 3647; x_wconf 87' lang='lat' dir='ltr'>non</span> <span class='ocrx_word' id='word_1_352' title='bbox 587 3586 778 3658; x_wconf 87' lang='lat' dir='ltr'>valet,</span> <span class='ocrx_word' id='word_1_353' title='bbox 827 3586 1132 3666; x_wconf 89' lang='lat' dir='ltr'>quoniam</span> <span class='ocrx_word' id='word_1_354' title='bbox 1179 3603 1308 3648; x_wconf 90' lang='lat' dir='ltr'>non</span> <span class='ocrx_word' id='word_1_355' title='bbox 1361 3594 1458 3647; x_wconf 87' lang='lat' dir='ltr'>est</span> <span class='ocrx_word' id='word_1_356' title='bbox 1507 3585 1908 3666; x_wconf 86' lang='lat' dir='ltr'>intelligibile</span> 
     </span>
     <span class='ocr_line' id='line_1_55' title="bbox 399 3682 1908 3765; baseline 0 -20"><span class='ocrx_word' id='word_1_357' title='bbox 399 3683 582 3765; x_wconf 89' lang='lat' dir='ltr'>quod</span> <span class='ocrx_word' id='word_1_358' title='bbox 615 3700 731 3745; x_wconf 89' lang='lat' dir='ltr'>nos</span> <span class='ocrx_word' id='word_1_359' title='bbox 772 3682 1186 3764; x_wconf 80' lang='lat' dir='ltr'>proficiamus</span> <span class='ocrx_word' id='word_1_360' title='bbox 1221 3684 1286 3744; x_wconf 91' lang='lat' dir='ltr'>in</span> <span class='ocrx_word' id='word_1_361' title='bbox 1327 3683 1607 3757; x_wconf 90' lang='lat' dir='ltr'>caritate,</span> <span class='ocrx_word' id='word_1_362' title='bbox 1642 3703 1784 3765; x_wconf 80' lang='lat' dir='ltr'>quae</span> <span class='ocrx_word' id='word_1_363' title='bbox 1813 3692 1908 3745; x_wconf 86' lang='lat' dir='ltr'>est</span> 
     </span>
     <span class='ocr_line' id='line_1_56' title="bbox 399 3780 1908 3862; baseline 0 -18"><span class='ocrx_word' id='word_1_364' title='bbox 399 3782 688 3862; x_wconf 88' lang='lat' dir='ltr'>Spiritus</span> <span class='ocrx_word' id='word_1_365' title='bbox 720 3782 1008 3855; x_wconf 81' lang='lat' dir='ltr'>Sanetus,</span> <span class='ocrx_word' id='word_1_366' title='bbox 1040 3781 1164 3843; x_wconf 89' lang='lat' dir='ltr'>nisi</span> <span class='ocrx_word' id='word_1_367' title='bbox 1206 3781 1449 3862; x_wconf 89' lang='lat' dir='ltr'>aliquid</span> <span class='ocrx_word' id='word_1_368' title='bbox 1481 3780 1595 3843; x_wconf 77' lang='lat' dir='ltr'>fiat</span> <span class='ocrx_word' id='word_1_369' title='bbox 1626 3783 1691 3844; x_wconf 90' lang='lat' dir='ltr'>in</span> <span class='ocrx_word' id='word_1_370' title='bbox 1722 3782 1908 3844; x_wconf 89' lang='lat' dir='ltr'>nobis</span> 
     </span>
     <span class='ocr_line' id='line_1_57' title="bbox 399 3877 1907 3960; baseline 0.001 -21"><span class='ocrx_word' id='word_1_371' title='bbox 399 3878 582 3959; x_wconf 90' lang='lat' dir='ltr'>quod</span> <span class='ocrx_word' id='word_1_372' title='bbox 624 3878 802 3960; x_wconf 91' lang='lat' dir='ltr'>prius</span> <span class='ocrx_word' id='word_1_373' title='bbox 844 3895 971 3939; x_wconf 89' lang='lat' dir='ltr'>non</span> <span class='ocrx_word' id='word_1_374' title='bbox 1010 3878 1176 3939; x_wconf 78' lang='lat' dir='ltr'>fuit:</span> <span class='ocrx_word' id='word_1_375' title='bbox 1211 3885 1274 3939; x_wconf 90' lang='lat' dir='ltr'>et</span> <span class='ocrx_word' id='word_1_376' title='bbox 1304 3877 1424 3939; x_wconf 92' lang='lat' dir='ltr'>hoc</span> <span class='ocrx_word' id='word_1_377' title='bbox 1464 3896 1601 3939; x_wconf 89' lang='lat' dir='ltr'>esse</span> <span class='ocrx_word' id='word_1_378' title='bbox 1643 3896 1768 3941; x_wconf 89' lang='lat' dir='ltr'>non</span> <span class='ocrx_word' id='word_1_379' title='bbox 1800 3896 1907 3960; x_wconf 95' lang='lat' dir='ltr'>po-</span> 
     </span>
     <span class='ocr_line' id='line_1_58' title="bbox 399 3976 1909 4059; baseline 0.002 -22"><span class='ocrx_word' id='word_1_380' title='bbox 399 3984 534 4037; x_wconf 89' lang='lat' dir='ltr'>test</span> <span class='ocrx_word' id='word_1_381' title='bbox 583 3976 985 4039; x_wconf 90' lang='lat' dir='ltr'>solummodo</span> <span class='ocrx_word' id='word_1_382' title='bbox 1029 3984 1230 4051; x_wconf 91' lang='lat' dir='ltr'>actus,</span> <span class='ocrx_word' id='word_1_383' title='bbox 1282 3996 1484 4058; x_wconf 91' lang='lat' dir='ltr'>quum</span> <span class='ocrx_word' id='word_1_384' title='bbox 1543 3985 1720 4039; x_wconf 85' lang='lat' dir='ltr'>actus</span> <span class='ocrx_word' id='word_1_385' title='bbox 1770 3995 1909 4059; x_wconf 89' lang='lat' dir='ltr'>pro-</span> 
     </span>
     <span class='ocr_line' id='line_1_59' title="bbox 399 4074 1909 4157; baseline 0.002 -23"><span class='ocrx_word' id='word_1_386' title='bbox 399 4074 594 4135; x_wconf 90' lang='lat' dir='ltr'>cedat</span> <span class='ocrx_word' id='word_1_387' title='bbox 639 4092 718 4135; x_wconf 82' lang='lat' dir='ltr'>ex</span> <span class='ocrx_word' id='word_1_388' title='bbox 761 4075 984 4136; x_wconf 87' lang='lat' dir='ltr'>habitu</span> <span class='ocrx_word' id='word_1_389' title='bbox 1027 4094 1141 4137; x_wconf 91' lang='lat' dir='ltr'>seu</span> <span class='ocrx_word' id='word_1_390' title='bbox 1184 4076 1440 4148; x_wconf 86' lang='lat' dir='ltr'>virtute,</span> <span class='ocrx_word' id='word_1_391' title='bbox 1475 4076 1640 4137; x_wconf 90' lang='lat' dir='ltr'>sicut</span> <span class='ocrx_word' id='word_1_392' title='bbox 1689 4076 1909 4157; x_wconf 91' lang='lat' dir='ltr'>proba-</span> 
     </span>
    </p>
   </div>
   <div class='ocr_carea' id='block_1_10' title="bbox 2016 3093 3514 4156">
    <p class='ocr_par' dir='ltr' id='par_1_12' title="bbox 2016 3093 3514 4156">
     <span class='ocr_line' id='line_1_60' title="bbox 2018 3093 3511 3175; baseline 0.001 -20"><span class='ocrx_word' id='word_1_393' title='bbox 2018 3093 2362 3167; x_wconf 78' lang='lat' dir='ltr'>sensitiviS,</span> <span class='ocrx_word' id='word_1_394' title='bbox 2396 3111 2521 3175; x_wconf 87' lang='lat' dir='ltr'>qua</span> <span class='ocrx_word' id='word_1_395' title='bbox 2571 3093 2914 3157; x_wconf 85' lang='lat' dir='ltr'>incitantur</span> <span class='ocrx_word' id='word_1_396' title='bbox 2960 3094 3038 3157; x_wconf 90' lang='lat' dir='ltr'>ad</span> <span class='ocrx_word' id='word_1_397' title='bbox 3087 3094 3511 3158; x_wconf 89' lang='lat' dir='ltr'>obediendum</span> 
     </span>
     <span class='ocr_line' id='line_1_61' title="bbox 2018 3186 3512 3255; baseline 0.002 -3"><span class='ocrx_word' id='word_1_398' title='bbox 2018 3191 2237 3254; x_wconf 90' lang='lat' dir='ltr'>divino</span> <span class='ocrx_word' id='word_1_399' title='bbox 2264 3192 2483 3254; x_wconf 89' lang='lat' dir='ltr'>amori.</span> <span class='ocrx_word' id='word_1_400' title='bbox 2519 3193 2798 3255; x_wconf 82' lang='lat' dir='ltr'>intensio</span> <span class='ocrx_word' id='word_1_401' title='bbox 2834 3201 3049 3255; x_wconf 90' lang='lat' dir='ltr'>autem</span> <span class='ocrx_word' id='word_1_402' title='bbox 3082 3186 3267 3255; x_wconf 85' lang='lat' dir='ltr'>istius</span> <span class='ocrx_word' id='word_1_403' title='bbox 3307 3192 3512 3255; x_wconf 85' lang='lat' dir='ltr'>fervo-</span> 
     </span>
     <span class='ocr_line' id='line_1_62' title="bbox 2020 3290 3508 3370; baseline 0.001 -20"><span class='ocrx_word' id='word_1_404' title='bbox 2020 3290 2106 3351; x_wconf 90' lang='lat' dir='ltr'>ris</span> <span class='ocrx_word' id='word_1_405' title='bbox 2147 3291 2225 3351; x_wconf 90' lang='lat' dir='ltr'>ad</span> <span class='ocrx_word' id='word_1_406' title='bbox 2268 3297 2681 3370; x_wconf 89' lang='lat' dir='ltr'>augmentum</span> <span class='ocrx_word' id='word_1_407' title='bbox 2726 3308 2851 3352; x_wconf 91' lang='lat' dir='ltr'>non</span> <span class='ocrx_word' id='word_1_408' title='bbox 2897 3291 3142 3353; x_wconf 83' lang='lat' dir='ltr'>sufficit</span> <span class='ocrx_word' id='word_1_409' title='bbox 3183 3291 3460 3353; x_wconf 87' lang='lat' dir='ltr'>caritatis</span> <span class='ocrx_word' id='word_1_410' title='bbox 3494 3308 3508 3352; x_wconf 91' lang='lat'>:</span> 
     </span>
     <span class='ocr_line' id='line_1_63' title="bbox 2016 3387 3513 3470; baseline 0.003 -22"><span class='ocrx_word' id='word_1_411' title='bbox 2016 3388 2168 3470; x_wconf 90' lang='lat' dir='ltr'>quia</span> <span class='ocrx_word' id='word_1_412' title='bbox 2214 3387 2566 3448; x_wconf 91' lang='lat' dir='ltr'>secundum</span> <span class='ocrx_word' id='word_1_413' title='bbox 2616 3396 3027 3469; x_wconf 88' lang='lat' dir='ltr'>augmentum</span> <span class='ocrx_word' id='word_1_414' title='bbox 3079 3389 3260 3451; x_wconf 92' lang='lat' dir='ltr'>istius</span> <span class='ocrx_word' id='word_1_415' title='bbox 3306 3389 3513 3452; x_wconf 84' lang='lat' dir='ltr'>fervo-</span> 
     </span>
     <span class='ocr_line' id='line_1_64' title="bbox 2019 3486 3510 3569; baseline 0.002 -22"><span class='ocrx_word' id='word_1_416' title='bbox 2019 3487 2106 3548; x_wconf 90' lang='lat' dir='ltr'>ris</span> <span class='ocrx_word' id='word_1_417' title='bbox 2137 3504 2267 3549; x_wconf 92' lang='lat' dir='ltr'>non</span> <span class='ocrx_word' id='word_1_418' title='bbox 2306 3486 2654 3547; x_wconf 84' lang='lat' dir='ltr'>attenditur</span> <span class='ocrx_word' id='word_1_419' title='bbox 2681 3488 3000 3568; x_wconf 88' lang='lat' dir='ltr'>quantitas</span> <span class='ocrx_word' id='word_1_420' title='bbox 3042 3488 3275 3562; x_wconf 90' lang='lat' dir='ltr'>meriti,</span> <span class='ocrx_word' id='word_1_421' title='bbox 3307 3507 3510 3569; x_wconf 90' lang='lat' dir='ltr'>quum</span> 
     </span>
     <span class='ocr_line' id='line_1_65' title="bbox 2017 3584 3513 3666; baseline 0.001 -21"><span class='ocrx_word' id='word_1_422' title='bbox 2017 3593 2432 3665; x_wconf 86' lang='lat' dir='ltr'>augmentum</span> <span class='ocrx_word' id='word_1_423' title='bbox 2482 3584 2852 3663; x_wconf 83' lang='lat' dir='ltr'>hujusmodi</span> <span class='ocrx_word' id='word_1_424' title='bbox 2906 3585 2970 3645; x_wconf 92' lang='lat' dir='ltr'>in</span> <span class='ocrx_word' id='word_1_425' title='bbox 3020 3586 3303 3666; x_wconf 91' lang='lat' dir='ltr'>corporis</span> <span class='ocrx_word' id='word_1_426' title='bbox 3354 3586 3513 3648; x_wconf 81' lang='lat' dir='ltr'>infe-</span> 
     </span>
     <span class='ocr_line' id='line_1_66' title="bbox 2021 3683 3508 3764; baseline 0.001 -20"><span class='ocrx_word' id='word_1_427' title='bbox 2021 3683 2389 3764; x_wconf 90' lang='lat' dir='ltr'>riorumque</span> <span class='ocrx_word' id='word_1_428' title='bbox 2440 3683 2675 3745; x_wconf 88' lang='lat' dir='ltr'>virium</span> <span class='ocrx_word' id='word_1_429' title='bbox 2724 3683 3139 3764; x_wconf 89' lang='lat' dir='ltr'>dispositione</span> <span class='ocrx_word' id='word_1_430' title='bbox 3188 3684 3508 3746; x_wconf 88' lang='lat' dir='ltr'>consistat.</span> 
     </span>
     <span class='ocr_line' id='line_1_67' title="bbox 2017 3781 3513 3862; baseline 0.001 -20"><span class='ocrx_word' id='word_1_431' title='bbox 2017 3782 2261 3844; x_wconf 83' lang='lat' dir='ltr'>Idcirco</span> <span class='ocrx_word' id='word_1_432' title='bbox 2319 3782 2438 3845; x_wconf 94' lang='lat' dir='ltr'>hoc</span> <span class='ocrx_word' id='word_1_433' title='bbox 2502 3782 2689 3844; x_wconf 89' lang='lat' dir='ltr'>modo</span> <span class='ocrx_word' id='word_1_434' title='bbox 2749 3782 2949 3862; x_wconf 88' lang='lat' dir='ltr'>magis</span> <span class='ocrx_word' id='word_1_435' title='bbox 3008 3781 3325 3843; x_wconf 87' lang='lat' dir='ltr'>ferventes</span> <span class='ocrx_word' id='word_1_436' title='bbox 3387 3800 3513 3844; x_wconf 88' lang='lat' dir='ltr'>non</span> 
     </span>
     <span class='ocr_line' id='line_1_68' title="bbox 2018 3878 3513 3960; baseline 0.001 -20"><span class='ocrx_word' id='word_1_437' title='bbox 2018 3896 2272 3960; x_wconf 81' lang='lat' dir='ltr'>semper</span> <span class='ocrx_word' id='word_1_438' title='bbox 2317 3880 2516 3960; x_wconf 88' lang='lat' dir='ltr'>magis</span> <span class='ocrx_word' id='word_1_439' title='bbox 2562 3885 2932 3940; x_wconf 90' lang='lat' dir='ltr'>merentur:</span> <span class='ocrx_word' id='word_1_440' title='bbox 2968 3878 3077 3960; x_wconf 93' lang='lat' dir='ltr'>qui</span> <span class='ocrx_word' id='word_1_441' title='bbox 3120 3885 3333 3940; x_wconf 85' lang='lat' dir='ltr'>autem</span> <span class='ocrx_word' id='word_1_442' title='bbox 3382 3898 3513 3941; x_wconf 90' lang='lat' dir='ltr'>cre-</span> 
     </span>
     <span class='ocr_line' id='line_1_69' title="bbox 2017 3976 3514 4051; baseline 0.001 -14"><span class='ocrx_word' id='word_1_443' title='bbox 2017 3976 2138 4038; x_wconf 89' lang='lat' dir='ltr'>scit</span> <span class='ocrx_word' id='word_1_444' title='bbox 2180 3976 2247 4037; x_wconf 89' lang='lat' dir='ltr'>in</span> <span class='ocrx_word' id='word_1_445' title='bbox 2292 3977 2572 4051; x_wconf 90' lang='lat' dir='ltr'>caritate,</span> <span class='ocrx_word' id='word_1_446' title='bbox 2614 3977 2842 4038; x_wconf 89' lang='lat' dir='ltr'>crescit</span> <span class='ocrx_word' id='word_1_447' title='bbox 2886 3976 2950 4038; x_wconf 91' lang='lat' dir='ltr'>in</span> <span class='ocrx_word' id='word_1_448' title='bbox 2995 3977 3238 4040; x_wconf 89' lang='lat' dir='ltr'>merito.</span> <span class='ocrx_word' id='word_1_449' title='bbox 3282 3978 3514 4040; x_wconf 89' lang='lat' dir='ltr'>Secun-</span> 
     </span>
     <span class='ocr_line' id='line_1_70' title="bbox 2019 4073 3510 4156; baseline 0.001 -21"><span class='ocrx_word' id='word_1_450' title='bbox 2019 4075 2120 4148; x_wconf 90' lang='lat' dir='ltr'>do,</span> <span class='ocrx_word' id='word_1_451' title='bbox 2155 4073 2367 4137; x_wconf 86' lang='lat' dir='ltr'>fervor</span> <span class='ocrx_word' id='word_1_452' title='bbox 2416 4074 2693 4136; x_wconf 85' lang='lat' dir='ltr'>caritatis</span> <span class='ocrx_word' id='word_1_453' title='bbox 2744 4075 3171 4156; x_wconf 88' lang='lat' dir='ltr'>metaphorice</span> <span class='ocrx_word' id='word_1_454' title='bbox 3214 4077 3510 4151; x_wconf 88' lang='lat' dir='ltr'>sumitur,</span> 
     </span>
    </p>
   </div>
   <div class='ocr_carea' id='block_1_11' title="bbox 403 4172 3513 4255">
    <p class='ocr_par' dir='ltr' id='par_1_13' title="bbox 403 4172 3513 4255">
     <span class='ocr_line' id='line_1_71' title="bbox 403 4172 3513 4255; baseline 0.001 -22"><span class='ocrx_word' id='word_1_455' title='bbox 403 4180 548 4233; x_wconf 88' lang='lat' dir='ltr'>tum</span> <span class='ocrx_word' id='word_1_456' title='bbox 597 4180 718 4243; x_wconf 91' lang='lat' dir='ltr'>est,</span> <span class='ocrx_word' id='word_1_457' title='bbox 767 4173 975 4235; x_wconf 88' lang='lat' dir='ltr'>omnis</span> <span class='ocrx_word' id='word_1_458' title='bbox 1023 4191 1278 4255; x_wconf 91' lang='lat' dir='ltr'>quoque</span> <span class='ocrx_word' id='word_1_459' title='bbox 1326 4182 1508 4235; x_wconf 88' lang='lat' dir='ltr'>actus</span> <span class='ocrx_word' id='word_1_460' title='bbox 1563 4174 1904 4255; x_wconf 80' lang='lat' dir='ltr'>persectuS,</span> <span class='ocrx_word' id='word_1_461' title='bbox 1941 4186 1986 4246; x_wconf 86' lang='lat' dir='ltr'>D</span> <span class='ocrx_word' id='word_1_462' title='bbox 2018 4174 2371 4234; x_wconf 90' lang='lat' dir='ltr'>secundum</span> <span class='ocrx_word' id='word_1_463' title='bbox 2430 4172 2599 4254; x_wconf 92' lang='lat' dir='ltr'>quod</span> <span class='ocrx_word' id='word_1_464' title='bbox 2658 4172 2983 4234; x_wconf 88' lang='lat' dir='ltr'>caritatem</span> <span class='ocrx_word' id='word_1_465' title='bbox 3042 4174 3315 4235; x_wconf 91' lang='lat' dir='ltr'>dicimus</span> <span class='ocrx_word' id='word_1_466' title='bbox 3375 4194 3513 4237; x_wconf 89' lang='lat' dir='ltr'>esse</span> 
     </span>
    </p>
   </div>
   <div class='ocr_carea' id='block_1_12' title="bbox 397 4270 1912 5039">
    <p class='ocr_par' dir='ltr' id='par_1_14' title="bbox 397 4270 1912 5039">
     <span class='ocr_line' id='line_1_72' title="bbox 399 4270 1906 4351; baseline 0.001 -20"><span class='ocrx_word' id='word_1_467' title='bbox 399 4271 586 4351; x_wconf 83' lang='lat' dir='ltr'>quali</span> <span class='ocrx_word' id='word_1_468' title='bbox 618 4271 881 4331; x_wconf 88' lang='lat' dir='ltr'>unimur</span> <span class='ocrx_word' id='word_1_469' title='bbox 907 4270 1172 4351; x_wconf 86' lang='lat' dir='ltr'>Spiritui</span> <span class='ocrx_word' id='word_1_470' title='bbox 1203 4273 1452 4346; x_wconf 89' lang='lat' dir='ltr'>Sancto,</span> <span class='ocrx_word' id='word_1_471' title='bbox 1485 4281 1581 4334; x_wconf 85' lang='lat' dir='ltr'>est</span> <span class='ocrx_word' id='word_1_472' title='bbox 1609 4292 1646 4334; x_wconf 89' lang='lat' dir='ltr'>a</span> <span class='ocrx_word' id='word_1_473' title='bbox 1675 4273 1906 4334; x_wconf 90' lang='lat' dir='ltr'>virtute</span> 
     </span>
     <span class='ocr_line' id='line_1_73' title="bbox 401 4367 1912 4451; baseline 0.002 -23"><span class='ocrx_word' id='word_1_474' title='bbox 401 4367 716 4450; x_wconf 81' lang='lat' dir='ltr'>perfecta.</span> <span class='ocrx_word' id='word_1_475' title='bbox 751 4402 832 4411; x_wconf 94' lang='lat'>—</span> <span class='ocrx_word' id='word_1_476' title='bbox 859 4367 984 4429; x_wconf 90' lang='lat' dir='ltr'>Alii</span> <span class='ocrx_word' id='word_1_477' title='bbox 1013 4370 1329 4443; x_wconf 84' lang='lat' dir='ltr'>dixerunt,</span> <span class='ocrx_word' id='word_1_478' title='bbox 1362 4372 1532 4451; x_wconf 91' lang='lat' dir='ltr'>quod</span> <span class='ocrx_word' id='word_1_479' title='bbox 1563 4370 1788 4433; x_wconf 85' lang='lat' dir='ltr'>caritas</span> <span class='ocrx_word' id='word_1_480' title='bbox 1820 4390 1912 4431; x_wconf 88' lang='lat' dir='ltr'>es-</span> 
     </span>
     <span class='ocr_line' id='line_1_74' title="bbox 399 4466 1906 4549; baseline 0.001 -21"><span class='ocrx_word' id='word_1_481' title='bbox 399 4466 766 4528; x_wconf 87' lang='lat' dir='ltr'>sentialiter</span> <span class='ocrx_word' id='word_1_482' title='bbox 798 4483 923 4527; x_wconf 91' lang='lat' dir='ltr'>non</span> <span class='ocrx_word' id='word_1_483' title='bbox 954 4474 1239 4546; x_wconf 86' lang='lat' dir='ltr'>augetur,</span> <span class='ocrx_word' id='word_1_484' title='bbox 1263 4469 1372 4528; x_wconf 87' lang='lat' dir='ltr'>sed</span> <span class='ocrx_word' id='word_1_485' title='bbox 1404 4468 1639 4529; x_wconf 89' lang='lat' dir='ltr'>dicitur</span> <span class='ocrx_word' id='word_1_486' title='bbox 1666 4468 1906 4549; x_wconf 88' lang='lat' dir='ltr'>augeri,</span> 
     </span>
     <span class='ocr_line' id='line_1_75' title="bbox 401 4564 1910 4646; baseline 0.001 -19"><span class='ocrx_word' id='word_1_487' title='bbox 401 4567 476 4627; x_wconf 87' lang='lat' dir='ltr'>in</span> <span class='ocrx_word' id='word_1_488' title='bbox 521 4572 842 4646; x_wconf 87' lang='lat' dir='ltr'>quantum</span> <span class='ocrx_word' id='word_1_489' title='bbox 903 4564 1102 4645; x_wconf 86' lang='lat' dir='ltr'>magis</span> <span class='ocrx_word' id='word_1_490' title='bbox 1159 4564 1456 4627; x_wconf 78' lang='lat' dir='ltr'>firmatur</span> <span class='ocrx_word' id='word_1_491' title='bbox 1507 4566 1572 4627; x_wconf 90' lang='lat' dir='ltr'>in</span> <span class='ocrx_word' id='word_1_492' title='bbox 1620 4566 1910 4646; x_wconf 85' lang='lat' dir='ltr'>subjecto</span> 
     </span>
     <span class='ocr_line' id='line_1_76' title="bbox 397 4662 1908 4744; baseline 0.001 -19"><span class='ocrx_word' id='word_1_493' title='bbox 397 4664 770 4726; x_wconf 88' lang='lat' dir='ltr'>secundum</span> <span class='ocrx_word' id='word_1_494' title='bbox 803 4662 1007 4744; x_wconf 90' lang='lat' dir='ltr'>ipsam</span> <span class='ocrx_word' id='word_1_495' title='bbox 1041 4662 1508 4725; x_wconf 89' lang='lat' dir='ltr'>radicationem.</span> <span class='ocrx_word' id='word_1_496' title='bbox 1531 4664 1650 4726; x_wconf 88' lang='lat' dir='ltr'>Sed</span> <span class='ocrx_word' id='word_1_497' title='bbox 1681 4684 1758 4725; x_wconf 86' lang='lat' dir='ltr'>ex</span> <span class='ocrx_word' id='word_1_498' title='bbox 1788 4665 1908 4727; x_wconf 90' lang='lat' dir='ltr'>hoc</span> 
     </span>
     <span class='ocr_line' id='line_1_77' title="bbox 399 4760 1911 4844; baseline -0.001 -20"><span class='ocrx_word' id='word_1_499' title='bbox 399 4762 704 4844; x_wconf 88' lang='lat' dir='ltr'>sequitur</span> <span class='ocrx_word' id='word_1_500' title='bbox 751 4761 956 4843; x_wconf 88' lang='lat' dir='ltr'>ipsam</span> <span class='ocrx_word' id='word_1_501' title='bbox 999 4778 1252 4842; x_wconf 91' lang='lat' dir='ltr'>quoque</span> <span class='ocrx_word' id='word_1_502' title='bbox 1299 4760 1516 4841; x_wconf 89' lang='lat' dir='ltr'>augeri</span> <span class='ocrx_word' id='word_1_503' title='bbox 1565 4762 1911 4823; x_wconf 88' lang='lat' dir='ltr'>essentiali-</span> 
     </span>
     <span class='ocr_line' id='line_1_78' title="bbox 401 4858 1909 4940; baseline -0.001 -16"><span class='ocrx_word' id='word_1_504' title='bbox 401 4872 506 4925; x_wconf 87' lang='lat' dir='ltr'>ter</span> <span class='ocrx_word' id='word_1_505' title='bbox 538 4878 553 4923; x_wconf 91' lang='lat'>:</span> <span class='ocrx_word' id='word_1_506' title='bbox 591 4860 770 4922; x_wconf 88' lang='lat' dir='ltr'>nulla</span> <span class='ocrx_word' id='word_1_507' title='bbox 808 4860 982 4921; x_wconf 87' lang='lat' dir='ltr'>enim</span> <span class='ocrx_word' id='word_1_508' title='bbox 1023 4858 1226 4921; x_wconf 86' lang='lat' dir='ltr'>forma</span> <span class='ocrx_word' id='word_1_509' title='bbox 1267 4859 1465 4940; x_wconf 86' lang='lat' dir='ltr'>magis</span> <span class='ocrx_word' id='word_1_510' title='bbox 1511 4858 1805 4922; x_wconf 79' lang='lat' dir='ltr'>firmatur</span> <span class='ocrx_word' id='word_1_511' title='bbox 1845 4861 1909 4922; x_wconf 93' lang='lat' dir='ltr'>in</span> 
     </span>
     <span class='ocr_line' id='line_1_79' title="bbox 397 4957 1908 5039; baseline -0.001 -17"><span class='ocrx_word' id='word_1_512' title='bbox 397 4958 726 5039; x_wconf 83' lang='lat' dir='ltr'>subjecto,</span> <span class='ocrx_word' id='word_1_513' title='bbox 761 4957 886 5019; x_wconf 90' lang='lat' dir='ltr'>nisi</span> <span class='ocrx_word' id='word_1_514' title='bbox 929 4976 1042 5038; x_wconf 87' lang='lat' dir='ltr'>per</span> <span class='ocrx_word' id='word_1_515' title='bbox 1079 4958 1197 5019; x_wconf 89' lang='lat' dir='ltr'>hoc</span> <span class='ocrx_word' id='word_1_516' title='bbox 1240 4958 1408 5038; x_wconf 89' lang='lat' dir='ltr'>quod</span> <span class='ocrx_word' id='word_1_517' title='bbox 1454 4957 1762 5037; x_wconf 74' lang='lat' dir='ltr'>maJorem</span> <span class='ocrx_word' id='word_1_518' title='bbox 1803 4958 1908 5020; x_wconf 90' lang='lat' dir='ltr'>ha-</span> 
     </span>
    </p>
   </div>
   <div class='ocr_carea' id='block_1_13' title="bbox 401 5054 1914 5135">
    <p class='ocr_par' dir='ltr' id='par_1_15' title="bbox 401 5054 1914 5135">
     <span class='ocr_line' id='line_1_80' title="bbox 401 5054 1914 5135; baseline -0.001 -15"><span class='ocrx_word' id='word_1_519' title='bbox 401 5059 515 5120; x_wconf 81' lang='lat' dir='ltr'>bet</span> <span class='ocrx_word' id='word_1_520' title='bbox 547 5056 888 5119; x_wconf 89' lang='lat' dir='ltr'>victoriam</span> <span class='ocrx_word' id='word_1_521' title='bbox 921 5073 1112 5135; x_wconf 88' lang='lat' dir='ltr'>super</span> <span class='ocrx_word' id='word_1_522' title='bbox 1142 5054 1318 5117; x_wconf 92' lang='lat' dir='ltr'>illud.</span> <span class='ocrx_word' id='word_1_523' title='bbox 1354 5057 1783 5135; x_wconf 86' lang='lat' dir='ltr'>Augmentum</span> <span class='ocrx_word' id='word_1_524' title='bbox 1814 5076 1914 5119; x_wconf 90' lang='lat' dir='ltr'>ve-</span> 
     </span>
    </p>
   </div>
   <div class='ocr_carea' id='block_1_14' title="bbox 401 5154 1912 5335">
    <p class='ocr_par' dir='ltr' id='par_1_16' title="bbox 401 5154 1912 5335">
     <span class='ocr_line' id='line_1_81' title="bbox 401 5154 1912 5235; baseline 0 -16"><span class='ocrx_word' id='word_1_525' title='bbox 401 5174 480 5219; x_wconf 87' lang='lat' dir='ltr'>ro</span> <span class='ocrx_word' id='word_1_526' title='bbox 509 5154 798 5219; x_wconf 59' lang='lat' dir='ltr'>victorias</span> <span class='ocrx_word' id='word_1_527' title='bbox 829 5154 1138 5215; x_wconf 85' lang='lat' dir='ltr'>redundat</span> <span class='ocrx_word' id='word_1_528' title='bbox 1170 5154 1234 5215; x_wconf 89' lang='lat' dir='ltr'>in</span> <span class='ocrx_word' id='word_1_529' title='bbox 1271 5164 1685 5235; x_wconf 86' lang='lat' dir='ltr'>augmentum</span> <span class='ocrx_word' id='word_1_530' title='bbox 1719 5156 1912 5219; x_wconf 88' lang='lat' dir='ltr'>virtu-</span> 
     </span>
     <span class='ocr_line' id='line_1_82' title="bbox 401 5250 1910 5335; baseline 0.001 -19"><span class='ocrx_word' id='word_1_531' title='bbox 401 5255 514 5328; x_wconf 62' lang='lat' dir='ltr'>tis»,</span> <span class='ocrx_word' id='word_1_532' title='bbox 547 5261 616 5315; x_wconf 91' lang='lat' dir='ltr'>et</span> <span class='ocrx_word' id='word_1_533' title='bbox 655 5272 769 5335; x_wconf 89' lang='lat' dir='ltr'>per</span> <span class='ocrx_word' id='word_1_534' title='bbox 799 5269 1194 5332; x_wconf 89' lang='lat' dir='ltr'>consequens</span> <span class='ocrx_word' id='word_1_535' title='bbox 1228 5250 1292 5312; x_wconf 91' lang='lat' dir='ltr'>in</span> <span class='ocrx_word' id='word_1_536' title='bbox 1330 5261 1743 5333; x_wconf 88' lang='lat' dir='ltr'>augmentum</span> <span class='ocrx_word' id='word_1_537' title='bbox 1779 5274 1910 5317; x_wconf 78' lang='lat' dir='ltr'>suae</span> 
     </span>
    </p>
   </div>
   <div class='ocr_carea' id='block_1_15' title="bbox 2019 4271 3513 4345">
    <p class='ocr_par' dir='ltr' id='par_1_17' title="bbox 2019 4271 3513 4345">
     <span class='ocr_line' id='line_1_83' title="bbox 2019 4271 3513 4345; baseline 0.003 -14"><span class='ocrx_word' id='word_1_538' title='bbox 2019 4271 2316 4345; x_wconf 89' lang='lat' dir='ltr'>calorem,</span> <span class='ocrx_word' id='word_1_539' title='bbox 2344 4280 2407 4332; x_wconf 89' lang='lat' dir='ltr'>et</span> <span class='ocrx_word' id='word_1_540' title='bbox 2438 4272 2859 4333; x_wconf 87' lang='lat' dir='ltr'>intensionem</span> <span class='ocrx_word' id='word_1_541' title='bbox 2889 4280 3068 4333; x_wconf 87' lang='lat' dir='ltr'>actus</span> <span class='ocrx_word' id='word_1_542' title='bbox 3099 4273 3378 4335; x_wconf 86' lang='lat' dir='ltr'>caritatis</span> <span class='ocrx_word' id='word_1_543' title='bbox 3410 4291 3513 4336; x_wconf 92' lang='lat' dir='ltr'>vo-</span> 
     </span>
    </p>
   </div>
   <div class='ocr_carea' id='block_1_16' title="bbox 2019 4370 3805 4549">
    <p class='ocr_par' dir='ltr' id='par_1_18' title="bbox 2019 4370 3805 4549">
     <span class='ocr_line' id='line_1_84' title="bbox 2019 4370 3801 4453; baseline -0.002 -22"><span class='ocrx_word' id='word_1_544' title='bbox 2019 4388 2238 4431; x_wconf 85' lang='lat' dir='ltr'>camus</span> <span class='ocrx_word' id='word_1_545' title='bbox 2268 4370 2605 4443; x_wconf 86' lang='lat' dir='ltr'>fervorem,</span> <span class='ocrx_word' id='word_1_546' title='bbox 2640 4378 2827 4450; x_wconf 89' lang='lat' dir='ltr'>prout</span> <span class='ocrx_word' id='word_1_547' title='bbox 2856 4370 3047 4431; x_wconf 86' lang='lat' dir='ltr'>etiam</span> <span class='ocrx_word' id='word_1_548' title='bbox 3078 4371 3137 4433; x_wconf 91' lang='lat' dir='ltr'>S.</span> <span class='ocrx_word' id='word_1_549' title='bbox 3174 4372 3507 4453; x_wconf 84' lang='lat' dir='ltr'>Dionysius</span> <span class='ocrx_word' id='word_1_550' title='bbox 3556 4394 3801 4439; x_wconf 53' lang='lat' dir='ltr'>ommim,</span> 
     </span>
     <span class='ocr_line' id='line_1_85' title="bbox 2019 4458 3805 4549; baseline -0.002 -19"><span class='ocrx_word' id='word_1_551' title='bbox 2019 4468 2201 4549; x_wconf 88' lang='lat' dir='ltr'>ponit</span> <span class='ocrx_word' id='word_1_552' title='bbox 2238 4467 2558 4529; x_wconf 85' lang='lat' dir='ltr'>fervidum</span> <span class='ocrx_word' id='word_1_553' title='bbox 2591 4468 2656 4528; x_wconf 90' lang='lat' dir='ltr'>in</span> <span class='ocrx_word' id='word_1_554' title='bbox 2698 4468 3068 4547; x_wconf 88' lang='lat' dir='ltr'>angelorum</span> <span class='ocrx_word' id='word_1_555' title='bbox 3106 4485 3339 4531; x_wconf 90' lang='lat' dir='ltr'>amore.</span> <span class='ocrx_word' id='word_1_556' title='bbox 3376 4470 3506 4532; x_wconf 88' lang='lat' dir='ltr'>Sic·</span> <span class='ocrx_word' id='word_1_557' title='bbox 3537 4458 3805 4513; x_wconf 48' lang='lat' dir='ltr'>&#39;&#39;mmm&#39;&#39;-</span> 
     </span>
    </p>
   </div>
   <div class='ocr_carea' id='block_1_17' title="bbox 2018 4566 3517 5336">
    <p class='ocr_par' dir='ltr' id='par_1_19' title="bbox 2018 4566 3517 5139">
     <span class='ocr_line' id='line_1_86' title="bbox 2018 4566 3510 4648; baseline 0.004 -23"><span class='ocrx_word' id='word_1_558' title='bbox 2018 4584 2142 4646; x_wconf 89' lang='lat' dir='ltr'>que</span> <span class='ocrx_word' id='word_1_559' title='bbox 2193 4566 2406 4628; x_wconf 77' lang='lat' dir='ltr'>fervor</span> <span class='ocrx_word' id='word_1_560' title='bbox 2448 4572 2542 4627; x_wconf 89' lang='lat' dir='ltr'>est</span> <span class='ocrx_word' id='word_1_561' title='bbox 2593 4584 2703 4646; x_wconf 90' lang='lat' dir='ltr'>per</span> <span class='ocrx_word' id='word_1_562' title='bbox 2745 4584 2811 4626; x_wconf 90' lang='lat' dir='ltr'>se</span> <span class='ocrx_word' id='word_1_563' title='bbox 2856 4584 3251 4648; x_wconf 89' lang='lat' dir='ltr'>consequens</span> <span class='ocrx_word' id='word_1_564' title='bbox 3298 4586 3510 4631; x_wconf 90' lang='lat' dir='ltr'>essen-</span> 
     </span>
     <span class='ocr_line' id='line_1_87' title="bbox 2021 4664 3509 4747; baseline 0.003 -22"><span class='ocrx_word' id='word_1_565' title='bbox 2021 4664 2170 4725; x_wconf 89' lang='lat' dir='ltr'>tiam</span> <span class='ocrx_word' id='word_1_566' title='bbox 2235 4664 2532 4726; x_wconf 89' lang='lat' dir='ltr'>caritatis.</span> <span class='ocrx_word' id='word_1_567' title='bbox 2596 4664 2753 4725; x_wconf 87' lang='lat' dir='ltr'>Hinc</span> <span class='ocrx_word' id='word_1_568' title='bbox 2814 4682 2939 4726; x_wconf 90' lang='lat' dir='ltr'>non</span> <span class='ocrx_word' id='word_1_569' title='bbox 3002 4673 3208 4747; x_wconf 88' lang='lat' dir='ltr'>potest</span> <span class='ocrx_word' id='word_1_570' title='bbox 3271 4668 3336 4728; x_wconf 87' lang='lat' dir='ltr'>in</span> <span class='ocrx_word' id='word_1_571' title='bbox 3402 4668 3509 4729; x_wconf 89' lang='lat' dir='ltr'>tali</span> 
     </span>
     <span class='ocr_line' id='line_1_88' title="bbox 2020 4762 3516 4842; baseline 0.005 -19"><span class='ocrx_word' id='word_1_572' title='bbox 2020 4763 2266 4825; x_wconf 85' lang='lat' dir='ltr'>fervore</span> <span class='ocrx_word' id='word_1_573' title='bbox 2296 4762 2439 4824; x_wconf 86' lang='lat' dir='ltr'>fieri</span> <span class='ocrx_word' id='word_1_574' title='bbox 2470 4771 2883 4842; x_wconf 88' lang='lat' dir='ltr'>augmentum,</span> <span class='ocrx_word' id='word_1_575' title='bbox 2904 4764 3027 4825; x_wconf 89' lang='lat' dir='ltr'>nisi</span> <span class='ocrx_word' id='word_1_576' title='bbox 3058 4766 3285 4829; x_wconf 90' lang='lat' dir='ltr'>caritas</span> <span class='ocrx_word' id='word_1_577' title='bbox 3312 4786 3516 4829; x_wconf 90' lang='lat' dir='ltr'>essen·</span> 
     </span>
     <span class='ocr_line' id='line_1_89' title="bbox 2020 4861 3516 4943; baseline 0.003 -21"><span class='ocrx_word' id='word_1_578' title='bbox 2020 4861 2254 4922; x_wconf 89' lang='lat' dir='ltr'>tialiter</span> <span class='ocrx_word' id='word_1_579' title='bbox 2283 4869 2587 4942; x_wconf 86' lang='lat' dir='ltr'>augeatur</span> <span class='ocrx_word' id='word_1_580' title='bbox 2622 4879 2635 4923; x_wconf 89' lang='lat'>:</span> <span class='ocrx_word' id='word_1_581' title='bbox 2670 4862 2973 4943; x_wconf 88' lang='lat' dir='ltr'>quoniam</span> <span class='ocrx_word' id='word_1_582' title='bbox 3012 4863 3205 4925; x_wconf 89' lang='lat' dir='ltr'>simul</span> <span class='ocrx_word' id='word_1_583' title='bbox 3237 4865 3516 4926; x_wconf 88' lang='lat' dir='ltr'>variatur</span> 
     </span>
     <span class='ocr_line' id='line_1_90' title="bbox 2021 4960 3517 5043; baseline 0.003 -24"><span class='ocrx_word' id='word_1_584' title='bbox 2021 4977 2142 5033; x_wconf 81' lang='lat' dir='ltr'>reS,</span> <span class='ocrx_word' id='word_1_585' title='bbox 2194 4968 2257 5021; x_wconf 87' lang='lat' dir='ltr'>ct</span> <span class='ocrx_word' id='word_1_586' title='bbox 2311 4960 2527 5022; x_wconf 88' lang='lat' dir='ltr'>omnia</span> <span class='ocrx_word' id='word_1_587' title='bbox 2584 4978 2724 5040; x_wconf 84' lang='lat' dir='ltr'>quae</span> <span class='ocrx_word' id='word_1_588' title='bbox 2784 4960 2986 5042; x_wconf 88' lang='lat' dir='ltr'>ipsam</span> <span class='ocrx_word' id='word_1_589' title='bbox 3041 4971 3517 5043; x_wconf 90' lang='lat' dir='ltr'>consequuntur</span> 
     </span>
     <span class='ocr_line' id='line_1_91' title="bbox 2025 5076 2267 5139; baseline 0 -20"><span class='ocrx_word' id='word_1_590' title='bbox 2025 5076 2140 5139; x_wconf 89' lang='lat' dir='ltr'>per</span> <span class='ocrx_word' id='word_1_591' title='bbox 2183 5076 2267 5119; x_wconf 90' lang='lat' dir='ltr'>se.</span> 
     </span>
    </p>

    <p class='ocr_par' dir='ltr' id='par_1_20' title="bbox 2022 5156 3515 5336">
     <span class='ocr_line' id='line_1_92' title="bbox 2102 5156 3515 5237; baseline 0.002 -20"><span class='ocrx_word' id='word_1_592' title='bbox 2102 5156 2343 5218; x_wconf 87' lang='lat' dir='ltr'>Idcirco</span> <span class='ocrx_word' id='word_1_593' title='bbox 2371 5156 2737 5229; x_wconf 88' lang='lat' dir='ltr'>dicendum,</span> <span class='ocrx_word' id='word_1_594' title='bbox 2761 5157 2930 5237; x_wconf 89' lang='lat' dir='ltr'>quod</span> <span class='ocrx_word' id='word_1_595' title='bbox 2962 5156 3187 5219; x_wconf 89' lang='lat' dir='ltr'>caritas</span> <span class='ocrx_word' id='word_1_596' title='bbox 3217 5158 3515 5220; x_wconf 88' lang='lat' dir='ltr'>essentia-</span> 
     </span>
     <span class='ocr_line' id='line_1_93' title="bbox 2022 5254 3515 5336; baseline 0.001 -19"><span class='ocrx_word' id='word_1_597' title='bbox 2022 5255 2166 5317; x_wconf 89' lang='lat' dir='ltr'>liter</span> <span class='ocrx_word' id='word_1_598' title='bbox 2202 5264 2485 5336; x_wconf 86' lang='lat' dir='ltr'>augetur.</span> <span class='ocrx_word' id='word_1_599' title='bbox 2518 5254 2751 5335; x_wconf 87' lang='lat' dir='ltr'>Augeri</span> <span class='ocrx_word' id='word_1_600' title='bbox 2786 5263 2999 5316; x_wconf 88' lang='lat' dir='ltr'>autem</span> <span class='ocrx_word' id='word_1_601' title='bbox 3036 5273 3167 5318; x_wconf 88' lang='lat' dir='ltr'>non</span> <span class='ocrx_word' id='word_1_602' title='bbox 3203 5256 3377 5319; x_wconf 91' lang='lat' dir='ltr'>aliud</span> <span class='ocrx_word' id='word_1_603' title='bbox 3416 5264 3515 5319; x_wconf 89' lang='lat' dir='ltr'>est</span> 
     </span>
    </p>
   </div>
  </div>
 </body>
</html>
