4359 6250
538 484 763 540 QuAEsr.
806 488 851 532 ιι
892 487 906 532 :
946 487 1031 532 AN
1074 485 1517 534 moram-Aras
1559 485 1872 531 anmi-iva:
1914 483 2326 531 comsmmrrr
2367 483 2430 530 m
2473 483 2700 530 mvnvs
2741 482 3074 540 ransoNAS,
3109 481 3235 528 irre.
3321 463 3441 528 207

364 655 516 718 inter
556 673 661 718 eas
704 656 1031 720 distinctio
1067 657 1150 719 sit
1192 655 1399 730 reali8‚
1442 661 1660 738 utpote
1704 671 1842 736 per·
1870 654 1922 716 A

158 769 341 824 ψωμίσ-
364 754 619 833 sonalis3
671 755 762 816 sie
811 774 925 837 per
970 757 1117 818 eas*
1163 754 1245 816 ab
1294 753 1570 817 invicem
1617 753 1839 815 distin-

132 837 213 874 late!

362 861 650 933 guantur,
712 854 778 915 id
835 861 952 928 est,
1013 871 1141 916 non
1203 871 1317 935 per
1372 851 1615 934 aliquid
1673 850 1840 912 reale

360 950 743 1030 adjunctum,
786 953 897 1014 sed
938 971 1052 1034 per
1099 951 1517 1033 proprietates
1559 949 1653 1012 eis
1696 966 1843 1011 con-

362 1048 817 1123 substantialeS,
869 1070 1011 1132 quaa
1061 1050 1265 1113 nihilo
1312 1049 1525 1112 minus
1578 1055 1729 1110 sunt
1776 1048 1843 1109 in

360 1147 465 1220 εἰς,
496 1155 557 1209 et
588 1149 829 1210 ratione
860 1149 1343 1229 distinguuntur
1370 1147 1451 1209 ab
1482 1146 1677 1230 ipsis:
1702 1165 1845 1227 quae

360 1245 507 1307 ratio
557 1263 683 1308 non
732 1255 827 1308 est
877 1246 1083 1308 inanis
1132 1254 1241 1307 aut
1290 1245 1462 1318 ficta,
1506 1245 1657 1326 quia
1706 1243 1847 1306 fun-

360 1342 717 1404 damentum
779 1344 971 1406 habet
1030 1344 1095 1405 in
1152 1362 1242 1418 re,
1303 1343 1839 1425 quemadmodum

362 1439 515 1501 inter
548 1440 945 1502 intellectum
976 1449 1039 1502 et
1068 1441 1461 1503 voluntatem
1503 1441 1613 1502 Dei
1644 1447 1847 1501 exstat

362 1537 493 1599 talis
530 1538 877 1612 distinctio,
912 1537 1203 1620 quamvis
1249 1539 1502 1600 realiter
1544 1557 1744 1600 unum
1784 1546 1848 1599 et

362 1635 517 1696 idem
559 1637 929 1699 consistant.
963 1671 1043 1681 —-
1071 1637 1163 1699 Ad
1209 1636 1466 1698 tertium
1511 1636 1848 1717 responde·

360 1741 475 1801 tur,
514 1734 686 1814 quod
729 1735 1023 1815 quamvis
1076 1752 1471 1815 unaquaeque
1514 1733 1737 1796 relatio
1782 1733 1843 1795 in

2391 792 2863 866 QUAESTIO
2929 792 3007 855 II

2077 1047 2338 1110 Ecundo
2380 1049 2706 1129 quaeritur,
2743 1049 2872 1116 An
2916 1048 3450 1129 proprietates

2110 1146 2474 1212 relativoe
2544 1162 2686 1214 seu
2754 1148 2949 1226 ipsae
3017 1144 3450 1212 relationes

1954 1246 2456 1311 constituant
2526 1246 2610 1311 in
2677 1243 2981 1311 divinis
3045 1256 3450 1324 personas,

1956 1343 2091 1408 vel
2120 1356 2397 1408 earum
2426 1343 3023 1409 distinctionem
3052 1341 3314 1409 solum
3344 1354 3456 1406 os-

1954 1441 2310 1508 tendant.

2040 1538 2300 1600 Videtur
2343 1540 2510 1621 quod
2561 1558 2684 1602 non
2731 1539 3118 1602 constituant
3157 1556 3284 1600 eaS.
3327 1537 3456 1600 Pri-

1962 1655 2087 1709 m0,
2147 1637 2299 1718 quia
2357 1637 2693 1700 relationes
2756 1637 3108 1699 secundum
3165 1636 3452 1698 ordinem

1963 1742 2202 1796 naturae
2251 1753 2322 1796 ac
2375 1735 2809 1815 intelligentiae
2867 1743 3222 1817 sequuntur
3276 1741 3454 1796 actus

358 1831 579 1892 divinis
638 1832 723 1892 sit
772 1831 1025 1894 realiter
1084 1832 1222 1912 ipsa
1269 1831 1489 1894 divina
1545 1832 1841 1904 essentia,
1882 1831 1931 1894 B
1964 1833 2326 1914 personales
2375 1842 2438 1894 et
2481 1831 2828 1895 fundantur
2880 1833 2944 1894 in
2989 1833 3103 1907 eiS,
3145 1833 3311 1894 sicut
3348 1852 3454 1914 pa-

360 1929 684 1992 relationes
725 1937 938 1991 vtamen
978 1929 1242 2010 originis
1284 1929 1449 1990 inter
1488 1947 1555 1990 se
1596 1929 1847 1992 realiter

360 2037 497 2089 sunt
540 2029 859 2091 distinctae
906 2047 919 2089 :
976 2028 1212 2091 idcirco
1259 2029 1649 2109 distinguere
1698 2049 1847 2111 que-

360 2135 465 2187 unt
506 2145 831 2208 personas,
866 2127 1151 2209 Denique
1198 2127 1263 2189 in
1306 2127 1612 2188 creaturis
1662 2126 1847 2189 diffe-

360 2224 547 2285 rentia
578 2224 959 2306 praedicatur
989 2225 1067 2286 de
1098 2225 1514 2305 specie,sicut
1543 2224 1845 2286 rationale

359 2321 427 2382 de
472 2322 769 2399 homine3
820 2323 1041 2405 sicque
1100 2323 1354 2384 realiter
1414 2322 1847 2385 identificatur

358 2439 493 2481 cum
552 2421 663 2482 illa
714 2439 729 2482 :
782 2428 845 2482 et
900 2429 1111 2483 tamen
1172 2421 1506 2503 distinguit
1567 2440 1706 2483 eam
1765 2421 1846 2483 ab

356 2517 504 2580 aliis,
558 2519 719 2592 Quid
780 2537 931 2600 ergo
988 2521 1319 2594 miramur,
1372 2521 1427 2582 si
1488 2520 1553 2582 in
1610 2520 1845 2582 divinis

356 2616 767 2678 essentialiter
799 2617 967 2678 idem
998 2617 1083 2678 sit
1110 2617 1507 2698 distinguens
1538 2625 1727 2698 atque
1757 2618 1847 2679 di-

356 2713 671 2788 stinctum,
706 2715 1055 2776 dummodo
1098 2714 1473 2790 formaliter,
1510 2715 1573 2777 id
1615 2724 1711 2777 est
1750 2734 1845 2776 ra-

358 2811 515 2874 tione
558 2831 688 2875 non
732 2831 930 2886 cassa,
964 2813 1493 2895 distinguuntur?

424 2910 514 2972 Ad
551 2911 997 2973 auctoritatem
1042 2911 1259 2973 Hilarii
1300 2911 1628 2992 responsio
1674 2920 1846 2974 certa

1964 1932 2223 1992 ternitas
2285 1932 2347 1992 in
2406 1931 2809 2010 generatione
2872 1951 2885 1994 :
2948 1948 3073 1993 non
3133 1931 3304 1992 enim
3359 1939 3456 1993 est

1960 2030 2140 2090 Pater
2172 2029 2295 2090 nisi
2329 2029 2664 2109 gignendo.
2702 2029 3011 2092 Generare
3041 2037 3254 2090 autem
3291 2029 3456 2091 sicut

1958 2135 2019 2188 et
2048 2144 2258 2208 agere,
2292 2135 2389 2188 est
2419 2127 2916 2208 suppositorum.
2954 2127 3116 2206 Ergo
3146 2127 3312 2188 Deus
3351 2128 3455 2188 Pa-

1961 2233 2053 2285 ter
2100 2224 2454 2286 secundum
2503 2224 2790 2286 ordinem
2841 2233 3081 2286 naturae
3123 2232 3185 2286 et
3231 2242 3454 2306 appre-

1958 2322 2286 2384 hensionis
2335 2329 2431 2384 est
2479 2339 2748 2404 persona
2795 2329 2939 2383 ante
2985 2323 3450 2402 paternitatem,

1958 2421 2087 2483 imo
2154 2429 2219 2482 et
2285 2429 2428 2482 ante
2497 2419 2968 2500 generationem
3031 2439 3045 2483 :
3111 2437 3238 2482 non
3305 2438 3454 2501 ergo

1958 2519 2305 2600 paternitas
2360 2517 2690 2580 constituit
2745 2536 2892 2580 eum
2957 2536 3311 2599 personam.
3373 2553 3454 2563 -

1957 2617 2269 2690 Secundo,
2322 2616 2492 2698 quod
2539 2616 2825 2697 procedit
2871 2616 2952 2678 ab
2998 2616 3144 2689 alic,
3187 2633 3263 2678 eo
3313 2617 3452 2698 ipso

1956 2733 2083 2797 quo
2134 2715 2440 2796 procedit,
2493 2714 2572 2776 ab
2624 2715 2763 2796 ipso
2809 2714 3242 2795 distinguitur,
3283 2732 3450 2796 ,quo-

1957 2814 2129 2875 niam
2175 2813 2337 2874 nihil
2383 2813 2676 2894 producit
2717 2831 2784 2874 se
2830 2812 3041 2894 ipsum
3076 2831 3089 2876 ε
3125 2831 3274 2894 ergo
3317 2813 3449 2875 sola

1955 2912 2199 2992 origine
2243 2911 2723 2992 distinguuntur
2759 2911 2990 2973 divinae
3031 2929 3333 2992 personae.
3367 2946 3448 2956 —

351 3017 407 3070 et
442 3008 609 3070 clara
646 3017 763 3070 est.
808 3009 943 3072 Non
986 3010 1161 3071 enim
1204 3009 1571 3071 intendebat
1612 3029 1846 3072 assere-
1882 3006 1925 3071 C
1956 3009 2186 3082 Tertio,
2226 3010 2430 3091 prima
2479 3009 2804 3071 distinctio
2855 3027 3065 3070 rerum
3115 3009 3305 3070 debet
3351 3029 3446 3070 es-

353 3126 433 3179 re,
466 3108 635 3189 quod
675 3107 911 3171 divinae
940 3126 1225 3189 personae
1262 3107 1413 3169 solis
1454 3107 1845 3189 distinguan-

352 3212 447 3266 tur
492 3206 847 3280 vocabuliS,
899 3225 1098 3287 quum
1159 3206 1279 3269 hoc
1338 3206 1420 3267 sit
1471 3205 1845 3268 Sabellianae

352 3302 662 3383 persidiae3
696 3304 809 3365 sed
849 3322 964 3385 per
992 3304 1467 3366 distinctionem
1509 3304 1839 3365 nominum

350 3402 612 3464 exclusit
638 3402 1117 3464 distinctionem
1156 3402 1469 3475 essentiae,
1504 3402 1591 3463 ita
1631 3410 1700 3462 ut
1730 3420 1844 3482 per

350 3498 597 3561 nomina
637 3499 1076 3580 intelligantur
1108 3500 1527 3581 proprietates
1569 3498 1841 3561 nomini-

352 3594 461 3657 bus
502 3597 867 3679 designatae.
912 3598 1077 3670 Ideo,
1119 3597 1472 3659 secundum
1522 3597 1845 3660 Bonaven-

352 3702 572 3769 turam,
634 3714 753 3777 per
809 3696 1067 3759 nomina
1128 3695 1440 3757 intellexit
1504 3696 1839 3758 nominum

352 3793 721 3873 significata.
758 3828 837 3839 —
874 3794 968 3855 Ad
1009 3793 1451 3855 auctoritatem
1490 3794 1683 3855 etiam
1725 3794 1841 3856 Da-

212 3916 245 3947 n.
278 3908 328 3949 ,7.
354 3892 621 3954 masceni
668 3909 1047 3972 responsum
1090 3897 1187 3951 est
1229 3910 1422 3973 supra
1468 3892 1729 3973 speciali
1773 3892 1840 3954 in

352 3990 711 4069 quaestione.
756 3989 1197 4051 Bonaventura
1240 4007 1391 4051 vero
1439 3990 1545 4052 hic
1592 3974 1836 4064 scribit,

352 4086 509 4167 quod
548 4086 814 4149 differre
849 4086 1091 4148 ratione
1130 4086 1441 4167 contingit
1480 4087 1835 4168 tripliciter.

1957 3126 2023 3170 se
2077 3128 2190 3190 per
2241 3107 2604 3170 essentialia
2659 3115 2722 3169 et
2769 3107 3078 3181 absoluta,
3133 3116 3446 3188 quatenus

1955 3206 2108 3268 ordo
2158 3206 2690 3286 distinguentium
2743 3206 3231 3287 correspondeat
3280 3206 3443 3268 ordi-

1956 3304 2022 3365 ni
2078 3304 2543 3366 distinctorum.
2603 3304 2810 3366 Prima
2860 3312 3072 3366 autem
3122 3304 3445 3367 distinctio

1954 3409 2049 3463 est
2086 3402 2448 3464 divinarum
2479 3402 2804 3471 distinctio
2836 3420 3270 3483 personarum,
3304 3422 3446 3484 quae

1954 3500 2145 3562 etiam
2179 3519 2365 3562 causa
2403 3508 2496 3562 est
2523 3499 2948 3561 distinctionis
2989 3500 3446 3581 productionis—

1952 3617 2074 3680 que
2125 3606 2578 3661 creaturarum.
2629 3598 2791 3678 Ergo
2829 3614 3117 3679 personae
3167 3597 3292 3660 illae
3339 3617 3442 3660 su-

1953 3696 2460 3778 perdignissimae
2519 3715 2632 3777 per
2682 3695 2972 3758 absoluta
3026 3695 3108 3757 ab
3164 3695 3444 3759 invicem

1954 3792 2451 3873 distinguuntur.
2495 3826 2574 3836 —
2613 3791 2863 3865 Quarto,
2907 3808 3095 3854 omne
3143 3793 3442 3873 respecti-

1952 3909 2106 3953 vum
2137 3891 2217 3952 ad
2246 3890 2504 3971 aliquod
2533 3888 2894 3951 absolutum
2921 3889 3274 3950 reducitur:
3295 3907 3444 3971 ergo

1953 3990 2160 4071 prima
2200 3988 2388 4050 realis
2426 3987 2749 4049 distinctio
2790 4004 2917 4049 non
2957 3995 3053 4049 est
3089 4006 3204 4069 per
3236 4005 3444 4069 respe-

1952 4088 2119 4150 ctiva
2160 4095 2222 4149 et
2265 4085 2570 4147 absoluta.

354 4183 571 4259 Primo,
596 4203 675 4247 ex
708 4192 885 4266 parte
914 4192 1145 4247 nostrae
1173 4184 1699 4267 apprehensionis
1734 4202 1748 4246 :
1776 4194 1839 4247 et
1872 4194 1920 4255 D
2029 4187 2100 4247 In
2138 4184 2507 4266 oppositum
2545 4192 2642 4246 est
2670 4184 2841 4265 quod
2879 4184 2969 4246 ait
3000 4183 3252 4245 Boetius
3287 4201 3300 4245 :
3337 4184 3444 4246 Es-

353 4280 435 4343 sic
478 4281 729 4345 bonitas
772 4290 837 4343 et
878 4282 1191 4364 sapientia
1236 4281 1549 4344 differunt
1596 4284 1836 4345 ratione

356 4378 413 4440 in
458 4380 603 4444 Deo.
659 4380 973 4455 Secundo,
1026 4398 1104 4442 ex
1154 4389 1329 4462 parte
1378 4380 1835 4455 attributioniS,

1952 4284 2154 4345 sentia
2194 4289 2402 4345 servat
2433 4282 2762 4355 unitatem,
2796 4281 3017 4343 relatio
3058 4282 3442 4362 multiplicat

1953 4399 2271 4463 personas,
2305 4415 2386 4424 —
2423 4379 2708 4442 Personae
2749 4396 3004 4461 quoque
3045 4398 3172 4442 non
3222 4380 3442 4442 distin-

354 4476 494 4556 quia
546 4478 845 4541 videlicet
900 4478 1131 4559 aliquis
1191 4480 1413 4542 modus
1470 4477 1841 4541 attribuitur
1948 4487 2233 4561 guuntur
2272 4496 2386 4560 per
2427 4477 2716 4540 absoluta
2759 4495 2773 4539 :
2815 4495 2964 4559 ergo
3005 4496 3117 4560 per
3155 4477 3436 4541 relativa.

356 4576 481 4649 uni,
522 4595 651 4639 non
694 4576 877 4638 alteri
914 4595 927 4639 :
962 4576 1181 4659 sicque
1219 4576 1529 4639 differunt
1572 4578 1833 4651 ratione,

354 4675 639 4747 essentia,
681 4692 972 4756 persona,
1014 4682 1077 4735 et
1119 4674 1309 4737 notio.
1346 4676 1575 4747 Terti0,
1618 4673 1839 4737 differ-

356 4789 417 4831 re
462 4774 725 4846 ratione,
778 4780 875 4833 est
922 4772 1183 4834 differre
1232 4773 1583 4835 secundum
1632 4773 1841 4855 plura-

356 4868 589 4933 litatem
632 4871 1061 4933 distinetionis
1105 4890 1247 4952 quae
1290 4890 1417 4934 non
1466 4872 1712 4934 inducit
1751 4874 1841 4935 di-

358 4970 709 5031 versitatem
752 4970 819 5031 in
861 4970 1139 5031 essentia
1180 4988 1292 5031 seu
1338 4977 1607 5032 natura:
1642 4979 1704 5033 et
1748 4971 1839 5033 sic

358 5086 473 5129 una
512 5086 781 5149 persona
810 5067 1029 5129 differt
1056 5066 1135 5129 ab
1166 5068 1289 5130 alia
1328 5068 1586 5131 ratione.
1624 5070 1840 5132 Petrus

356 5173 559 5227 autem
610 5165 889 5228 breviter
938 5166 1297 5247 respondet,
1351 5167 1623 5231 dicendo
1670 5169 1843 5249 quod

356 5262 773 5327 Damascenus
804 5265 1001 5327 sumit
1028 5266 1337 5329 rationem
1368 5283 1485 5347 pro
1515 5266 1837 5329 relatione.

2038 4676 2131 4738 Ad
2190 4676 2310 4739 hoc
2368 4675 2637 4738 Thomas
2699 4674 3037 4757 respondet
3099 4692 3112 4736 :
3173 4674 3439 4749 Quidam

1952 4776 2194 4848 dicunt,
2229 4774 2398 4855 quod
2437 4774 2829 4856 principium
2867 4772 3292 4835 distinctionis
3329 4774 3442 4855 hy-

1953 4881 2278 4957 postasum
2320 4874 2682 4936 divinarum
2723 4891 2846 4935 non
2892 4880 2986 4934 est
3025 4871 3267 4946 relatio,
3311 4872 3441 4937 imo

1952 4972 2122 5054 quod
2184 4971 2554 5053 hypostases
2615 4990 2682 5033 se
2747 4970 2900 5051 ipsis
2961 4969 3441 5050 distinguuntur

1953 5088 2066 5151 per
2116 5070 2314 5132 solam
2364 5069 2696 5149 originem,
2744 5077 2806 5130 et
2855 5068 3189 5130 relationes
3241 5069 3440 5130 mani-

1954 5168 2188 5231 festant
2236 5168 2710 5230 distinctionem
2755 5166 3166 5248 hypostasum
3213 5183 3227 5227 :
3273 5166 3442 5229 sicut

1957 5267 2023 5328 in
2064 5266 2372 5329 creaturis
2412 5264 2828 5347 proprietates
2871 5281 2997 5327 non
3038 5264 3283 5327 faciunt
3319 5264 3440 5327 dif-
