4359 6250
783 553 798 565 ἱ
853 474 976 538 538

1534 497 1598 542 IN
1640 497 1860 544 mmm!
1905 498 1923 542 1
1967 497 2451 544 SENTENTIARUU.
2496 515 2577 526 -·
2618 498 2771 543 DlST.
2816 497 2957 560 XL13
3002 497 3225 553 QUAEST.
3273 498 3291 542 1

854 671 1058 726 totum
1098 668 1661 749 comprehenditur
1702 669 1821 732 sub
1859 667 2355 750 praedestinatio·
2385 664 2436 727 A
2466 668 2796 741 honorem,
2827 669 3115 751 quaedam
3146 675 3361 730 autem
3391 667 3457 729 in
3489 665 3969 729 contumeliam.

854 762 954 824 nis
985 763 1244 840 effectu,
1277 767 1466 828 etiam
1509 767 1885 849 praeparatio
1928 768 2062 848 ipsa
2101 767 2175 828 ad
2220 785 2356 846 gra-

757 929 772 944 ,
855 862 1270 946 tiamzneque
1301 865 1472 927 enim
1506 867 1626 928 hoc
1655 866 1734 928 fit
1763 867 1887 929 nisi
1920 885 2034 948 per
2063 867 2354 928 divinum

600 971 767 1015 Thren.
780 985 823 1022 v,

559 1036 627 1078 21.

586 1958 714 2001 Rom.

561 2023 628 2064 29.

853 962 1187 1036 auxilium,
1217 964 1398 1044 juxta
1439 965 1596 1027 illud
1636 965 2054 1038 Threnorum,
2089 965 2359 1028 Conver-

852 1065 916 1122 te
973 1077 1109 1133 nOS,
1163 1061 1449 1136 Domine,
1502 1063 1580 1124 ad
1639 1070 1722 1136 tc,
1775 1070 1839 1125 et
1887 1069 2351 1124 convertemur.

851 1157 1052 1220 Habet
1094 1167 1304 1222 tamen
1355 1161 1476 1223 hoc
1527 1162 1714 1224 modo
1765 1161 2236 1244 praedestinatio
2278 1180 2355 1223 ex

855 1264 1031 1338 parte
1079 1257 1350 1321 effectus
1407 1277 1520 1341 pro
1571 1260 1813 1323 ratione
1864 1259 2214 1322 bonitatem
2265 1260 2357 1321 di-

852 1354 1093 1432 vinam,
1126 1357 1203 1418 ad
1236 1377 1428 1439 quam
1462 1366 1627 1421 totus
1667 1359 2239 1441 praedestinationis
2268 1357 2357 1419 ef-

852 1453 1060 1516 fectus
1089 1455 1418 1518 ordinatur
1448 1464 1748 1538 tanquam
1783 1456 1846 1518 in
1880 1454 1905 1516 s
1910 1455 2102 1530 inem,
2123 1476 2199 1518 ex
2230 1475 2357 1537 qua

853 1553 1045 1614 etiam
1107 1554 1394 1635 procedit
1447 1556 1611 1618 sicut
1663 1574 1740 1617 ex
1796 1555 2005 1637 primo
2061 1563 2355 1618 movente

855 1651 1190 1734 principio.
1227 1653 1443 1734 ltaque
1489 1673 1642 1716 usus
1687 1653 1892 1716 bonus
1939 1654 2154 1734 gratiae
2200 1673 2355 1735 pra·-

855 1750 1168 1830 cognituS,
1211 1771 1338 1814 non
1381 1760 1477 1820 est
1517 1753 1676 1815 ratio
1716 1753 2070 1816 collationis
2113 1753 2350 1833 gratim,

2463 802 2545 812 —
2575 766 2694 828 Sed
2741 785 2937 848 quare
2983 766 3096 828 hos
3134 765 3324 846 elegit
3365 765 3432 828 in
3474 765 3764 846 gloriam,
3797 763 3973 826 illos·

2466 884 2591 946 que
2641 865 3024 946 reprobavit,
3072 883 3196 927 non
3247 865 3437 927 habet
3486 864 3796 927 rationem
3846 863 3973 925 nisi

2464 964 2857 1026 voluntatem
2902 965 3206 1026 divinam.
3247 965 3508 1046 Propter
3548 963 3718 1044 quod
3762 962 3975 1042 Augu-

2467 1063 2672 1124 stinus
2730 1064 2817 1125 ait
2871 1081 3064 1145 super
3109 1065 3414 1125 Joannem
3468 1081 3481 1124 :
3535 1062 3737 1135 Quare
3798 1061 3973 1122 hunc

2467 1162 2671 1224 trahat
2711 1169 2774 1224 et
2818 1162 3001 1224 illum
3050 1179 3175 1224 non
3221 1161 3447 1234 trahat,
3491 1161 3620 1224 noli
3664 1161 3831 1224 velle
3878 1161 3977 1241 ju-

2466 1262 2698 1334 dicare,
2744 1261 2795 1323 si
2840 1279 2965 1323 non
3010 1261 3107 1323 vis
3148 1279 3377 1324 errare.
3422 1259 3973 1334 Quemadmodum

2465 1361 2657 1423 etiam
2718 1361 2785 1423 in
2844 1359 3035 1422 rebus
3096 1360 3494 1422 naturalibus
3554 1367 3763 1442 potest
3810 1359 3973 1423 ratio

2463 1460 2793 1540 assignari,
2829 1479 3028 1541 quum
3074 1459 3337 1521 materia
3380 1459 3587 1541 prima
3626 1466 3757 1520 tota
3795 1458 3863 1520 in
3904 1477 3973 1520 se

2465 1559 2549 1620 sit
2579 1557 2939 1630 uniformis,
2974 1576 3169 1639 quare
3204 1577 3329 1619 una
3369 1577 3515 1639 pars
3548 1557 3689 1639 ejus
3722 1566 3822 1620 est
3850 1558 3973 1620 sub

2467 1656 2671 1719 forma
2719 1656 2905 1737 igniS,
2948 1656 3073 1718 alia
3122 1655 3243 1718 sub
3292 1655 3499 1718 forma
3546 1664 3729 1718 terrae
3768 1675 3805 1718 a
3843 1657 3972 1718 Deo

2466 1757 2533 1818 in
2586 1755 2904 1837 principio
2962 1755 3215 1818 condita
3266 1773 3281 1818 :
3334 1763 3405 1817 ut
3454 1755 3701 1817 scilicet
3749 1755 3843 1817 sic
3890 1755 3975 1817 sit

855 1848 980 1910 nisi
1012 1850 1364 1912 secundum
1399 1851 1705 1914 rationem
1739 1871 1942 1914 causae
1975 1851 2208 1913 finalis,
2241 1852 2355 1914 Per
2391 1857 2438 1920 B
2468 1854 2802 1918 diversitas
2832 1855 3193 1936 specierum
3227 1855 3293 1917 in
3323 1853 3723 1916 naturalibus
3754 1853 3967 1916 rebus,

741 1975 825 2008 vm.
857 1948 1026 2029 quod
1061 1956 1233 2029 patet
1263 1949 1494 2012 solutio
1522 1951 1600 2012 ad
1633 1950 1791 2012 illud
1821 1950 2103 2032 Apostoli
2139 1969 2153 2013 ε
2190 1950 2354 2023 Quos

857 2047 1198 2128 praescivit,
1238 2055 1301 2110 et
1344 2049 1837 2130 praedestinavit,
1879 2056 1998 2111 etc.

935 2146 1238 2209 Praeterca
1267 2147 1933 2229 advertendum‚quod
1965 2167 2041 2210 ex
2074 2147 2355 2210 bonitate

857 2246 1073 2308 divina
1119 2245 1288 2307 sumi
1332 2253 1538 2328 potest
1581 2245 1741 2308 ratio
1784 2245 2355 2327 praedestinationis

854 2345 1216 2426 aliquorum
1264 2344 1856 2426 reprobationisque
1905 2345 2197 2407 aliorum.
2252 2344 2354 2406 Sic

631 2470 720 2500 roe.
767 2472 824 2512 vu,
853 2445 1026 2506 enim
1057 2445 1292 2506 dicitur
1319 2444 1485 2506 Deus
1515 2445 1730 2506 omnia
1761 2452 2017 2526 propter
2047 2463 2225 2506 suam
2255 2444 2356 2506 bo·

607 4436 736 4480 Rom.
769 4450 826 4487 lx.

562 4505 629 4553 22,
653 4506 718 4545 23.

851 2543 1116 2605 nitatem
1146 2542 1394 2616 secisse,
1428 2549 1498 2604 ut
1531 2543 1595 2604 in
1623 2542 1818 2604 rebus
1847 2543 2064 2605 divina
2104 2542 2353 2604 bonitas

854 2646 1358 2723 repraesentetur.
1393 2641 1661 2704 Necesse
1701 2649 1796 2704 est
1833 2648 2045 2703 autem
2088 2647 2156 2702 ut
2197 2641 2355 2703 divi-

851 2760 932 2802 na
967 2739 1214 2803 bonitas
1253 2740 1318 2801 in
1353 2759 1420 2802 se
1459 2741 1733 2822 simplex
1768 2747 1831 2803 et
1867 2759 2014 2814 una,
2049 2739 2356 2820 multipli-

851 2840 1010 2902 citer
1047 2847 1534 2922 repraesentetur
1571 2839 1636 2901 in
1681 2839 1893 2913 rebus,
1937 2847 2198 2921 propter
2234 2838 2354 2901 hoc

851 2937 1021 3021 quod
1061 2956 1160 3000 res
1191 2945 1414 3000 creatae
1445 2938 1523 3000 ad
1555 2938 2032 3020 simplicitatem
2070 2938 2351 3000 divinam

2468 1954 2588 2016 Sed
2628 1972 2823 2036 quare
2867 1953 3001 2015 haec
3042 1972 3187 2034 pars
3232 1953 3509 2016 materiae
3551 1959 3648 2014 est
3688 1953 3811 2015 sub
3854 1952 3973 2016 hac

2467 2051 2693 2124 forma,
2736 2060 2799 2114 et
2841 2050 2949 2113 illa
2998 2051 3119 2113 sub
3164 2051 3295 2124 illa,
3338 2050 3655 2132 dependet
3696 2069 3774 2112 ex
3824 2052 3976 2114 sim-

2468 2150 2620 2232 plici
2651 2150 2762 2212 Dei
2792 2151 3117 2214 voluntate
3153 2170 3167 2212 :
3202 2151 3369 2213 sicut
3398 2169 3477 2212 ex
3506 2148 3787 2230 simplici
3826 2150 3975 2211 arti-

2468 2247 2613 2310 ficis
2643 2247 2967 2311 voluntate
2998 2249 3309 2330 dependet
3342 2248 3511 2331 quod
3550 2247 3655 2309 hic
3688 2247 3851 2329 lapis
3890 2247 3977 2309 sit

2468 2347 2534 2408 in
2570 2347 2689 2409 ista
2730 2354 2905 2428 parte
2935 2346 3216 2420 aedit'icii,
3250 2354 3312 2408 et
3342 2347 3451 2409 ille
3484 2346 3549 2406 iu
3586 2345 3717 2418 illa,
3752 2364 3976 2427 quam-

2469 2444 2565 2506 vis
2616 2445 2775 2507 ratio
2811 2445 2964 2506 artis
3011 2443 3239 2506 habeat
3283 2444 3453 2525 quod
3492 2443 3693 2525 aliqui
3736 2444 3867 2505 sint.
3906 2443 3973 2506 in

2469 2544 2587 2604 hac
2630 2550 2829 2624 parte,
2862 2542 2971 2604 alii
3018 2542 3081 2603 in
3126 2542 3267 2604 alia.
3302 2542 3429 2604 Nec
3470 2548 3681 2604 tamen
3724 2542 3807 2604 ob
3852 2542 3975 2604 hoc

2468 2648 2562 2703 est
2614 2641 2916 2722 iniquitas
2963 2640 3132 2722 apud
3183 2642 3407 2714 Deum,
3450 2641 3602 2722 quia
3644 2659 3771 2703 non
3825 2641 3975 2702 inae-
4004 2657 4245 2701 nomam.

2469 2739 2765 2822 qualibus
2819 2738 3154 2820 ina=qualia
3202 2745 3531 2821 praeparat.
3566 2739 3808 2820 Nempe
3851 2739 3977 2801 hoc

2468 2839 2795 2919 derogaret.
2835 2837 3120 2918 justitiae,
3165 2837 3217 2900 si
3268 2837 3843 2920 praedestinationis
3886 2838 3978 2900 ef-

2466 2935 2671 2999 fectus
2714 2956 2792 2999 ex
2831 2937 3046 2999 debito
3090 2937 3457 3000 redderetur
3496 2945 3559 2999 et
3598 2954 3723 3000 non
3770 2938 3976 3018 magis

849 3037 1158 3117 attingere
1203 3054 1328 3097 non
1382 3044 1646 3118 possunt
1692 3057 1706 3100 :
1748 3045 1812 3099 et
1856 3037 2000 3099 inde
2043 3044 2138 3098 est
2183 3038 2351 3118 quod
2394 3038 2437 3102 C
2469 3055 2546 3097 ex
2586 3036 2805 3116 gratia.
2841 3037 2909 3097 In
2952 3036 3053 3097 his
3096 3052 3247 3097 vero
3286 3054 3427 3116 quae
3464 3053 3542 3096 ex
3581 3035 3785 3115 gratia
3822 3037 3975 3097 dan-

849 3137 926 3199 ad
958 3135 1450 3218 complexionem
1480 3136 1760 3199 universi
1792 3136 2200 3218 requiruntur
2225 3156 2355 3217 gra·

852 3236 972 3297 dus
1014 3253 1225 3297 rerum
1266 3234 1519 3297 diversi.
1555 3236 1760 3316 Atque
1802 3242 1870 3296 ut
1911 3236 2353 3316 multiplicitas

852 3334 1164 3415 graduum
1212 3342 1621 3396 conservetur
1669 3333 1736 3396 in
1785 3334 1998 3407 rebus,
2042 3334 2355 3415 permittit

853 3433 1019 3495 Deus
1057 3432 1202 3494 sieri
1232 3431 1445 3513 aliqua
1479 3431 1660 3506 mala,
1696 3451 1776 3494 ne
1811 3431 2008 3493 multa
2043 3432 2209 3495 bona
2239 3432 2356 3495 im-

853 3531 1209 3613 pediantur.
1273 3530 1336 3593 Si
1401 3548 1551 3610 ergo
1614 3530 2090 3593 consideremus
2151 3537 2356 3593 totum

852 3649 1053 3711 genus
1100 3630 1454 3691 humanum
1504 3628 1669 3691 sicut
1708 3637 1903 3691 totam
1954 3648 2167 3691 rerum
2221 3630 2357 3691 uni-

853 3727 1240 3801 versitatem,
1275 3728 1476 3790 voluit
1505 3729 1669 3790 Deus
1701 3728 1766 3789 in
1796 3727 2164 3790 hominibus
2199 3746 2356 3809 quos

856 3826 1351 3909 praedestinavit,
1393 3845 1576 3889 suam
1620 3833 2071 3908 repraesentare
2111 3826 2355 3889 bonita-

857 3934 982 3988 tem
1028 3945 1143 4008 per
1187 3926 1445 3988 modum
1493 3925 1963 3998 misericordia‘,
2003 3926 2355 4005 parcend03

853 4033 916 4087 et
947 4032 1258 4106 quantum
1298 4025 1374 4086 ad
1416 4022 1663 4106 aliquos
1694 4042 1853 4105 quos
1894 4022 2212 4104 reprobat,
2246 4043 2359 4105 per

857 4123 1114 4185 modum
1155 4122 1441 4203 justitiae,
1479 4122 1820 4204 puniendo.
1858 4122 1932 4183 Et
1973 4122 2092 4183 ista
2129 4129 2226 4183 est
2268 4142 2359 4184 ra-

2472 3143 2595 3209 tur,
2632 3143 2840 3216 potest
2870 3135 3015 3216 quis
3046 3154 3123 3197 ex
3158 3133 3341 3197 libito
3376 3152 3489 3197 suo
3520 3135 3669 3196 dare
3698 3134 3804 3196 cui
3836 3134 3979 3197 vult

2471 3234 2636 3315 pluS,
2661 3240 2722 3295 et
2754 3234 2857 3294 cui
2889 3233 3024 3294 vult
3058 3233 3293 3306 minus,
3325 3232 3567 3313 absque
3598 3232 3976 3313 pra-judicio

2466 3331 2753 3413 justitia»,
2805 3332 3153 3393 dummodo
3198 3332 3362 3393 nulli
3419 3330 3751 3393 subtrahat
3796 3330 3976 3393 debi-

2471 3439 2627 3493 tum.
2681 3432 2827 3493 Ideo
2887 3429 3341 3511 paterfamilias
3400 3429 3681 3511 loquitur
3731 3449 3746 3493 :
3798 3430 3975 3492 Tolle
4008 3448 4249 3556 ,⁴³2'“‚‘{¹¹‘¹¹’

2472 3529 2640 3611 quod
2683 3537 2865 3591 tuum
2906 3535 3021 3601 est,
3056 3536 3119 3591 ct
3146 3528 3307 3590 vade
3339 3546 3355 3589 t
3389 3547 3468 3590 an
3510 3544 3637 3591 non
3678 3528 3828 3592 licet
3860 3529 3976 3591 mi-

2471 3630 2537 3691 hi
2588 3630 2755 3710 quod
2805 3628 2949 3691 volo
3000 3626 3360 3689 sacere't—
3398 3628 3543 3691 Haec
3584 3630 3856 3693 Thomas
3906 3629 3975 3693 in

2472 3728 2753 3789 Summa.

2550 3826 2617 3887 ln
2660 3824 2846 3905 cujus
2887 3823 3347 3887 doctrinalibus
3386 3824 3599 3887 verbis
3638 3824 3759 3887 hoc
3802 3826 3975 3906 quod

2470 3923 2578 3996 ait,
2624 3942 2817 4004 quare
2861 3923 3027 3984 Deus
3077 3923 3191 3986 hos
3235 3922 3425 4004 elegit
3468 3930 3529 3984 et
3573 3922 3713 3984 illos
3763 3941 3979 4003 repro-

2472 4021 2667 4095 bavit,
2702 4040 2828 4084 non
2860 4021 3053 4084 habet
3084 4022 3392 4083 rationem
3424 4020 3548 4083 nisi
3579 4020 3975 4083 voluntatem

2472 4121 2777 4191 divinam,
2821 4120 3075 4183 videtur
3122 4118 3481 4200 aliqualiter
3529 4117 3892 4181 discordare
3940 4136 3979 4179 a

856 4222 946 4285 tio
996 4240 1190 4304 quare
1248 4222 1413 4283 Deus
1474 4222 1780 4302 quosdam
1829 4220 2039 4301 elegit,
2089 4228 2151 4282 et
2201 4220 2359 4282 alios
2391 4221 2442 4283 D
2474 4219 2685 4281 verbis
2724 4219 3203 4289 Bonaventurae‚
3238 4215 3348 4298 qui
3380 4224 3448 4277 ut
3482 4216 3547 4277 in
3584 4215 3979 4297 praeinducta

858 4319 1240 4401 reprobavit.
1277 4320 1474 4393 Quam
1521 4320 1830 4381 rationem
1880 4319 2158 4400 assignat
2200 4320 2362 4400 Apo-

858 4418 1058 4481 stolus
1101 4419 1179 4480 ad
1222 4418 1556 4492 Romanos,
1599 4417 1816 4479 dicens
1862 4438 1876 4481 :
1919 4418 2150 4481 Volens
2195 4419 2360 4479 Deus

855 4516 1190 4580 ostendere
1222 4516 1380 4578 iram
1410 4516 1502 4595 (id
1533 4524 1630 4577 est
1660 4516 2004 4577 vindictam
2042 4516 2357 4597 justitiae),

858 4624 922 4679 et
953 4623 1165 4678 notam
1199 4614 1406 4677 facere
1437 4614 1786 4696 potentiam
1818 4634 2021 4687 suam,
2055 4614 2361 4676 sustinuit

857 4716 951 4795 (id
995 4722 1091 4777 est
1141 4714 1461 4797 permisit)
1497 4713 1562 4775 in
1610 4713 1808 4774 multa
1857 4713 2164 4795 patientia
2214 4732 2361 4775 vasa

859 4815 969 4877 irae
1005 4820 1154 4895 apta
1193 4812 1261 4875 in
1301 4811 1653 4883 interitum,
1691 4818 1760 4871 ut
1799 4811 2158 4873 ostenderet
2203 4810 2362 4872 divi-

858 4914 977 4975 tias
1016 4912 1232 4993 gloriae
1273 4930 1402 4973 suae
1440 4910 1506 4972 in
1545 4929 1693 4971 vasa
1734 4908 2185 4971 misericordia».
2223 4929 2364 4990 qum

862 5011 1241 5093 praeparavit
1274 5010 1339 5072 in
1368 5008 1656 5091 gloriam.
1683 5008 1973 5070 Secunda
2002 5024 2256 5088 quoque
2286 5008 2365 5069 ad

2473 4336 2586 4380 sua
2626 4315 2832 4399 patuit
2872 4314 3208 4395 positione,
3242 4314 3360 4375 hoc
3403 4314 3613 4395 ipsum
3653 4332 3731 4375 ex
3770 4313 3979 4375 inten-

2470 4416 2643 4477 tione
2688 4412 3027 4496 reprobare
3071 4412 3463 4494 conspicitur
3502 4431 3515 4475 :
3558 4410 3711 4492 quia
3752 4418 3826 4473 ut
3866 4411 3975 4483 ait,

2472 4523 2535 4577 et
2564 4532 2641 4576 ex
2682 4512 2925 4574 ratione
2959 4530 3033 4572 ac
3068 4510 3439 4573 auctoritate
3476 4507 3840 4581 confirmat,
3876 4527 3981 4571 vo-

2474 4612 2683 4673 luntas
2714 4610 2821 4673 Dei
2867 4610 2931 4672 in
2972 4609 3166 4689 hujus
3200 4607 3511 4670 electione
3550 4625 3623 4668 ac
3658 4606 3980 4687 pra-desti-

2474 4710 2727 4772 natione
2758 4716 2819 4770 et
2854 4708 2917 4769 in
2960 4707 3132 4769 illius
3174 4704 3616 4787 reprobatione
3649 4704 3977 4767 irrationa-

2474 4809 2623 4871 bilis
2667 4826 2805 4869 esse
2849 4824 2977 4869 non
3023 4805 3230 4887 potuit
3270 4822 3389 4866 nec
3433 4803 3689 4883 injusta.
3734 4804 3979 4866 Idcirco

2474 4928 2551 4969 ex
2596 4913 2765 4968 certa
2804 4914 2867 4967 et
2903 4905 3075 4986 justa
3124 4903 3365 4965 ratione
3409 4901 3533 4964 sibi
3578 4908 3749 4973 nota,
3792 4903 3979 4965 nobis

2477 5022 2734 5088 prorsus
2776 5004 3009 5085 ignota,
3043 5003 3137 5065 sic
3170 5002 3373 5083 egisse
3402 5000 3673 5063 videtur.
3706 5034 3791 5045 —
3820 5000 3983 5064 Scri-

603 5128 830 5182 ιιτε,η.ιι,
863 5110 1264 5174 Timotheum
1303 5126 1318 5171 :
1351 5110 1422 5171 In
1463 5126 1688 5188 magna
1714 5106 1980 5188 (inquit)
2007 5106 2199 5168 domo
2238 5123 2366 5168 non
2478 5113 2584 5188 pta
2642 5103 2919 5185 denique
2976 5102 3139 5165 Petri
3182 5092 3455 5182 ‘scriptis
3512 5099 3769 5162 Thomae
3826 5100 3981 5161 satis

865 5208 1071 5271 solum
1113 5214 1263 5270 sunt
1291 5225 1442 5270 vasa
1477 5224 1668 5267 aurea
1705 5213 1767 5267 et
1801 5212 2118 5285 argentea,
2151 5205 2264 5266 sed
2304 5212 2369 5266 et
2478 5204 2881 5267 concordant.

567 5194 634 5235 20.

869 5306 1078 5387 lignea
1125 5314 1187 5369 et
1235 5304 1463 5368 fictilia
1479 5322 1497 5385 3
1541 5312 1604 5365 et
1650 5304 1940 5386 quiedam
1989 5303 2252 5385 quidem
2301 5302 2367 5365 in

2561 5302 2629 5363 ln
2680 5300 2943 5363 Summa
2990 5315 3142 5361 vero
3195 5306 3414 5361 contra
3468 5296 3761 5377 gentiles,
3816 5295 3981 5360 libro
