4359 6250
852 485 974 550 536
1525 505 1590 551 m
1631 505 1852 552 mamm
1894 505 1914 550 1
1955 503 2437 550 snivi-nmmum.
2483 521 2564 532 —-
2604 503 2757 548 msr.
2800 501 2944 564 xL13
2988 502 3210 557 ouesr.
3256 499 3278 547 1

856 677 1025 739 dicat
1056 677 1122 740 in
1154 677 1384 753 littera,
1405 678 1572 759 quod
1603 677 1768 740 Deus
1797 675 2162 758 reprobavit
2191 692 2349 757 quos
2378 674 2430 737 A
2460 674 2547 737 tio
2590 673 2899 756 quaedam.
2948 709 3025 720 —
3072 672 3233 735 Hinc
3282 679 3455 754 patet
3500 672 3669 754 quod
3722 673 3961 754 praede-

857 775 1082 849 voluit,
1137 794 1263 839 non
1317 784 1577 858 propter
1625 776 1841 837 futura
1891 793 2110 837 eorum
2163 772 2349 836 meri·
2460 772 2718 835 stinatio
2758 791 3013 834 causam
3053 790 3180 833 non
3220 771 3431 846 habet,
3464 771 3775 832 rationem
3806 788 3961 833 vero

855 881 922 935 ta
961 874 1055 956 (id
1098 881 1193 936 est
1231 874 1565 954 demerita)
1604 894 1744 956 quae
1788 874 2185 955 praevideret,
2226 881 2345 935 etc.
2459 870 2651 933 habet
2692 890 2767 933 ex
2813 879 2989 952 parte
3032 870 3325 944 effectus,
3366 871 3717 932 secundum
3763 889 3958 951 quem

856 973 1031 1048 Quod
1080 981 1292 1035 tamen
1344 973 1612 1035 verbum
1665 973 1820 1034 dure
1869 973 2122 1034 videtur
2171 990 2350 1035 sona·
2461 969 2854 1032 rationabilis
2896 969 3254 1051 appellatur
3289 987 3364 1030 ac
3401 969 3589 1049 justa.

858 1091 946 1133 re.
990 1071 1389 1134 Advertenda
1427 1079 1576 1133 sunt
1613 1089 1762 1151 ergo
1800 1070 2129 1152 sequentia
2159 1069 2353 1132 verba

857 1172 1206 1233 doctorum.

940 1372 1097 1432 Item
1135 1371 1214 1432 ad
1253 1369 1666 1452 quaestionem
1719 1371 1904 1444 hanc,
1947 1377 2162 1431 utrum
2204 1389 2357 1451 prae-

859 1469 1126 1532 scientia
1173 1467 1544 1530 meritorum
1594 1467 1676 1530 sit
1718 1487 1907 1529 causa
1955 1468 2358 1549 praedestina-

859 1569 1073 1641 tioniS,
1125 1567 1394 1629 Thomas
1453 1567 1840 1647 respondens
1893 1584 1907 1628 z
1960 1567 2359 1629 Praescientia

858 1666 1124 1749 (inquit)
1154 1664 1525 1728 meritorum
1557 1685 1669 1727 seu
1698 1684 1963 1747 operum
1996 1665 2355 1748 aliquorum

859 1766 1040 1829 nullo
1081 1765 1267 1827 modo
1307 1772 1402 1826 est
1431 1783 1621 1826 causa
1658 1765 2232 1846 praedestinationis
2265 1765 2357 1826 di-

2543 1068 2635 1131 Ad
2675 1068 3114 1130 auctoritatem
3151 1086 3302 1148 ergo
3337 1067 3652 1130 Ambrosii
3698 1085 3962 1149 respon·
3992 1087 4239 1142 impsum

2464 1168 2765 1240 dendum,
2799 1166 2968 1247 quod
3010 1166 3075 1227 in
3114 1185 3189 1228 ea
3226 1185 3353 1228 non
3392 1166 3761 1246 designatur
3788 1165 3965 1247 quod

2465 1284 2625 1347 opus
2666 1272 2953 1326 nostrum
2994 1264 3077 1326 sit
3112 1283 3303 1326 causa
3328 1265 3673 1327 voluntatis
3703 1263 3961 1338 divinae,

2466 1382 2585 1426 nec
2628 1364 2820 1426 etiam
2862 1363 3031 1445 quod
3076 1363 3158 1425 sit
3199 1382 3387 1426 causa
3431 1362 3787 1426 collationis
3832 1381 3969 1443 gra-

2466 1462 2592 1536 tiae,
2627 1463 2735 1524 sed
2773 1462 2981 1524 solum
3020 1461 3354 1543 dispositio
3392 1462 3679 1543 quaedam
3716 1479 3732 1522 t
3769 1462 3857 1523 ita
3900 1467 3971 1522 ut

2468 1561 2588 1623 hoc
2620 1560 3009 1641 intelligatur
3038 1577 3166 1622 non
3196 1560 3275 1622 de
3305 1579 3496 1642 opere
3522 1559 3791 1641 gratiam
3824 1578 3971 1622 con-

2468 1666 2795 1738 sequente,
2845 1659 3013 1739 quod
3071 1658 3373 1720 virtutem
3434 1657 3715 1720 merendi
3774 1657 3971 1720 habet

2469 1775 2506 1817 a
2543 1755 2765 1836 gratia,
2798 1763 2861 1818 et
2900 1774 3017 1818 nec
3056 1764 3153 1818 est
3192 1774 3381 1817 causa
3418 1755 3559 1835 ejus
3602 1775 3721 1817 nec
3759 1755 3971 1836 dispo-

862 1865 1044 1926 vinae.
1099 1863 1272 1936 Quod
1323 1870 1514 1945 pat-et,
1566 1863 1618 1924 si
1670 1863 2104 1925 consideretur
2151 1870 2355 1926 totum
2395 1859 2442 1922 B
2472 1855 2617 1916 sitio
2665 1855 2743 1916 ad
2798 1854 3024 1936 ipsam,
3075 1853 3377 1937 quoniam
3438 1854 3727 1936 sequitur
3782 1871 3966 1931 eam3

861 1962 1031 2044 quod
1080 1969 1176 2023 est
1224 1961 1289 2023 in
1345 1961 1895 2042 praedestinatione
1945 1962 2023 2024 de
2073 1962 2213 2042 ejus
2262 1981 2357 2023 es-

863 2059 1084 2123 sentia.
1120 2060 1352 2122 Tamen
1393 2058 1484 2120 nil
1525 2058 1821 2140 prohibet
1858 2059 2163 2122 effectum
2203 2079 2361 2142 prae-

862 2157 1324 2230 destinationiS,
1353 2157 1650 2220 videlicet
1678 2157 1945 2238 gratiam
1975 2165 2038 2220 et
2065 2159 2357 2239 gloriam,

864 2276 1006 2339 quae
1035 2256 1102 2318 in
1133 2255 1394 2338 obliquo
1435 2263 1759 2337 ponuntur
1793 2256 1860 2318 in
1900 2255 2101 2338 ipsius
2131 2257 2363 2319 descri-

863 2355 1101 2437 ptione,
1143 2354 1378 2416 habere
1425 2354 1704 2435 aliquam
1757 2373 2012 2416 causam
2059 2374 2135 2416 ex
2186 2364 2361 2437 parte

861 2471 1129 2534 operum
1190 2459 1570 2515 nostrorum.
1626 2453 1714 2514 De
1761 2452 2037 2514 essentia
2085 2471 2361 2535 namque

865 2550 1438 2634 praedestinationis
1497 2557 1646 2612 sunt
1693 2550 2092 2632 praescientia
2139 2551 2251 2612 Dei
2301 2558 2363 2612 et

863 2650 1156 2712 voluntas
1202 2649 1341 2730 ejus
1392 2649 1468 2710 de
1513 2648 1874 2730 aliquorum
1933 2649 2154 2710 salute.
2209 2650 2365 2711 Prae-

863 2748 1132 2810 scicntia
1169 2755 1382 2809 autem
1414 2747 1490 2808 de
1523 2747 1724 2809 salute
1761 2747 2016 2810 illorum
2058 2764 2186 2809 non
2219 2766 2364 2808 cau-

864 2853 1038 2908 satur
1085 2865 1122 2907 a
1170 2845 1359 2907 rebus
1419 2862 1536 2906 nec
1590 2865 1627 2906 a
1674 2845 2034 2926 cognitione
2095 2863 2360 2927 operum

865 2952 1246 3006 nostrorum.
1281 2943 1584 3005 Voluntas
1612 2961 1866 3025 quoque
1899 2944 2008 3006 Dei
2040 2962 2241 3025 quum
2282 2943 2365 3006 sit

2471 1954 2582 2016 sed
2621 1953 2700 2014 de
2736 1971 2928 2034 opere
2970 1953 3387 2034 praecedente,
3421 1953 3589 2035 quod
3632 1953 3969 2035 dispositio

2472 2051 2761 2114 consistit
2816 2051 2895 2113 ad
2956 2052 3243 2132 gratiam.
3305 2051 3405 2113 Illi
3466 2071 3743 2134 namque
3800 2053 3969 2114 Deus

2469 2150 2735 2231 gratiam
2786 2151 3085 2231 proponit
3132 2149 3469 2212 infundere
3508 2169 3699 2232 quem
3742 2151 3864 2214 scit
3902 2171 3969 2214 sc

2473 2255 2972 2329 praeparaturum
3030 2249 3107 2310 ad
3166 2248 3433 2329 gratiam
3490 2266 3503 2309 :
3564 2267 3693 2311 non
3754 2257 3969 2311 tamen

2473 2353 2731 2427 propter
2774 2347 3319 2428 praeparationem‚
3352 2365 3495 2428 quae
3536 2364 3663 2409 non
3704 2355 3804 2408 est
3845 2346 3974 2409 suf-

2472 2442 2699 2506 ficiens
2748 2444 2964 2524 gratiae
3012 2463 3203 2506 causa
3258 2463 3377 2506 nec
3424 2443 3575 2506 finis
3623 2444 3973 2508 voluntatis

2473 2543 2727 2617 divinae,
2760 2544 2869 2605 sed
2906 2552 3165 2626 propter
3202 2563 3383 2606 suam
3416 2543 3786 2607 bonitatem.
3823 2545 3974 2607 Vult

2472 2650 2683 2704 tamen
2730 2642 2898 2724 quod
2944 2641 3060 2704 iste
3105 2641 3333 2703 habeat
3374 2643 3659 2724 gratiam,
3703 2645 3859 2725 quia
3906 2663 3973 2706 se

2474 2742 2874 2823 praeparavit,
2921 2741 3103 2821 juxta
3162 2742 3421 2803 modum
3484 2742 3783 2824 loquendi
3845 2762 3977 2824 quo

2474 2839 2728 2914 dicitur,
2790 2840 2960 2921 quod
3023 2839 3129 2901 dat
3183 2839 3453 2920 gratiam
3516 2840 3609 2901 illi
3667 2842 3973 2921 quoniam

2476 2937 2853 3020 praeparavit
2896 2956 2961 2999 se
3005 2938 3083 2999 ad
3127 2937 3323 3011 illam,
3368 2937 3455 2999 ita
3494 2947 3564 2999 ut
3604 2939 3977 3019 conjunctio

866 3041 1215 3115 liberrima,
1267 3059 1392 3102 non
1443 3041 1634 3103 habet
1683 3061 1938 3104 causam
1987 3042 2110 3104 nisi
2161 3041 2361 3104 finem
2400 3041 2444 3104 C
2476 3038 2585 3098 illa
2641 3038 2897 3099 denotet
2948 3036 3454 3119 dispositionem,
3507 3054 3634 3098 non
3690 3055 3972 3100 causam.

867 3143 990 3217 sui,
1025 3143 1137 3224 qui
1178 3149 1274 3204 est
1313 3141 1562 3203 bonitas
1607 3161 1742 3216 sua,
1776 3161 1918 3223 quae
1957 3150 2054 3204 est
2093 3143 2365 3224 ipsemet

867 3242 1053 3304 Deus,
1105 3240 1266 3302 Hinc
1324 3258 1523 3321 quum
1574 3240 1899 3321 quaeritur,
1951 3259 2144 3321 quare
2198 3241 2363 3303 Deus

866 3340 989 3402 hoc
1032 3340 1207 3418 vult3
1249 3338 1701 3401 convenienter
1743 3340 2183 3421 respondetur,
2226 3358 2367 3421 pro-

866 3445 1009 3521 pter
1046 3437 1396 3500 bonitatem
1437 3455 1640 3510 suam,
1675 3454 1799 3499 non
1834 3436 1984 3517 quia
2023 3436 2142 3498 hoc
2177 3437 2365 3499 scivit

863 3537 968 3599 vel
997 3536 1149 3619 quia
1188 3536 1307 3597 hoc
1347 3536 1587 3597 sactum
1619 3544 1732 3597 est.
1769 3536 2061 3598 Attamen
2093 3535 2363 3597 effectus

865 3655 995 3697 suae
1025 3633 1392 3707 voluntatiS,
1427 3633 1672 3695 scilicet
1714 3634 1926 3715 ipsum
1961 3633 2229 3695 volitum
2266 3652 2366 3695 or-

864 3731 1153 3793 dinatum
1201 3732 1280 3793 ad
1325 3731 1672 3793 bonitatem
1724 3750 1928 3805 suam,
1971 3738 2178 3813 potest
2222 3749 2366 3813 pro-

867 3829 1090 3891 cedere
1147 3848 1224 3891 ex
1284 3830 1498 3911 aliqua
1556 3848 1744 3891 causa
1804 3848 1995 3911 quam
2060 3830 2226 3891 Deus
2284 3828 2364 3891 ab

866 3936 1103 3991 aeterno
1142 3928 1497 4009 praescivit3
1533 3928 1856 4009 istumque
1895 3928 2185 3989 ordinem
2221 3946 2365 3989 cau-

868 4046 953 4089 sae
993 4026 1071 4087 ad
1117 4033 1440 4087 causatum
1494 4027 1658 4088 Deus
1702 4026 1861 4100 vult,
1903 4033 1966 4087 et
2009 4026 2147 4088 vult
2196 4026 2364 4107 quod

869 4124 1140 4186 effectus
1181 4123 1284 4195 sit,
1322 4124 1623 4207 quoniam
1668 4143 1858 4185 causa
1898 4132 1995 4185 est
2027 4142 2040 4185 :
2077 4141 2204 4185 non
2248 4124 2363 4198 sic,

2475 3137 2711 3199 Tamen
2750 3146 3043 3218 respectu
3084 3144 3261 3198 actus
3300 3138 3554 3199 volendi
3597 3137 3799 3219 ipsius
3838 3137 3974 3211 Dei,

2476 3254 2602 3299 non
2660 3243 2867 3318 potest
2923 3235 3253 3315 designare
3311 3235 3795 3318 dispositionem
3858 3256 3979 3299 nec

2476 3353 2731 3397 causam
2774 3352 2789 3396 ε
2833 3352 2962 3397 non
3011 3334 3183 3396 enim
3230 3334 3375 3397 ideo
3422 3335 3624 3397 voluit
3670 3337 3979 3417 quoniam

2476 3434 2594 3495 iste
2654 3453 2721 3496 se
2780 3433 3176 3514 praeparavit‚
3237 3434 3346 3495 sed
3407 3433 3614 3495 solum
3670 3435 3979 3515 quoniam

2476 3533 2680 3596 bonus
2712 3540 2825 3595 est.
2850 3568 2931 3577 —
2950 3532 3155 3605 Quum
3187 3550 3337 3613 ergo
3366 3533 3667 3614 arguitur,
3690 3533 3767 3595 ad
3796 3533 3983 3615 justi-

2474 3632 2629 3693 tiam
2670 3631 2988 3713 pertinere
3022 3639 3087 3691 ut
3119 3630 3471 3713 aequalibus
3510 3631 3741 3693 dentur
3772 3650 3983 3714 aequa·

2478 3730 2581 3804 lia,
2615 3738 2733 3791 etc.
2772 3747 2786 3791 z
2820 3730 3183 3801 dicendum,
3219 3729 3387 3811 quod
3420 3730 3483 3791 in
3515 3730 3775 3791 homine
3802 3730 3981 3811 justo

2477 3848 2667 3890 causa
2706 3828 2969 3891 eliciens
3009 3836 3221 3889 actum
3254 3828 3529 3901 volendi,
3562 3828 3717 3890 finis
3745 3836 3843 3891 est
3872 3847 3981 3891 vo-

2477 3927 2771 4005 luntatis3
2804 3927 2913 3989 sed
2944 3946 3021 3989 ex
3054 3934 3229 4008 parte
3258 3927 3553 4002 effectus,
3572 3928 3809 4010 accipit
3838 3948 3983 3990 cau-

2476 4045 2611 4089 sam
2642 4045 2718 4087 ex
2749 4043 2941 4107 opere
2971 4025 3299 4088 hominum
3330 4026 3500 4107 quod
3530 4026 3980 4089 discretionem

2478 4124 2627 4187 facit
2662 4126 2727 4186 in
2756 4124 2847 4185 eis
2883 4142 2897 4185 ε
2934 4131 3001 4185 ut
3031 4125 3084 4185 si
3114 4132 3433 4205 quaeratur
3459 4144 3496 4186 a
3523 4124 3739 4206 judice
3777 4125 3975 4205 justo,

873 4224 1041 4305 quod
1101 4223 1434 4285 causalitas
1491 4222 1801 4285 reseratur
1846 4222 1924 4283 ad
1975 4222 2365 4285 voluntatem
2398 4225 2447 4287 D
2478 4224 2679 4296 Quare
2726 4223 2824 4285 vis
2885 4223 3027 4304 plus
3078 4222 3226 4284 dare
3273 4222 3425 4284 huic
3473 4242 3665 4305 quam
3725 4222 3873 4285 illi?
3922 4225 3977 4286 si

873 4321 1180 4393 divinam,
1232 4321 1341 4382 sed
1400 4321 1477 4382 ad
1526 4320 1816 4382 volitum.
1871 4320 1946 4381 Et
1995 4339 2185 4382 causa
2233 4320 2367 4383 haec

872 4418 1076 4491 voliti,
1109 4436 1237 4481 non
1267 4418 1542 4491 volendi,
1577 4426 1839 4480 vocatur
1877 4418 2036 4481 ratio
2075 4420 2364 4500 quaedam

871 4516 1214 4579 voluntatis
1261 4536 1340 4578 ex
1387 4524 1563 4598 parte
1611 4516 1902 4578 effectus.
1947 4517 2183 4579 Verum
2231 4518 2366 4580 haec

870 4632 1060 4677 causa
1089 4614 1154 4677 in
1187 4615 1570 4696 quibusdam
1602 4615 1791 4677 habet
1821 4616 2128 4678 rationem
2160 4634 2365 4679 causae

867 4713 1273 4796 completam,
1325 4713 1642 4775 interdum
1693 4732 1843 4776 vero
1891 4722 1987 4775 est
2032 4714 2367 4796 dispositio

863 4820 1133 4875 tantum.
1177 4812 1267 4873 lta
1308 4811 1498 4873 etiam
1548 4812 1626 4873 ad
1671 4812 1993 4893 duplicem
2044 4812 2366 4893 praede-sti-

865 4910 1140 4973 nationis
1190 4910 1498 4972 effectum
1542 4910 1968 4973 diversimode
2015 4910 2250 4973 habent
2298 4930 2367 4973 se

864 5026 1056 5090 opera
1099 5015 1313 5071 nostra
1355 5027 1370 5072 ε
1415 5008 1718 5090 quoniam
1761 5026 1922 5090 opus
1967 5009 2367 5072 meritorium

865 5106 1066 5187 gratia
1097 5105 1534 5181 informatum,
1555 5125 1736 5169 eausa
1764 5115 1859 5170 est
1890 5107 2215 5170 meritoria
2242 5108 2370 5188 glo-

868 5204 1015 5283 riae3
1047 5205 1155 5267 sed
1185 5222 1347 5286 opus
1392 5204 1632 5267 bonum
1670 5206 1937 5286 gratiam
1978 5206 2363 5287 praecedenS,

870 5320 1000 5365 non
1038 5310 1133 5365 cst
1169 5321 1358 5365 causa
1399 5303 1721 5367 meritoria
1758 5304 1920 5384 ejus,
1954 5303 2062 5365 sed
2102 5304 2369 5387 disposi-

2477 4322 2632 4384 velit
2670 4322 3051 4403 respondere
3092 4339 3345 4382 causam
3381 4321 3749 4395 voluntatis,
3780 4322 3976 4397 dicet,

2477 4420 2736 4500 Propter
2766 4418 3005 4481 bonum
3044 4417 3307 4497 justitiae
3335 4418 3504 4499 quod
3539 4418 3603 4480 in
3633 4436 3827 4499 opere
3856 4420 3981 4482 hoc

2478 4517 2752 4596 relucet;
2794 4516 2847 4578 si
2890 4523 3105 4579 autem
3150 4514 3421 4577 voluerit
3465 4534 3721 4579 causam
3764 4518 3979 4599 operis

2474 4616 2817 4697 assignare,
2851 4615 3039 4688 dicet,
3073 4615 3381 4688 Quoniam
3423 4614 3541 4676 iste
3576 4622 3671 4676 est
3700 4614 3975 4697 dignior.

2474 4717 2924 4777 Verumtamen
2984 4713 3455 4795 praedestinatio
3503 4721 3795 4796 respectu
3846 4714 3979 4796 glo-

2476 4814 2586 4875 riae
2628 4812 2821 4874 habet
2860 4810 3169 4873 rationem
3215 4812 3479 4892 justitia>
3526 4811 3975 4887 distributivae,

2476 4912 2627 4994 quia
2655 4910 3003 4973 secundum
3030 4907 3412 4989 exigentiam
3445 4910 3811 4972 meritorum
3840 4930 3979 4975 eam

2478 5010 2777 5091 largitur-3
2819 5008 2929 5070 sed
2964 5016 3257 5089 respectu
3292 5004 3485 5088 primi
3515 5006 3785 5069 effectus
3829 5009 3979 5090 ipsi-

2477 5129 2552 5170 us
2584 5105 3176 5190 praedestinationis,
3191 5104 3489 5167 videlicet
3511 5104 3977 5187 gratiae,potius

2477 5205 2667 5268 habet
2706 5204 3015 5265 rationem
3052 5202 3450 5265 liberalitatis
3488 5221 3679 5283 quam
3720 5203 3980 5284 sequita-

2476 5304 2581 5377 tis,
2616 5301 2915 5383 quoniam
2956 5300 3159 5381 gratia
3199 5301 3384 5362 datur
3419 5300 3636 5382 gratis,
3678 5318 3799 5363 nec
3844 5302 3981 5364 red-
