4359 6250
837 477 958 542 436

1458 497 1521 543 IN
1561 497 1782 544 Lunum
1827 497 1846 543 1
1888 495 2371 543 SENTEN‘HARUM.
2417 515 2497 524 ·-·
2538 495 2691 543 msT.
2737 494 2989 560 xxxv113
3034 493 3256 552 QUAEs'r.
3302 496 3324 541 1

839 665 942 740 lis,
975 672 1276 749 tanquam
1308 676 1486 731 extra
1513 676 1574 730 et
1604 688 1796 750 supra
1825 686 2013 731 omne
2045 667 2331 730 continui
2363 664 2416 730 A
2446 667 2605 730 ratio
2635 667 2745 729 Dei
2782 685 2795 729 :
2829 667 3131 749 quoniam
3160 666 3337 728 nulla
3367 684 3466 727 res
3497 671 3704 726 creata
3734 669 3947 745 potest

837 783 1038 844 genus
1086 767 1415 830 exsistens.
1450 769 1710 850 Propter
1757 768 1876 830 hoc
1921 786 2046 831 non
2089 775 2186 829 est
2227 768 2331 828 de-

837 863 1212 926 terminat-us
1268 866 1346 927 ad
1405 864 1617 928 locum
1675 885 1976 946 magnum
2033 872 2139 926 aut
2196 884 2335 946 par-

839 981 1015 1034 vum,
1050 981 1250 1044 quum
1283 963 1475 1026 suerit
1505 964 1585 1025 ab
1615 971 1850 1027 aeterno
1879 963 2118 1046 absque
2152 962 2328 1041 loco;

839 1061 948 1121 sed
992 1060 1416 1123 immensitate
1461 1083 1590 1125 suae
1634 1062 1888 1124 virtutis
1931 1063 2146 1125 omnia
2190 1081 2330 1144 quae

837 1166 988 1220 sunt
1029 1158 1092 1219 in
1135 1159 1274 1223 loco
1311 1169 1374 1222 et
1413 1162 1629 1223 omnia
1670 1161 1808 1224 loca
1846 1162 2092 1223 excedit
2131 1168 2194 1222 et
2238 1161 2329 1222 in-

839 1254 1058 1318 cludit.
1091 1293 1171 1302 —
1201 1258 1523 1332 Praeterea,
1559 1259 1624 1320 in
1675 1261 1849 1322 omni
1899 1278 1967 1321 re
2021 1258 2331 1321 materiali

837 1361 932 1414 est
960 1353 1192 1436 aliquis
1231 1355 1501 1418 effectus
1531 1376 1567 1418 a
1598 1357 1725 1419 Deo
1767 1357 2130 1418 immediate
2162 1376 2331 1417 crea-

839 1460 961 1526 tus,
986 1460 1139 1534 puta
1170 1456 1432 1517 materia
1465 1473 1478 1516 :
1514 1456 1642 1518 illis
1674 1474 1821 1537 crgo
1851 1464 2097 1537 oportet
2131 1457 2327 1518 Deum

837 1550 1076 1612 adesse.
1149 1553 1647 1634 Incorporalium
1718 1572 1972 1636 quoquc
2041 1554 2333 1616 essentiae

839 1655 988 1709 sunt
1045 1668 1082 1710 a
1141 1650 1268 1712 Deo
1323 1669 1437 1732 per
1496 1653 1878 1714 creationem
1941 1652 2327 1724 immediate.

837 1745 982 1809 Haec
1025 1747 1133 1808 ibi.

2446 785 2514 846 se
2562 775 2669 828 aut
2717 766 2905 828 aliam
2965 766 3033 827 in
3081 765 3356 828 essentia
3405 781 3776 826 conservare
3826 780 3947 822 sua

2445 863 2702 938 virtute,
2738 872 2871 926 tum
2914 864 3065 947 quia
3104 883 3181 926 ex
3220 863 3423 926 nihilo
3462 871 3579 936 est,
3613 869 3748 923 tum
3788 860 3947 943 quia

2446 963 2611 1024 Deus
2653 969 2749 1024 est
2792 962 3171 1025 universalis
3215 962 3394 1024 dator
3432 967 3495 1022 et
3538 966 3949 1023 conservator

2445 1060 2638 1122 totius
2689 1080 2844 1123 esse.
2889 1060 3135 1141 (Cetera
3184 1069 3253 1122 ut
3300 1078 3495 1142 supra
3541 1059 3606 1121 in
3653 1057 3947 1136 Thoma.)

2444 1159 2587 1221 Haec
2629 1159 2863 1221 Petrus,

2525 1257 2641 1330 Qui
2690 1259 2884 1320 etiam
2943 1259 3267 1320 declarans
3324 1257 3598 1339 qualiter
3644 1256 3727 1317 sit
3772 1255 3947 1318 Deus

2447 1353 2708 1436 ubique,
2742 1357 3029 1437 adjungit
3065 1374 3079 1418 ε
3112 1359 3221 1418 Iba·
3252 1365 3313 1418 et
3346 1358 3461 1416 ubi
3492 1355 3793 1416 dicuntur
3831 1353 3949 1415 du-

2449 1452 2717 1535 pliciter.
2762 1455 2971 1516 Primo
3015 1456 3232 1517 stricte
3268 1473 3281 1516 :
3317 1463 3387 1516 ut
3430 1472 3628 1536 quum
3680 1453 3941 1524 dicitur,

2448 1551 2563 1614 Ubi
2610 1560 2705 1614 est
2750 1573 2997 1627 manuS,
3033 1554 3121 1616 ibi
3168 1572 3295 1616 non
3338 1560 3434 1616 est
3478 1545 3609 1634 peS.
3652 1552 3947 1615 Secundo

2450 1650 2616 1731 large
2662 1671 2675 1714 ε
2718 1652 2884 1714 sicut
2933 1672 3133 1734 quum
3183 1652 3437 1726 dicitur,
3486 1651 3602 1714 Ubi
3650 1651 3941 1724 scientia,

2448 1749 2537 1811 ibi
2582 1750 2900 1812 nobilitas,
2943 1752 3159 1833 Itaque
3202 1751 3476 1813 essentia
3518 1750 3629 1812 Dei
3673 1757 3767 1812 est
3806 1749 3951 1810 ubi-

919 1846 1008 1908 Ex
1054 1847 1288 1928 quibus
1336 1849 1526 1910 etiam
1580 1857 1750 1932 patet
1794 1851 2121 1933 responsio
2164 1870 2333 1932 quae-
2370 1852 2417 1913 B
2450 1867 2572 1930 que
2616 1849 2781 1930 large
2822 1851 2957 1913 sive
2990 1849 3436 1923 communiter,
3469 1868 3667 1931 quum
3710 1847 3947 1910 nullibi

839 1943 1062 2006 stionis
1099 1965 1226 2027 qua
1263 1947 1591 2028 quaeritur,
1623 1968 1704 2010 an
1745 1948 1910 2010 Deus
1947 1949 2031 2010 sit
2072 1947 2329 2030 ubique.

837 2042 932 2104 Ad
975 2063 1165 2124 quam
1205 2045 1398 2106 etiam
1444 2046 1509 2108 in
1555 2048 1802 2129 Scripto
1840 2047 2203 2129 specialiter
2244 2047 2335 2108 sic

838 2141 1177 2222 respondet
1229 2160 1242 2202 :
1297 2143 1446 2205 Esse
1497 2144 1560 2206 in
1621 2145 1857 2227 aliquo,
1911 2144 2335 2207 diversimode

841 2237 1138 2300 convenit
1178 2242 1612 2322 corporalibus
1651 2251 1714 2304 et
1753 2242 2195 2324 spiritualibus
2241 2262 2335 2304 re-

841 2336 980 2399 bus.
1014 2337 1169 2400 Nam
1212 2357 1442 2422 corpus
1481 2348 1578 2401 est
1613 2340 1679 2402 in
1719 2341 1932 2422 aliquo
1974 2349 2042 2402 ut
2083 2349 2339 2404 conten-

841 2440 1001 2507 tum,
1035 2434 1201 2496 sicut
1232 2435 1453 2498 vinum
1488 2437 1553 2497 in
1585 2456 1768 2516 vase;
1801 2437 2156 2500 substantia
2189 2457 2337 2500 vero

839 2531 1190 2612 spiritualis
1247 2541 1344 2596 est
1393 2535 1458 2596 in
1510 2535 1727 2616 aliquo
1777 2544 1846 2598 ut
1895 2537 2226 2600 continens
2274 2545 2337 2599 et

841 2647 1241 2694 conservans.
1259 2633 1533 2716 Corpora
1562 2634 1800 2697 etenim
1835 2634 2190 2698 limitantur
2222 2643 2337 2698 ter-

840 2728 1033 2790 minis
1072 2731 1442 2811 quantitatis
1482 2732 1560 2793 ad
1600 2732 1834 2808 locum,
1869 2742 1931 2796 et
1966 2754 2080 2816 per
2119 2753 2336 2797 conse-

836 2845 1038 2908 quens
1087 2828 1288 2892 virtus
1337 2838 1398 2892 et
1448 2832 1730 2912 operatio
1787 2851 2010 2895 eorum
2069 2833 2133 2894 in
2197 2834 2334 2896 loco

834 2933 1000 2986 sunt.
1039 2924 1402 2990 Substantia
1430 2947 1580 2991 vero
1619 2929 1971 3011 spiritualis
2007 2951 2207 3012 quum
2248 2932 2334 2994 ita

2448 1948 2629 2009 desit.
2665 1949 2892 2010 Stricte
2935 1966 3085 2010 vero
3130 1949 3364 2010 dicitur
3404 1947 3647 2030 aliquid
3692 1965 3829 2008 esse
3876 1947 3947 2007 in

2449 2045 2587 2107 loco
2633 2046 2979 2128 dupliciter
3019 2064 3033 2108 ε
3077 2047 3307 2128 prim0‚
3354 2064 3468 2127 per
3516 2045 3945 2128 praesentiam,

2447 2150 2509 2204 et
2568 2143 2653 2205 ita
2709 2153 2805 2206 est
2861 2146 3025 2207 Deus
3083 2145 3149 2206 in
3207 2144 3383 2207 omni
3442 2144 3581 2205 loco
3640 2150 3949 2224 tanquam

2446 2243 2663 2304 omnia
2692 2244 2977 2324 replens3
3010 2243 3311 2316 secundO,
3338 2262 3455 2324 per
3484 2242 3947 2304 continentiam

2448 2359 2558 2402 seu
2601 2343 3113 2404 terminationem
3156 2342 3334 2424 quasi
3381 2341 3721 2424 passivam,
3754 2347 3818 2402 et
3858 2341 3949 2402 ita

2449 2438 2512 2500 in
2545 2440 2723 2502 nullo
2752 2448 2847 2502 est
2878 2441 3035 2503 loco.
3062 2441 3205 2504 Haec
3234 2441 3472 2502 Petrus,
3492 2439 3947 2502 —Concordat

2447 2536 2814 2600 Richardus.

2526 2634 2704 2696 Circa
2734 2635 2866 2698 haec
2895 2635 3250 2698 Alexander
3280 2634 3663 2698 conscribit:
3698 2637 3951 2714 Ubique

2445 2732 2731 2813 designat
2772 2752 3088 2794 summam
3130 2734 3471 2815 quamdam
3512 2732 3949 2794 multitudinis

2445 2830 2734 2892 omnium
2780 2833 2911 2893 ubi.
2947 2831 3094 2904 Quae
3135 2850 3387 2893 summa
3423 2830 3694 2912 intelligi
3738 2838 3949 2912 potest

2446 2928 2545 2992 vel
2586 2931 2937 2992 secundum
2980 2929 3476 3002 distinctionem,
3508 2929 3608 2992 vel
3653 2929 3951 2991 indistin-

838 3041 963 3085 non
1016 3022 1326 3085 limitetur
1368 3029 1718 3106 quantitate
1763 3036 1824 3089 ct
1869 3028 2016 3101 situ,
2061 3047 2189 3091 non
2238 3038 2333 3092 est
2369 3031 2413 3094 C
2447 3028 2741 3090 ctionem.
2791 3028 2855 3090 Si
2904 3028 3257 3090 secundum
3309 3027 3807 3098 distinctionem,
3850 3027 3947 3088 sic

839 3120 906 3182 in
939 3121 1076 3184 loco
1107 3121 1230 3184 nisi
1263 3142 1376 3204 per
1405 3143 1584 3185 suam
1615 3128 2085 3208 operationem:
2112 3129 2332 3211 sicque

834 3238 912 3282 ex
953 3222 1366 3301 consequenti
1406 3222 1609 3285 virtus
1653 3231 1715 3285 et
1752 3227 2036 3307 operatio
2077 3227 2219 3307 ejus
2266 3229 2331 3290 in

837 3318 979 3381 loeo
1019 3327 1185 3381 sunt.
1220 3320 1349 3383 Deo
1380 3321 1572 3402 igitur
1609 3340 1735 3385 non
1767 3326 2061 3387 convenit
2095 3346 2233 3389 esse
2267 3327 2331 3389 in

837 3417 977 3479 loco
1017 3436 1222 3499 neque
1261 3418 1500 3501 ubique
1543 3421 1752 3501 primo
1795 3424 1999 3498 modo,
2033 3424 2159 3486 nisi
2206 3444 2333 3487 me-

839 3515 1183 3597 taphorice,
1219 3518 1520 3599 quoniam
1563 3518 1786 3601 implet
1822 3538 2077 3583 omnem
2118 3523 2329 3585 locum

837 3613 1003 3675 sicut
1035 3632 1264 3696 corpus
1297 3614 1568 3677 locatum
1601 3618 1928 3700 proprium
1961 3620 2329 3694 locum,non

833 3711 1224 3775 distensione
1271 3714 1764 3791 dimensionum,
1807 3719 1917 3780 scd
1962 3720 2330 3783 causalitate

833 3808 1207 3885 effectuum,
1253 3811 1381 3874 imo
1426 3820 1488 3873 et
1532 3833 1646 3875 sua
1693 3817 2014 3878 essentiali
2060 3836 2332 3899 praesen-

831 3908 936 3969 tia.
991 3908 1053 3970 Si
1113 3918 1328 3971 autem
1385 3929 1524 3972 esse
1575 3912 1638 3973 in
1693 3913 1832 3977 loco
1880 3923 2169 3978 sumatur
2216 3936 2331 3998 per

832 4007 1092 4069 modum
1145 4026 1272 4089 quo
1316 4009 1666 4091 spiritualis
1716 4012 2069 4076 substantia
2116 4024 2213 4077 est
2262 4018 2327 4078 in

835 4104 993 4177 loco,
1037 4104 1129 4165 sic
1180 4107 1618 4188 propriissime
1669 4111 1964 4172 convenit
2015 4113 2141 4174 Deo
2189 4133 2326 4176 esse

2443 3145 2569 3189 non
2614 3127 2912 3190 convenit
2953 3129 3081 3189 Deo
3120 3146 3257 3189 esse
3299 3127 3538 3209 ubique
3573 3144 3588 3188 ε
3623 3126 3775 3209 quia
3816 3144 3947 3188 non

2444 3234 2539 3287 est
2570 3225 2956 3307 partibiliter
2994 3226 3057 3287 in
3102 3227 3262 3301 loco,
3298 3226 3463 3288 sicut
3500 3226 3715 3287 lumen
3748 3234 3843 3287 est
3877 3225 3947 3287 in

2444 3343 2610 3399 aere,
2662 3324 2813 3406 quia
2869 3344 3015 3407 pars
3066 3325 3131 3386 in
3182 3333 3383 3406 parte,
3434 3342 3561 3386 non
3614 3332 3815 3386 totum
3876 3323 3945 3385 in

2444 3422 2727 3505 qualibet
2766 3431 2963 3505 parte.
3000 3424 3118 3486 Sed
3160 3423 3511 3485 secundum
3558 3422 3945 3485 indistincti-

2443 3537 2629 3581 onem
2672 3520 2968 3581 convenit
2998 3521 3127 3582 Deo
3162 3539 3299 3583 esse
3340 3519 3601 3601 ubique,
3636 3520 3943 3601 quoniam

2442 3636 2667 3679 sensus
2717 3626 2811 3680 cst
2854 3638 2869 3681 ε
2915 3619 3081 3680 Deus
3131 3618 3195 3680 in
3246 3619 3422 3681 omni
3476 3617 3614 3680 loco
3662 3636 3945 3699 praesens

2440 3724 2537 3777 est
2568 3725 2757 3789 totuS,
2790 3725 2854 3777 et
2884 3716 3235 3779 secundum
3279 3717 3473 3790 idem,
3509 3724 3766 3798 sumpto
3802 3716 3947 3798 ipso

2441 3817 2557 3875 ubi
2593 3816 3019 3878 communiter
3052 3834 3065 3877 :
3100 3816 3251 3898 quia
3290 3824 3361 3877 ut⁴
3398 3815 3485 3877 ait
3524 3815 3941 3896 Augustinus,

2441 3914 2603 3975 sicut
2636 3914 2849 3975 anima
2888 3921 2984 3976 cst
3015 3914 3079 3976 in
3118 3912 3404 3996 qualibet
3437 3922 3616 3995 parte
3654 3913 3944 3995 corporis

2440 4012 2539 4073 sui
2582 4020 2729 4087 tota,
2773 4013 2865 4074 sic
2907 4014 3073 4074 Deus
3122 4012 3186 4073 in
3238 4029 3354 4074 suo
3404 4012 3662 4074 mundo.
3707 4011 3943 4093 Sicque

2440 4131 2578 4175 esse
2611 4112 2872 4195 ubique,
2906 4112 3086 4194 ponit
3116 4112 3520 4193 praesentiam
3551 4110 3661 4173 Dei
3694 4111 3772 4172 ad
3803 4127 3946 4172 om-

830 4201 894 4262 in
942 4202 1080 4264 loco
1123 4210 1312 4284 atque
1358 4203 1620 4287 ubique,
1664 4224 1790 4268 non
1835 4210 2015 4289 quasi
2063 4209 2201 4272 loco
2245 4212 2327 4273 sit
2358 4215 2408 4276 D
2441 4228 2520 4271 ne
2552 4212 2682 4271 ubi.
2710 4210 2843 4272 Nisi
2885 4210 3057 4272 enim
3099 4210 3265 4272 Deus
3304 4216 3470 4271 esset
3500 4208 3593 4271 sic
3632 4226 3939 4290 praesenS,

829 4306 1252 4374 mensuratus,
1286 4302 1396 4363 sed
1438 4310 1507 4363 ut
1547 4304 1702 4365 dans
1746 4305 1882 4367 loco
1923 4315 2213 4369 naturam
2253 4328 2325 4371 ac

830 4395 964 4457 vim
997 4395 1242 4458 locandi
1273 4406 1334 4459 et
1367 4400 1734 4463 continendi
1771 4402 1991 4477 locata,
2028 4408 2326 4486 quemad-

830 4494 1088 4556 modum
1135 4503 1199 4556 et
1242 4496 1307 4557 in
1352 4497 1636 4579 qualibet
1677 4518 1742 4561 re
1788 4501 2022 4563 dicitur
2061 4522 2222 4578 esse,
2259 4506 2323 4567 in

824 4600 1136 4673 quantum
1175 4594 1291 4656 dat'
1320 4595 1510 4658 rebus
1554 4598 1886 4679 proprium
1925 4620 2064 4663 esse
2102 4622 2174 4663 ac
2218 4622 2323 4665 na-

824 4699 1055 4753 turam.
1092 4692 1234 4755 Haec
1278 4691 1566 4757 Thomas.
2220 4766 2227 4777 ‚

904 4790 1254 4853 Concordat
1283 4792 1524 4867 Petrus,
1560 4794 1828 4857 dicendo
1864 4816 1877 4859 :
1913 4797 1980 4858 In
2016 4798 2144 4862 Deo
2180 4818 2322 4881 pro-

823 4896 966 4971 pter
992 4890 1425 4953 omnimodam
1463 4892 1940 4974 simplicitatem
1973 4896 2141 4958 idem
2175 4906 2355 4985 sunt·

819 4988 1115 5061 essentia,
1148 4988 1353 5051 virtus
1397 4997 1460 5051 et
1504 4992 1806 5072 operatio,
1848 4994 1916 5054 In
1957 4995 2133 5057 omni
2172 5014 2323 5076 ergo

822 5084 886 5146 in
947 5104 1074 5167 quo
1130 5095 1226 5149 est
1285 5088 1396 5150 Dei
1453 5090 1759 5170 operati0,
1812 5099 2063 5172 oportet
2122 5101 2192 5154 ut
2240 5095 2322 5155 sit

819 5182 1024 5245 virtus
1053 5184 1232 5265 ejus3
1273 5193 1335 5247 et
1368 5186 1478 5248 ubi
1511 5186 1712 5249 virtus
1743 5188 1906 5268 ejuS,
1942 5188 2032 5251 ibi
2065 5209 2319 5273 quoque

821 5282 1094 5344 essentia
1135 5284 1295 5364 ejuS.
1331 5285 1399 5345 In
1440 5285 1740 5348 omnibus
1779 5294 1994 5349 autem
2033 5295 2126 5350 est
2168 5307 2321 5372 ope-

2442 4315 2813 4389 sequeretur
2862 4307 3203 4371 coarctatio
3259 4314 3322 4369 et
3380 4306 3657 4369 finitatio
3706 4306 3771 4368 in
3820 4324 3945 4369 suo

2437 4425 2594 4468 csse.
2628 4442 2709 4451 -—
2738 4407 2941 4479 Quum
2974 4426 3123 4487 ergo
3154 4406 3478 4486 objicitur,
3513 4407 3681 4489 quod
3722 4404 3945 4487 aliqua

2438 4511 2585 4566 sunt
2624 4524 2660 4566 a
2702 4507 2829 4568 Deo
2870 4506 3165 4580 mediate,
3198 4523 3348 4587 ergo
3386 4505 3463 4567 ad
3510 4505 3619 4566 illa
3668 4522 3793 4567 non
3838 4522 3942 4565 re-

2436 4601 2711 4683 quiritur
2753 4603 2892 4683 ejus
2940 4604 3312 4685 praesentia3
3355 4602 3719 4675 dicendum,
3762 4602 3940 4685 quod

2435 4720 2757 4781 nunquam
2791 4709 2887 4763 est
2918 4719 3251 4783 processus
3282 4708 3709 4763 creaturarum
3737 4719 3771 4761 a
3802 4700 3941 4764 Deo

2436 4799 2707 4861 mediate
2758 4807 3026 4873 tantum,
3078 4800 3208 4862 imo
3258 4800 3359 4861 vel
3406 4818 3662 4881 semper
3708 4798 3941 4861 imme-

2435 4896 2623 4968 diate,
2675 4898 2775 4959 vel
2836 4897 3027 4959 simul
3088 4898 3360 4960 mediate
3416 4906 3481 4960 et
3538 4896 3933 4959 immediate.

2435 4996 2608 5058 Unde
2655 4997 2817 5058 sicut
2862 4996 2925 5058 in
2966 4997 3370 5078 processione
3414 5004 3649 5059 aeterna
3684 4996 3937 5077 aliquid

2435 5094 2722 5175 procedit
2750 5114 2787 5155 a
2826 5094 2953 5157 Dco
2994 5094 3381 5167 immediate,
3416 5102 3487 5156 ut
3524 5094 3719 5156 Filius
3752 5114 3789 5156 a
3824 5094 3942 5157 Pa-

2434 5200 2566 5271 tre;
2598 5193 2839 5275 aliquid
2874 5193 3145 5255 mediate
3176 5199 3239 5254 et
3271 5192 3655 5266 immediate,
3689 5200 3759 5253 ut
3784 5193 3939 5275 Spi-

2436 5291 2596 5353 ritus
2626 5292 3037 5374 SanctuS,qui
3070 5293 3418 5354 secundum
3444 5292 3609 5373 quod
3643 5294 3937 5373 procedit
