4359 6250
953 505 1037 553 AN
1079 507 1396 564 POTRNTIA,
1437 505 1543 552 ΙΜΟ
1585 505 1658 551 m·
1698 503 2168 560 ouNwOTENTIA,
2212 503 2329 550 DEO
2370 504 2527 550 VERE
2568 503 2912 551 CONVENIAT

3358 481 3480 548 559

379 694 496 757 pus
537 693 680 738 esse
720 677 785 740 in
826 679 980 742 locis
1021 678 1312 752 diversis,
1353 678 1454 740 vel
1498 676 1703 756 majus
1743 693 1877 737 cor·
1905 675 1958 736 A
1987 673 2241 756 pliciter
2283 674 2471 748 dicta,
2505 693 2617 736 seu
2660 673 2948 736 absolute
2990 671 3303 756 perfecta3
3336 671 3479 733 ideo

379 793 496 854 pus
530 775 595 836 in
631 775 770 840 loco
801 778 1031 840 minori
1068 795 1082 838 t
1117 797 1259 859 quae
1290 795 1514 859 capere
1555 793 1682 838 non
1713 774 1877 836 vale-

379 891 541 946 mus,
575 874 729 955 quia
771 876 1140 957 imaginatio
1178 884 1392 937 nostra
1431 892 1684 956 semper
1722 873 1878 934 dicit

377 973 787 1035 contrarium.
823 974 998 1036 Unde
1031 993 1231 1056 quum
1269 975 1435 1036 Deus
1467 973 1557 1034 sic
1590 971 1780 1033 faciat
1810 972 1875 1033 in

377 1069 786 1134 Sacramento
824 1073 1064 1146 altariS,
1098 1080 1346 1154 oportet
1384 1072 1552 1154 quod
1591 1070 1746 1133 ratio
1778 1089 1876 1130 su-

379 1185 493 1247 per
531 1186 600 1229 se
639 1169 924 1231 elevetur
970 1177 1041 1232 ut
1084 1171 1316 1232 credat.
1353 1170 1582 1244 Tertio,
1618 1175 1876 1250 propter

381 1264 802 1345 privationem
846 1269 1056 1330 omnis
1100 1267 1482 1330 exsistentiae
1521 1266 1872 1328 secundum

377 1380 636 1424 omnem
682 1366 1244 1446 comparationem,
1288 1365 1532 1427 scilicet
1571 1363 1872 1446 principii

377 1469 439 1520 et
469 1463 666 1524 medii
698 1483 772 1525 ac
803 1463 956 1526 finis
991 1482 1006 1526 z
1039 1471 1108 1526 ut
1147 1463 1536 1547 praeteritum
1577 1480 1704 1524 non
1735 1480 1874 1523 esse

379 1561 794 1640 praeteritum.
844 1561 1064 1625 Omnis
1115 1581 1388 1644 namque
1442 1561 1723 1643 potentia
1769 1559 1876 1620 ali-

379 1658 532 1739 quid
573 1659 840 1734 facienS,
877 1661 1136 1743 respicit
1175 1681 1287 1723 ens
1331 1661 1396 1722 in
1429 1659 1670 1722 ratione
1702 1658 1872 1741 prin-

379 1757 532 1838 cipii
563 1767 672 1820 aut
713 1759 993 1833 termini,
1025 1767 1134 1821 aut
1178 1768 1442 1841 utroque
1475 1759 1680 1820 modo.
1716 1758 1874 1818 Hinc

1984 772 2352 835 distributio
2394 774 2605 836 addita
2647 774 2705 836 ei
2750 793 2950 856 quum
2993 771 3227 834 dicitur
3274 770 3479 832 omni-

1985 872 2289 952 potentia,
2325 872 2649 934 distribuit
2692 891 2807 955 pro
2836 872 2935 933 his
2969 891 3110 953 quae
3140 888 3349 951 posse,
3382 875 3479 931 est

1986 988 2170 1050 posse
2231 969 2629 1051 simpliciter.
2681 971 2824 1054 Hzac
2872 977 3085 1030 autem
3141 975 3290 1030 sunt
3337 987 3479 1049 quae

1985 1067 2399 1147 egrediuntur
2444 1087 2481 1128 a
2530 1068 2811 1149 potentia
2854 1066 3169 1150 completa
3210 1073 3273 1128 et
3315 1065 3483 1129 ordi-

1985 1173 2148 1227 nata.
2174 1164 2525 1227 Potentiam
2558 1183 2708 1228 vero
2737 1165 3117 1247 completam
3149 1164 3314 1238 dico,
3339 1183 3481 1246 quae

1986 1281 2113 1326 non
2144 1273 2351 1346 potest
2382 1264 2657 1326 deficere
2689 1283 2893 1346 neque
2921 1263 3331 1326 succumbere
3364 1281 3482 1325 nec

1986 1380 2189 1443 egere.
2253 1362 2441 1424 Porro
2510 1363 2791 1444 potentia
2855 1363 3177 1445 peccando
3236 1360 3478 1434 deficit,

1986 1460 2285 1541 patiendo
2315 1460 2699 1534 succumbit,
2733 1467 2796 1522 et
2826 1460 2891 1521 in
2920 1459 3356 1543 corporalibus
3386 1478 3484 1520 ac-

1986 1558 2270 1621 tionibus
2302 1557 2718 1638 indigentiam
2755 1557 3042 1620 includit.
3077 1558 3363 1640 Denique
3393 1557 3483 1618 di-

1986 1657 2134 1718 vina
2180 1657 2464 1739 potentia
2507 1676 2705 1739 quum
2752 1657 2831 1719 sit
2878 1676 3129 1719 summa
3172 1665 3232 1719 et
3282 1656 3484 1739 perie-

1989 1755 2293 1829 ctissima,
2346 1773 2471 1818 non
2532 1763 2627 1818 est
2686 1757 2763 1818 de
2818 1755 3042 1830 nihilo,
3094 1775 3303 1838 neque
3362 1755 3483 1817 sub

379 1855 545 1917 Deus
595 1858 673 1919 de
723 1865 867 1920 ente
925 1867 1132 1940 potest
1180 1857 1387 1920 facere
1446 1876 1572 1921 non
1626 1877 1760 1930 em,
1813 1863 1875 1917 et
1911 1862 1958 1924 Β
1987 1854 2224 1935 aliquo,
2267 1873 2384 1917 nec
2436 1855 2725 1936 indigens
2772 1855 2897 1918 alio
2941 1873 2954 1917 :
2999 1855 3150 1917 hinc
3193 1873 3311 1916 nec
3355 1855 3485 1916 cul-

379 1964 667 2035 econtra;
691 1958 800 2018 sed
832 1957 910 2020 de
940 1976 1067 2019 non
1097 1963 1241 2020 ente
1273 1974 1399 2019 non
1432 1964 1636 2039 potest
1666 1955 1875 2018 facere

380 2071 510 2116 non
537 2075 674 2116 ens.
710 2056 962 2130 Quarto,
996 2057 1348 2118 secundum
1385 2055 1873 2117 illustrationem

381 2153 668 2216 veritatis
708 2165 958 2218 atterum
999 2163 1061 2217 et
1103 2155 1390 2217 ordinem
1435 2155 1666 2217 divinae
1710 2153 1876 2234 sapi-

380 2253 568 2315 entiae
602 2271 618 2314 :
651 2262 720 2315 ut
751 2254 919 2335 quod
951 2255 1076 2316 duo
1105 2254 1394 2336 opposita
1434 2253 1632 2315 insint
1667 2252 1876 2314 eidem

381 2352 736 2414 secundum
771 2351 938 2413 idem
966 2370 980 2414 ε
1005 2353 1125 2415 hoc
1155 2353 1326 2414 enim
1362 2352 1591 2414 veritas
1627 2370 1879 2413 summa

379 2449 535 2510 dicit
577 2449 976 2549 ignpossibile
1017 2469 1174 2512 esse.
1209 2487 1289 2495 —
1325 2451 1540 2531 ltaque
1587 2449 1878 2531 impossi-

381 2547 510 2610 bile
559 2549 788 2630 primis
837 2548 1086 2611 duobus
1136 2549 1362 2622 modiS,
1410 2556 1505 2612 est
1549 2549 1678 2610 Deo
1735 2567 1875 2631 pos-

379 2646 590 2720 sibile,
635 2664 712 2708 eo
757 2648 924 2729 quod
977 2666 1096 2710 nec
1138 2647 1418 2729 potentia
1460 2647 1572 2709 Dei
1618 2665 1737 2708 nec
1788 2646 1878 2708 in-

381 2745 733 2826 telligentia
789 2745 930 2824 ejus
988 2746 1070 2807 sit
1138 2745 1424 2807 limitata.
1488 2745 1664 2818 Quod
1723 2763 1876 2808 vero

382 2843 779 2926 impossibile
828 2851 921 2906 est
964 2843 1106 2906 aliis
1151 2843 1400 2906 duobus
1451 2844 1678 2917 modis,
1711 2844 1877 2905 Deus

381 2961 508 3004 non
556 2949 765 3025 potest
811 2943 1075 3005 omnino
1109 2959 1122 3003 :
1157 2942 1306 3023 quia
1358 2942 1465 3004 illa
1513 2960 1696 3024 posse
1747 2959 1876 3002 non

1989 1953 2227 2035 pabilia
2284 1954 2435 2035 agit,
2496 1973 2613 2016 nec
2674 1954 2951 2037 poenalia
3007 1953 3302 2028 sustinet,
3364 1973 3482 2016 nec

1990 2053 2341 2114 materialia
2380 2060 2697 2135 operatur.

2067 2152 2415 2214 Potentiam
2460 2152 2719 2214 demum
2768 2152 3123 2214 ordinatam
3174 2152 3485 2233 contingit

1988 2251 2326 2333 tripliciter
2357 2251 2483 2313 dici
2519 2269 2533 2312 :
2569 2253 2799 2333 primo,
2832 2253 3189 2315 secundum
3230 2259 3480 2330 actum3

1986 2351 2287 2424 secundo,
2314 2369 2508 2431 penes
2538 2347 2961 2431 aptitudinem
2992 2369 3070 2411 ex
3102 2357 3279 2432 parte
3315 2368 3483 2412 crea-

1987 2455 2195 2526 turae3
2254 2448 2460 2523 tertio,
2513 2447 2865 2509 secundum
2924 2447 3351 2529 aptitudinem
3403 2465 3481 2510 ex

1989 2554 2164 2628 parte
2209 2546 2403 2609 solius
2449 2546 2702 2608 virtuti's
2751 2546 3001 2609 divinae.
3050 2546 3225 2619 Quod
3271 2546 3482 2627 primo

1989 2647 2217 2707 horum
2279 2646 2609 2708 modorum
2670 2644 2973 2726 possibile
3030 2652 3145 2720 est,
3198 2662 3325 2707 non
3386 2661 3481 2706 so-

1991 2744 2123 2805 lum
2155 2751 2251 2806 est
2289 2743 2615 2826 possibile,
2640 2745 2749 2806 sed
2781 2743 2975 2805 etiam
3005 2743 3269 2805 actuale.
3304 2742 3481 2816 Quod

1989 2851 2203 2904 autem
2246 2841 2549 2924 possibile
2598 2849 2693 2903 est
2737 2842 3018 2904 secundo
3065 2841 3252 2904 modo
3299 2841 3483 2903 dum-

1991 2949 2176 3014 taxat,
2230 2948 2326 3003 est
2372 2935 2752 3023 simpliciter
2810 2939 3137 3023 possibile,
3188 2941 3483 3023 quamvis

381 3050 476 3103 est
527 3059 734 3124 posse,
787 3059 862 3102 eo
913 3041 1082 3124 quod
1142 3041 1300 3104 ratio
1347 3041 1512 3103 entis
1569 3047 1879 3123 repugnet
1917 3042 1960 3105 C
1993 3058 2118 3103 non
2167 3039 2433 3102 actuale.
2478 3039 2655 3113 Quod
2694 3057 2845 3102 vero
2895 3039 3199 3123 possibile
3249 3047 3346 3102 est
3391 3058 3486 3102 so-

381 3140 496 3209 eiS,
529 3147 594 3200 et
635 3139 762 3201 sint
803 3148 1021 3201 contra
1061 3140 1346 3202 ordinem
1383 3140 1711 3221 sapientiae
1741 3139 1874 3201 Dei.

462 3238 582 3299 Sed
633 3237 828 3317 objici
879 3246 1086 3320 potest
1138 3256 1152 3300 ε
1198 3239 1363 3300 Deus
1413 3237 1621 3300 facere
1677 3244 1880 3319 potest

383 3334 552 3415 quod
606 3336 998 3417 praeteritum
1052 3337 1133 3397 sit
1186 3354 1508 3418 praesens3
1560 3336 1668 3398 sed
1723 3355 1879 3417 prae·

383 3454 530 3495 sens
569 3452 697 3497 non
741 3442 837 3495 est
879 3436 1270 3517 praeteritum
1305 3452 1318 3496 :
1353 3454 1502 3516 ergo
1547 3442 1750 3517 potest
1792 3434 1880 3496 sa-

383 3550 525 3594 cere
556 3533 726 3614 quod
761 3533 1154 3615 praeteritum
1183 3551 1308 3596 non
1341 3534 1422 3595 sit
1463 3534 1874 3616 praeteritum.

382 3666 462 3675 —
509 3631 772 3713 Propter
819 3632 938 3693 hoc
989 3638 1051 3693 et
1099 3632 1222 3693 alia
1270 3633 1558 3714 quaedam
1618 3631 1876 3705 similia,

381 3729 504 3791 fuit
547 3729 770 3812 opinio
813 3728 1080 3791 Gilberti
1125 3729 1465 3803 Porretani,
1500 3731 1669 3812 quod
1713 3731 1880 3792 Deus

382 3837 592 3911 potest
622 3846 816 3909 super
856 3827 1252 3909 impossibile
1294 3847 1405 3910 per
1435 3829 1749 3891 accidens.
1786 3830 1877 3891 Ad

381 3927 823 3989 auctoritatem
883 3944 1036 3989 vero
1092 3927 1480 4009 Hieronymi,
1541 3929 1878 3990 asserentis

383 4025 551 4106 quod
599 4025 765 4086 Deus
805 4042 932 4087 non
973 4031 1177 4106 potest
1216 4024 1424 4087 facere
1466 4024 1543 4085 de
1586 4034 1881 4107 corrupta

381 4122 722 4203 virginem,
754 4123 1016 4206 exponit
1054 4123 1146 4185 sic
1181 4140 1194 4185 :
1229 4123 1362 4186 Non
1407 4130 1634 4205 potest,
1670 4124 1728 4184 id
1762 4132 1878 4197 est,

384 4240 508 4285 non
548 4222 828 4284 ostendit
866 4240 933 4285 se
967 4240 1170 4303 posse,
1205 4222 1356 4303 quia
1394 4222 1512 4283 hoc
1556 4241 1881 4303 nunquam
1913 4225 1962 4287 D

383 4323 554 4383 fecit.
575 4319 885 4382 Similiter
915 4320 1183 4382 verbum
1215 4320 1550 4399 Augustini
1584 4320 1878 4394 dicentiS,

383 4420 726 4482 Veritatem
768 4420 845 4481 de
889 4419 1208 4499 praeterito
1250 4436 1376 4479 non
1423 4426 1629 4499 potest
1673 4417 1881 4481 facere

384 4519 632 4593 falsam,
675 4518 937 4600 exponit
981 4517 1073 4579 sic
1109 4535 1122 4578 τ
1157 4517 1341 4579 Salva
1383 4536 1466 4579 re.
1502 4518 1880 4598 Hujusmodi

383 4625 596 4679 autem
657 4615 1086 4698 expositiones
1143 4623 1456 4678 extraneae
1515 4625 1682 4678 sunt.
1736 4618 1882 4680 Ideo

385 4716 604 4797 opinio
649 4715 757 4776 illa
799 4732 925 4776 non
969 4721 1065 4776 est
1110 4714 1380 4775 tenenda
1415 4732 1428 4775 ε
1470 4714 1598 4775 imo
1641 4724 1881 4777 contra-

387 4814 734 4875 dict-ionem
779 4813 1089 4893 implicat,
1133 4812 1524 4894 praeteritum
1568 4830 1694 4874 non
1742 4832 1880 4875 esse

271 4967 290 4986 ,
389 4912 781 4994 praeteritum
825 4930 939 4972 seu
983 4928 1108 4973 non
1150 4909 1369 4983 fuisse,
1403 4910 1568 4971 sicut
1611 4912 1883 4991 triangu-

390 5011 523 5073 lum
567 5027 697 5072 non
739 5028 879 5071 esse
921 5008 1218 5091 figuram.
1257 5044 1338 5052 —
1377 5009 1521 5071 Haec
1561 5009 1881 5071 Bonaven-

385 5118 528 5171 tura
570 5108 638 5170 in
682 5108 949 5189 scripto.

465 5208 626 5270 Hinc
677 5223 931 5288 quoque
981 5204 1047 5266 in
1097 5204 1503 5287 Breviloquio
1552 5206 1641 5268 ait
1694 5224 1707 5268 :
1760 5207 1883 5268 Pri·

391 5326 566 5371 mum
606 5304 1000 5389 principium
1041 5312 1266 5386 potens
1297 5312 1392 5366 est
1427 5306 1708 5387 potentia
1736 5306 1884 5367 sim-

1995 3139 2126 3201 lum
2183 3139 2368 3201 tertio
2428 3139 2636 3213 modo,
2690 3138 2997 3221 possibile
3056 3147 3149 3201 est
3214 3139 3363 3214 Deo,
3422 3146 3487 3201 et

1995 3236 2389 3318 impossibile
2430 3226 2751 3300 creaturae.
2789 3237 2909 3300 Sed
2950 3238 3121 3319 quod
3163 3237 3341 3300 nullo
3379 3237 3487 3299 ho-

1992 3353 2134 3395 rum
2188 3335 2521 3397 modorum
2571 3335 2877 3417 possibile
2926 3343 3043 3410 est,
3090 3343 3160 3398 ut
3207 3336 3271 3397 id
3315 3336 3485 3417 quod

1992 3434 2230 3495 directe
2274 3441 2581 3515 repugnat
2630 3441 2869 3496 naturae
2912 3442 2974 3495 et
3015 3434 3223 3497 ordini
3270 3452 3485 3496 rerum

1993 3533 2346 3594 secundum
2406 3532 2675 3595 rationes
2728 3540 2792 3594 et
2840 3551 3061 3595 causas
3111 3532 3483 3615 primordia-

1995 3629 2269 3691 lissimas
2325 3637 2390 3691 et
2446 3638 2732 3703 aeternaS,
2788 3638 2883 3691 est
2939 3630 3319 3712 simpliciter
3371 3630 3485 3692 im-

1995 3727 2299 3811 possibile
2348 3745 2361 3789 :
2420 3735 2489 3788 ut
2545 3728 2714 3810 quod
2771 3728 2937 3789 Deus
2996 3728 3183 3789 faciat
3240 3727 3483 3810 aliquid

1993 3835 2137 3889 actu
2200 3825 2553 3899 infinitum,
2611 3826 2710 3887 vel
2770 3826 2940 3907 quod
2997 3825 3185 3888 faciat
3241 3826 3482 3908 aliquid

1995 3925 2185 3987 simul
2238 3942 2375 3986 esse
2427 3930 2489 3986 et
2539 3941 2664 3985 non
2714 3942 2877 3997 esse,
2922 3931 3030 3986 aut
3077 3925 3247 4006 quod
3294 3924 3487 3986 saciat

1997 4023 2155 4086 illud
2196 4023 2365 4106 quod
2406 4021 2549 4096 suit,
2583 4039 2709 4084 non
2752 4021 2968 4085 fuisse.
3002 4058 3083 4067 —
3113 4022 3255 4085 Haec
3292 4023 3486 4086 Bona-

1995 4130 2261 4184 ventura
2304 4122 2412 4183 ibi.

2092 4220 2503 4283 Praeinductis
2562 4220 2901 4282 concordat
2956 4219 3250 4283 Albertus
3303 4239 3317 4283 ε
3373 4220 3485 4303 qui

1993 4320 2187 4381 etiam
2254 4318 2481 4400 quaerit
2549 4318 2677 4391 hic,
2746 4328 2957 4380 utrum
3026 4320 3309 4400 potentia
3372 4319 3485 4382 Dei

1993 4426 2282 4500 {equatur
2312 4415 2594 4480 scientiae
2630 4417 2791 4497 ejus.
2826 4418 3089 4479 Videtur
3115 4419 3284 4500 quod
3315 4436 3441 4481 non
3468 4436 3483 4480 t

1993 4518 2142 4600 quia
2173 4516 2439 4578 scientia
2470 4524 2566 4577 est
2596 4516 2745 4578 boni
2776 4524 2839 4577 et
2870 4516 3040 4589 mali,
3076 4517 3357 4598 potentia
3388 4536 3490 4581 ve-

1995 4636 2062 4679 ro
2107 4624 2204 4678 est
2252 4615 2402 4678 boni
2453 4622 2718 4676 tantum.
2755 4614 2872 4677 Sed
2924 4622 3141 4676 contra
3174 4632 3189 4676 ε
3222 4616 3490 4679 scientia

1995 4715 2199 4797 posita
2229 4715 2409 4796 ponit
2440 4712 2809 4795 potentiam,
2846 4729 2969 4774 non
3000 4720 3257 4775 econtra
3290 4732 3304 4776 :
3338 4734 3487 4776 nam

1992 4813 2300 4894 sequitur,
2334 4813 2455 4873 Iste
2495 4812 2637 4883 scit,
2670 4828 2817 4890 ergo
2857 4818 3064 4891 potest
3106 4810 3289 4872 scire.
3325 4811 3488 4892 Ergo

1995 4912 2275 4993 potentia
2314 4917 2408 4970 est
2449 4910 2511 4969 in
2555 4907 2698 4990 plus
2727 4916 2787 4968 et
2830 4907 3007 4989 prius
3053 4927 3242 4989 quam
3283 4910 3485 4971 scien-

1993 5011 2097 5072 tia.
2131 5044 2213 5054 —-
2254 5008 2564 5081 Quaeritur
2618 5025 2893 5088 quoque,
2939 5026 3020 5069 an
3067 5008 3348 5089 potentia
3395 5028 3488 5071 se·

1993 5116 2226 5191 quatur
2256 5106 2665 5169 voluntatem.
2700 5104 2874 5177 Quod
2906 5104 2998 5166 sic
3028 5105 3300 5181 videtur,
3335 5126 3487 5189 quo-

1995 5207 2165 5269 niam
2227 5204 2535 5285 scriptum
2586 5210 2682 5265 est
2737 5202 2803 5263 in
2854 5201 3019 5263 libro
3076 5202 3413 5285 Sapientiae
3465 5222 3480 5268 ε

1995 5303 2225 5367 Subest
2277 5300 2415 5377 tibi,
2461 5319 2659 5382 quum
2711 5299 3012 5373 volueriS,
3060 5317 3264 5382 posse.
3321 5302 3484 5385 Ergo
3512 5325 3777 5384 Sap.xu,¹s.
