4359 6250
845 474 926 539 52
1460 495 1522 540 m
1565 494 1786 540 mamm
1829 493 1848 538 ι
1891 491 2377 538 sumai-{runnu
2425 507 2505 518 —
2544 490 2697 536 msr.
2746 488 2914 550 xvn3
2958 491 3182 546 ouffisr.
3232 490 3343 536 vm

843 671 1156 745 quantum
1195 671 1290 726 est
1328 681 1405 726 ex
1450 669 1626 744 parte
1671 681 1806 736 sua,
1841 660 2042 743 possit
2085 659 2340 722 infinite
2373 658 2422 720 A
2456 665 2577 720 tate
2627 666 2722 720 est
2767 658 3060 721 infinitus
3102 677 3458 741 processuS,
3502 664 3761 740 propter
3803 656 3949 718 infi-

843 762 1082 842 augeri,
1117 781 1318 844 quum
1349 761 1430 823 sit
1469 768 1764 842 respectu
1795 758 2034 821 infiniti
2078 757 2337 838 objecti,

841 868 907 922 et
935 860 1182 942 species
1223 860 1501 922 caritatis
1539 858 2036 921 determinatum
2077 874 2205 919 non
2238 856 2343 918 ha-

842 957 989 1020 beat
1037 958 1330 1032 limitem,
1379 959 1529 1040 quia
1577 958 1632 1019 si
1680 975 1934 1038 semper
1981 955 2168 1018 fieret
2218 973 2343 1016 una

841 1057 1137 1120 voluntas
1184 1056 1310 1118 alia
1357 1055 1682 1119 voluntate
1737 1054 2034 1129 nobilior,
2087 1071 2343 1134 semper

841 1154 1144 1237 quaelibet
1193 1155 1486 1217 voluntas
1534 1161 1748 1236 posset
1795 1173 1831 1216 a
1879 1153 2006 1216 Deo
2055 1151 2340 1234 recipere

841 1253 1132 1316 habitum
1193 1253 1471 1315 caritatis
1529 1252 1654 1315 sibi
1713 1252 2261 1334 proportionatum
2323 1266 2336 1310 ε

840 1351 1012 1433 quod
1045 1370 1172 1415 non
1211 1359 1379 1414 esset
1406 1370 1651 1424 verum,
1685 1351 1741 1412 si
1781 1350 2026 1431 species
2059 1347 2339 1410 caritatis

839 1449 1078 1512 limites
1131 1450 1580 1513 determinatos
1631 1448 1913 1521 haberet,
1967 1448 2132 1510 ultra
2180 1463 2339 1528 quos

842 1567 970 1611 non
1015 1557 1227 1631 posset
1269 1548 1506 1630 augeri.
1557 1548 1698 1611 Haec
1741 1547 2109 1610 Richardus.

922 1648 1227 1720 Quocirca
1295 1664 1436 1710 reor
1499 1647 1865 1718 dicendum,
1926 1645 2096 1727 quod
2156 1643 2340 1725 juxta

842 1744 1189 1827 praehabita
1227 1746 1436 1809 omnis
1467 1745 1671 1808 virtus
1701 1745 2039 1826 omnisque
2079 1742 2337 1805 habitus

2453 757 2659 819 nitum
2696 776 3027 821 accessum
3067 758 3143 820 ad
3185 759 3409 832 Deum,
3443 757 3619 820 velut
3656 757 3847 818 etiam
3890 755 3946 817 si

2451 857 2596 938 quis
2634 858 2933 920 ascendat
2974 857 3039 919 in
3080 857 3291 920 locum
3331 875 3587 919 sursum
3624 875 3660 917 a
3700 875 3767 917 se
3804 854 3949 917 infi-

2452 956 2583 1017 nite
2632 956 2995 1019 distantem.
3032 956 3325 1020 Rationes
3371 956 3570 1019 tertiae
3613 953 3948 1038 positionis

2452 1062 2765 1136 praetactae
2795 1063 2961 1117 sunt.
2988 1054 3407 1136 Philosophus
3438 1071 3691 1136 quoque
3725 1063 3949 1117 octavo

2451 1153 2861 1236 Physicorum
2902 1155 3041 1215 vult
3078 1153 3247 1235 quod
3293 1153 3507 1214 nullus
3550 1159 3760 1215 motus
3800 1152 3949 1214 alte-

2451 1253 2712 1315 rationis
2744 1270 2883 1315 esse
2914 1252 3119 1314 valeat
3150 1250 3465 1314 infinitus
3502 1252 3703 1314 Motus
3732 1259 3947 1313 autem

2452 1351 2829 1414 intensionis
2872 1357 2933 1412 et
2979 1350 3372 1413 remissionis
3410 1358 3507 1412 est
3546 1356 3755 1413 motus
3797 1349 3948 1411 alte-

2450 1449 2712 1511 rationis
2757 1466 2771 1510 :
2816 1466 2943 1511 non
2991 1467 3140 1529 ergo
3190 1448 3257 1510 in
3308 1448 3637 1511 infinitum
3687 1447 3945 1509 tendere

2450 1555 2675 1630 potest.
2704 1548 2778 1610 Et
2812 1548 2978 1610 istud
3010 1549 3086 1609 de
3120 1547 3377 1610 caritate
3408 1546 3741 1610 verificare
3770 1563 3947 1628 opor-

2451 1654 2557 1708 tet.
2594 1647 2767 1710 Unde
2812 1647 2875 1708 in
2916 1646 3304 1720 Encliiridio,
3338 1646 3618 1728 capitulo
3664 1644 3947 1728 loquitur

2451 1745 2678 1808 ultimo
2715 1744 3106 1826 Augustinus
3142 1763 3156 1806 :
3192 1745 3429 1808 Caritas
3473 1745 3700 1806 crescit
3743 1744 3943 1806 donec

841 1853 904 1906 et
932 1845 1142 1907 omnis
1175 1845 1378 1908 forma
1409 1851 1638 1918 creata,
1673 1852 1770 1905 est
1809 1842 2244 1906 determinatae
2273 1848 2337 1902 et
2374 1849 2421 1911 Β
2450 1845 2527 1904 ad
2561 1843 3065 1924 magnitudinem
3098 1843 3270 1906 illam
3303 1843 3633 1925 perveniat
3660 1861 3787 1924 qua
3816 1861 3946 1904 ma-

842 1942 1126 2007 limitatae
1169 1942 1600 2025 perfectioniS‚
1635 1960 1753 2004 nec
1795 1940 1963 2003 valet
2006 1941 2070 2002 in
2115 1939 2338 2002 infini-

841 2049 978 2104 tum
1007 2059 1395 2114 excrescere,
1425 2059 1542 2102 nec
1573 2039 1864 2103 voluntas
1893 2045 2101 2102 creata
2132 2046 2340 2121 potest

839 2139 918 2202 ad
970 2138 1292 2202 infinitam
1353 2137 1810 2221 perfectionem
1867 2137 2209 2200 ascendere
2272 2137 2337 2199 in

843 2236 1100 2319 propria
1130 2237 1362 2319 specie.
1389 2236 1694 2298 Motivum
1724 2252 1979 2318 quoque
2009 2235 2179 2316 quod
2211 2242 2341 2296 tan·

838 2335 930 2416 git
979 2335 1349 2408 RicharduS‚
1385 2333 1662 2398 solutum
1710 2341 1806 2396 est
1840 2353 1853 2397 :
1887 2333 2191 2416 quoniam
2238 2351 2336 2394 ca-

840 2433 992 2495 ritas
1031 2442 1240 2495 creata
1279 2451 1395 2496 suo
1434 2431 1686 2512 objecto
1727 2451 1852 2495 non
1894 2439 2102 2514 potest
2130 2451 2337 2512 aequa-

841 2532 913 2593 ri.
949 2533 1060 2594 Est
1095 2539 1308 2594 autem
1351 2533 1614 2594 materia
1655 2531 1774 2593 ista
1813 2530 2123 2593 difficilis,
2161 2529 2337 2592 Unde

839 2637 904 2692 et
943 2631 1156 2712 magni
1196 2631 1483 2693 doctores
1527 2629 1695 2691 circa
1733 2648 1873 2690 eam
1905 2635 2034 2690 tam
2075 2627 2337 2690 diversi-

843 2730 1026 2792 mode
1069 2729 1343 2791 sensisse
1387 2735 1754 2792 noscuntur.

919 2828 1198 2900 Quorum
1240 2827 1590 2910 positiones
1618 2826 1820 2906 tangit
1857 2825 2212 2898 DuranduS,
2247 2825 2338 2887 di-

840 2927 1043 2990 cendo
1077 2944 1090 2988 :
1126 2926 1305 2989 Circa
1333 2925 1496 2987 hanc
1528 2925 1943 3007 quaestionem
1975 2931 2073 2985 est
2100 2923 2336 3005 triplex

2447 1941 2549 2022 jor
2590 1959 2727 2003 esse
2771 1957 2897 2003 non
2942 1948 3165 2023 potest.

2532 2040 2651 2102 Sed
2682 2038 2879 2120 objici
2920 2047 3147 2121 potest,
3182 2039 3334 2122 quia
3375 2039 3440 2100 in
3481 2038 3805 2102 voluntate
3836 2041 3947 2102 du-

2453 2137 2597 2219 plex
2636 2145 2733 2200 est
2771 2139 3086 2220 capacitas
3132 2143 3426 2220 respectu
3468 2138 3769 2211 caritatis,
3802 2155 3945 2220 pro-

2450 2236 2692 2318 pinqua
2722 2237 3021 2299 videlicet
3058 2245 3121 2298 et
3161 2244 3419 2300 remota.
3456 2236 3815 2319 Propinqua
3848 2244 3946 2299 est

2448 2354 2528 2398 ex
2575 2335 2825 2397 actibus
2876 2336 3111 2417 quibus
3171 2353 3284 2398 nos
3346 2335 3671 2398 reddimus
3719 2335 3945 2416 dignos

2450 2434 2729 2496 caritatis
2769 2442 3145 2514 augment03
3182 2442 3421 2497 remota
3458 2452 3611 2496 vero
3649 2442 3746 2496 est
3776 2435 3947 2496 nuda

2450 2532 2733 2614 potentia
2780 2531 3142 2594 voluntatis.
3199 2532 3288 2594 Ex
3339 2540 3515 2614 parte
3576 2532 3798 2614 primae
3848 2550 3947 2593 ca-

2448 2631 2738 2712 pacitatis
2770 2649 2897 2694 non
2928 2638 3177 2712 oportet
3213 2631 3539 2692 caritatem
3584 2630 3813 2692 habere
3844 2631 3945 2692 sui

2446 2729 2769 2810 augmenti
2802 2729 3042 2790 finem:
3068 2728 3372 2810 quoniam
3402 2735 3640 2811 quanto
3671 2728 3817 2811 plus
3846 2747 3947 2791 ca-

2449 2829 2601 2890 ritas
2644 2831 3101 2910 augmentatur,
3137 2835 3308 2891 tanto
3350 2827 3494 2910 plus
3535 2827 3759 2890 crescit
3794 2826 3945 2889 talis

2448 2927 2779 3008 capacitas.
2817 2928 3009 2989 Actus
3049 2926 3220 2988 enim
3257 2927 3369 3009 qui
3406 2945 3485 2988 ex
3528 2925 3754 3008 majori
3794 2932 3945 2988 sunt

843 3025 1066 3089 modus
1117 3024 1390 3087 dicendi.
1435 3023 1682 3086 Primus
1732 3031 1848 3097 est,
1886 3023 2054 3104 quod
2106 3023 2334 3085 caritas
2374 3020 2417 3082 C
2450 3027 2730 3100 caritate,
2784 3026 3057 3088 reddunt
3118 3043 3231 3088 nos
3286 3025 3606 3106 digniores
3664 3025 3945 3088 caritatis

839 3133 904 3187 et
951 3124 1160 3188 omnis
1206 3123 1408 3187 forma
1457 3121 1814 3205 suscipiens
1864 3121 2064 3203 magis
2113 3131 2176 3184 et
2224 3121 2336 3183 mi-

840 3244 984 3297 nuS,
1019 3230 1226 3305 potest
1257 3222 1322 3284 in
1356 3221 1685 3283 infinitum
1713 3222 1966 3301 augeri3
1999 3220 2092 3283 sic
2123 3227 2334 3283 tamen

840 3322 1011 3405 quod
1050 3339 1381 3403 nunquam
1421 3326 1518 3382 est
1555 3320 1854 3383 devenire
1892 3319 1972 3381 ad
2003 3318 2334 3381 infinitum

839 3429 1004 3484 actu.
1060 3419 1388 3482 Secundus
1449 3418 1695 3493 moduS,
1747 3418 1916 3500 quod
1975 3418 2336 3498 specialiter

841 3519 1092 3593 caritaS,
1127 3536 1254 3580 non
1286 3517 1666 3600 generaliter
1694 3516 1903 3580 omnis
1935 3515 2159 3589 forma,
2197 3533 2336 3599 pos-

841 3618 925 3680 sit
957 3618 1077 3680 tale
1117 3616 1349 3680 habere
1390 3623 1823 3696 augmentum.
1861 3615 2129 3689 TertiuS,
2164 3615 2335 3697 quod

843 3736 960 3779 nec
991 3717 1217 3780 caritas
1249 3734 1364 3778 nec
1395 3715 1520 3778 alia
1550 3714 1754 3778 forma
1791 3722 1981 3796 queat
2008 3713 2227 3795 augeri
2270 3715 2335 3776 in

841 3815 1194 3889 infinitum,
1246 3816 1355 3877 sed
1407 3815 1471 3876 in
1520 3814 1696 3877 omni
1745 3812 1948 3875 forma
1997 3820 2205 3875 creata
2254 3813 2337 3875 sit

841 3915 1138 3977 devenire
1176 3914 1255 3976 ad
1297 3914 1562 3994 gradum
1607 3911 2016 3993 perfectionis
2059 3930 2190 3973 suae
2233 3930 2336 3972 su-

842 4032 1158 4095 premum,
1193 4011 1358 4074 ultra
1406 4030 1598 4094 quem
1651 4009 1914 4091 reperiri
1961 4026 2087 4071 non
2133 4008 2339 4071 valeat

841 4131 960 4174 nec
991 4112 1057 4173 in
1091 4110 1480 4192 perfectione
1509 4108 1784 4171 extendi.
1809 4108 2085 4171 —Ratio
2115 4108 2337 4189 primae

2448 3133 2807 3206 augmento
2836 3126 2961 3187 Nec
2993 3144 3069 3187 cx
3100 3132 3279 3206 parte
3314 3125 3609 3189 secundae
3638 3125 3948 3207 capacita-

2450 3224 2529 3285 tis
2560 3232 2654 3285 est
2696 3224 3219 3306 impedimentum
3246 3242 3260 3286 t
3288 3224 3439 3307 quia
3474 3224 3772 3306 potentiae
3804 3243 3947 3306 pas-

2448 3323 2599 3385 sivae
2658 3322 2859 3386 finitae
2914 3340 3043 3385 non
3110 3330 3419 3405 repugnat
3486 3322 3551 3385 in
3612 3321 3945 3385 infinitum

2447 3420 2675 3503 perfici
2715 3422 3096 3495 successive,
3138 3422 3225 3483 ita
3261 3421 3433 3502 quod
3472 3440 3801 3503 nunquam
3840 3422 3947 3484 de-

2448 3519 2741 3581 veniatur
2768 3520 2845 3581 ad
2879 3518 3209 3581 infinitum
3238 3527 3403 3581 actu.
3430 3518 3647 3602 Neque
3678 3519 3949 3601 impedi-

2449 3625 2733 3679 mentum
2767 3625 2864 3680 est
2902 3625 3193 3699 respectu
3232 3617 3699 3700 perfectionum
3738 3618 3947 3681 diver-

2447 3735 2657 3777 sarum
2686 3716 3595 3799 specierum,quemadmodum
3621 3716 3944 3798 quantitas

2446 3822 2544 3876 est
2572 3813 2639 3877 in
2672 3815 2953 3895 potentia
2981 3815 3059 3876 ad
3102 3814 3387 3877 infinitas
3427 3814 3666 3896 figuras
3696 3833 3947 3877 succes-

2447 3913 2603 3986 sive,
2629 3920 2699 3973 ut
2725 3913 2802 3974 ad
2837 3913 3177 3994 trigonum,
3211 3921 3631 3995 tetragonum,
3654 3921 3810 3991 etc.;
3838 3932 3947 3976 ne·

2447 4029 2571 4092 que
2625 4018 2917 4091 respectu
2964 4010 3255 4092 ejusdem
3302 4010 3544 4083 formae,
3596 4012 3949 4075 dummodo

2449 4126 2575 4171 non
2616 4116 2925 4190 repugnet
2964 4108 3184 4174 formae
3225 4111 3290 4171 in
3334 4109 3663 4173 infinitum
3700 4111 3941 4191 augeri.

842 4208 1164 4292 opinionis
1201 4206 1331 4288 (vel
1374 4206 1723 4289 praesertim
1769 4206 1845 4267 de
1893 4204 2179 4285 caritate)
2218 4213 2334 4280 est,
2368 4212 2416 4271 D
2448 4208 2621 4280 Quod
2653 4214 2867 4270 autem
2897 4227 3026 4272 non
3058 4216 3369 4291 repugnet
3398 4208 3644 4271 caritati
3682 4208 3823 4270 talis
3854 4208 3952 4270 in-

843 4307 1148 4389 quoniam
1208 4305 1409 4387 magis
1468 4312 1530 4367 et
1591 4304 1804 4366 minus
1867 4303 2168 4365 dicuntur
2225 4324 2339 4386 per

846 4404 1154 4485 majorem
1193 4411 1256 4465 et
1296 4404 1609 4465 minorem
1649 4420 1976 4463 accessum
2014 4401 2091 4462 ad
2125 4402 2339 4464 termi-

844 4523 1000 4567 num
1053 4503 1132 4565 ad
1190 4520 1401 4584 quem.
1459 4500 1576 4563 Ubi
1634 4500 1827 4581 igitur
1885 4500 2198 4562 terminus
2252 4501 2342 4563 di-

843 4608 966 4665 stat
997 4601 1250 4663 infinite
1279 4598 1360 4662 ab
1389 4599 2341 4680 acceden·te‚quantumcumque

845 4700 1232 4783 propinquet
1281 4716 1595 4771 accessuS,
1647 4715 1786 4758 esse
1837 4696 2070 4778 poterit
2123 4697 2341 4759 infini-

845 4809 968 4875 ωε,
987 4808 1052 4861 et
1081 4798 1336 4862 infinita
1364 4804 1460 4859 est
1491 4795 1650 4858 ratio
1677 4795 2019 4858 accedendi
2047 4797 2191 4858 :sed
2223 4804 2342 4859 ter-

846 4899 1058 4961 minus
1092 4895 1416 4960 rationalis
1457 4902 1782 4968 creaturae,
1817 4894 2116 4957 videlicet
2146 4895 2335 4969 DeuS,

842 4996 1035 5059 distat
1091 5014 1344 5077 semper
1395 4992 1647 5055 infinite
1707 5011 1743 5053 a
1802 4999 2089 5054 creatura
2147 5012 2344 5075 quan-

845 5105 1260 5176 tumcumque
1293 5092 1607 5175 proficiat.
1643 5090 1928 5172 Denique
1961 5090 2025 5152 in
2057 5092 2342 5155 numeris

844 5203 940 5258 est
989 5212 1322 5277 processus
1375 5192 1438 5253 in
1489 5190 1839 5262 infinitum,
1895 5198 2152 5271 propter
2202 5190 2345 5253 infi-

845 5294 1052 5356 nitum
1093 5310 1414 5353 recessum
1459 5287 1540 5351 ab
1581 5288 1844 5349 unitate.
1879 5288 2041 5368 Ergo
2083 5287 2147 5349 in
2191 5290 2346 5350 cari-

2450 4305 2475 4367 f
2480 4306 2687 4379 initas,
2710 4313 2911 4386 patet:
2932 4307 3234 4388 quoniam
3268 4306 3563 4370 limitatio
3592 4308 3949 4371 secundum

2451 4404 2753 4485 speciem,
2790 4422 2916 4467 non
2950 4413 3260 4486 repugnat
3298 4404 3602 4467 infinitati
3633 4406 3949 4487 graduum

2452 4503 2516 4564 in
2547 4503 2769 4564 eadem
2800 4503 3031 4585 specie.
3067 4502 3389 4565 Limitatio
3417 4522 3695 4585 namque
3724 4521 3951 4566 secun-

2452 4600 2605 4663 dum
2655 4600 2957 4682 speciem,
2994 4601 3175 4683 ponit
3205 4620 3338 4663 rem
3390 4601 3455 4663 in
3498 4602 3695 4682 gradu
3738 4620 3775 4663 a
3817 4621 3952 4683 quo

2454 4718 2521 4760 se
2570 4717 2697 4762 non
2742 4707 2948 4781 potest
2989 4700 3327 4762 extendere
3372 4699 3451 4761 ad
3498 4700 3760 4761 alterius
3808 4720 3953 4781 spe-

2454 4797 2576 4859 ciei
2627 4798 3119 4879 perfectionem3
3167 4806 3607 4861 verumtamen
3658 4815 3784 4861 non
3832 4798 3957 4861 im-

2454 4895 2630 4977 pedit
2678 4896 2833 4977 quin
2896 4896 3389 4978 infraspeciem
3440 4897 3639 4979 possit
3697 4915 3955 4979 semper

2456 4993 2655 5073 magis
2688 4994 2954 5069 intendi,
2980 5012 3107 5057 non
3138 4994 3431 5075 ponendo
3462 4994 3529 5056 in
3558 4994 3780 5056 eadem
3810 5014 3955 5075 spe·

2455 5092 2551 5153 cie
2582 5092 2951 5154 terminum.
2988 5130 3065 5139 —
3097 5093 3330 5155 Verum
3361 5092 3439 5155 ad
3472 5092 3590 5154 ista
3628 5112 3743 5175 pro
3772 5100 3955 5175 parte

2459 5191 2645 5253 modo
2685 5198 2781 5253 est
2823 5209 3219 5273 responsum.
3255 5192 3509 5254 Dictum
3538 5199 3636 5254 est
3673 5210 3955 5272 namque

2457 5290 2626 5372 quod
2671 5289 3028 5353 habilitatio
3068 5310 3179 5351 seu
3216 5289 3571 5373 aptificatio
3612 5291 3691 5353 ad
3731 5289 3959 5355 carita-
