4359 6250
817 452 940 518 512

1507 473 1572 521 IN
1613 473 1836 521 Lmnuu
1877 475 1897 520 1
1940 471 2423 520 SENTENTIARUH.
2470 491 2550 500 —
2590 473 2743 519 msr.
2789 472 2907 536 xt.;
2950 471 3175 529 QUAEST.
3223 473 3244 518 1

819 641 1158 706 destinatio
1187 651 1282 706 est
1311 643 1584 727 alicujus
1617 644 1682 706 in
1722 644 1920 708 finem
1953 643 2311 707 destinatio.
2347 643 2398 707 A
2428 643 2789 726 specialiter
2842 644 3065 706 modus
3118 641 3535 726 providentias
3584 659 3713 724 quo
3760 641 3937 704 Deus

819 741 959 803 Alia
1003 749 1098 804 est.
1137 743 1608 824 magistrorum,
1642 733 1992 805 dicentium
2031 761 2044 805 :
2082 743 2319 806 Praede-

819 840 1077 902 stinatio
1107 849 1202 904 est
1234 842 1610 925 praeparatio
1640 842 1855 925 gratiae
1895 843 1960 904 in
1993 841 2315 924 praesenti,

817 946 882 1000 et
927 939 1144 1019 gloriae
1193 940 1260 1002 in
1309 939 1544 1003 futuro.
1580 941 1796 1022 Itaque
1846 940 2318 1023 praedestinatio

818 1038 1025 1119 quoad
1063 1038 1308 1121 aliquid
1351 1039 1450 1101 sui
1493 1040 1558 1101 in
1600 1039 1901 1104 omnibus
1945 1039 2046 1100 his
2089 1037 2319 1100 defini-

817 1136 1102 1198 tionibus
1161 1155 1274 1198 seu
1332 1137 1872 1220 descriptionibus
1932 1136 2242 1199 definitur
2300 1153 2315 1198 ε

817 1244 967 1297 'nam
1026 1254 1224 1317 quum
1288 1236 1488 1298 multa
1551 1235 2033 1300 considerentur
2092 1235 2158 1297 in
2222 1253 2315 1307 ea,

820 1334 1265 1416 multipliciter
1314 1334 1640 1397 definitur.
1688 1336 1896 1397 Potest
1942 1334 2114 1396 enim
2167 1354 2322 1417 prae—

819 1432 1158 1494 destinatio
1216 1432 1475 1494 definiri
1536 1433 1601 1494 in
1663 1452 1751 1506 se,
1804 1432 1904 1495 vel
1965 1432 2318 1494 secundum

819 1530 1099 1613 aliquem
1140 1539 1375 1593 statum
1417 1531 1620 1613 ipsius
1661 1531 2110 1615 praedestinati.
2148 1531 2212 1594 Si
2254 1530 2318 1592 in

2426 743 2787 824 specialiter
2819 742 3106 824 providet
3139 742 3422 805 rationali
3455 749 3789 818 creaturae3
3811 757 3936 802 nec

2427 841 2610 903 illum
2646 842 2907 905 modum
2948 841 3395 923 complectitur
3430 847 3654 913 totum,
3690 838 3801 901 sed
3831 856 3938 900 so·

2430 940 2563 1001 lum
2598 940 2895 1022 importat
2936 939 3403 1022 providentiam
3445 939 3619 1000 illam
3649 957 3793 1020 quae
3824 954 3939 999 no-

2430 1039 2709 1101 minatur
2758 1039 3158 1121 providentia
3214 1036 3699 1120 acceptationisr
3742 1044 3938 1118 prout

2428 1143 2525 1198 est
2556 1154 2682 1199 non
2714 1137 2922 1199 solum
2954 1137 3300 1200 voluntatis
3330 1134 3784 1208 antecedentiS,
3819 1134 3937 1196 sed

2428 1235 2620 1297 etiam
2682 1237 3130 1318 consequentis
3182 1254 3196 1298 :
3248 1236 3390 1298 ideo
3437 1243 3536 1297 est
3580 1232 3937 1297 ineffabilis

2430 1334 2715 1396 reductio
2760 1334 3085 1396 rationalis
3130 1343 3435 1396 creaturae
3474 1333 3540 1394 in
3581 1333 3780 1395 finem
3826 1351 3937 1394 su-

2431 1432 2899 1514 pernaturalem
2948 1433 3165 1514 gloriae
3213 1433 3549 1507 aeternam,
3601 1431 3769 1494 facta
3820 1449 3941 1513 per

2432 1531 2714 1593 medium
2758 1533 3261 1615 supernaturale,
3311 1540 3465 1615 puta
3506 1551 3620 1614 per
3660 1530 3937 1612 gratiam

821 1647 910 1704 se,
934 1629 1084 1692 hinc
1114 1630 1306 1693 habet
1334 1631 1401 1692 in
1433 1650 1499 1693 se
1532 1630 1711 1712 quasi
1743 1649 1945 1710 genus
1977 1637 2317 1702 remotum,
2433 1629 2564 1703 Dei,
2600 1648 2714 1711 per
2744 1649 2935 1712 quam
2977 1630 3329 1693 liberantur
3365 1629 3793 1713 praedestinati
3828 1628 3939 1690 vel

820 1736 884 1790 et
933 1729 1422 1792 coarctationem
1481 1748 1594 1791 seu
1645 1728 1826 1811 quasi
1885 1728 2318 1791 differentiam
2430 1747 2465 1789 a
2498 1728 2663 1790 malo
2704 1729 2768 1790 in
2809 1747 2937 1811 quo
2977 1737 3147 1804 sunt,
3182 1729 3348 1792 sicut
3388 1729 3455 1791 in
3488 1728 3696 1802 nobis,
3730 1728 3832 1790 vel
3866 1728 3936 1789 in

820 1825 962 1906 ejus
991 1846 1106 1910 per
1134 1836 1347 1891 actum
1391 1828 1711 1890 causantis
1741 1834 1804 1889 et
1840 1844 1988 1889 suos
2021 1826 2313 1889 effectuS.
2356 1828 2403 1891 B
2433 1845 2559 1908 quo
2606 1846 2745 1890 esse
2794 1835 3157 1911 potuerunt.
3209 1865 3290 1874 —
3338 1829 3663 1891 Destinare
3716 1835 3937 1890 autem

820 1925 1030 1989 Potest
1070 1944 1324 2008 quoque
1363 1926 1603 1989 attendi
1645 1944 1876 1989 nomen
1918 1925 2323 2008 praedestina·
2430 1913 2959 2008 aequivocum'est
2993 1945 3005 1990 ε
3041 1927 3191 2009 quia
3231 1929 3442 2010 primo
3470 1927 3757 2009 designat
3789 1945 3937 2010 pro-

823 2025 1034 2088 tioniS.
1068 2026 1276 2089 Prima
1303 2045 1454 2108 ergo
1484 2025 1829 2107 descriptio
1863 2026 2047 2088 datur
2079 2043 2193 2107 per
2222 2043 2323 2106 ge·
2433 2042 2689 2107 ponere,
2728 2025 2910 2106 juxta
2957 2026 3117 2088 illud
3165 2028 3244 2090 ad
3293 2027 3650 2091 Corinthios
3686 2044 3700 2088 :
3734 2013 3937 2090 Unus-
3966 2047 4009 2091 ιι
4022 2046 4277 2099 con-xa.

823 2144 945 2186 nus
976 2125 1158 2207 quasi
1192 2134 1528 2198 remotum,
1562 2125 1730 2208 quod
1763 2133 1858 2187 est
1899 2123 2319 2206 praescientia,
2432 2123 2705 2206 quisque
2768 2133 2955 2208 prout
3012 2125 3353 2188 destinavit
3416 2127 3481 2188 in
3540 2127 3726 2189 corde
3791 2143 3929 2187 suo.

821 2243 967 2305 quae
1025 2224 1420 2286 contrahitur
1467 2242 1580 2306 per
1627 2231 1840 2286 actum
1893 2222 2212 2285 causantis
2260 2229 2324 2284 et-
2434 2223 2606 2285 Unde
2647 2225 2927 2287 secundo
2968 2225 3471 2288 Machabaeorum
3514 2226 3592 2288 de
3638 2225 3936 2287 Eleazaro

825 2322 1130 2384 effectum
1181 2323 1568 2405 proximum,
1619 2342 1817 2404 quum
1868 2322 2122 2396 dicitur,
2170 2321 2325 2382 Prae-
2434 2321 2683 2402 legitur,
2717 2323 2887 2405 quod
2925 2324 3265 2386 destinavit
3306 2324 3373 2385 in
3414 2323 3601 2388 corde
3642 2341 3759 2386 suo
3802 2341 3933 2386 non
3964 2338 4279 2389 nnat—1³³1.

829 2422 1071 2504 paratio
1109 2421 1594 2485 beneficiorum.
1629 2421 1918 2484 Secunda
1955 2439 2082 2484 non
2121 2419 2325 2482 consi·
2432 2421 2767 2483 admittere
2825 2421 3048 2484 illicita
3106 2430 3365 2506 propter
3421 2423 3567 2486 vitae
3622 2441 3930 2486 amorem.
3964 2405 4044 2447 ²⁰·

827 2521 1004 2583 derat-
1057 2519 1181 2582 nisi
1230 2529 1443 2583 actum
1499 2539 1704 2584 causae
1753 2518 2075 2603 operantis
2127 2525 2191 2580 et
2233 2517 2323 2580 ef—

827 2618 1088 2680 fectum.
1151 2618 1358 2681 Tertia
1420 2619 1605 2680 datur
1667 2618 2019 2680 secundum
2087 2623 2323 2679 statum

827 2717 1254 2798 praedestinati
1297 2718 1406 2799 qui
1445 2724 1542 2780 est
1582 2717 1649 2779 in
1690 2716 1968 2790 miseria,
2003 2734 2203 2797 quum
2233 2715 2325 2776 di·-

824 2815 992 2877 citur
1025 2833 1039 2878 :
1071 2815 1542 2879 Praedestinatio
1571 2823 1668 2878 est
1707 2816 2102 2897 propositum
2139 2813 2325 2876 mise-

825 2914 1024 2976 rendi.
1041 2915 1265 2988 Quarta
1293 2922 1389 2976 est
1417 2913 1777 2996 explanatio
1808 2913 2323 2994 nominiS,quum

2434 2519 2725 2584 Secundo
2783 2520 3102 2602 significat
3162 2523 3437 2597 mittere,
3490 2521 3711 2605 sicque
3766 2540 3939 2585 com—

2434 2618 2709 2696 muniter
2738 2619 3021 2682 sumitur.
3037 2620 3510 2684 Praedestinatio
3538 2639 3689 2684 vero
3718 2639 3941 2683 secun-

2434 2717 2587 2778 dum
2639 2724 2973 2799 utramque
3020 2717 3557 2800 significationem
3606 2719 3934 2781 sumitur:

2435 2816 2737 2897 quoniam
2810 2824 3121 2898 quantum
3189 2818 3265 2879 ad
3333 2818 3535 2880 Deum
3608 2817 3939 2900 praedesti-

2437 2920 2717 2987 nantem,
2758 2923 2855 2976 est
2906 2933 3257 2997 proponere
3308 2935 3497 2978 suum
3546 2915 3937 2978 destinatum

824 3013 1566 3088 dicitur‚Praedestinatio
1593 3020 1691 3075 est
1718 3012 1992 3093 alicujus
2025 3012 2089 3074 in
2123 3011 2322 3074 finem
2364 3010 2407 3074 C
2437 3012 2711 3090 salvare3
2744 3014 2855 3075 sed
2887 3022 3196 3095 quantum
3226 3016 3305 3077 ad
3335 3015 3753 3077 directionem
3786 3033 3943 3096 prae-

827 3112 1182 3175 destinatio.
1218 3112 1452 3176 Ultima
1489 3112 1675 3175 datur
1703 3132 1816 3195 per
1850 3110 2155 3175 effectum
2186 3129 2327 3194 pro-

827 3212 1097 3285 ximum,
1138 3211 1250 3293 qui
1297 3219 1396 3275 est
1440 3212 1661 3293 gratia,
1713 3220 1777 3275 et
1823 3218 2162 3285 remotum,
2214 3210 2326 3293 qui

829 3318 926 3373 est
953 3310 1156 3391 gloria
1189 3328 1202 3372 :
1239 3310 1707 3392 praedestinatio
1737 3310 2034 3393 equidem
2067 3329 2195 3373 non
2230 3317 2329 3371 est

829 3409 1085 3493 proprie
1124 3409 1248 3471 nisi
1290 3410 1506 3491 gratiae
1548 3417 1612 3471 et
1654 3409 1888 3490 gloriae.
1923 3444 2004 3454 —
2041 3409 2185 3472 Haec
2224 3408 2327 3470 Al-

828 3507 1068 3583 bertus,
1102 3508 1214 3591 qui
1254 3508 1424 3571 circa
1464 3508 1598 3572 haec
1641 3508 1767 3570 alia
1805 3509 2007 3570 multa
2049 3507 2328 3570 sciscita-

827 3616 932 3671 tur
973 3627 1114 3691 quae
1159 3625 1305 3670 mox
1349 3616 1706 3690 tangentur.

825 3766 830 3769 .
909 3708 1259 3771 Concordat
1289 3708 1639 3781 UdalricuS‚
1658 3707 1726 3769 in
1758 3708 2018 3771 Summa
2049 3726 2163 3769 sua
2194 3706 2326 3769 haec

826 3807 1049 3869 eadem
1098 3807 1385 3869 scribens
1437 3806 1601 3869 libro
1649 3806 1950 3881 secundo,
1987 3812 2052 3868 et
2097 3805 2323 3868 addit:

827 3906 1034 3979 Quum
1079 3906 1478 3988 propositum
1528 3905 1640 3967 Dei
1689 3906 1772 3968 sit·
1819 3905 2089 3987 ipsemet
2134 3904 2324 3977 Deus,

829 4002 1320 4085 praedestinatio,
1363 4024 1506 4086 quae
1553 4011 1648 4066 est
1696 4003 2091 4086 propositum
2146 4002 2330 4064 mise—

829 4102 1033 4176 rendi,
1075 4109 1170 4165 est
1221 4102 1356 4184 ipse
1403 4103 1569 4164 Deus
1619 4101 2094 4184 praedestinanS,
2137 4107 2328 4182 atque

2438 3111 2733 3175 destinati
2790 3111 2856 3174 in
2913 3111 3116 3176 finem
3169 3112 3493 3187 ultimum,
3546 3113 3641 3177 sic
3698 3113 3941 3196 praede-

2438 3210 2695 3273 stinatio
2758 3211 2899 3286 ista,
2958 3220 3054 3275 est
3115 3212 3337 3274 missio
3398 3212 3539 3294 ejus
3599 3212 3666 3274 in
3731 3212 3937 3275 finem

2438 3308 2799 3373 salvificum
2832 3312 3185 3373 secundum
3226 3312 3395 3393 quod
3432 3312 3499 3374 in
3530 3310 3749 3373 divina
3778 3330 3937 3394 prae-

2438 3407 2705 3470 scientia
2745 3416 2932 3471 notus
2970 3418 3085 3471 est.
3118 3410 3349 3491 Sicque
3387 3410 3788 3493 praescientia
3816 3409 3940 3472 ista

2439 3506 2628 3569 habet
2660 3507 3336 3590 principium,scilicet
3367 3509 3759 3592 propositum
3790 3510 3937 3587 Dei3

2439 3613 2502 3667 et
2550 3605 2856 3680 medium,
2910 3613 3129 3688 utpote
3175 3607 3483 3688 gratiam3
3535 3606 3735 3669 finem
3784 3625 3941 3689 quo-

2438 3722 2585 3785 que,
2631 3703 2693 3764 id
2739 3711 2835 3766 est
2883 3711 3183 3767 aeternam
3228 3704 3518 3767 salutem.
3564 3705 3739 3768 Unde
3782 3724 3943 3787 prae-

2437 3802 2777 3865 destinatio
2815 3802 2935 3865 ista
2970 3802 3051 3865 ab
3089 3803 3440 3866 aeternitate
3474 3804 3813 3888 incipienS‚
3846 3805 3942 3867 di·

2439 3900 2666 3981 rigitur
2694 3920 2808 3983 per
2836 3919 3024 3963 omne
3055 3910 3300 3984 tempus
3331 3903 3476 3967 vitae
3508 3903 3685 3965 istius
3716 3923 3939 3967 rursus

2438 3999 2505 4061 in
2548 4000 2983 4063 aeternitatem.
3030 4001 3174 4063 Haec
3216 4000 3562 4065 UdalricuS.

2519 4099 2822 4161 Praeterea
2862 4099 2941 4160 ad
2981 4100 3395 4181 quaestionem
3442 4101 3627 4175 hanc,
3660 4120 3743 4163 an
3782 4120 3940 4183 prae-

831 4201 1184 4263 secundum
1228 4201 1538 4263 rationem
1584 4199 2004 4281 intelligendi,
2039 4198 2330 4280 designat
2360 4202 2408 4263 D
2437 4198 2775 4259 destinatio
2805 4198 2887 4260 sit
2916 4197 3160 4280 aliquid
3199 4198 3266 4261 in
3305 4207 3613 4273 creatura,
3646 4200 3943 4262 determi-

833 4300 1203 4363 relationem
1247 4300 1632 4381 operationis
1671 4308 1736 4361 et
1775 4298 2012 4380 objecti
2050 4299 2127 4361 ad
2171 4297 2332 4360 invi-

834 4416 1012 4477 cem3
1044 4397 1350 4480 illamque
1389 4398 1760 4461 relationem
1792 4405 2095 4459 creaturae
2126 4404 2197 4458 ut
2234 4404 2330 4458 est

833 4497 900 4560 in
929 4498 1058 4559 Deo
1085 4496 1164 4558 ad
1203 4496 1367 4559 hanc
1395 4496 1828 4579 operationem
1868 4514 1981 4558 seu
2015 4495 2328 4558 actualem

823 4595 1470 4679 praedestinationem,
1493 4594 1716 4659 locutio
1742 4596 2029 4675 designat
2060 4594 2325 4676 passive,

832 4714 1033 4777 quum
1083 4695 1228 4777 quis
1277 4694 1514 4757 dicitur
1559 4692 2013 4777 praedestinari.
2053 4692 2130 4755 Et
2177 4692 2330 4775 quia

828 4794 1229 4878 propositum
1273 4793 1383 4856 Dei
1429 4792 1661 4855 efficax
1708 4800 1806 4855 est
1847 4799 1912 4854 et
1958 4791 2327 4853 immutabi-

829 4893 906 4955 lis
938 4912 1130 4956 causa
1157 4911 1380 4956 eorum
1411 4910 1683 4975 quorum
1716 4898 1832 4966 est,
1855 4890 2093 4954 idcirco
2127 4890 2192 4952 in
2223 4908 2331 4953 no-

829 4994 1001 5056 mine
1032 4990 1605 5075 praedestinationis
1646 4997 2024 5053 connotatur
2057 4987 2330 5051 effectus

827 5092 1044 5173 gratiae
1099 5098 1164 5153 et
1210 5089 1427 5173 gloriae
1485 5096 1955 5168 consecuturae3
2006 5086 2329 5168 significa-

829 5198 965 5255 tum
997 5207 1148 5254 vero
1187 5189 1466 5252 nominis
1496 5187 1660 5251 nihil
1701 5186 1857 5250 dicit
1891 5186 2015 5249 nisi
2046 5186 2329 5249 divinam

832 5289 1192 5355 essentiam.
1245 5322 1321 5336 -
1372 5286 1656 5369 Denique
1709 5284 2183 5369 praedestinatio
2234 5292 2330 5347 est

2438 4316 2597 4357 nans
2634 4296 2903 4359 Thomas
2948 4316 2962 4360 :
3005 4297 3240 4359 Ponere
3277 4297 3545 4380 (inquit)
3578 4297 3825 4381 aliquid
3870 4298 3937 4361 in

2436 4394 2583 4469 alio,
2601 4394 2872 4476 intelligi
2904 4402 3111 4476 potest
3141 4395 3500 4477 dupliciter.
3516 4397 3747 4471 Primo,
3764 4396 3939 4478 quod

2440 4512 2539 4555 res
2580 4492 2938 4575 significata
2978 4511 3091 4575 per
3130 4512 3362 4557 nomen
3401 4494 3649 4557 dicatur
3686 4513 3827 4557 esse
3872 4496 3938 4558 in

2436 4590 2584 4665 alio,
2618 4590 2784 4653 sicut
2810 4590 3038 4653 albedo
3064 4591 3307 4674 aliquid
3339 4592 3519 4675 ponit
3548 4593 3615 4655 in
3642 4593 3792 4656 albo
3826 4610 3840 4656 :
3874 4601 3940 4655 et

2438 4690 2531 4751 sic
2554 4689 3024 4771 praedestinatio
3050 4708 3179 4753 non
3208 4692 3387 4773 ponit
3413 4691 3656 4772 aliquid
3688 4692 3753 4754 in
3788 4710 3943 4774 prae—

2437 4788 2771 4862 destinam,
2824 4788 2935 4851 sed
2993 4796 3239 4852 tantum
3298 4789 3363 4852 in
3424 4790 3935 4872 praedestinante.

2438 4886 2750 4960 Secundo,
2800 4886 2885 4949 ita
2934 4888 3105 4968 quod
3152 4887 3231 4949 ad
3279 4887 3714 4970 significatum
3764 4890 3940 4971 quod

2437 4994 2533 5049 est
2567 4986 2631 5048 in
2672 5004 2821 5061 uno,
2855 4994 3157 5069 sequatur
3194 4987 3434 5070 aliquid
3473 5007 3613 5051 esse
3649 4989 3717 5051 in
3757 4988 3889 5053 alio
3921 5009 3935 5053 :

2438 5086 2605 5149 sicut
2650 5087 3015 5168 paternitas,
3058 5106 3199 5168 quae
3242 5087 3595 5150 secundum
3643 5106 3784 5150 esse
3833 5108 3939 5151 su·

2440 5204 2549 5247 um
2592 5192 2688 5246 est
2729 5183 2936 5247 solum
2980 5184 3046 5246 in
3090 5192 3289 5268 patre,
3333 5185 3514 5266 ponit
3554 5184 3940 5249 filiationem

2440 5284 2505 5346 in
2550 5282 2709 5345 filio.
2754 5283 2883 5346 Hoc
2924 5292 3139 5349 autem
3190 5283 3501 5365 contingit
3539 5284 3936 5368 dupliciter:
