4359 6250
851 466 972 536 452

1449 487 1513 537 IN
1552 489 1776 537 LIBRUM
1816 492 1836 537 1
1877 485 2361 537 SENTENTIARUM.
2406 507 2487 518 --
2526 486 2680 535 ms’r.
2726 485 2979 551 xxxv113
3022 483 3246 544 QUAEST.
3294 484 3363 532 m

853 660 1021 740 quod
1053 660 1314 741 angelus
1355 668 1452 723 est
1484 662 1547 723 in
1589 662 1729 723 loco
1761 659 2161 734 indivisibili,
2198 659 2349 742 quia
2375 658 2425 722 A
2458 666 2660 722 cessat
2689 679 2727 720 a
2756 657 3290 740 contemplatione
3321 654 3503 718 beata
3532 674 3547 717 :
3580 669 3729 734 ergo
3758 647 3965 712 simul

853 768 1098 840 ponunt
1157 761 1325 841 quod
1384 760 1674 822 essentiae
1725 758 1930 840 angeli
1991 759 2344 821 secundum

851 875 918 918 se
952 856 1127 918 locus
1160 857 1468 920 debetur:
1505 860 1673 920 unde
1701 878 1901 940 quum
1935 858 2209 920 essentia
2240 857 2348 920 illa

849 954 932 1015 sit
991 954 1427 1030 indivisibilis,
1480 957 1772 1039 sequitur
1819 956 1987 1038 quod
2047 963 2108 1018 et
2169 956 2347 1018 locus

849 1052 1071 1134 ipsius.
1126 1055 1360 1116 Verum
1421 1055 1524 1117 hic
1585 1075 1761 1118 error
1811 1074 2030 1118 eorum
2086 1061 2176 1116 est
2235 1053 2347 1137 qui

851 1149 1368 1231 imaginationem
1429 1172 1555 1219 non
1607 1153 1815 1216 valent
1876 1153 2343 1226 transcendere,

850 1258 918 1311 ut
961 1269 1087 1313 non
1133 1251 1485 1332 intelligant
1530 1253 1771 1333 aliquid
1815 1252 2209 1315 indivisibile
2252 1253 2346 1313 ni-

849 1348 901 1408 si
947 1349 1114 1412 sicut
1155 1349 1396 1412 habens
1440 1352 1505 1413 in
1550 1352 1853 1413 continuo
1895 1352 2110 1413 situm.

925 1446 1168 1510 Idcirco
1199 1449 1562 1524 dicendum,
1596 1450 1764 1531 quod
1797 1449 2060 1530 angelus
2089 1457 2181 1511 est
2218 1457 2347 1511 tan-

848 1551 985 1606 tum
1020 1545 1084 1606 in
1118 1564 1245 1609 uno
1279 1547 1433 1609 loco,
1471 1548 1590 1610 Sed
1622 1547 1729 1608 ille
1762 1548 1936 1610 locus
1971 1556 2177 1629 potest
2206 1567 2345 1610 esse

848 1643 1190 1707 divisibilis
1251 1646 1351 1709 vel
1413 1647 1850 1721 indivisibilis,
1915 1666 2181 1727 magnus
2243 1646 2343 1709 vel

848 1760 1103 1823 parvus,
1156 1745 1510 1806 secundum
1568 1745 1737 1827 quod
1799 1745 2082 1826 operatio
2134 1745 2343 1826 angeli

2455 764 2552 820 est
2593 758 2656 819 in
2699 757 2859 820 coelo
2896 764 2959 818 et
3000 757 3066 818 in
3105 763 3289 819 terra.

2536 856 2888 918 Dicendum
2928 855 3004 918 ad
3047 855 3351 938 primum,
3384 852 3555 934 quod
3588 857 3789 914 totum
3820 866 3971 911 cor-

2457 975 2577 1037 pus
2612 962 3013 1038 assumptum
3053 953 3134 1014 ab
3172 951 3397 1033 angelo
3436 958 3839 1032 comparatur
3878 946 3967 1008 ad

2457 1053 2671 1134 ipsum
2702 1060 3002 1135 tanquam
3036 1070 3236 1114 unum
3270 1049 3663 1112 indivisibile
3695 1047 3829 1120 ubi,
3864 1065 3973 1108 se·

2458 1153 2739 1214 cundum
2780 1152 2950 1233 quod
2988 1151 3157 1213 circa
3196 1151 3409 1233 ipsum
3450 1156 3549 1212 est
3588 1146 3969 1211 immediate

2456 1251 2739 1333 operatio
2770 1269 2914 1312 una.
2946 1286 3027 1294 —
3054 1249 3146 1312 Ad
3189 1250 3565 1321 secundum,
3600 1248 3768 1329 quod
3808 1263 3969 1327 ope·

2457 1349 2617 1412 ratio
2660 1358 2755 1411 est
2802 1349 2982 1431 quasi
3036 1349 3317 1410 medium
3373 1347 3537 1409 inter
3584 1352 3965 1428 operantem

2455 1456 2519 1509 et
2548 1455 2899 1530 operatum.
2926 1446 3167 1509 Idcirco
3193 1445 3575 1508 considerari
3611 1449 3814 1526 potest
3844 1442 3970 1504 du-

2456 1546 2711 1628 pliciter
2752 1565 2765 1610 :
2812 1545 3040 1628 prim0,
3089 1551 3278 1626 prout
3317 1543 3398 1606 ab
3438 1549 3739 1625 operante
3780 1559 3968 1621 egre-

2456 1644 2667 1722 ditur3
2701 1645 3003 1716 secundo,
3047 1651 3235 1725 prout
3271 1642 3649 1704 terminatur
3684 1640 3761 1702 ad
3802 1657 3963 1720 ope-

2454 1750 2682 1804 ratum.
2719 1742 3078 1824 Operationi
3106 1759 3258 1803 vero
3287 1740 3491 1821 angeli
3526 1757 3651 1802 non
3684 1738 3967 1801 debet-ur

847 1841 925 1902 ad
979 1861 1278 1922 magnum
1332 1843 1434 1904 vel
1491 1862 1758 1924 parvum
1815 1843 2181 1905 immediate
2236 1844 2341 1905 de-
2378 1838 2423 1900 B
2456 1841 2631 1904 locus
2663 1842 3015 1904 secundum
3047 1841 3217 1922 quod
3260 1840 3388 1902 exit
3428 1839 3508 1902 ab
3539 1838 3813 1900 essentia
3840 1857 3966 1899 an-

850 1939 1242 2001 terminatur.
1296 1941 1470 2003 Unde
1529 1941 1579 2002 si
1637 1941 1999 2003 immediate
2045 1950 2346 2023 operetur

850 2039 1020 2100 circa
1077 2046 1272 2101 totam
1330 2041 1614 2112 domum,
1667 2047 1798 2103 tota
1852 2041 2078 2102 domus
2139 2059 2342 2102 corre-

851 2139 1120 2219 spondet
1150 2139 1207 2201 ei
1243 2145 1308 2200 ut
1340 2159 1505 2202 unus
1544 2139 1741 2213 locus,
1777 2139 1864 2202 ita
1894 2140 2063 2222 quod
2097 2141 2159 2201 in
2196 2159 2345 2222 qua-

849 2236 1006 2298 libet
1053 2237 1194 2317 ejus
1243 2245 1420 2319 parte
1467 2237 1609 2312 erit,
1664 2238 2199 2320 quemadmodum
2252 2239 2343 2300 di-

848 2335 1056 2398 cimus
1097 2336 1376 2398 animam
1423 2336 1487 2397 in
1531 2336 1814 2418 qualibet
1866 2357 2003 2399 esse
2058 2336 2342 2419 corporis

849 2442 1044 2516 parte.
1094 2433 1169 2496 Et
1209 2435 1353 2497 dico
1397 2435 1761 2497 immediate
1807 2453 1821 2496 ε
1865 2436 2018 2516 quia
2059 2435 2112 2497 si
2156 2454 2343 2516 ange-

847 2531 946 2594 lus
977 2540 1255 2594 moveret
1288 2533 1584 2614 lapidem,
1610 2552 1686 2595 ex
1719 2533 1903 2614 cujus
1936 2541 2107 2595 motu
2143 2533 2345 2595 multa

847 2648 1112 2712 corpora
1155 2638 1581 2705 moverentur,
1629 2649 1756 2694 non
1802 2638 2119 2713 oporteret
2169 2631 2341 2712 quod

845 2736 1011 2790 esset
1049 2728 1172 2791 nisi
1210 2728 1324 2790 ubi
1363 2738 1455 2791 est
1499 2730 1778 2811 primum
1821 2729 1899 2791 ab
1938 2747 2012 2792 eo
2059 2737 2340 2807 motum;

846 2827 1384 2908 quemadmodum
1434 2828 1623 2890 etiam
1682 2835 1853 2910 patet
1902 2827 1966 2889 in
2027 2827 2340 2909 corporali

847 2932 1109 2999 motore,
1158 2944 1349 3007 quem
1393 2945 1652 2988 necesse
1695 2933 1786 2987 est
1836 2933 2088 3006 tangere
2133 2926 2339 2988 solum

2454 1939 2600 2020 geli,
2642 1959 2782 2021 quae
2825 1959 2862 2000 a
2905 1938 3042 2001 loco
3084 1946 3181 2001 est
3223 1937 3533 2011 absoluta,
3576 1937 3684 2000 sed
3728 1954 3965 1998 secun-

2454 2040 2608 2100 dum
2648 2038 2971 2118 objectum
3015 2038 3093 2099 ad
3139 2037 3308 2119 quod
3355 2036 3747 2098 terminatur.
3790 2035 3963 2096 Hinc

2454 2135 2978 2218 contemplationi
3026 2135 3236 2216 angeli
3287 2154 3411 2198 non
3461 2133 3727 2197 debetur
3770 2132 3963 2196 locus

2454 2253 2819 2316 corporeus,
2864 2253 3065 2316 quum
3106 2233 3432 2314 objectum
3472 2230 3965 2315 contemplatio-

2454 2332 2553 2395 nis
2594 2333 2677 2394 sit
2716 2332 3065 2414 spirituale.
3102 2331 3261 2394 Hinc
3303 2330 3537 2394 coelum
3573 2349 3962 2413 empyreum

2452 2449 2579 2493 non
2640 2437 2735 2492 est
2795 2429 2872 2492 de
2933 2429 3308 2492 necessitate
3370 2427 3961 2511 contemplationiS,

2452 2528 2561 2590 sed
2627 2528 2985 2608 assignatur
3042 2526 3563 2609 contemplationi
3624 2545 3739 2608 per
3796 2544 3965 2588 con-

2450 2627 2831 2708 gruentiam,
2881 2626 2946 2688 in
2992 2633 3303 2708 quantum
3350 2626 3527 2688 locus
3572 2625 3681 2687 ille
3724 2626 3965 2687 sancti-

2450 2725 2681 2788 ficatus
2713 2733 2808 2787 est
2845 2725 2924 2787 ad
2956 2724 3220 2806 gloriam
3252 2725 3613 2798 Beatorum,
3646 2723 3813 2786 sicut
3852 2743 3964 2785 ec-

2451 2823 2645 2886 clesia
2676 2825 2888 2907 potius
2922 2844 3113 2906 quam
3143 2823 3357 2886 forum
3388 2831 3485 2886 est
3516 2823 3693 2886 locus
3720 2822 3963 2886 animae

2452 2923 2941 3004 contemplantis
2973 2943 3084 2985 seu
3118 2921 3397 2986 hominis
3430 2921 3767 2985 exorantis.
3802 2921 3963 2984 Ideo

844 3021 907 3083 id
941 3023 1110 3103 quod
1139 3021 1220 3084 ab
1251 3040 1326 3085 eo
1359 3022 1722 3085 immediate
1754 3031 2062 3086 movetur.
2098 3024 2341 3086 {dcirco
2377 3020 2420 3084 C
2451 3039 2573 3082 non
2609 3029 2857 3103 oportet
2896 3022 3065 3104 quod
3110 3022 3645 3103 quandocumque
3684 3020 3963 3101 angelus

841 3139 995 3185 vero
1028 3140 1154 3185 non
1185 3128 1391 3204 potest
1431 3121 1623 3184 simul
1657 3140 1795 3184 esse
1827 3121 1890 3183 in
1924 3121 2218 3204 pluribus
2252 3123 2339 3186 lo-

844 3219 957 3293 ciS,
1004 3220 1152 3301 quia
1193 3227 1290 3282 est
1331 3218 1533 3283 finitae
1575 3220 1886 3293 essentiae,
1929 3229 1990 3282 et
2034 3240 2148 3302 per
2192 3241 2338 3285 con-

841 3336 1114 3399 sequens
1145 3317 1347 3380 finitae
1376 3318 1630 3379 virtutis
1657 3338 1671 3382 ε
1699 3319 2096 3400 impossibile
2124 3328 2337 3383 autem

841 3422 936 3477 est
966 3416 1136 3496 quod
1167 3416 1246 3477 ab
1277 3435 1405 3478 una
1433 3416 1668 3478 virtute
1701 3415 1882 3478 finita
1915 3419 2215 3499 procedat
2245 3419 2337 3480 ni-

841 3514 895 3595 si
944 3514 1227 3595 operatio
1277 3533 1421 3577 una.
1471 3514 1764 3596 Operatio
1815 3523 2028 3577 autem
2072 3536 2202 3577 una
2242 3524 2339 3579 est

840 3631 983 3695 quae
1028 3612 1403 3675 terminatur
1442 3613 1519 3675 ad
1567 3632 1766 3676 unum
1809 3622 2140 3695 operatum
2186 3636 2200 3678 τ
2247 3615 2336 3677 id-

843 3712 1013 3773 circo
1043 3718 1289 3793 oportet
1320 3712 1489 3792 quod
1519 3719 1848 3793 operatum
1894 3713 2099 3793 angeli
2135 3733 2337 3777 unum

842 3809 946 3883 sit,
994 3809 1163 3870 circa
1205 3809 1372 3891 quod
1419 3809 1782 3871 immediate
1824 3819 2140 3891 operatur.
2176 3811 2337 3873 Hinc

840 3906 1006 3969 sicut
1035 3906 1246 3970 anima
1275 3925 1402 3969 non
1433 3914 1530 3969 est·
1559 3906 1752 3969 simul
1783 3908 1846 3969 in
1881 3908 2174 3991 pluribus
2200 3928 2339 3997 por-

838 4004 1124 4087 poribuS,
1161 4005 1248 4066 ita
1277 4024 1394 4067 nec
1423 4005 1686 4086 angelus
1718 4006 1782 4066 in
1823 4006 2115 4087 pluribus
2157 4007 2331 4070 locis.

837 4104 1012 4176 Quod
1059 4111 1272 4165 autem
1321 4122 1551 4185 corpus
1602 4103 1832 4166 Christi
1881 4111 1973 4166 est
2025 4105 2221 4167 simul
2270 4106 2333 4167 in

2450 3120 2920 3202 contemplatur
2948 3121 3031 3183 sit
3061 3119 3126 3181 in
3168 3119 3351 3195 eoe10,
3385 3119 3547 3183 sicut
3590 3138 3707 3182 nec
3745 3119 3965 3184 homi-

2450 3238 2595 3281 nem
2629 3229 2913 3282 orantem
2954 3239 3211 3283 necesse
3248 3228 3340 3282 est
3378 3238 3516 3282 esse
3554 3218 3617 3280 in
3652 3218 3956 3282 ecclesia.

2447 3353 2528 3361 —
2573 3319 2715 3381 Haec
2777 3318 3045 3381 Thomas
3096 3318 3162 3380 in
3214 3318 3484 3400 Scripto,
3536 3319 3614 3380 de
3674 3318 3815 3391 hoc,
3866 3337 3959 3380 an

2447 3417 2709 3498 angelus
2740 3418 2935 3499 possit
2964 3417 3150 3479 simul
3184 3436 3321 3479 esse
3347 3417 3413 3479 in
3442 3416 3736 3499 pluribus
3767 3416 3955 3479 locis,

2526 3515 2715 3577 Porro
2748 3516 2808 3577 in
2843 3516 3047 3597 prima
3074 3524 3252 3597 parte
3277 3516 3573 3589 Summae,
3597 3514 3954 3596 quaestione

2448 3613 2978 3695 quinquagesima
3025 3614 3324 3687 secunda,
3372 3613 3709 3695 respondet
3758 3632 3772 3677 :
3816 3614 3953 3675 An-

2446 3712 2626 3793 gelus
2676 3718 2770 3773 est
2819 3712 3109 3775 essentiae-
3159 3730 3231 3773 ac
3279 3710 3534 3773 virtutis
3582 3710 3805 3784 sinitae,
3850 3711 3955 3773 id-

2448 3809 2618 3872 circo
2667 3810 2951 3871 extendit
2999 3830 3066 3872 se
3115 3828 3242 3872 non
3293 3810 3371 3872 ad
3421 3809 3656 3884 omnia,
3704 3810 3815 3871 sed
3864 3811 3953 3872 ad

2447 3928 2646 3970 unum
2680 3908 2921 3990 aliquid
2952 3906 3463 3971 determinatum.
3489 3907 3742 3989 Oportet
3776 3908 3955 3971 enim

2446 4013 2517 4069 ut
2565 4007 2879 4089 quidquid
2931 4014 3334 4089 comparatur
3379 4006 3455 4069 ad
3506 4025 3699 4069 unam
3750 4006 3958 4069 virtu-

2447 4111 2591 4177 tem,
2617 4112 3022 4187 comparetur
3048 4105 3121 4167 ad
3152 4105 3327 4168 illam
3352 4112 3423 4165 ut
3446 4103 3690 4186 aliquid
3717 4124 3949 4167 unum.

838 4200 1132 4282 pluribus
1165 4201 1341 4276 lociS,
1364 4209 1459 4264 est
1483 4202 1633 4282 quia
1665 4202 1880 4283 plures
1912 4223 2106 4284 panes
2138 4211 2335 4266 trans·
2366 4208 2415 4269 D
2445 4203 2993 4276 Quemadmodum
3034 4221 3183 4285 ergo
3213 4203 3588 4265 universum
3620 4221 3954 4285 compara-

837 4298 1342 4361 substantiantur
1374 4300 1439 4360 in
1471 4299 1651 4374 illud,
1686 4318 1954 4381 quorum
1983 4302 2337 4365 accidentia

842 4404 1123 4479 manent,
1171 4405 1229 4460 et
1276 4396 1394 4459 sub
1440 4397 1568 4459 illis
1612 4406 1725 4459 est.

918 4495 1039 4557 Sed
1071 4495 1170 4557 his
1211 4494 1404 4575 objici
1439 4503 1666 4577 potest,
1700 4497 1848 4578 quia
1888 4498 2040 4559 dum
2071 4498 2333 4580 angelus

839 4612 1070 4675 corpus
1100 4594 1390 4669 assumit,
1427 4602 1635 4657 movet
1671 4596 2036 4659 immediate
2067 4598 2335 4679 quamli-

838 4693 945 4769 bet
988 4694 1130 4774 ejus
1171 4702 1434 4775 partem.
1472 4694 1533 4756 Si
1579 4713 1730 4775 ergo
1772 4702 1866 4756 est
1912 4695 2174 4775 angelus
2222 4695 2333 4758 ubi

838 4792 1204 4873 immediate
1241 4800 1560 4875 operatur,
1593 4794 1712 4856 erit
1753 4794 1817 4855 in
1859 4794 2127 4874 singulis
2159 4794 2333 4856 illius

835 4892 1117 4975 corporis
1159 4892 1446 4974 partibus
1485 4900 1786 4974 tanquam
1821 4892 1885 4954 in
1918 4892 2213 4974 pluribus
2246 4894 2331 4955 lo-

833 4992 946 5053 cis,
979 5026 1060 5037 -
1089 4992 1376 5072 lnsuper,
1420 4992 1654 5054 coelum
1697 5010 2070 5074 empyreum
2110 5001 2206 5053 est
2246 4991 2332 5055 lo-

833 5110 947 5153 cus
997 5090 1294 5171 proprius
1343 5090 1702 5163 Beatorum,
1754 5098 1813 5152 ct
1866 5090 2135 5152 debetur
2184 5090 2333 5152 Bea-

833 5186 914 5247 tis
955 5186 1196 5247 ratione
1236 5184 1550 5249 beatisicae
1589 5186 2164 5267 contemplationis.
2212 5186 2331 5248 Sed

833 5285 1087 5369 quando
1135 5284 1397 5365 angelus
1447 5285 1615 5347 circa
1667 5303 1779 5346 nos
1829 5291 2149 5366 operatur,
2188 5303 2331 5353 ,non

2444 4311 2546 4363 tur
2575 4303 2744 4363 sicut
2774 4302 3015 4383 aliquid
3043 4322 3243 4365 unum
3272 4303 3347 4365 ad
3376 4302 3801 4364 universalem
3830 4302 3953 4365 Dei

2442 4400 2768 4473 virtutem,
2817 4400 2909 4462 sic
2954 4400 3334 4482 particulare
3377 4418 3491 4462 ens
3540 4406 3957 4481 comparatur

2442 4506 2745 4581 tanquam
2793 4499 2947 4580 quid
2986 4518 3189 4561 unum
3230 4499 3307 4561 ad
3337 4498 3641 4561 virtutem
3681 4499 3894 4579 angeli
3932 4518 3949 4561 :

2443 4616 2773 4680 quumque
2823 4597 3085 4678 angelus
3136 4597 3219 4660 sit
3268 4597 3333 4659 in
3386 4597 3523 4659 loco
3582 4616 3697 4679 per
3742 4597 3957 4679 appli-

2442 4696 2754 4758 cationem
2794 4716 2924 4759 suae
2962 4695 3219 4757 virtutis
3257 4696 3334 4758 ad
3376 4695 3610 4769 locum,
3653 4695 3955 4777 sequitur

2443 4794 2613 4875 quod
2654 4793 2737 4855 sit
2775 4800 3023 4856 tantum
3061 4794 3123 4855 in
3163 4812 3294 4856 uno
3335 4793 3492 4856 loce.
3526 4829 3607 4838 —
3636 4792 3952 4866 Quocirca

2442 4892 2701 4975 quidam
2753 4892 3269 4974 imaginationem
3319 4893 3765 4956 transcendere
3814 4911 3950 4956 non

2442 4990 2739 5064 valenteS,
2764 4990 3199 5071 cogitaverunt
3232 4989 3807 5053 indivisibilitatem
3836 5010 3952 5053 an-

2441 5089 2565 5169 geli
2600 5089 2797 5151 instar
2829 5088 3359 5152 indivisibilitatis
3393 5089 3655 5171 puncti:
3684 5098 3953 5171 propter

2440 5187 2612 5269 quod
2654 5195 3041 5269 putaverunt
3071 5188 3367 5270 angelum
3409 5206 3549 5251 esse
3588 5205 3714 5250 non
3754 5205 3950 5269 posse

2445 5286 2567 5348 nisi
2620 5286 2682 5347 in
2737 5285 2873 5348 loco
2921 5287 3225 5368 punctali.
3272 5286 3395 5349 Sed
3438 5286 3687 5369 decepti
3738 5294 3947 5355 sunt:

4050 3640 4149 3679 art.
4186 3639 4232 3681 θ.
