4359 6250
1555 487 1756 537 tmttm
1799 487 2022 536 ANGBLI
2061 485 2429 537 uovEANTutt

3423 470 3543 539 465

444 657 512 720 in
559 658 735 721 omni
789 658 972 724 locali
1025 679 1363 744 corporum
1414 667 1591 723 motu
1639 668 1829 741 atque
1879 659 2299 723 inAconstat
2365 661 2533 743 quod
2598 679 2725 725 non
2794 668 3197 725 mensuretur
3262 668 3546 746 tempore

445 766 621 820 motu
651 760 978 839 augmenti
1009 767 1073 822 et
1103 759 1572 832 diminutionis,
1596 758 1698 821 vel
1728 777 1946 821 secun-

441 855 597 917 dum
647 858 930 919 medium
983 858 1354 940 quantitatis
1403 858 1716 930 virtualiS,
1757 856 1944 937 cujus

441 953 676 1016 divisio
723 955 1070 1018 attenditur
1117 956 1468 1018 secundum
1519 955 1941 1017 intensionem

440 1058 505 1113 et
551 1053 998 1117 remissionem
1045 1055 1321 1135 alicujus
1368 1055 1612 1127 sormae,
1663 1053 1830 1115 sicut
1879 1053 1943 1113 in

439 1149 812 1216 alteratione
853 1151 1258 1215 sensibilium
1303 1153 1680 1235 qualitatum
1717 1171 1732 1214 ε
1767 1157 1944 1213 tunc-

442 1267 568 1331 que
609 1255 863 1332 tempus
908 1269 1022 1333 per
1063 1271 1131 1314 se
1177 1251 1390 1334 ipsum
1438 1257 1762 1314 mensurat
1810 1267 1942 1312 mo-

441 1356 602 1423 tum,
640 1349 790 1430 quia
827 1350 904 1412 ad
944 1351 1292 1412 terminum
1331 1349 1691 1412 successive
1723 1367 1942 1430 perve-

441 1445 638 1520 nitur,
662 1465 740 1509 eo
769 1449 938 1530 quod
967 1448 1311 1511 divisibilis
1341 1448 1535 1511 sit.—-
1556 1449 1942 1528 Quandoque

443 1563 595 1607 vero
625 1546 938 1609 terminus
975 1547 1050 1609 ad
1091 1566 1306 1629 quem,
1340 1565 1466 1610 non
1502 1553 1599 1609 est
1631 1546 1942 1608 mediatus

443 1643 720 1706 termino
775 1663 1020 1726 a,qu0,
1081 1646 1620 1728 quemadmodum
1678 1644 1744 1706 in
1805 1663 1942 1707 mu-

442 1741 793 1804 tationibus
841 1743 920 1805 de
973 1744 1328 1825 privatione
1383 1744 1462 1805 ad
1521 1743 1788 1806 formam
1840 1741 1941 1803 vel

2055 761 2224 840 quod
2263 767 2359 821 est
2400 779 2697 823 mensura
2738 762 2927 844 primi
2966 760 3244 836 mobilis,
3278 762 3388 824 sed
3421 761 3548 823 alio

2054 865 2339 940 tempore
2393 879 2408 923 :
2461 860 2647 940 cujus
2696 861 3000 943 temporis
3049 868 3339 923 naturam
3388 861 3550 923 acci-

2054 976 2205 1038 pere
2249 975 2589 1039 possumus
2628 979 2705 1021 ex
2745 967 2969 1022 natura
3016 967 3243 1023 motus.
3280 960 3349 1021 ln
3395 966 3552 1020 tem·

2054 1069 2207 1134 pore
2240 1054 2412 1116 enim
2444 1063 2539 1116 est
2570 1055 2811 1137 aliquid
2845 1055 3024 1137 quasi
3059 1054 3343 1129 formale,
3378 1054 3546 1137 quod

2054 1169 2122 1213 se
2161 1159 2334 1215 tenet
2366 1171 2443 1215 ex
2485 1161 2662 1236 parte
2702 1154 3071 1236 quantitatis
3111 1154 3420 1228 discretae,
3454 1154 3545 1216 vi-

2054 1250 2286 1313 delicet
2325 1271 2631 1314 numerus
2671 1252 2901 1335 prioris
2942 1261 3006 1315 et
3046 1253 3447 1335 posterioris3
3482 1259 3547 1314 et

2051 1347 2296 1430 aliquid
2348 1350 2691 1424 materiale,
2738 1369 2851 1432 per
2899 1351 3067 1432 quod
3118 1358 3212 1412 est
3256 1349 3545 1413 continu-

2056 1465 2189 1520 um,
2223 1447 2524 1528 quoniam
2565 1449 3047 1511 continuitatem
3087 1447 3280 1510 habet
3310 1467 3387 1510 ex
3422 1466 3548 1510 mo-

2055 1551 2124 1604 tu
2164 1544 2231 1606 in
2273 1563 2399 1626 quo
2437 1553 2534 1606 est
2571 1546 2738 1608 sicut
2778 1546 2843 1608 in
2884 1546 3173 1627 subjecto
3214 1554 3276 1608 et
3316 1547 3383 1609 in
3423 1547 3547 1628 pri-

2057 1660 2160 1704 mo
2210 1651 2571 1706 mensurato
2620 1664 2734 1726 per
2778 1645 3011 1727 ipsum,
3056 1653 3209 1728 puta
3254 1645 3320 1708 in
3370 1653 3546 1708 motu

2055 1741 2221 1814 coeli,
2256 1749 2326 1802 ut
2364 1741 2567 1805 fertur
2609 1751 2833 1824 quarto
2873 1744 3301 1826 physicorum.
3346 1745 3548 1807 Motus

443 1857 810 1914 econverso,
843 1848 913 1902 ut
951 1843 1014 1904 in
1056 1842 1460 1923 generatione
1499 1850 1561 1904 et
1592 1841 1941 1923 corruptio·
1978 1843 2026 1905 B
2054 1846 2265 1902 autem
2316 1841 2423 1904 ille
2472 1841 2662 1904 habet
2712 1843 3191 1906 continuitatem
3233 1863 3271 1906 a
3307 1844 3548 1925 magni-

445 1957 548 2012 ne,
581 1945 642 2001 et
690 1938 757 2000 in
802 1938 1292 2016 illuminatione,
1325 1960 1397 2003 ac
1444 1939 1889 2003 consimilibus
1924 1957 1938 2000 :

443 2044 506 2098 et
545 2036 674 2099 illis
726 2055 981 2121 quoque
1031 2039 1490 2102 mutationibus
1539 2044 1789 2121 oportet
1834 2057 1942 2100 an·

445 2154 678 2198 nexum
725 2155 864 2199 esse
910 2145 1186 2220 tempus,
1221 2157 1418 2220 quum
1465 2145 1709 2200 constet
1751 2144 1943 2200 mate-

444 2235 602 2297 riam
663 2253 792 2298 non
851 2236 1044 2299 simul
1103 2256 1241 2300 esse
1297 2237 1418 2300 sub
1479 2237 1831 2319 privatione
1880 2244 1942 2298 et

445 2333 684 2396 habitu.
738 2335 876 2398 Non
925 2342 1137 2398 autem
1189 2335 1304 2408 sic,
1354 2336 1524 2418 quod
1574 2335 1780 2397 exitus
1829 2353 1938 2396 seu

445 2433 746 2496 transitus
785 2433 862 2495 de
907 2452 1033 2497 uno
1075 2442 1358 2497 extremo
1395 2433 1461 2496 in
1505 2433 1678 2496 aliud
1725 2433 1838 2496 fiat
1875 2432 1939 2494 in

446 2538 731 2613 tempore
767 2551 782 2596 :
817 2532 927 2594 sed
957 2532 1333 2595 alterutrum
1364 2540 1816 2604 extremorum,
1853 2529 1943 2591 vi-

445 2631 672 2693 delicet
703 2631 987 2713 primum
1022 2632 1190 2713 quod
1235 2631 1582 2694 mutatione
1615 2629 1937 2710 abjicitur,

445 2737 537 2791 est
574 2731 995 2810 conjunctum
1035 2729 1290 2792 cuidam
1334 2730 1534 2793 motui
1575 2729 1675 2792 vel
1718 2728 1938 2791 altera-

445 2827 622 2902 tioni,
654 2829 823 2891 sicut
863 2830 930 2890 in
969 2829 1376 2910 generatione
1415 2836 1478 2892 et
1509 2828 1935 2911 corruptione,

447 2925 543 2988 vel
573 2926 760 2989 locali
795 2926 996 2989 motui
1028 2927 1203 3002 soliS,
1239 2934 1311 2989 ut
1340 2928 1406 2989 in
1440 2927 1936 3004 illuminatione3

2054 1938 2295 2000 tudine.
2330 1939 2505 2002 Unde
2547 1960 2745 2022 quum
2793 1949 3003 2004 motus
3044 1942 3252 2024 angeli
3296 1960 3423 2005 non
3467 1942 3550 2004 sit

2053 2038 2416 2112 continuus,
2451 2038 2600 2121 quia
2640 2058 2764 2102 non
2804 2048 2902 2102 est
2940 2040 3293 2102 secundum
3334 2060 3549 2104 neces-

2053 2134 2303 2198 sitatem
2354 2136 2596 2199 habens
2646 2138 3041 2201 conditiones
3092 2139 3549 2220 magnitudinis

2052 2253 2168 2316 per
2215 2254 2407 2316 quam
2456 2237 2681 2298 transit
2726 2237 2920 2316 (sicut
2966 2244 3063 2300 est
3112 2237 3177 2299 in
3230 2237 3357 2300 illis
3407 2258 3548 2320 quae

2052 2341 2201 2394 sunt
2230 2342 2377 2396 nata
2409 2353 2547 2397 esse
2578 2335 2645 2396 in
2677 2335 2834 2408 loce,
2859 2336 2946 2398 ita
2976 2343 3045 2397 ut
3073 2354 3295 2398 eorum
3327 2353 3547 2419 corpo-

2052 2431 2201 2493 ralis
2231 2432 2585 2495 substantia
2614 2442 3119 2496 commensurata
3148 2435 3231 2496 sit
3259 2435 3546 2498 terminis

2053 2530 2224 2610 loci),
2271 2531 2382 2592 sed
2431 2549 2545 2613 per
2584 2533 3052 2595 successionem
3102 2534 3544 2616 operationum

2052 2627 2120 2689 in
2179 2628 2415 2710 quibus
2473 2629 2649 2690 nulla
2705 2637 2801 2691 est
2856 2630 3015 2692 ratio
3072 2631 3544 2711 continuitatis3

2053 2727 2196 2789 ideo
2226 2735 2479 2811 tempus
2519 2727 2677 2790 illud
2717 2747 2845 2790 non
2875 2736 2971 2790 est
3001 2731 3399 2804 continuum,
3434 2731 3545 2792 sed

2053 2827 2477 2908 compositum
2528 2845 2605 2888 ex
2654 2847 2829 2888 nunc
2876 2824 3365 2892 succedentibus
3423 2829 3548 2892 sibi

2051 2924 2351 2999 invicem,
2384 2933 2456 2986 ut
2498 2944 2802 2988 numerus
2846 2927 3286 3008 operationum
3335 2946 3550 2990 succe-

443 3033 503 3087 et
543 3024 609 3086 in
654 3025 932 3088 termino
976 3025 1150 3088 illius
1197 3033 1406 3089 motus
1446 3033 1542 3088 est
1583 3026 1776 3088 etiam
1822 3033 1942 3087 ter·
1973 3023 2016 3087 C
2048 3023 2337 3085 dentium
2386 3024 2511 3086 sibi
2562 3032 2813 3107 tempus
2864 3034 3146 3098 vocetur,
3198 3027 3365 3088 sicut
3414 3027 3552 3108 ipsa

444 3125 657 3187 minus
721 3125 1115 3199 mutationis,
1176 3133 1366 3208 atque
1429 3143 1544 3208 pro
1599 3132 1774 3187 tanto
1833 3124 1940 3187 illa

443 3224 712 3286 mutatio
772 3222 1010 3286 dicitur
1072 3224 1282 3287 subita
1348 3244 1458 3287 seu
1523 3224 1936 3297 instantanea,

441 3323 590 3405 quia
653 3323 720 3384 in
791 3322 1018 3386 ultimo
1078 3322 1338 3385 instanti
1402 3323 1706 3405 temporis
1768 3323 1938 3404 quod

439 3429 765 3485 mensurat
797 3429 1042 3484 motum
1075 3422 1561 3503 praecedentem,
1582 3421 1937 3505 acquiritur

437 3520 550 3583 illa
594 3518 799 3584 forma
848 3540 961 3583 seu
1009 3520 1303 3603 privati0,
1349 3522 1429 3584 de
1477 3540 1601 3604 qua
1647 3528 1793 3583 ante
1841 3520 1934 3582 nil

438 3620 661 3682 inerat.
697 3620 771 3681 Et
816 3619 882 3681 in
933 3619 1044 3682 illo
1093 3618 1354 3682 instanti
1401 3620 1636 3681 dicitur
1681 3638 1935 3700 genera-

437 3726 578 3780 tum
627 3738 788 3793 esse,
833 3735 961 3780 non
1009 3726 1224 3780 autem
1275 3719 1529 3801 proprie
1576 3719 1862 3800 generari
1915 3738 1928 3783 ε

435 3816 742 3899 quoniam
772 3833 962 3878 omne
1001 3816 1169 3896 quod
1207 3824 1562 3895 generatur,
1595 3814 1933 3897 generaba-

435 3924 542 3978 tur
569 3923 634 3978 et
663 3914 1093 3996 generabitur,
1119 3921 1190 3976 ut
1222 3914 1286 3976 in
1319 3922 1494 3976 sexto
1521 3914 1929 3996 Physicorum

433 4014 758 4097 probatur.
793 4013 954 4076 Hinc
983 4031 1205 4075 omnes
1237 4012 1390 4076 tales
1427 4014 1806 4076 mutationes
1839 4014 1932 4075 in-

432 4120 800 4185 stantaneae,
843 4119 994 4174 sunt
1034 4111 1292 4174 termini
1337 4112 1671 4192 cujusdam
1723 4121 1931 4175 motus

2047 3124 2490 3204 operationum
2534 3124 2853 3187 successio
2891 3134 3154 3203 vocatur
3194 3134 3401 3189 motus
3438 3144 3452 3189 ε
3488 3135 3552 3189 et

2047 3229 2202 3303 quot
2246 3231 2393 3285 sunt
2440 3222 2841 3305 operationes
2889 3242 2965 3286 ex
3014 3224 3249 3307 quibus
3299 3243 3552 3308 compo—

2046 3320 2223 3382 nitur
2274 3329 2481 3384 motus
2534 3322 2888 3385 secundum
2940 3323 3188 3386 diversa
3247 3323 3403 3399 loca,
3446 3332 3549 3387 tot

2049 3427 2237 3485 erunt
2268 3440 2444 3481 nunc
2472 3438 2549 3482 ex
2584 3420 2819 3502 quibus
2855 3422 3261 3503 componitur
3290 3430 3544 3505 tempus

2050 3518 2230 3580 illud.
2264 3519 2439 3591 Quod
2482 3520 2675 3583 etiam
2720 3527 3021 3582 consonat
3059 3520 3117 3581 ei
3159 3521 3328 3601 quod
3367 3529 3545 3585 sexto

2047 3616 2455 3700 Physicorum
2491 3618 2580 3680 ait
2607 3617 3024 3700 Philosophus
3059 3636 3073 3680 :
3108 3619 3409 3700 Ejusdem
3450 3640 3543 3682 ra-

2045 3715 2239 3778 tionis
2276 3723 2393 3790 est,
2434 3715 2827 3779 indivisibile
2871 3718 3134 3793 moveri,
3177 3726 3239 3780 et
3282 3727 3538 3802 tempus

2045 3815 2341 3896 componi
2386 3833 2464 3876 ex
2507 3834 2707 3884 nunc,
2746 3822 2809 3877 et
2850 3822 3095 3878 motum
3138 3836 3216 3879 ex
3261 3836 3539 3881 momen-

2041 3914 2145 3987 tis,
2189 3913 2549 3995 lineamque
2597 3932 2674 3975 ex
2724 3914 2999 3996 punctis,
3043 3916 3200 3978 Nam
3242 3918 3536 3998 quamvis

2044 4011 2211 4074 linea
2260 4031 2374 4093 per
2421 4031 2612 4093 quam
2670 4012 2931 4093 angelus
2980 4014 3226 4088 transit,
3276 4016 3537 4079 exsistat

2043 4110 2364 4184 continua,
2397 4128 2525 4174 non
2555 4120 2767 4175 tamen
2807 4119 2903 4174 est
2935 4112 3000 4173 in
3038 4131 3114 4175 ea
3152 4113 3534 4179 continuitas

433 4210 690 4292 prioris,
724 4218 795 4273 ut
833 4218 1012 4273 sexto
1050 4210 1458 4294 Physicorum
1497 4211 1721 4273 asserit
1752 4211 1930 4274 Com·
1961 4213 2010 4275 D
2040 4209 2393 4271 secundum
2433 4210 2603 4292 quod
2643 4209 2915 4273 refertur
2946 4211 3024 4273 ad
3064 4220 3307 4273 motum
3347 4231 3535 4294 ange-

433 4314 769 4371 mentator.

513 4406 704 4469 Porro
741 4413 950 4469 motus
989 4406 1196 4486 angeli
1239 4423 1364 4469 non
1408 4413 1781 4488 potestesse
1815 4415 1930 4469 ter-

433 4506 651 4568 minus
689 4513 900 4567 motus
938 4504 1200 4567 alterius
1234 4523 1249 4567 t
1284 4506 1452 4568 unde
1481 4513 1728 4587 oportet
1759 4506 1926 4588 quod

431 4604 517 4667 sit
566 4604 632 4665 in
680 4611 988 4685 tempore,
1031 4619 1158 4667 non
1208 4604 1274 4666 in
1319 4604 1598 4666 instanti.
1644 4604 1764 4667 Sed
1807 4605 1927 4668 hoc

434 4710 689 4785 tempus
747 4710 842 4765 est
898 4702 1071 4765 aliud
1129 4722 1167 4765 a
1225 4710 1508 4785 tempore
1569 4721 1696 4785 quo
1754 4722 1926 4766 men-

431 4808 734 4864 surantur
787 4808 996 4863 motus
1049 4800 1196 4864 coeli
1244 4810 1308 4863 et
1358 4801 1784 4885 corporalium
1833 4822 1930 4865 re-

433 4918 596 4963 rum.
659 4898 886 4962 Nullus
952 4897 1190 4980 quippe
1253 4906 1460 4961 motus
1523 4908 1928 4963 mensuratur

431 5007 608 5063 motu
660 4997 828 5071 coeli,
875 4996 1000 5059 nisi
1045 4996 1154 5080 qui
1197 4997 1528 5060 ordinatur
1567 4998 1643 5060 ad
1688 4998 1920 5081 ipsum.

429 5100 767 5179 Quumque
817 5104 1026 5159 motus
1072 5095 1280 5177 angeli
1339 5096 1588 5159 nullum
1636 5098 1924 5160 ordinem

431 5196 660 5259 habeat
695 5196 776 5257 ad
819 5203 1064 5257 motum
1105 5195 1272 5269 coeli,
1307 5194 1658 5278 praesertim
1700 5196 1752 5257 si
1795 5214 1925 5260 mo-

434 5304 535 5360 tus
571 5294 784 5378 angeli
824 5294 1072 5355 dicatur
1103 5294 1422 5357 successio
1459 5295 1922 5376 operationum,

681 5430 747 5481 T.
785 5429 864 5481 20.

2043 4308 2109 4381 li,
2152 4308 2264 4390 qui
2308 4308 2557 4371 diversa
2599 4310 2716 4369 ubi
2755 4325 2882 4371 non
2932 4310 3351 4373 continuatim
3400 4332 3538 4395 per-

2043 4406 2287 4469 transit.
2313 4440 2390 4452 —
2418 4406 2561 4469 Haec
2592 4407 2863 4469 Thomas
2894 4407 2960 4469 in
2992 4408 3259 4491 Scripto.
3294 4410 3364 4472 In
3395 4411 3536 4492 qui·

2042 4503 2162 4567 bus
2204 4503 2455 4566 videtur
2492 4504 2853 4586 aliqualiter
2891 4506 3252 4589 discrepare
3281 4528 3319 4570 a
3348 4509 3535 4571 dictis

2041 4603 2173 4666 suis
2218 4604 2285 4665 in
2329 4604 2591 4665 Summa
2628 4603 2761 4684 jam
2805 4605 3010 4679 tactis,
3059 4605 3124 4667 in
3169 4607 3403 4687 quibus
3447 4607 3535 4670 fa-

2039 4709 2209 4764 tetur
2251 4709 2494 4765 motum
2544 4702 2750 4783 angeli
2798 4702 3117 4765 interdum
3168 4722 3354 4787 posse
3398 4725 3535 4769 esse

2040 4802 2436 4877 continuum,
2479 4801 2829 4864 secundum
2880 4801 3120 4864 variam
3168 4803 3538 4885 applicatio-

2039 4919 2188 4962 nem
2230 4920 2361 4964 suae
2400 4900 2655 4963 virtutis
2696 4901 2773 4963 ad
2817 4900 3048 4965 locum.

2119 5000 2403 5082 Denique
2461 5001 2665 5082 prima
2722 5009 2898 5082 parte
2958 5000 3235 5064 Summae
3282 5003 3361 5065 de
3409 5003 3527 5068 hac
3550 5025 3823 5078 spumea.

2039 5099 2178 5181 ipsa
2216 5098 2438 5161 scribit
2471 5098 2732 5160 materia
2766 5114 2779 5159 ε
2814 5097 3077 5170 Quidam
3113 5099 3411 5164 dixerunt
3441 5103 3527 5167 lo-

2039 5196 2241 5258 calem
2286 5195 2490 5275 angeli
2534 5203 2776 5258 motum
2822 5214 2961 5257 esse
3003 5196 3068 5258 in
3114 5196 3393 5263 instanti.
3430 5203 3531 5266 Di-

2045 5294 2271 5357 cebant
2308 5292 2504 5366 enim,
2537 5295 2707 5374 quod
2746 5295 2898 5356 dum
2937 5296 3201 5376 angelus
3242 5309 3533 5363 movetur

3225 5433 3289 5487 30
