4359 6250
144 4255 181 4295 p.
208 4247 283 4287 228
296 4243 345 4287 B.

1001 510 1089 555 AN
1129 510 1327 556 PATER
1366 511 1440 556 ET
1482 511 1674 557 rmus
1717 510 1789 556 SE.
1830 509 2077 556 mvlcmt
2120 510 2406 556 DlLlGANT
2447 511 2680 557 SPmlw
2720 509 2952 556 SANCTO

3403 488 3524 551 343

425 679 589 742 ratio
631 678 927 742 falsitatis
976 679 1169 760 hujus
1218 680 1692 762 propositioniS‚
1734 687 1923 763 atque
1953 679 2006 741 A
2034 699 2175 741 rum
2219 680 2590 743 attribuitur
2635 682 2957 744 communi
3002 680 3310 743 essentiae.
3346 680 3522 742 Unde

426 777 603 840 illius
652 797 845 860 quam
892 779 1285 858 Augustinus
1336 785 1649 852 retractat,
1700 777 1922 839 videli-

424 885 547 950 cet,
579 877 761 939 Pater
798 883 895 938 est
938 877 1193 958 sapiens
1232 878 1543 958 sapientia
1579 877 1811 958 genita.
1845 911 1926 921 —

423 975 713 1056 Denique
768 982 946 1036 actus
1001 975 1359 1038 essentialis
1419 976 1778 1038 communis
1827 982 1924 1037 est

422 1073 631 1136 tribus
680 1075 1111 1156 supersanctis
1157 1082 1223 1137 et
1270 1075 1731 1156 superexcelsis
1782 1093 1920 1157 per-

417 1174 613 1236 soniS.
666 1173 909 1235 Idcirco
968 1173 1019 1234 si
1068 1174 1247 1236 Pater
1305 1174 1593 1255 gigneret
1638 1173 1917 1236 Verbum

418 1271 837 1353 intelligendo
866 1290 933 1333 se
963 1272 1285 1335 essentiali
1320 1271 1921 1354 intellectione‚Spi-

414 1370 577 1431 ritus
638 1371 906 1432 Sanctus
965 1387 1221 1452 quoque
1276 1371 1564 1451 gigneret
1611 1370 1912 1444 Verbum,

412 1468 769 1549 praesertim
802 1487 1001 1548 quum
1044 1467 1155 1529 illa
1195 1467 1545 1530 intellectio
1584 1468 1667 1531 sit
1698 1488 1823 1530 una
1854 1476 1918 1530 et

410 1566 635 1628 eadem
680 1584 949 1628 numero
991 1566 1057 1627 in
1102 1565 1307 1628 tribus
1354 1567 1643 1648 personis
1684 1567 1913 1629 altissi-

410 1663 555 1726 mis.
620 1664 921 1736 Quamvis
978 1681 1129 1744 ergo
1186 1671 1367 1726 actus
1434 1664 1787 1727 notionales
1848 1666 1910 1727 in

408 1761 663 1824 actibus
722 1761 1165 1843 personalibus
1225 1761 1575 1824 fundentur
1623 1769 1685 1824 et
1746 1763 1909 1826 radi·

2032 798 2232 860 quum
2263 781 2442 842 Pater
2469 787 2532 842 et
2562 779 2756 842 Filius
2785 780 3087 842 dicuntur
3117 796 3230 840 nos
3261 778 3523 860 diligere

2033 877 2274 959 Spiritu
2308 879 2556 952 Sanct0‚
2582 879 2848 941 verbum
2880 878 3060 952 illud,
3095 877 3380 958 diligere,
3415 895 3523 958 po-

2032 983 2153 1038 test
2183 977 2607 1039 essentialiter
2645 977 3175 1058 notionaliterque
3207 976 3430 1050 teneri,
3463 983 3526 1038 et

2032 1082 2302 1156 utroque
2339 1076 2529 1138 modo
2558 1075 2907 1158 propositio
2938 1093 3086 1137 vera
3116 1082 3228 1137 est.
3257 1075 3320 1136 Si
3351 1075 3525 1136 enim

2030 1180 2282 1235 tenetur
2329 1175 2773 1249 essentialiter,
2818 1183 2971 1237 tunc
3021 1175 3086 1236 in
3129 1174 3326 1237 verbo
3375 1173 3526 1236 dile-

2030 1271 2260 1334 ctionis
2299 1273 2665 1353 designatur
2707 1273 2898 1335 totius
2936 1271 3287 1334 efficientia
3320 1272 3523 1334 Trini-

2030 1371 2196 1444 tatiS‚
2231 1378 2294 1432 et
2338 1372 2402 1433 in
2446 1372 2723 1434 ablativo
2768 1372 3134 1453 designante
3184 1389 3518 1453 personam

2027 1469 2302 1552 Spiritus
2345 1469 2579 1545 Sancti,
2623 1471 2988 1552 designatur
3029 1469 3187 1533 ratio
3234 1468 3521 1531 efficien-

2026 1568 2149 1642 tiae,
2185 1585 2312 1630 non
2356 1587 2433 1630 ex
2479 1576 2655 1650 parte
2700 1568 3067 1643 efficientiS,
3105 1569 3214 1630 sed
3256 1568 3518 1633 effecto-

2024 1687 2167 1728 rum
2226 1685 2338 1729 seu
2398 1675 2796 1730 causatorum
2850 1687 2864 1730 t
2916 1686 3188 1749 quorum
3247 1668 3408 1730 ratio
3455 1676 3519 1730 et

2022 1767 2200 1845 origo
2246 1766 2660 1848 est-Spiritus
2705 1765 2915 1828 Sancti
2962 1766 3302 1846 processio,
3351 1767 3516 1829 sicut

410 1869 663 1934 centur,
694 1879 821 1923 non
862 1868 1073 1923 tamen
1114 1861 1485 1923 conceditur
1524 1862 1694 1943 quod
1733 1869 1912 1925 actus
1950 1861 1995 1923 B
2023 1871 2086 1925 et
2116 1863 2394 1925 Verbum
2426 1871 2733 1926 aeternum
2770 1881 2784 1924 τ
2819 1864 2929 1925 sed
2956 1863 3258 1939 Verbum,
3293 1883 3515 1927 secun-

408 1960 785 2022 essentiales
825 1959 954 2020 sint
984 1959 1275 2040 proxima
1314 1959 1633 2042 principia
1666 1978 1915 2022 emana-

407 2059 663 2121 tionum
692 2059 770 2120 ad
804 2059 986 2120 intra.
1022 2094 1102 2103 —
1129 2058 1457 2131 Praeterea,
1490 2058 1785 2139 quamvis
1815 2060 1915 2122 Pa·

406 2165 505 2218 ter
552 2164 619 2218 et
669 2155 865 2218 Filius
922 2155 1416 2218 denominentur
1472 2156 1550 2218 ab
1598 2165 1743 2219 actu
1802 2175 1913 2220 no-

404 2255 667 2317 tionalis
713 2253 1095 2327 dilectioniS,
1143 2253 1231 2315 ita
1277 2254 1444 2334 quod
1494 2255 1796 2316 dicuntur
1844 2274 1912 2317 se

402 2353 675 2434 diligere
706 2353 943 2434 Spiritu
985 2352 1235 2426 Sancto,
1271 2353 1421 2434 quia
1462 2372 1575 2434 per
1616 2353 1735 2416 hoc
1776 2353 1911 2434 Spi-

402 2452 569 2512 ritus
610 2451 879 2512 Sanctus
921 2468 1049 2513 non
1095 2450 1457 2512 insinuatur
1497 2459 1568 2512 ut
1607 2451 1911 2532 principi-

402 2568 515 2612 um
547 2567 663 2611 seu
704 2549 864 2611 ratio
892 2556 1072 2611 actus
1115 2549 1291 2612 illius
1324 2549 1389 2611 in
1421 2550 1599 2612 Patre
1629 2557 1691 2612 et
1725 2550 1903 2622 Filio,

401 2650 515 2711 sed
574 2647 789 2729 potius
837 2655 1095 2710 econtra
1152 2649 1331 2710 Pater
1377 2655 1441 2709 et
1490 2648 1686 2710 Filius
1745 2650 1907 2710 desi-

398 2755 683 2828 gnantur
723 2746 1117 2828 principium
1168 2746 1443 2829 Spiritus
1485 2746 1721 2820 Sancti,
1756 2749 1907 2830 quia

400 2845 813 2908 notionaliter
858 2845 1145 2926 diligere,
1196 2853 1292 2906 est
1339 2863 1621 2908 amorem
1676 2847 1905 2928 produ—

400 2963 547 3006 cere
578 2961 693 3006 seu
725 2943 999 3024 spirare;
1027 2960 1153 3005 non
1186 2951 1397 3005 tamen
1431 2951 1696 3024 possunt
1725 2944 1905 3005 Pater

2022 1962 2175 2024 dum
2237 1963 2406 2043 quod
2465 1961 2757 2024 exierunt
2814 1981 2851 2023 a
2908 1962 3036 2024 Deo
3094 1981 3207 2044 per
3265 1964 3512 2026 intelle·

2021 2064 2234 2136 ctum3
2285 2058 2560 2140 Spiritus
2619 2059 2885 2121 Sanctus
2936 2077 3108 2132 vero,
3161 2061 3512 2122 secundum

2018 2156 2187 2237 quod
2239 2156 2436 2218 libere
2485 2156 2776 2218 exierunt
2824 2175 2937 2238 per
2979 2157 3393 2230 voluntatem,
3435 2161 3512 2220 ad

2019 2272 2210 2334 quam
2251 2254 2528 2334 pertinet
2569 2273 2763 2316 amor.
2800 2255 2945 2317 Ideo
2985 2255 3241 2336 proprie
3279 2255 3514 2317 dicitur

2017 2352 2184 2414 Deus
2234 2352 2498 2432 diligere
2547 2361 2899 2415 creaturam
2960 2353 3200 2434 Spiritu
3260 2353 3508 2428 Sancto,

2017 2467 2143 2512 non
2183 2449 2409 2512 Verbo,
2445 2449 2508 2512 Si
2551 2457 2762 2512 autem
2808 2450 3069 2532 diligere
3110 2451 3512 2513 notionaliter

2016 2549 2322 2630 capiatur,
2349 2567 2567 2610 rursus
2599 2566 2747 2609 vera
2775 2555 2872 2609 est
2903 2549 3024 2610 ista
3053 2547 3310 2622 locutio,
3333 2549 3511 2610 Pater

2015 2644 2224 2727 diligit
2273 2663 2387 2708 nos
2447 2646 2686 2727 Spiritu
2745 2646 3007 2724 Sancto:
3057 2646 3248 2708 aliam
3296 2653 3506 2709 tamen

2015 2744 2204 2807 habet
2262 2745 2572 2807 rationem
2623 2744 2906 2806 veritatis
2959 2764 2972 2808 :
3023 2743 3326 2826 quoniam
3373 2764 3510 2807 ver-

2014 2842 2168 2904 bum
2219 2843 2358 2916 hoc,
2401 2842 2632 2922 diligit,
2681 2859 2808 2904 non
2861 2842 3161 2923 importat
3207 2862 3284 2904 ex
3336 2843 3508 2924 prin-

2013 2941 2204 3021 cipali
2254 2940 2602 3004 intentione
2651 2940 3093 3003 habitudinem
3142 2939 3509 3004 efficientiae

398 3049 464 3104 et
504 3041 707 3103 Filius
752 3039 838 3102 ita
879 3041 1273 3103 denominari
1324 3041 1405 3102 ab
1446 3038 1764 3103 essentiali
1812 3041 1902 3102 di·
1939 3040 1982 3103 C
2012 3046 2304 3119 respectu
2356 3047 2694 3118 creaturae3
2742 3040 2872 3101 imo
2919 3039 3360 3120 principaliter
3406 3040 3509 3102 de-

400 3141 679 3203 lectione
736 3148 1030 3221 respectu
1079 3140 1354 3221 Spiritus
1404 3140 1636 3213 Sancti,
1689 3140 1774 3201 ita
1834 3148 1903 3201 ut

395 3240 696 3301 dicantur
734 3256 801 3299 se
843 3237 1109 3318 diligere
1150 3238 1391 3319 Spiritu
1433 3238 1661 3301 Sancto
1695 3257 1904 3301 essen-

396 3338 532 3399 tiali
580 3337 944 3411 dilectione,
980 3336 1131 3418 quia
1174 3338 1265 3399 sic
1311 3338 1585 3419 Spiritus
1636 3337 1900 3400 Sanctus

395 3434 875 3517 significaretur
914 3442 983 3496 ut
1024 3433 1417 3517 principium
1460 3453 1571 3496 seu
1611 3435 1772 3498 ratio
1809 3436 1899 3497 di-

396 3533 693 3595 lectionis
742 3533 917 3595 illius
969 3533 1034 3594 in
1085 3533 1264 3594 Patre
1309 3540 1374 3594 et
1416 3533 1593 3595 Filio.
1640 3532 1718 3595 Et
1762 3533 1898 3596 bre-

394 3633 583 3705 viter,
627 3631 848 3712 opinio
891 3631 1015 3693 ista
1058 3630 1287 3712 AEgidii
1338 3632 1692 3693 ostenditur
1735 3632 1897 3694 mul-

394 3739 535 3793 tum
578 3730 867 3804 abusiva,
900 3747 1138 3811 grossa,
1172 3747 1453 3793 erronea.

476 3928 957 4008 consequenter
998 3926 1435 4000 scrutandum,
1469 3926 1566 3988 An
1609 3928 1788 3990 Pater
1833 3935 1897 3990 et

394 4026 599 4088 Filius
640 4024 907 4105 diligant
950 4024 1286 4087 rationales
1328 4032 1391 4086 et
1436 4024 1895 4087 intellectuales

395 4132 722 4188 creaturas
766 4123 1004 4205 Spiritu
1048 4123 1296 4186 Sancto.

2012 3144 2186 3199 notat
2225 3138 2534 3201 rationem
2571 3137 2941 3201 efficientiae
2981 3138 3175 3219 hujus
3213 3145 3505 3221 respectu

2010 3233 2384 3309 effectuum,
2430 3241 2620 3316 atque
2667 3254 2744 3297 ex
2795 3236 3208 3318 consequenti
3258 3237 3360 3297 dat
3411 3236 3505 3298 in-

2011 3331 2294 3412 telligere
2352 3332 2794 3395 habitudinem
2854 3332 3242 3407 efficientiae,
3296 3341 3364 3395 ut
3422 3335 3505 3397 sit

2008 3448 2233 3491 sensus
2285 3450 2298 3494 ε
2350 3432 2528 3493 Pater
2583 3432 2790 3512 diligit
2848 3440 3201 3494 creaturam
3262 3432 3501 3514 Spiritu

2009 3528 2258 3601 Sancto,
2294 3527 2357 3590 id
2388 3536 2504 3601 est,
2539 3528 2737 3609 spirat
2766 3529 3163 3611 personalem
3192 3547 3497 3604 amorem,

2007 3626 2118 3707 qui
2168 3634 2264 3688 est
2319 3626 2478 3689 ratio
2536 3627 2744 3689 omnis
2806 3626 3086 3688 liberalis
3146 3627 3500 3691 collationis

2008 3725 2315 3787 creaturis
2374 3744 2411 3786 a
2468 3725 2596 3787 Deo
2651 3724 2967 3786 exhibitae.
3031 3724 3174 3787 Haec
3232 3725 3501 3787 Thomas

2007 3824 2073 3885 in
2124 3822 2392 3904 Scripto.
2437 3858 2515 3868 —
2555 3822 2631 3884 Et
2680 3823 2745 3885 in
2793 3822 2914 3885 hoc
2963 3823 3114 3885 satis
3165 3824 3505 3886 concordat

2006 3921 2311 4003 AEgidiuS.

2095 4019 2448 4083 Richardus
2504 4019 2695 4080 etiam
2753 4028 3057 4082 consonat
3107 4040 3122 4084 τ
3174 4020 3501 4095 Quaelibet,

2006 4118 2326 4199 inquiens,
2371 4134 2642 4198 persona
2685 4117 2902 4179 divina
2951 4136 3064 4180 nos
3113 4118 3320 4200 diligit
3364 4119 3502 4201 Spi-

478 4224 563 4285 Et
606 4222 901 4304 quamvis
956 4222 1088 4303 jam
1149 4221 1436 4284 habitum
1488 4223 1569 4283 sit
1616 4222 1769 4303 quid
1816 4225 1893 4286 ad
1926 4224 1974 4287 D
2006 4217 2130 4278 ritu
2179 4216 2427 4278 Sancto.
2464 4216 2532 4276 ln
2580 4215 2813 4278 divinis
2863 4235 3138 4297 namque
3186 4224 3283 4279 est
3323 4236 3501 4281 amor

394 4325 522 4386 hoc
570 4321 840 4383 Thomas
897 4321 1275 4402 respondeat
1331 4321 1397 4382 in
1455 4320 1662 4402 prima
1719 4329 1895 4401 parte

393 4420 701 4493 Summae,
733 4438 907 4481 nunc
941 4428 1151 4481 tamen
1188 4419 1474 4481 addenda
1508 4426 1607 4481 est
1637 4437 1893 4500 respon-

392 4518 492 4582 sio
537 4518 681 4599 cjus
726 4518 791 4579 in
836 4518 1105 4599 Scripto.
1141 4518 1355 4599 Itaque
1398 4517 1487 4578 ait
1530 4518 1635 4579 hic
1679 4537 1693 4581 ε
1737 4518 1894 4581 Con-

392 4618 755 4680 cedendum
804 4623 902 4678 est
950 4615 1350 4697 simpliciter,
1394 4617 1562 4699 quod
1610 4618 1789 4679 Pater
1832 4625 1895 4679 et

392 4717 597 4779 Filius
634 4714 911 4794 diligunt
946 4730 1064 4775 nos
1109 4712 1350 4795 Spiritu
1394 4713 1642 4787 Sancto,
1677 4734 1894 4796 quem-

388 4813 741 4878 admodum
790 4830 1003 4895 supra,
1038 4811 1287 4873 decima
1328 4812 1756 4886 distinctione,
1791 4812 1895 4874 ha-

392 4914 605 4975 betur.
670 4909 975 4983 Quocirca
1034 4909 1389 4983 sciendum,
1451 4910 1619 4991 quod
1680 4910 1895 4974 divina

392 5007 722 5093 processio
774 5022 1189 5089 personarum
1237 5014 1333 5069 est
1380 5008 1667 5089 quaedam
1718 5010 1896 5089 origo

388 5116 589 5190 atque
622 5106 951 5187 exemplar
980 5105 1400 5167 emanationis
1440 5114 1891 5179 creaturarum,

390 5204 553 5286 quia
601 5202 667 5263 in
715 5200 891 5264 omni
952 5218 1181 5281 genere
1240 5200 1521 5281 primum
1566 5206 1663 5261 est
1711 5219 1901 5262 causa

396 5299 815 5385 sequentium
865 5316 881 5362 ι
936 5303 1146 5360 tamen
1192 5297 1544 5360 efficientia
1591 5306 1900 5360 creatura-

2003 4314 2362 4377 essentialis
2396 4320 2458 4375 et
2491 4313 2848 4376 notionalis.
2875 4314 3069 4375 Amor
3097 4333 3248 4377 vero
3285 4334 3496 4378 essen-

2004 4411 2171 4473 tialis
2210 4411 2320 4473 Dei
2352 4412 2428 4473 ad
2469 4428 2583 4473 nos
2621 4411 2824 4494 accipi
2865 4419 3074 4494 potest
3104 4413 3445 4494 dupliciter
3478 4432 3492 4477 t

2006 4510 2236 4591 primo,
2271 4510 2513 4571 ratione
2554 4508 2936 4589 significati3
2981 4512 3281 4585 secund0,
3315 4514 3498 4576 ratio-

2005 4626 2084 4669 ne
2132 4607 2404 4669 effectus
2465 4609 2803 4670 connotati.
2856 4610 3065 4672 Primo
3125 4612 3312 4674 modo
3368 4612 3495 4674 dici

2005 4724 2131 4768 non
2183 4713 2390 4787 potest
2438 4707 2604 4787 quod
2653 4708 2833 4769 Pater
2874 4716 2937 4769 et
2979 4709 3174 4771 Filius
3220 4710 3497 4790 diligunt

2003 4823 2118 4868 nos
2163 4804 2402 4886 Spiritu
2447 4805 2693 4879 Sancto,
2729 4806 2879 4887 quia
2919 4808 3268 4869 secundum
3312 4808 3506 4870 ratio-‘

2004 4924 2151 4967 nem
2196 4903 2614 4985 intelligendi,
2651 4904 2826 4985 prius
2857 4912 2953 4965 est
2989 4922 3166 4967 amor
3197 4907 3497 4967 essentia·

2006 5004 2085 5065 lis
2116 5022 2311 5085 quam
2354 5002 2626 5083 Spiritus
2667 5001 2950 5063 Sanctus,
2988 5002 3050 5063 Si
3089 5010 3300 5064 autem
3332 5005 3494 5067 acci-

2007 5104 2220 5185 piatur
2280 5120 2394 5183 pro
2456 5108 2812 5173 connotat0‚
2865 5101 3032 5182 quod
3091 5109 3187 5162 θεῖ
3244 5103 3496 5168 collatio

2008 5200 2284 5281 alicujus
2335 5199 2482 5261 doni
2537 5198 2816 5278 gratuiti,
2868 5200 2959 5261 sic
3008 5199 3310 5281 quaelibet
3357 5222 3497 5283 per-

2023 5317 2175 5362 sona
2216 5297 2432 5360 divina
2464 5296 2671 5377 diligit
2704 5314 2818 5359 nos
2851 5296 3088 5379 Spiritu
3130 5298 3358 5362 Sancto
3393 5320 3500 5383 ap-
