4359 6250
1316 509 1491 556 unm
1532 509 1552 554 1
1594 508 2075 556 emen-runnu.
2118 528 2201 537 —
2241 509 2393 555 msr.
2438 509 2610 555 xxxn
3391 487 3515 552 329

420 761 505 825 Η.
544 764 697 828 Qua
734 763 1035 824 ratione
1062 761 1297 824 Pater
1328 777 1479 826 non
1516 763 1793 825 dicitur
1828 764 2129 836 sapiens
2157 776 2247 824 ea
2284 763 2658 835 sapientia
2696 777 2920 837 quam
2956 762 3234 846 aemon,
3258 764 3516 823 eadem

550 879 844 941 videtur
872 880 1133 940 debere
1162 881 1334 952 dici,
1369 883 1559 954 quod
1592 893 1743 942 non
1777 880 1877 942 sit
1912 881 2224 955 diliaens
2260 879 2492 940 Pater
2519 882 2634 940 vel
2671 881 2904 941 Filius
2943 879 3330 940 dilectione
3358 892 3518 953 quae

555 997 649 1058 ab
685 995 1001 1071 utroque
1029 997 1387 1070 procedit.

551 1220 881 1284 Praeterea
916 1218 1265 1300 diligenter
1298 1220 1660 1283 notandum
1693 1220 1814 1299 est,
1846 1219 2025 1301 quod
2055 1236 2131 1283 ea
2166 1218 2418 1283 ratione
2447 1236 2576 1300 qua
2603 1219 2797 1283 Pater
2831 1236 2964 1282 non
2993 1219 3232 1283 dicitur
3259 1218 3521 1301 sapiens

418 1357 495 1403 ea
529 1337 857 1420 sapientia
901 1353 1098 1416 quam
1148 1335 1397 1417 genuit,
1429 1336 1690 1400 videtur
1738 1336 1877 1401 fore
1930 1336 2307 1415 dicendum,
2348 1335 2526 1415 quod
2574 1336 2770 1400 Pater
2813 1353 2946 1399 non
2995 1335 3226 1417 diligat
3269 1335 3517 1400 Filium

417 1454 523 1520 vel
568 1453 787 1516 Filius
840 1452 1103 1516 Patrem
1160 1469 1238 1514 ea
1292 1452 1641 1516 dilectione
1696 1469 1845 1533 quae
1902 1451 1985 1516 ab
2029 1453 2310 1533 utroque
2366 1452 2682 1533 procedit,
2741 1452 2992 1516 scilicet
3048 1469 3196 1532 quae
3255 1453 3518 1534 proprie

416 1571 709 1653 Spiritus
744 1569 1025 1634 Sanctus
1062 1570 1182 1632 est.
1224 1569 1410 1633 Sicut
1454 1569 1631 1633 enim
1683 1569 1863 1632 idem
1914 1570 2013 1632 est
2064 1569 2205 1632 Deo
2251 1586 2478 1650 sapere
2525 1569 2703 1649 quod
2752 1586 2918 1649 esse,
2957 1569 3051 1632 ita
3097 1570 3196 1632 est
3243 1568 3302 1632 ei
3340 1569 3517 1633 idem

416 1689 693 1768 diligere
730 1685 908 1766 quod
938 1703 1103 1748 esse.
1132 1685 1420 1766 Ideoque
1457 1685 1629 1748 sicut
1665 1687 1939 1766 negatur
1982 1686 2175 1748 Pater
2216 1702 2357 1748 esse
2395 1685 2657 1765 sapiens
2701 1685 3021 1766 sapientia
3057 1701 3257 1765 quam
3295 1686 3522 1766 genuit

418 1803 607 1886 (quia
644 1803 703 1866 si
733 1819 811 1865 ea
845 1801 1170 1865 diceretur
1206 1801 1493 1882 sapienS,
1526 1819 1661 1865 non
1700 1802 1842 1882 ipsa
1879 1797 1961 1864 ab
1998 1818 2100 1880 θο,
2135 1801 2252 1864 sed
2289 1801 2430 1881 ipse
2467 1800 2550 1862 ab
2579 1818 2655 1864 ea
2691 1801 3162 1882 intelligeretur
3200 1800 3395 1883 esse),
3430 1802 3522 1864 ita

414 1920 681 1984 videtur
721 1935 856 1981 non
907 1916 1141 1980 debere
1193 1917 1485 1998 concedi,
1526 1919 1705 1998 quod
1752 1917 1947 1980 Pater
1983 1916 2089 1980 vel
2134 1917 2348 1980 Filius
2395 1915 2626 1997 diligat
2668 1917 3018 1980 dilectione
3063 1935 3210 1998 quae
3263 1918 3518 1980 tantum

414 2035 708 2118 Spiritus
738 2034 1017 2099 Sanctus
1053 2035 1153 2097 est
1185 2053 1199 2094 :
1236 2034 1391 2114 quia
1428 2035 1487 2097 si
1526 2051 1601 2098 ea
1639 2033 1856 2114 diligit
1892 2033 2087 2096 Pater
2122 2033 2230 2096 vel
2259 2033 2495 2111 Filius,
2527 2049 2659 2095 non
2697 2032 2982 2113 Spiritus
3017 2033 3295 2096 Sanctus
3332 2033 3518 2096 vide-

416 2155 525 2216 tur
574 2168 721 2216 esse
758 2168 798 2214 a
838 2150 1033 2213 Patre
1071 2151 1138 2214 et
1184 2150 1379 2230 Filio,
1422 2151 1537 2215 sed
1588 2151 1783 2214 Pater
1830 2150 1897 2213 et
1939 2148 2153 2212 Filius
2190 2167 2228 2211 a
2265 2149 2516 2230 Spiritu
2563 2149 2826 2225 Sancto.
2865 2149 3021 2229 quia
3067 2149 3243 2213 idem
3290 2150 3391 2212 est
3425 2149 3517 2212 ibi

412 2269 693 2348 diligere
729 2268 909 2348 quod
939 2285 1107 2330 esse.
1142 2267 1230 2329 At
1266 2284 1465 2348 supra
1501 2267 1751 2330 dictum
1792 2268 1892 2330 est
1919 2268 2113 2348 atque
2152 2267 2536 2330 auctoritate
2565 2265 2921 2346 Augustini
2957 2267 3306 2346 sancitum,
3338 2267 3517 2347 quod
3545 2289 3810 2344 Aug.d0‘l·ri-

414 2386 485 2447 in
522 2383 847 2446 Trinitate
896 2382 1021 2445 tria
1058 2384 1214 2446 sunt
1248 2403 1261 2443 :
1296 2399 1470 2445 unus
1508 2383 1789 2463 diligens
1828 2399 1980 2446 eum
2024 2383 2139 2462 qui
2177 2382 2257 2445 de
2301 2381 2415 2444 illo
2453 2383 2574 2460 est,
2609 2382 2673 2444 et
2709 2398 2883 2443 unus
2929 2380 3209 2461 diligens
3246 2399 3396 2444 eum
3435 2383 3516 2446 de
3541 2350 3807 2462 gffff'fflfib'

415 2519 552 2582 quo
592 2501 715 2579 ost,
748 2500 814 2563 et
852 2500 996 2580 ipsa
1032 2499 1333 2580 dilectio;
1366 2501 1431 2562 et
1466 2517 1600 2562 non
1638 2499 1737 2562 est
1765 2498 2005 2580 aliquis
2042 2499 2324 2561 duorum
2354 2515 2484 2578 quo
2516 2498 2776 2578 genitus
2813 2514 2852 2559 a
2880 2498 3184 2578 gignente
3221 2498 3521 2579 diligitur

417 2620 487 2682 et
532 2617 899 2698 genitorem
948 2634 1144 2680 suum
1210 2616 1447 2697 diligit.
1503 2615 1759 2690 Quibus
1812 2615 2031 2678 verbis
2085 2616 2307 2696 aperte
2357 2613 2784 2695 significatur,
2833 2613 3095 2677 Patrem
3151 2614 3394 2678 Filium
3453 2615 3518 2678 et

414 2734 669 2796 Filium
706 2733 972 2796 Patrem
1010 2732 1304 2812 diligere,
1338 2749 1415 2795 ea
1450 2727 1741 2795 scilicet*
1777 2731 2125 2794 dilectione
2166 2748 2315 2810 quae
2356 2746 2486 2792 non
2525 2730 2622 2792 est
2659 2729 2900 2811 aliquis
2937 2747 3188 2810 eorum,
3223 2731 3338 2794 sed
3375 2733 3517 2794 tan-
3597 2757 3615 2777 ·
3643 2755 3762 2798 aaa·

412 2851 565 2912 tum
603 2849 889 2931 Spiritus
926 2848 1226 2912 Sanctus.
1270 2847 1491 2921 Quum
1529 2847 1704 2910 idem
1742 2864 1896 2927 ergo
1933 2847 2021 2909 sit
2059 2845 2150 2909 ibi
2190 2845 2460 2926 diligere
2499 2846 2675 2926 quod
2711 2863 2876 2925 esse,
2910 2846 3240 2927 quomodo
3265 2847 3519 2910 'dicitur
3562 2818 3690 2863 ’ω’

413 2969 615 3030 Pater
649 2967 757 3030 vel
798 2966 1010 3028 Filius
1047 2982 1180 3029 non
1218 2983 1362 3030 esse
1409 2983 1486 3028 ea
1528 2964 1877 3027 dilectione
1915 2981 2045 3044 qua
2092 2963 2257 3026 alter
2302 2962 2582 3026 alterum
2619 2963 2859 3044 diligit,
2892 2982 3100 3046 quum
3140 2965 3286 3028 ideo
3326 2965 3520 3028 Pater

411 3083 693 3166 negetur
737 3099 966 3165 sapere
1012 3082 1335 3165 sapientia
1382 3097 1581 3164 quam
1628 3081 1876 3163 genuit,
1918 3097 1999 3145 ne
2047 3097 2123 3144 ea
2170 3098 2312 3144 esse
2359 3079 2816 3161 intelligatur?

820 3335 873 3397 Ι.
932 3337 1129 3402 Quod
1173 3335 1245 3397 et
1288 3338 1439 3398 hoec
1486 3335 1786 3409 quaestio
1836 3336 2391 3407 inexplicabilis
2436 3335 2567 3409 est,
2619 3350 2780 3410 quoe
2824 3336 3123 3397 eoecellit

1521 3452 2036 3524 infirmitatem
2078 3454 2424 3515 hominis.

550 3676 907 3742 Difficilem
943 3676 1113 3739 mihi
1150 3674 1360 3738 fateor
1402 3676 1571 3738 hanc
1619 3674 2077 3755 quaestionem,
2119 3674 2447 3755 praecipue
2486 3690 2693 3754 quum
2742 3690 2824 3736 ex
2863 3672 3194 3754 praedictis
3245 3672 3514 3753 oriatur,

412 3814 568 3879 quae
619 3794 911 3860 similem
952 3794 1260 3857 videntur
1299 3792 1538 3857 habere
1583 3792 1906 3855 rationem
1948 3811 1963 3852 ε
2006 3791 2185 3872 quod
2235 3808 2399 3855 meae
2447 3790 2896 3872 intelligentiae
2944 3790 3284 3853 attendens
3336 3790 3519 3852 infir-

412 3915 617 3978 mitas
660 3911 987 3991 turbatur,
1028 3911 1299 3991 cupiens
1349 3909 1562 3991 magis
1602 3926 1683 3973 ex
1719 3908 1913 3971 dictis
1959 3909 2345 3971 Sanctorum
2397 3908 2635 3971 referre
2672 3924 2872 3987 quam
2919 3906 3167 3970 afferre.
3210 3905 3519 3987 Optimus

412 4032 594 4096 enim
635 4030 842 4093 lector
872 4028 995 4107 est,
1028 4028 1247 4108 inquit
1273 4026 1569 4090 Hilarius
1596 4026 1666 4088 in
1703 4025 1919 4106 primo
1958 4024 2125 4087 libro
2162 4025 2244 4089 de
2273 4024 2613 4104 Trinitate,
2642 4026 2755 4106 qui
2793 4024 3118 4088 dictorum
3146 4023 3518 4103 intelligen-
3593 4046 3726 4119 nna.
3757 4046 3812 4088 (ιο

410 4149 580 4211 tiam
630 4145 967 4227 exspectet
1012 4160 1095 4207 ex
1130 4143 1325 4206 dictis
1373 4142 1597 4224 potius
1641 4158 1841 4223 quam
1888 4142 2210 4222 imponat,
2253 4141 2319 4203 et
2369 4140 2663 4205 retulerit
2710 4141 2921 4221 magis
2962 4157 3162 4221 quam
3203 4139 3516 4221 attulerit,
3545 4109 3809 4221 ξῖῗίᾞᾈ,

412 4282 633 4345 neque
662 4261 852 4343 cogat
890 4261 958 4323 id
994 4259 1203 4323 videri
1242 4259 1437 4322 dictis
1477 4248 1793 4321 contineri
1827 4259 2004 4339 quod
2041 4258 2193 4321 ante
2230 4258 2578 4322 lectionem
2616 4259 3111 4339 praesumpserit
3146 4258 3520 4339 intelligen-

413 4382 603 4443 dum.
623 4378 849 4452 Quum
878 4392 1031 4457 ergo
1061 4376 1141 4439 de
1170 4374 1367 4439 rebus
1395 4374 1519 4437 Dei
1551 4390 1766 4437 sermo
1797 4374 1918 4453 est,
1938 4374 2375 4437 concedamus
2403 4374 2544 4436 Deo
2574 4373 2678 4436 sui
2709 4374 3177 4454 cognitionem,
3199 4374 3522 4455 dictisque

414 4496 566 4577 ejus
611 4496 725 4576 pia
769 4492 1187 4556 veneratione
1236 4490 1655 4554 famulemur.

552 4611 917 4691 Investiget
952 4626 1105 4691 ergo
1153 4608 1500 4689 diligenter
1535 4607 1688 4688 pius
1734 4607 1937 4671 lector
1976 4607 2299 4669 rationem
2350 4606 2702 4686 dictorum,
2733 4607 2792 4670 si
2831 4606 2997 4670 forte
3043 4607 3370 4672 dictorum
3408 4609 3526 4671 ali-

414 4747 622 4813 quam
657 4727 875 4791 valeat
910 4725 1193 4807 reperire
1232 4741 1521 4802 causam,
1564 4742 1694 4805 qua
1734 4726 1913 4803 nota,
1954 4724 2099 4805 ipsa
2143 4722 2487 4804 praemissa
2533 4723 2813 4802 quaestio
2860 4722 3272 4806 aliquatenus
3317 4724 3525 4805 expli-

414 4850 551 4913 cari
588 4845 828 4909 valeat.
871 4844 1011 4925 Ego
1060 4843 1279 4905 autem
1334 4842 1503 4904 hanc
1553 4841 1987 4922 quaestionem
2037 4857 2171 4903 non
2225 4839 2594 4919 absolvens,
2637 4840 2753 4903 sed
2805 4857 3090 4903 errorem
3143 4840 3519 4921 excludenS,

412 4964 733 5049 profiteor
777 4978 911 5024 non
954 4977 1098 5023 esse
1135 4959 1411 5037 dictum,
1439 4958 1703 5022 Patrem
1749 4957 2019 5039 diligere
2056 4958 2303 5020 Filium
2340 4957 2443 5020 vel
2482 4956 2728 5019 Filium
2766 4956 3030 5019 Patrem
3068 4973 3144 5018 ea
3180 4955 3524 5021 dilectione

410 5100 569 5165 quae
608 5079 691 5144 ab
727 5080 1011 5157 utroque
1042 5075 1359 5157 procedit,
1392 5093 1540 5156 quae
1576 5092 1710 5138 non
1749 5076 1846 5138 est
1886 5074 2127 5155 aliquis
2164 5092 2419 5153 eorum,
2451 5074 2566 5137 sed
2605 5073 2858 5135 tantum
2899 5071 3183 5152 Spiritus
3221 5071 3521 5153 SanctuS,

408 5204 737 5279 tanquam
782 5211 861 5257 ea
896 5191 1247 5256 dilectione
1278 5191 1473 5255 Pater
1512 5190 1597 5253 sit
1638 5190 1741 5253 vel
1771 5190 2003 5253 Filius.
2038 5190 2167 5255 Sed
2213 5191 2308 5253 sic
2347 5207 2424 5252 ea
2458 5189 2651 5251 Pater
2687 5186 2904 5267 diligit
2927 5187 3175 5250 Filium
3213 5188 3278 5250 et
3313 5188 3526 5253 Filius

412 5316 717 5393 Patrem,
756 5312 835 5374 ut
872 5308 1072 5375 etiam
1106 5308 1303 5372 Pater
1330 5325 1447 5389 per
1484 5324 1555 5371 se
1592 5324 1669 5372 ea
1706 5324 1853 5388 quae
1892 5306 2035 5389 ipse
2073 5308 2173 5371 est
2202 5305 2550 5371 dilectione
2588 5302 2842 5385 diligat,
2882 5303 2978 5367 sic
3017 5304 3082 5368 et
3115 5304 3365 5386 Filius;
3395 5321 3530 5371 non
