4359 6250
845 471 966 537 462

1449 491 1512 537 IN
1553 489 1774 536 LIBRUM
1818 490 1837 534 1
1880 487 2363 535 SENTEN'rlARUM.
2410 505 2490 515 --
2532 487 2683 536 DIST.
2730 489 2983 553 xxxvn3
3027 491 3249 548 QUAEST.
3298 492 3359 538 tv

843 659 1079 740 quibus
1117 667 1214 722 εει
1247 659 1592 733 innovati0‚
1627 660 1892 723 variatio
1931 666 1994 721 et
2025 657 2345 722 successio
2377 657 2427 721 Α
2457 660 2700 741 species
2749 680 2897 724 eum
2946 661 3302 743 distinguit,
3344 662 3662 737 videlicet,
3707 661 3771 726 in
3822 682 3966 726 rno-

845 759 1294 838 cogitationum
1345 766 1408 821 et
1455 759 1891 822 affectionum.
1947 760 2089 821 Haec
2149 758 2338 820 idem.

927 857 1014 919 De
1063 857 1182 919 hoc
1232 858 1514 931 demum,
1560 859 1654 921 An
1703 858 1966 940 angelus
2016 865 2345 919 moveatur

842 955 907 1017 in
952 957 1212 1018 instanti
1246 957 1345 1018 vel
1387 957 1746 1020 successive
1779 976 1852 1019 ac
1887 955 2339 1040 temporaliter,

841 1054 1062 1116 scribit
1115 1055 1206 1116 sic
1251 1073 1265 1117 ε
1311 1055 1516 1129 Quum
1566 1056 1844 1138 spatium
1889 1054 2340 1117 intermedium

841 1152 925 1214 sit
956 1153 1406 1234 compositum,
1439 1161 1501 1214 et
1533 1161 1659 1216 tam
1699 1153 1960 1236 angelus
1992 1172 2186 1235 quam
2220 1152 2343 1214 vir-

843 1259 942 1312 tus
989 1251 1192 1333 ipsius
1242 1251 1324 1314 sit
1373 1252 1668 1334 simplex,
1713 1251 2011 1314 dixerunt
2053 1251 2337 1332 quidam,

840 1351 1007 1432 quod
1042 1357 1169 1412 tam
1211 1351 1472 1432 angelus
1510 1370 1700 1433 quam
1734 1351 1935 1412 virtus
1977 1350 2179 1431 ipsius
2223 1350 2341 1412 im·

840 1448 1398 1531 proportionabilis
1457 1449 1540 1510 sit
1599 1449 1825 1530 spatio,
1879 1456 1941 1511 et
1991 1449 2343 1530 impropor-

840 1545 1228 1608 tionabiliter
1279 1548 1480 1609 vincit
1533 1547 1782 1629 ipsum3
1835 1547 2102 1629 ideoque
2163 1554 2339 1609 motu

840 1645 1460 1726 improportionabili
1492 1654 1555 1708 et
1585 1646 1796 1708 subito
1829 1665 1941 1708 seu
1980 1646 2043 1707 in
2077 1645 2337 1708 instanti

840 1745 1180 1825 pertransit
1210 1745 1421 1808 locum
1462 1764 1574 1807 seu
1616 1745 1894 1826 spatium
1929 1764 1942 1808 :
1977 1743 2087 1826 qui
2125 1751 2337 1806 motus

2456 764 2591 820 tum
2648 758 3048 832 circularem,
3101 767 3369 832 rectum,
3422 761 3778 843 obliquum.
3828 763 3971 825 Cir-

2456 857 2689 922 cularis
2734 867 2850 932 est,
2895 859 3247 921 secundum
3292 860 3461 940 quod
3513 859 3728 922 lumen
3775 860 3971 922 intel-

2456 954 2724 1018 lectuale
2772 956 3167 1037 originaliter
3214 957 3543 1019 descendit
3590 959 3667 1020 de
3718 959 3845 1021 Deo
3895 958 3962 1020 in

2456 1053 2850 1117 intellectum
2880 1054 3262 1137 angelicum,
3286 1063 3349 1118 et
3380 1055 3517 1138 ipse
3546 1057 3809 1137 angelus
3841 1076 3964 1139 per

2456 1152 2622 1214 idem
2675 1153 2891 1216 lumen
2951 1174 3171 1217 rursus
3228 1155 3514 1217 ascendit
3563 1155 3627 1217 in
3678 1155 3880 1217 Deum
3940 1175 3957 1220 z

2454 1252 2673 1333 sicque
2716 1261 2813 1315 est
2860 1252 2950 1315 ibi
2996 1261 3206 1316 motus
3249 1253 3329 1315 ab
3373 1254 3597 1316 eodem
3642 1254 3707 1315 in
3755 1253 3955 1327 idem,

2452 1359 2513 1413 et
2552 1360 2648 1413 est
2688 1351 3049 1426 uniformiS,
3085 1353 3148 1414 in
3181 1360 3491 1434 quantum
3535 1352 3749 1416 lumen
3792 1353 3957 1416 illud

2454 1468 2579 1512 non
2640 1451 2962 1531 egreditur
3024 1451 3384 1513 intellectus
3446 1451 3953 1533 simplicitatem.

2452 1549 2653 1616 Motus
2697 1567 2846 1612 vero
2896 1557 3107 1612 rectus
3156 1557 3439 1624 vocatur,
3483 1550 3635 1612 dum
3687 1550 3959 1630 angelus

2453 1647 2669 1708 lumen
2715 1646 2841 1710 sibi
2886 1648 3161 1729 desuper
3199 1648 3743 1710 communicatum
3790 1649 3957 1710 infe-

2453 1745 2727 1808 rioribus
2761 1746 2950 1810 tradit
2982 1746 3163 1828 quasi
3198 1747 3551 1808 secundum
3588 1746 3820 1809 lineam
3854 1766 3956 1809 re-

838 1850 934 1905 est
980 1863 1172 1926 supra
1215 1852 1524 1906 naturam.
1563 1844 1683 1906 Sed
1729 1845 1880 1926 quia
1927 1842 2201 1906 difficile
2245 1843 2336 1904 vi·
2374 1841 2421 1903 B
2452 1852 2637 1906 ctam.
2674 1845 2795 1908 Sed
2827 1852 3036 1908 motus
3066 1845 3433 1908 nominatur
3462 1845 3955 1928 obliquuS,pro-

838 1940 1023 2002 detur
1055 1941 1407 2024 intelligere
1439 1943 1606 2025 quod
1640 1950 2031 2024 pertranseat
2061 1942 2331 2024 spatium

840 2039 997 2120 quin
1038 2039 1122 2102 sit
1153 2040 1216 2103 in
1260 2041 1553 2122 pluribus
1595 2041 1884 2124 partibus
1922 2040 2094 2122 ejus3
2137 2049 2201 2103 et
2232 2059 2338 2123 po-

838 2158 989 2201 nere
1034 2140 1202 2221 quod
1243 2138 1456 2202 subito
1501 2148 1829 2202 moveatur
1871 2152 1932 2202 et
1972 2140 2050 2201 sit
2099 2141 2163 2202 in
2201 2140 2338 2223 plu-

838 2236 1016 2299 ribus
1068 2236 1354 2320 partibus
1413 2239 1627 2313 medii,
1679 2247 1775 2301 est
1825 2257 2060 2321 ponere
2111 2238 2173 2301 in
2227 2240 2337 2302 illo

840 2344 1014 2399 motu
1073 2337 1242 2418 quod
1299 2337 1382 2398 sit
1431 2338 1494 2399 in
1551 2337 1843 2419 pluribus
1903 2337 2060 2400 locis
2118 2338 2334 2411 simul,

836 2435 1004 2516 quod
1045 2436 1308 2498 omnino
1349 2435 1698 2498 absurdum
1740 2443 1835 2499 est
1865 2437 2075 2499 dicere
2115 2437 2194 2498 de
2232 2457 2339 2499 an-

834 2534 996 2615 gelo,
1034 2542 1102 2597 ut
1133 2535 1346 2597 Sancti
1387 2542 1577 2617 atque
1619 2535 1982 2617 philosophi
2022 2543 2083 2597 et
2125 2536 2338 2598 docto-

835 2651 936 2694 res
980 2634 1277 2696 catholici
1329 2634 1727 2696 concorditer
1770 2634 1994 2696 dicunt
2038 2651 2052 2696 ε
2097 2635 2337 2698 idcirco

834 2731 1200 2807 dicendum,
1233 2733 1404 2815 quod
1436 2733 1696 2814 angelus
1732 2751 1860 2796 non
1901 2741 2194 2796 movetur
2224 2754 2338 2816 per

837 2831 1120 2893 medium
1166 2839 1342 2893 motu
1386 2831 1620 2906 subit0‚
1654 2832 1764 2894 sed
1804 2833 2185 2895 successivo.
2222 2833 2339 2896 No-

835 2930 1098 2992 tandum
1131 2937 1228 2991 est
1256 2947 1428 3012 ergo,
1462 2930 1631 3011 quod
1664 2930 1729 2991 in
1762 2938 1936 2992 motu
1974 2933 2336 2995 successivo

2451 1949 2519 2004 ut
2568 1943 3004 2006 consideratur
3052 1944 3260 2005 exitus
3310 1943 3575 2006 luminis
3617 1963 3655 2006 a
3704 1944 3833 2006 Deo
3884 1944 3954 2006 in

2450 2049 2729 2104 mentem
2778 2042 3007 2124 angeli,
3060 2050 3123 2104 et
3170 2043 3403 2105 deinde
3451 2040 3807 2105 reflectitur
3855 2043 3955 2104 lu-

2452 2158 2597 2201 men
2644 2139 2800 2202 illud
2840 2140 2918 2202 ad
2963 2139 3265 2202 inferiora
3302 2139 3541 2222 quibus
3584 2139 3801 2202 lumen
3842 2161 3955 2202 su-

2448 2257 2556 2299 um
2598 2238 2861 2320 angelus
2899 2238 3090 2301 tradit
3122 2257 3137 2303 ε
3174 2258 3287 2320 ρει·
3318 2238 3486 2320 quod
3529 2238 3745 2301 lumen
3788 2239 3955 2301 infe-

2449 2336 2615 2398 riora
2653 2354 2780 2398 non
2823 2336 3215 2400 reducuntur
3247 2337 3313 2399 in
3343 2336 3641 2418 angelum
3682 2338 3848 2400 sicut
3882 2338 3954 2400 in

2448 2432 2669 2508 finem,
2706 2435 2815 2497 sed
2856 2435 2921 2497 in
2963 2435 3183 2497 Deum.
3219 2435 3336 2508 Qui
3382 2442 3590 2497 motus
3630 2445 3726 2498 est
3764 2436 3955 2518 quasi

2448 2534 2839 2616 compositus
2869 2553 2947 2596 ex
2978 2542 3151 2597 recto
3180 2541 3243 2597 ει
3274 2535 3590 2609 circulari,
3616 2535 3785 2597 sicut
3814 2554 3957 2598 mo·

2446 2642 2551 2696 tus
2598 2633 2709 2715 qui
2758 2641 2925 2696 esset
2974 2653 3087 2716 per
3135 2633 3437 2696 chordam
3488 2641 3549 2696 et
3596 2653 3819 2696 arcum
3866 2635 3955 2697 ab

2447 2731 2669 2794 eodem
2712 2731 2775 2793 in
2820 2731 2985 2794 idem
3023 2750 3036 2794 :
3070 2731 3437 2814 obliquatur
3464 2732 3703 2795 etenim
3737 2741 3955 2795 motus

2448 2831 2588 2905 iste,
2624 2838 2812 2912 prout
2851 2830 3087 2893 recedit
3116 2830 3196 2892 ab
3230 2830 3667 2894 uniformitate
3707 2832 3957 2914 recepti

2449 2928 2732 3003 luminis,
2767 2929 2936 3011 quod
2976 2946 3103 2992 non
3134 2929 3327 2991 estin
3366 2929 3610 3010 augelis
3648 2929 3955 2993 secundis

835 3028 1236 3090 successione
1285 3027 1589 3110 perfecta,
1642 3029 1962 3091 successio
2011 3030 2213 3091 oritur
2258 3049 2336 3093 ex
2370 3033 2413 3096 C
2446 3027 2613 3090 sicut
2652 3027 2718 3090 in
2760 3028 2987 3110 primo.
3023 3064 3104 3073 —
3132 3027 3461 3091 Secundus
3507 3038 3717 3091 motus
3757 3047 3953 3110 ange-

836 3126 1237 3208 quadruplici
1278 3146 1485 3190 causa.
1522 3127 1729 3189 Prima
1758 3134 1854 3190 est
1883 3127 2184 3191 distantia
2213 3138 2334 3192 ter-

837 3225 996 3287 mini
1045 3244 1082 3286 a
1131 3243 1256 3307 quo
1314 3233 1606 3308 respectu
1664 3226 1922 3287 termini
1979 3228 2056 3288 ad
2117 3246 2330 3310 quem.

836 3324 1125 3386 Secunda
1169 3330 1268 3385 est
1313 3324 1672 3387 resistentia
1721 3324 1932 3386 medii.
1988 3325 2195 3387 Tertia
2240 3332 2336 3387 est

836 3423 1220 3507 partibilitas
1260 3425 1537 3488 mobilis.
1574 3424 1804 3497 Quarta
1833 3432 1928 3487 est
1961 3425 2176 3487 finitas
2208 3424 2335 3487 vir-

835 3522 1010 3597 tutis,
1053 3542 1129 3587 eo
1179 3524 1348 3606 quod
1399 3523 1600 3587 finitae
1648 3524 1902 3586 virtutis
1951 3524 2034 3586 sit
2078 3524 2333 3606 proprie

837 3639 1090 3684 movere
1122 3641 1235 3704 per
1265 3622 1542 3705 spatium
1575 3623 1639 3685 in
1675 3630 1976 3704 tempore.
2012 3621 2171 3683 Hinc
2206 3640 2334 3684 mo-

835 3728 936 3782 tus
968 3721 1173 3801 angeli
1207 3739 1332 3783 non
1364 3729 1461 3783 est
1491 3721 1891 3783 successivus
1929 3720 2332 3783 successione

834 3818 1136 3901 perfecta,
1170 3819 1321 3901 quia
1360 3819 1582 3882 deficit
1613 3819 1703 3882 ibi
1740 3819 2095 3881 resistentia
2136 3819 2331 3881 medii

833 3924 898 3979 et
938 3917 1317 4000 partibilitas
1366 3918 1657 3998 mobilis;
1697 3926 1794 3981 est
1832 3926 2044 3981 tamen
2083 3937 2332 3981 succes-

835 4016 1010 4079 sivus
1050 4017 1291 4079 ratione
1329 4017 1644 4080 distantiae
1685 4018 1901 4092 medii,
1938 4018 2002 4080 in
2038 4036 2166 4100 quo
2204 4035 2329 4080 non

837 4122 1044 4196 potest
1091 4134 1230 4177 esse
1287 4116 1480 4177 simul
1542 4134 1654 4198 per
1703 4123 1930 4189 totum,
1978 4124 2038 4178 et
2089 4118 2331 4179 ratione

2449 3126 2653 3189 lorum
2714 3134 2810 3190 est
2866 3146 2981 3211 per
3039 3136 3292 3209 tempus
3345 3147 3359 3191 ε
3414 3147 3607 3210 quem
3666 3128 3955 3209 assignat

2445 3227 2839 3307 Augustinus
2876 3226 2941 3288 in
2976 3225 3221 3305 littera3
3263 3233 3322 3289 et
3355 3226 3657 3309 quoniam
3690 3234 3951 3308 tempus

2444 3332 2542 3388 est
2585 3344 2883 3389 mensura
2932 3325 3461 3400 successivorum‚
3507 3326 3649 3388 ideo
3686 3344 3949 3387 omnem

2446 3424 2913 3487 successionem
2944 3424 3220 3507 appellat
3252 3432 3497 3487 motum
3527 3444 3641 3507 per
3670 3431 3945 3507 tempus.

2444 3522 2773 3585 Invenitur
2828 3530 3039 3586 autem
3104 3523 3424 3586 successio
3484 3523 3549 3584 in
3616 3522 3951 3585 intellectu

2442 3621 2673 3702 angeli,
2708 3622 3009 3703 quoniam
3053 3622 3263 3685 omnis
3303 3622 3665 3684 intellectus
3703 3622 3813 3704 qui
3846 3640 3952 3684 co-

2442 3720 2685 3799 gnoscit
2734 3719 2985 3783 diversa
3028 3740 3143 3803 per
3186 3720 3467 3783 diversas
3512 3720 3781 3802 species,
3813 3738 3947 3783 non

2443 3826 2645 3899 potest
2688 3818 2879 3881 simul
2924 3826 3068 3882 actu
3114 3818 3219 3881 illa
3264 3837 3661 3900 cognoscere.
3697 3819 3951 3881 Intelle-

2442 3924 2581 3979 ctus
2629 3924 2841 3979 autem
2900 3918 3104 3999 angeli
3158 3924 3365 3999 potest
3414 3936 3792 3999 cognoscere
3838 3936 3946 3980 res

2442 4015 2784 4098 dupliciter
2829 4016 2964 4079 sive
3012 4014 3251 4098 duplici
3313 4018 3548 4098 specie,
3602 4024 3754 4099 puta
3804 4036 3820 4079 :
3876 4016 3946 4078 in

2441 4115 2647 4177 Verbo
2688 4122 2954 4187 ·aetern0‚
2997 4114 3166 4197 quod
3210 4122 3303 4177 est
3346 4115 3637 4178 omnium
3687 4134 3813 4177 una
3862 4116 3949 4177 si·

836 4212 1104 4275 finitatis
1139 4213 1393 4276 virtutis
1433 4215 1769 4288 moventiS,
1804 4234 1945 4295 quae
1985 4232 2110 4276 non
2151 4233 2333 4276 exce·
2363 4217 2411 4279 D
2445 4214 2761 4288 militudo,
2812 4213 2879 4275 in
2928 4231 3057 4295 quo
3105 4221 3313 4296 potest
3364 4213 3563 4275 multa
3610 4213 3799 4275 simul
3852 4214 3949 4276 vi·

837 4311 926 4373 dit
977 4312 1256 4373 medium
1309 4312 2048 4394 improportionabiliter‚
2091 4313 2332 4375 idcirco

835 4427 954 4471 nec
996 4409 1149 4471 facit
1193 4418 1436 4472 motum
1482 4411 1692 4473 medio
1736 4411 2331 4493 improportionabi-

838 4510 984 4572 lem.
1020 4511 1160 4573 Haec
1206 4510 1393 4571 idem.

919 4708 1096 4772 Circa
1137 4708 1271 4771 haec
1315 4707 1597 4790 loquitur
1636 4708 1906 4771 Thomas
1941 4726 1954 4772 :
1989 4709 2331 4791 Triplicem

837 4815 1080 4872 motum
1128 4808 1337 4871 Sancti
1381 4806 1739 4868 attribuunt
1781 4808 2041 4888 angelis,
2086 4806 2332 4869 Primus

835 4913 931 4969 est
992 4906 1346 4969 secundum
1414 4904 1916 4968 illuminationes
1977 4924 2013 4966 a
2076 4905 2203 4967 Deo
2266 4905 2331 4967 in

838 5012 1114 5068 mentem
1157 5003 1363 5085 angeli
1405 5002 1880 5065 descendentes,
1915 5003 2062 5075 Quae
2098 5002 2334 5064 illumi-

834 5104 1006 5166 natio
1050 5102 1481 5186 metaphorice
1529 5109 1737 5164 motus
1780 5108 2041 5164 vocatur
2083 5118 2097 5162 :
2141 5119 2335 5183 quem

833 5203 898 5267 B.
953 5201 1291 5286 Dionysius
1351 5208 1574 5284 quarto
1635 5200 1914 5281 capitulo
1962 5200 2039 5261 de
2088 5199 2336 5262 Divinis

835 5302 1205 5366 nominibus
1244 5299 1538 5364 attribuit
1573 5298 1839 5381 angeliS,
1872 5305 2061 5381 atque
2103 5297 2168 5359 in
2210 5304 2335 5359 tres

2442 4313 2640 4391 dere3
2701 4321 2763 4374 et
2823 4313 2975 4375 item
3040 4332 3153 4395 per
3209 4312 3453 4394 species
3517 4312 3763 4374 innatas
3824 4331 3943 4375 seu

2443 4418 2805 4472 concreatas
2853 4410 3087 4473 inditas
3138 4410 3285 4483 sibi,
3336 4430 3477 4492 quae
3525 4409 3741 4492 plures
3790 4418 3947 4472 sunt

2442 4509 2726 4592 plurium
2774 4527 2787 4571 :
2830 4509 2982 4572 hinc
3025 4528 3140 4592 per
3190 4509 3329 4571 illas
3378 4509 3623 4591 species
3670 4526 3795 4571 non
3838 4528 3945 4571 co-

2442 4607 2689 4689 gnoscit
2731 4606 2915 4690 plura
2963 4606 3178 4680 simul,
3222 4606 3347 4668 nisi
3396 4626 3537 4688 quae
3586 4624 3701 4688 per
3745 4626 3943 4669 unam

2444 4706 2721 4788 speciem
2772 4712 3323 4788 repraesentantur.
3368 4705 3543 4767 Unde
3588 4705 3944 4766 secundum

2443 4805 2563 4866 hoc
2608 4804 2673 4865 in
2726 4804 3051 4865 intellectu
3100 4802 3307 4883 angeli
3357 4803 3648 4865 consistit
3690 4822 3945 4865 succes·

2444 4903 2560 4977 si0,
2612 4922 2754 4985 quae
2802 4910 3063 4964 extenso
3120 4901 3380 4963 nomine
3429 4901 3665 4963 dicitur
3718 4901 3940 4965 motio.

2444 5001 2674 5063 Differt
2728 5010 2940 5063 tamen
2998 5020 3035 5062 a
3094 5007 3271 5063 motu
3329 5000 3586 5082 pro'prie
3643 4999 3813 5062 dicto
3875 4999 3946 5062 in

2444 5099 2694 5162 duobus
2732 5100 2811 5161 ad
2855 5098 3085 5161 minus.
3120 5098 3350 5171 Primo,
3384 5098 3537 5179 quia
3575 5115 3703 5160 non
3732 5104 3829 5159 est
3860 5098 3947 5163 de

2445 5198 2729 5280 potentia
2770 5198 2835 5259 in
2868 5204 3103 5271 actum,
3139 5196 3249 5259 sed
3288 5196 3367 5258 de
3406 5204 3549 5257 actu
3594 5196 3659 5257 in
3698 5204 3941 5260 actum.

2448 5296 2757 5371 Secund0,
2810 5295 2960 5379 quia
3018 5312 3145 5357 non
3206 5302 3302 5357 est
3358 5294 3679 5357 continua.
3732 5294 3947 5361 Motus
