4359 6250
1242 531 1327 576 AN
1367 531 1611 577 VERBUM
1653 530 1907 576 mortun
1950 528 2211 575 DICATUR
2253 529 2316 575 IN
2359 529 2584 575 Dllels

363 699 749 761 aeternaliter
797 707 860 760 et
919 699 1350 782 temporaliter
1400 717 1414 760 :

366 798 720 878 temporale
750 817 877 860 non
909 807 1004 859 est
1042 799 1207 859 Deus
1239 816 1446 879 neque
1480 797 1541 859 in
1574 798 1722 869 Deo,
1756 797 1865 857 sed

366 903 711 974 creatura;
772 897 1049 958 Verbum
1116 905 1329 958 autem
1397 904 1704 958 aeternum
1771 903 1867 956 est

364 994 557 1061 Deus,
602 1002 663 1056 et
715 1001 811 1056 est
856 995 1063 1056 solum
1112 994 1284 1056 illius
1339 993 1523 1073 cujus
1572 1003 1668 1056 est
1719 1011 1864 1055 con—

366 1092 603 1174 cipere.
668 1093 814 1155 Ideo
871 1093 1143 1155 rationes
1204 1093 1542 1175 probantes
1596 1092 1864 1154 verbum

368 1191 776 1253 notionaliter
822 1192 1049 1272 accipi,
1098 1199 1247 1252 sunt
1296 1191 1673 1272 simpliciter
1723 1208 1867 1252 con-

367 1290 689 1364 cedendae,
724 1299 785 1351 et
830 1291 996 1371 quod
1048 1290 1257 1352 dicere
1302 1308 1429 1353 non
1480 1291 1728 1371 capitur
1775 1309 1867 1351 es-

366 1389 743 1460 sentialiter,
778 1388 901 1450 nisi
954 1397 1245 1470 respectu
1298 1389 1474 1450 verbi
1526 1389 1745 1460 creati,
1780 1395 1867 1450 at-

368 1506 493 1568 que
543 1497 613 1548 ut
664 1488 1079 1569 temporalem
1127 1495 1301 1550 notat
1350 1486 1675 1550 effectum.
1724 1487 1867 1549 Haec

369 1585 827 1648 Bonaventura.

436 1684 765 1747 Postremo
788 1685 1070 1766 AEgidius
1104 1685 1207 1746 hic
1239 1685 1459 1746 recitat
1485 1685 1864 1765 positionem

368 1783 625 1845 Thomae
686 1783 750 1844 in
812 1783 1082 1865 Scripto,
1145 1783 1310 1845 sicut
1370 1785 1557 1846 modo
1620 1790 1868 1845 narrata

3345 507 3460 572 251

1467 699 1863 780 verbumque-
1898 697 1947 758 A
1978 705 2146 771 sunt,
2183 699 2438 780 penitus
2478 708 2900 762 removentur.
2936 698 3214 761 Verbum
3255 707 3466 762 autem

1981 797 2254 858 mentale
2299 799 2466 879 quod
2515 799 2592 859 ad
2643 799 2858 861 divina
2907 799 3305 871 transfertur,
3342 817 3469 861 non

1977 903 2074 956 est
2123 913 2376 961 sonans,
2408 897 2534 958 vile
2577 915 2649 957 ac
2692 898 3025 972 transienS,
3060 899 3170 960 sed
3213 899 3278 960 in
3330 899 3471 960 luce

1981 995 2212 1055 mentis
2263 993 2617 1074 quiescens,
2671 995 2784 1057 Per
2833 997 2998 1077 quod
3060 1004 3230 1078 patet
3279 996 3470 1078 primi

1980 1092 2277 1173 tertiique
2327 1092 2575 1154 solutio.
2609 1093 2810 1155 —Ad
2861 1096 3209 1156 secundum
3262 1096 3472 1157 dicen-

1979 1191 2153 1264 dum,
2191 1194 2358 1272 quod
2391 1192 2658 1254 verbum
2700 1193 2953 1273 proprie
2993 1201 3344 1274 sumptum,
3379 1194 3470 1255 di-

1980 1289 2146 1351 citur
2194 1291 2346 1372 quid
2407 1290 2722 1373 prolatum
2773 1299 2836 1352 et
2886 1291 3290 1372 originatum,
3345 1310 3470 1353 non

1980 1396 2192 1449 tamen
2257 1389 2510 1470 proprie
2570 1389 2894 1450 initiatum
2953 1397 3059 1451 aut
3126 1389 3471 1471 principia-

1979 1493 2115 1547 tum
2167 1503 2181 1547 ε
2232 1487 2360 1548 imo
2409 1495 2616 1567 potest
2663 1506 2800 1550 esse
2849 1495 3038 1569 atque
3089 1487 3153 1549 in
3201 1488 3328 1550 Deo
3377 1497 3473 1551 est

1982 1583 2328 1666 proferenti
2372 1605 2444 1646 ac
2488 1585 2770 1666 gignenti
2817 1595 3218 1648 coaeternum.

2060 1782 2242 1844 Nunc
2291 1790 2483 1843 restat
2539 1783 2892 1856 ostendere,
2945 1783 3038 1844 An
3091 1785 3356 1844 verbum
3408 1786 3471 1846 in

367 1889 483 1952 est,
524 1889 583 1942 et
627 1880 782 1943 dicit
831 1901 970 1943 eam
1011 1881 1073 1943 in
1122 1882 1325 1943 tribus
1370 1881 1646 1944 deficere
1686 1900 1699 1943 :
1744 1882 1867 1963 pri·
1906 1882 1952 1943 B
1982 1881 2218 1942 divinis
2249 1899 2502 1961 semper
2531 1881 2699 1942 dicat
2730 1889 3087 1961 respectum
3118 1883 3196 1944 ad
3228 1892 3470 1946 creata:

368 1998 494 2050 mo,
539 1981 845 2060 quoniam
885 1980 1153 2042 verbum
1196 1999 1311 2042 nec
1355 1989 1451 2042 est
1492 1981 1737 2061 species
1779 1981 1868 2041 in—

370 2079 745 2159 telligibiliS,
783 2097 899 2140 nec
934 2078 1099 2140 actio
1138 2079 1531 2155 intellectus3
1564 2078 1865 2146 secundo,

368 2178 519 2259 quia
550 2197 668 2239 nec
710 2178 925 2259 specie
959 2177 1346 2258 intelligibili
1381 2197 1497 2239 nec
1524 2178 1719 2240 verbo
1749 2177 1870 2239 for-

372 2277 624 2338 maliter
662 2276 1123 2356 intelligimus;
1168 2276 1374 2348 tertio,
1412 2277 1563 2358 quia
1600 2276 1867 2338 verbum

374 2394 495 2436 non
540 2375 701 2437 dicit
744 2375 899 2456 quid
942 2375 1307 2437 absolutum
1356 2394 1501 2436 cum
1556 2383 1864 2456 respectu.

448 2475 543 2537 Ad
573 2493 719 2556 quae
760 2474 905 2535 dico
943 2493 1091 2535 cum
1130 2482 1349 2535 sancto
1381 2475 1665 2546 Doctore‚
1701 2473 1867 2554 quod

371 2573 639 2654 quaestio
690 2573 811 2633 ista
859 2581 953 2634 est
997 2573 1072 2634 de
1122 2572 1379 2634 nomine
1424 2571 1635 2654 potius
1676 2591 1867 2652 quam

372 2675 447 2734 de
490 2691 577 2734 re.
616 2672 861 2733 Idcirco
905 2671 970 2733 in
1013 2691 1085 2733 ea
1130 2671 1403 2732 multum
1451 2670 1729 2732 cavillari
1778 2671 1868 2732 vi—

370 2772 554 2832 detur
594 2770 845 2831 inutile.
878 2771 973 2830 An
1010 2776 1225 2831 autem
1266 2769 1536 2830 verbum
1580 2769 1663 2830 sit
1704 2769 1870 2830 actio

372 2869 759 2941 intellectus,
795 2867 985 2948 paulo
1024 2877 1168 2950 post
1209 2868 1582 2948 inquiretur.
1619 2868 1706 2928 De
1743 2885 1871 2948 quo

368 2967 683 3049 quidquid
716 2967 862 3047 quis
902 2967 1087 3033 dicat,
1123 2973 1365 3027 certum
1407 2972 1503 3027 est
1541 2967 1709 3046 quod
1742 2973 1869 3027 tam

1981 1979 2149 2060 quod
2200 1985 2294 2041 est
2352 1997 2550 2040 uuum
2603 1980 2680 2039 de
2741 1979 3203 2061 principalibus
3262 1982 3472 2044 dubiis

1983 2077 2174 2157 hujus
2219 2077 2666 2139 distinctionis

2059 2177 2322 2237 Videtur
2351 2177 2519 2256 quod
2561 2177 2672 2236 sic.
2709 2176 2940 2251 Prim0,
2974 2178 3274 2258 quoniam
3308 2182 3472 2242 Deus

1982 2275 2172 2336 unico
2229 2282 2372 2336 actu
2437 2275 2829 2354 intelligendi
2891 2276 3110 2354 genuit
3168 2277 3470 2351 Verbum,

1981 2374 2149 2454 quod
2194 2381 2289 2434 est
2335 2373 2534 2452 ipsius
2578 2373 2784 2452 imago
2827 2381 2888 2435 et
2928 2375 3213 2436 omnium
3259 2395 3472 2438 rerum

1982 2480 2334 2533 creatarum
2383 2471 2728 2552 exemplar,
2782 2480 2851 2533 ut
2896 2473 3309 2553 Augustinus,
3350 2475 3472 2536 An-

1980 2569 2241 2644 selmuS,
2292 2569 2528 2650 aliique
2579 2571 2974 2631 concorditer
3022 2572 3260 2633 dicunt.
3312 2573 3473 2653 Ergo

1980 2667 2145 2728 sicut
2178 2669 2442 2726 verbum
2473 2668 2628 2729 dicit
2660 2677 3018 2748 respectum
3050 2671 3128 2730 ad
3157 2670 3476 2751 proferen-

1981 2773 2132 2836 tem,
2187 2765 2273 2826 ita
2319 2766 2395 2827 ad
2452 2773 2788 2828 creaturas,
2848 2767 3157 2841 Secunde,
3209 2769 3360 2850 quia
3407 2769 3472 2831 in

1982 2864 2186 2925 Verbo
2230 2864 2340 2925 Dei
2386 2872 2614 2926 cuncta
2655 2865 2962 2938 relucent,
3009 2873 3070 2926 et
3120 2867 3330 2949 ipsum
3379 2877 3476 2929 est

1980 2982 2080 3024 ars
2128 2963 2478 3024 rationibus
2527 2963 2714 3043 plena
2757 2983 2830 3024 ac
2877 2964 3152 3025 mundus
3194 2965 3477 3048 archety-

368 3066 583 3148 specie
624 3065 1017 3146 intelligibili
1058 3084 1249 3147 quam
1290 3072 1434 3126 actu
1476 3063 1868 3145 intelligendi
1906 3065 1949 3127 C
1984 3080 2124 3143 pUS,
2156 3069 2224 3121 ut
2252 3061 2476 3121 asserit
2505 3060 2895 3142 Augustinus
2931 3079 2944 3123 ε
2979 3063 3087 3123 sed
3121 3081 3233 3145 per
3261 3064 3475 3126 omnia

369 3184 479 3227 seu
512 3165 713 3227 verbo
746 3164 1003 3226 mentali
1036 3164 1386 3226 formaliter
1416 3164 1866 3243 intelligamuS,

372 3264 493 3326 nisi
526 3263 690 3325 forte
721 3270 962 3323 stemus
994 3263 1058 3324 in
1102 3263 1410 3325 terminis.
1445 3262 1559 3324 Per
1591 3262 1653 3323 id
1695 3282 1869 3324 nam-

372 3381 497 3444 que
552 3362 907 3424 formaliter
956 3361 1307 3443 intelligere
1357 3360 1654 3434 dicimur,
1701 3362 1869 3442 quod

371 3470 465 3523 est
527 3459 800 3523 formale
865 3459 1254 3541 principium
1315 3458 1708 3540 intelligendi
1769 3459 1870 3521 vel

372 3560 511 3641 ipsa
542 3558 894 3621 intellectio
923 3558 1187 3619 actualis
1223 3575 1236 3619 :
1272 3558 1437 3619 sicut
1467 3558 1683 3619 videre
1714 3577 1876 3619 asse-

371 3658 575 3719 rimur
614 3657 795 3719 radio
832 3656 1060 3718 visuali
1103 3675 1214 3718 seu
1255 3655 1676 3717 similitudine
1712 3656 1873 3717 colo-

371 3757 457 3817 ris
498 3755 849 3819 exsistente
880 3755 945 3816 in
980 3754 1186 3828 oculo,
1220 3763 1282 3816 et
1313 3754 1451 3834 ipsa
1481 3753 1743 3815 visione.
1780 3755 1871 3816 Ad

369 3864 583 3917 actum
644 3860 861 3915 autem
914 3852 1307 3932 intelligendi
1359 3851 1683 3913 concurrit
1733 3872 1872 3933 spe-

371 3954 501 4015 cies
534 3950 961 4032 intelligibilis
998 3958 1301 4031 tanquam
1343 3949 1609 4013 formale
1641 3949 1871 4032 princi-

374 4052 553 4133 pium
596 4050 1017 4131 intelligendi,
1051 4058 1112 4111 et
1154 4050 1292 4131 ipsa
1325 4049 1590 4111 actualis
1633 4049 1873 4110 intelle-

375 4150 502 4212 ctio
530 4169 645 4211 seu
680 4149 911 4209 mentis
952 4148 1287 4229 conceptio
1325 4155 1627 4227 tanquam
1670 4147 1872 4208 forma

376 4248 797 4310 denominans
850 4265 863 4307 ε

380 4346 630 4408 maliter
677 4344 1115 4425 intelligimus
1150 4381 1232 4390 —
1268 4346 1361 4407 An
1412 4363 1562 4407 vero
1606 4344 1871 4406 verbum

380 4445 578 4526 possit
636 4444 855 4525 aliquo
912 4444 1101 4505 modo
1168 4444 1587 4506 essentialiter
1642 4444 1870 4525 accipi,

380 4544 649 4605 Thomas
680 4549 744 4604 et
775 4542 1071 4603 Albertus
1104 4541 1561 4603 rationabiliter
1590 4542 1741 4603 satis
1772 4543 1875 4603 de—

378 4642 617 4703 clarant
653 4658 667 4701 :
704 4640 875 4721 quod
907 4647 1121 4700 'tamen
1158 4646 1253 4701 est
1292 4640 1369 4700 de
1408 4639 1564 4719 quid
1595 4639 1871 4701 nominis

377 4739 751 4821 disceptare.
787 4738 985 4799 Tenet
1022 4754 1171 4817 ergo
1198 4736 1503 4816 AEgidiuS,
1537 4737 1703 4817 quod
1734 4756 1870 4797 ver·

378 4838 529 4900 bum
570 4837 783 4900 solum
826 4835 1262 4918 personaliter,
1296 4834 1557 4896 relative
1597 4834 1874 4897 notiona-

380 4936 599 4999 literve
641 4935 895 4999 dicatur
934 4935 998 4996 in
1041 4934 1187 4996 De0.

460 5134 549 5195 Ad
599 5133 857 5213 objecta
905 5132 1267 5203 dicendum,
1320 5133 1497 5213 quod„
1539 5131 1691 5192 dum
1740 5148 1875 5191 ver-

382 5232 535 5293 bum
584 5232 717 5294 Deo
764 5228 1168 5301 adscribitur,
1220 5228 1427 5289 omnis
1478 5228 1876 5309 imperfectio

387 5337 451 5390 et
504 5330 716 5392 vilitas
773 5345 917 5409 quae
974 5325 1031 5387 ei
1092 5325 1158 5385 in
1217 5324 1521 5387 creaturis
1579 5324 1877 5405 adjuncta

1983 3161 2102 3221 ista
2132 3168 2384 3221 notatur
2415 3169 2740 3240 respectus
2769 3161 2847 3223 ad
2879 3169 3214 3223 creaturas
3241 3164 3470 3235 Tertio,

1984 3278 2174 3340 super
2215 3258 2394 3328 illud,
2429 3260 2495 3320 ln
2538 3259 2856 3340 principio
2893 3268 3026 3321 erat
3057 3261 3356 3337 Verbum,
3390 3263 3477 3324 di·
3501 3280 3765 3330 loann.1,i.

1984 3364 2135 3419 cunt.
2192 3357 2450 3438 quidam
2511 3358 2922 3439 expositores,
2977 3360 3145 3441 quod
3195 3361 3472 3423 Verbum

1983 3456 2280 3536 importat
2311 3463 2670 3535 respectum
2701 3474 2828 3517 non
2859 3456 3066 3518 solum
3095 3458 3173 3519 ad
3205 3458 3470 3533 Patrem,

1981 3555 2089 3615 sed
2130 3553 2324 3614 etiam
2361 3553 2438 3613 ad
2475 3561 2702 3614 creata.
2737 3590 2818 3599 —
2849 3556 2914 3615 ln
2955 3556 3319 3637 oppositum
3354 3565 3469 3630 est,

1983 3653 2131 3734 quia
2161 3671 2304 3733 quae
2345 3659 2688 3713 connotant
2726 3651 3028 3715 effectum
3062 3654 3126 3715 in
3163 3663 3470 3731 creatura,

1984 3768 2107 3812 non
2159 3758 2532 3831 competunt
2580 3750 2707 3812 Deo
2755 3751 2834 3812 ab
2888 3759 3141 3814 aeterno.
3195 3753 3470 3815 Verbum

1983 3856 2195 3910 autem
2238 3848 2620 3911 aeternaliter
2663 3850 2958 3911 convenit
3001 3852 3145 3913 De0.

2062 3947 2153 4008 Ad
2196 3947 2315 4008 hoc
2355 3954 2613 4008 sauctus
2644 3948 2870 4009 Doctor
2912 3950 3247 4030 respondet
3283 3968 3296 4011 ε
3329 3951 3474 4012 Ver-

1983 4045 2136 4108 bum
2171 4046 2237 4106 in
2267 4045 2502 4107 divinis
2535 4063 2662 4107 non
2693 4065 2945 4126 semper
2973 4047 3207 4109 dicitur
3237 4068 3350 4129 per
3379 4068 3472 4110 re-

1984 4152 2273 4225 spectum
2304 4144 2380 4203 ad
2423 4151 2764 4215 creaturas,
2797 4144 2906 4205 sed
2947 4144 3288 4226 aliquando
3322 4147 3474 4208 dici—

917 4265 1066 4328 ergo
1125 4254 1395 4327 utroque
1446 4246 1698 4309 illorum
1749 4245 1872 4307 for·
1903 4249 1952 4310 D
1984 4251 2087 4303 tur
2117 4261 2262 4303 cum
2296 4250 2611 4322 respectu,
2641 4242 2958 4304 interdum
2991 4244 3128 4305 sine
3160 4254 3468 4326 respectu.

1982 4341 2256 4404 Verbum
2292 4359 2565 4421 namque
2606 4340 2742 4402 sive
2782 4342 3029 4403 dicatur
3057 4344 3476 4406 essentialiter

1982 4440 2115 4501 sive
2158 4439 2596 4520 personaliter,
2632 4440 2878 4520 species
2916 4449 3013 4503 est
3051 4450 3375 4522 concepta,
3412 4444 3472 4505 in

1983 4555 2107 4619 qua
2155 4546 2252 4599 est
2301 4538 2655 4601 similitudo
2703 4539 2843 4620 ejus
2893 4541 3062 4620 quod
3112 4540 3366 4613 dicitur,
3403 4560 3474 4601 ac

1982 4636 2276 4710 dicentis,
2312 4637 2463 4697 dum
2515 4637 2657 4718 quis
2710 4637 2864 4698 dicit
2908 4658 2974 4699 se
3022 4638 3252 4719 ipsum.
3288 4640 3475 4702 Porro

1981 4734 2198 4796 divina
2247 4735 2522 4796 essentia
2565 4754 2676 4797 seu
2718 4735 2898 4796 Pater
2941 4736 3263 4816 praehabet
3305 4737 3366 4798 in
3408 4756 3474 4798 se

1982 4831 2470 4894 similitudinem
2535 4834 2742 4895 omnis
2807 4841 3107 4895 creaturae
3175 4841 3474 4915 tanquam

1982 4930 2320 5011 exemplar.
2351 4931 2591 4993 Idcirco
2621 4933 2789 5012 quod
2817 4931 3218 5011 significatur
3246 4940 3314 4992 ut
3343 4951 3478 5012 spe-

1983 5030 2110 5092 cies
2142 5037 2252 5090 aut
2281 5029 2631 5091 similitudo
2658 5029 2852 5091 Patris
2880 5037 2983 5090 aut
3013 5029 3244 5091 divinae
3273 5049 3478 5091 essen-

1985 5128 2106 5200 tiae,
2140 5127 2193 5187 si
2248 5126 2528 5208 perfecta
2578 5128 2662 5188 sit
2708 5127 3084 5196 similitudo,
3127 5127 3477 5189 continebit

1988 5226 2049 5287 in
2096 5244 2163 5287 se
2211 5224 2700 5287 similitudinem
2750 5224 3038 5285 omnium
3089 5243 3318 5286 rerum.
3355 5225 3474 5287 Sed

1987 5324 2282 5406 quamvis
2314 5322 2553 5403 aliquid
2595 5322 2676 5384 sit
2711 5322 2956 5404 species
2987 5324 3086 5385 vel
3126 5322 3480 5388 similitudo
