4359 6250
1082 528 1285 579 ornum
1327 532 1638 579 VOLUNTAS
1682 532 2073 579 Baxartaciri
2114 536 2217 581 nm
2261 534 2496 583 sannen
2538 538 2879 583 mnam-un
3409 506 3526 581 627

431 709 728 782 respectu
761 704 1121 765 communis
1152 712 1391 767 naturae
1424 704 1769 777 rationaliS‚
1798 722 1926 765 mo·
1957 705 2006 767 Α
2038 706 2474 769 consideretur
2514 716 2755 770 tantum
2801 717 3025 770 natura
3066 707 3288 790 ipsiuS,
3322 727 3528 790 aequa·

432 810 689 862 ventem
731 802 943 883 ipsum
986 805 1185 865 Deum
1224 805 1301 865 ad
1345 803 1777 865 exhibendum
1822 804 1928 866 be-

432 898 668 961 neficia
702 900 987 982 impensa
1020 902 1128 964 toti
1162 910 1459 964 creaturae
1490 901 1811 979 rationali3
1836 901 1927 963 sic

431 1006 527 1059 est
567 996 861 1060 voluntas
908 1001 1309 1074 antecedenS,
1352 1020 1493 1081 quai
1536 999 1751 1061 omnia
1801 1018 1928 1061 me-

432 1096 552 1157 rita
610 1104 826 1158 nostra
885 1098 1206 1179 praecedit,
1260 1118 1376 1159 nec
1426 1118 1499 1159 ea
1546 1098 1811 1160 attendit
1866 1098 1927 1159 in

432 1212 501 1255 se
542 1212 751 1275 neque
782 1195 947 1256 utin
990 1196 1389 1277 praescientia
1429 1216 1542 1257 sua
1583 1204 1750 1258 sunt.
1785 1196 1929 1257 Ideo

433 1292 693 1374 quidam
737 1292 1129 1355 voluntatem
1174 1294 1336 1355 hanc
1383 1295 1712 1357 nominant
1754 1294 1933 1355 abso-

435 1391 657 1465 lutam,
709 1392 1012 1472 quoniam
1064 1393 1491 1455 conditionem
1560 1393 1929 1454 meritorum

436 1506 563 1550 non
602 1490 889 1551 attendit.
929 1490 999 1552 Et
1041 1492 1175 1553 haec
1218 1510 1341 1553 non
1385 1510 1638 1573 semper
1666 1499 1760 1553 est
1792 1490 1931 1552 effi-

436 1606 571 1659 cax,
607 1607 805 1669 quum
845 1588 937 1649 sio
980 1589 1132 1650 velit
1173 1590 1338 1650 Deus
1378 1608 1598 1651 omnes
1640 1589 1930 1651 homines

435 1684 687 1760 salvari,
741 1704 859 1747 nec
908 1695 1119 1749 tamen
1178 1706 1402 1749 omnes
1462 1689 1805 1760 salvantur,
1860 1695 1930 1747 ut

432 1784 861 1846 Damascenus
918 1786 1195 1867 exponit.
1250 1786 1375 1847 Nec
1429 1794 1636 1847 tamen
1694 1786 1930 1847 idcirco

431 1888 527 1941 est
582 1881 897 1944 defectiva
952 1902 967 1945 ε

430 1979 833 2060 simpliciter,
866 1981 977 2041 sed
1018 1982 1370 2043 secundum
1406 1982 1574 2063 quod
1620 1982 1680 2043 in
1724 2000 1789 2043 se
1828 1982 1928 2062 ju-

431 2084 566 2137 stus
596 2084 659 2138 et
705 2078 849 2159 pius
898 2086 1015 2151 est,
1060 2086 1122 2139 et
1168 2086 1355 2159 prout
1406 2079 1643 2141 bonum
1690 2088 1777 2141 est
1836 2099 1929 2141 ra-

431 2175 731 2237 tionalem
780 2186 1131 2238 creaturam
1179 2177 1308 2239 fine
1350 2178 1578 2239 ultimo
1618 2179 1694 2240 ad
1736 2198 1926 2260 quem

432 2272 595 2335 facta
624 2281 723 2335 est
755 2293 879 2338 non
924 2276 1179 2357 privari.
1204 2312 1285 2321 -
1316 2277 1378 2338 Si
1411 2295 1562 2338 voro
1595 2277 1712 2338 hoc
1743 2276 1932 2339 bene-

434 2372 743 2453 placitum
777 2373 947 2435 dicat
986 2393 1266 2437 amorem
1307 2376 1417 2437 Dei
1458 2377 1536 2438 ad
1579 2376 1931 2457 quamlibet

433 2489 771 2551 personam
835 2473 1230 2547 rationalem,
1292 2483 1651 2537 moventem
1717 2476 1929 2556 ipsum

433 2569 633 2631 Deum
692 2570 771 2632 ad
831 2572 1291 2652 providentiam
1354 2573 1530 2654 ejus3
1581 2574 1673 2635 sic
1730 2593 1930 2655 quum

434 2667 835 2747 providentia
893 2670 1002 2731 Dei
1064 2688 1189 2733 non
1250 2672 1331 2732 sit
1380 2671 1765 2736 destructiva
1821 2673 1930 2734 sed

432 2766 870 2829 conservativa
914 2775 1153 2830 naturoe
1194 2770 1515 2831 rationalis
1554 2790 1745 2851 quam
1789 2789 1933 2831 con-

433 2863 615 2938 didit,
670 2863 808 2945 ipsa
856 2867 1256 2930 Providentia
1306 2869 1465 2948 regit
1514 2868 1786 2930 liberum
1834 2888 1932 2930 ar-

435 2961 702 3024 bitrium
762 2982 887 3025 non
942 2966 1295 3027 secundum
1356 2967 1768 3039 coactionem,
1821 2969 1930 3029 sed

2038 804 2181 867 liter
2215 807 2456 869 bonum
2487 816 2582 867 est
2611 825 2866 869 omne-m
2908 807 3234 870 hominem
3273 806 3524 881 salvari,

2038 905 2204 967 sicut
2243 924 2464 967 omnes
2507 905 2894 967 conveniunt
2934 905 2998 966 in
3044 914 3266 967 natura
3305 906 3526 967 huma-

2038 1024 2136 1065 na.
2172 1005 2506 1084 Quumque
2549 1022 2738 1065 omne
2781 1004 3021 1065 bonum
3061 1022 3097 1064 a
3136 1003 3262 1065 Deo
3301 1004 3384 1065 sit
3421 1022 3527 1065 vo-

2042 1104 2249 1175 litum,
2302 1104 2421 1165 hoc
2479 1102 2694 1175 etiam,
2747 1102 2992 1163 scilicet
3051 1101 3378 1163 hominem
3437 1103 3529 1163 sic

2041 1200 2508 1262 consideratum
2561 1198 2812 1272 salvari,
2855 1200 2991 1260 vult
3034 1199 3197 1261 Deus
3241 1217 3254 1259 :
3299 1209 3361 1261 et
3410 1200 3530 1261 hoc

2039 1306 2302 1361 vocatur
2349 1298 2641 1359 voluntas
2689 1298 3090 1371 antecedenS,
3138 1317 3263 1379 qua
3311 1316 3532 1360 omnes

2041 1397 2332 1459 homines
2372 1396 2510 1457 vult
2551 1395 2800 1457 salvari.
2837 1395 2912 1456 Et
2954 1395 3146 1475 hujus
3188 1396 3532 1458 voluntatis

2040 1494 2334 1567 el'fcct‘uS,
2369 1502 2464 1555 est
2494 1494 2647 1555 ordo
2679 1501 2918 1555 naturae
2953 1494 3016 1555 in
3053 1492 3250 1555 finem
3287 1494 3530 1566 salutis,

2040 1602 2103 1655 et
2152 1593 2592 1675 promoventia
2642 1592 2705 1653 in
2757 1592 2955 1653 finem
3015 1592 3312 1653 omnibus
3367 1610 3534 1655 com-

2042 1693 2321 1753 muniter
2377 1691 2722 1773 proposita,
2788 1698 2914 1752 tam
2975 1691 3284 1753 naturalia
3341 1710 3532 1772 quam

2038 1791 2334 1873 gratuita,
2398 1798 2464 1851 ut
2527 1798 2675 1851 sunt
2738 1789 3034 1871 potentiae
3096 1790 3413 1852 naturales
3471 1798 3536 1852 et

1029 1883 1179 1963 quia
1238 1901 1363 1944 non
1424 1884 1561 1944 vult
1621 1883 1923 1945 effectum
1966 1886 2013 1947 B
2044 1897 2358 1971 praecepta
2400 1888 2556 1968 legis
2593 1886 2844 1949 divinae.
2879 1924 2958 1931 —
2989 1886 3393 1949 Considerata
3430 1908 3536 1950 au-

2043 1997 2170 2049 tem
2222 1995 2445 2049 natura
2494 1986 2774 2048 hominis
2832 2005 2942 2047 seu
2993 2004 3263 2068 persona
3311 2006 3534 2048 secun-

2040 2088 2192 2147 dum
2237 2104 2456 2147 omnes
2496 2084 2890 2147 conditiones
2930 2092 2992 2145 et
3023 2084 3535 2146 circumstantias

2042 2184 2204 2265 ejus,
2248 2204 2361 2246 seu
2413 2183 2764 2245 secundum
2816 2183 3040 2244 merita
3088 2190 3276 2265 atque
3325 2183 3534 2245 deme-

2044 2284 2162 2344 rita
2220 2282 2382 2362 ejuS,
2436 2282 2528 2343 sic
2579 2300 2704 2343 non
2763 2289 2929 2343 esset
2978 2280 3218 2344 bonum
3278 2300 3533 2343 omnem

2043 2382 2370 2442 hominem
2416 2379 2664 2450 salvari,
2699 2379 2851 2460 quia
2891 2379 3141 2457 [salvari
3187 2379 3532 2457 nolentem]

2041 2479 2368 2559 derogaret
2407 2477 2688 2557 justitiae.
2725 2477 2800 2538 Et
2842 2477 3145 2559 quoniam
3192 2478 3277 2539 ita
3319 2496 3384 2539 se
3427 2478 3535 2540 ha-

2044 2579 2146 2641 bet
2179 2578 2421 2659 aliquid
2454 2578 2529 2639 ad
2561 2577 2680 2639 hoc
2713 2578 2881 2658 quod
2912 2576 2992 2638 sit
3021 2578 3290 2639 volitum
3322 2597 3359 2640 a
3390 2578 3532 2651 De0,

2042 2677 2208 2738 sicut
2254 2696 2322 2738 se
2370 2675 2561 2737 habet
2606 2675 2684 2737 ad
2733 2677 2852 2737 hoc
2902 2675 3071 2756 quod
3120 2676 3202 2737 sit
3251 2675 3533 2753 bonum;

2043 2775 2186 2838 ideo
2228 2774 2458 2856 impios
2499 2782 2568 2835 ut
2606 2773 2731 2835 sibi
2771 2773 3039 2835 rebelles
3083 2791 3210 2835 non
3243 2774 3379 2835 vult
3416 2774 3538 2834 sal-

2043 2875 2201 2947 vari,
2248 2874 2356 2935 sed
2406 2891 2512 2935 eos
2562 2872 2670 2954 qui
2721 2872 2846 2934 sibi
2897 2872 3300 2934 consentiunt
3348 2878 3536 2953 atque

2044 2971 2369 3033 obediunt.
2415 2971 2491 3032 Et
2538 2971 2658 3031 hoc
2705 2970 2940 3031 dicitur
2978 2969 3269 3031 voluntas
3319 2988 3537 3032 conse-

436 3062 791 3125 secundum
842 3062 1045 3145 ipsius
1096 3071 1336 3128 naturai
1386 3064 1766 3139 libertatem,
1815 3084 1930 3127 nec
1971 3067 2014 3130 C
2045 3089 2270 3152 quens,
2311 3069 2463 3152 quia
2507 3068 2969 3151 pra-,scientiam
3023 3068 3396 3131 meritorum
3443 3076 3539 3131 est

436 3163 867 3223 communicat
913 3161 973 3222 ei
1020 3162 1480 3225 beatitudinem
1528 3163 1649 3225 nisi
1694 3164 1931 3225 volcnti

434 3259 763 3322 voluntate
796 3259 1071 3334 efficaci,
1107 3279 1233 3341 qua
1273 3281 1339 3322 se
1371 3261 1649 3342 disponit
1684 3262 1761 3323 ad
1796 3280 1931 3342 gra-

439 3356 615 3430 tiam,
668 3358 997 3440 gratiaque
1047 3367 1323 3440 recepta,
1374 3379 1441 3421 se
1490 3360 1771 3441 disponit
1820 3379 1934 3442 per

436 3473 629 3536 opera
680 3456 1003 3518 meritoria
1044 3457 1122 3517 ad
1172 3459 1527 3538 praemium.
1572 3458 1648 3518 Et
1691 3459 1783 3518 sic
1826 3476 1932 3519 vo-

438 3551 648 3615 luntas
694 3553 805 3615 Dei
847 3555 1115 3615 attendit
1165 3554 1390 3616 merita
1432 3563 1692 3618 nostra:
1728 3563 1790 3616 et
1831 3574 1935 3617 vo-

439 3659 619 3713 catur
679 3651 971 3714 voluntas
1030 3671 1448 3733 consequens,
1510 3654 1660 3735 quia
1717 3672 1934 3716 conse-

440 3750 662 3830 quitur
720 3750 1183 3831 praescientiam
1243 3752 1638 3825 meritorum,
1688 3769 1816 3814 non
1866 3759 1936 3814 ut

443 3866 725 3920 causam,
784 3849 893 3910 sed
956 3858 1021 3910 ut
1085 3849 1393 3912 rationem
1451 3849 1654 3922 voliti,
1716 3858 1934 3932 utpote

445 3947 710 4027 praemii.
747 3947 905 4009 Hinc
938 3968 975 4010 a
1011 3947 1395 4029 quibusdam
1425 3956 1690 4010 vocatur
1719 3949 1937 4010 volun-

442 4052 535 4106 tas
603 4045 1053 4118 conditionata,
1126 4047 1431 4126 quoniam
1500 4046 1933 4129 praesupponit

443 4143 817 4204 meritorum
858 4144 1307 4206 conditionem.
1344 4145 1420 4205 Et
1459 4145 1576 4207 hac
1614 4145 1935 4208 voluntate

2045 3187 2567 3251 praesupponenS,
2601 3187 2726 3230 non
2770 3175 2838 3229 ut
2873 3186 3129 3230 causam
3169 3167 3536 3241 voluntatiS,

2044 3267 2154 3329 sed
2207 3274 2276 3327 ut
2335 3266 2514 3328 voliti
2573 3267 2902 3328 rationem.
2954 3266 3096 3328 Haec
3145 3266 3415 3329 Thomas
3473 3265 3538 3327 in

2046 3365 2315 3446 Scripto.

2123 3464 2194 3525 ln
2253 3463 2459 3544 prima
2515 3470 2726 3524 autem
2786 3470 2962 3544 parte
3021 3462 3318 3535 Summae‚
3371 3481 3538 3543 quae-

2045 3561 2250 3622 stione
2313 3560 2748 3633 nonadecima,
2813 3559 3035 3622 scribit
3096 3561 3229 3623 haec
3291 3561 3534 3633 eadem,

2046 3659 2264 3721 dicens
2317 3678 2331 3722 ε
2381 3657 2637 3740 Aliquid
2693 3665 2899 3739 potest
2949 3676 3088 3720 esse
3141 3657 3382 3720 bonum
3433 3657 3536 3719 vel

2048 3757 2287 3818 malum
2336 3755 2404 3816 in
2452 3755 2659 3836 prima
2699 3755 2798 3817 sui
2843 3755 3366 3830 consideratione,
3409 3774 3537 3836 qua

2046 3854 2333 3916 absolute
2377 3853 2830 3924 consideratur,
2865 3852 3033 3933 quod
3079 3860 3289 3915 tamen
3331 3853 3536 3915 consi-

2047 3952 2334 4013 deratum
2377 3951 2729 4013 secundum
2771 3949 2982 4032 aliqua
3019 3950 3141 4012 sibi
3174 3951 3534 4031 conjuncta,

2047 4057 2143 4110 est
2195 4048 2432 4110 malum
2482 4049 2581 4110 vel
2637 4047 2876 4111 bonum
2931 4066 2945 4110 ε
2999 4049 3164 4110 sicut
3212 4048 3538 4111 hominem

2049 4149 2264 4210 vivere
2322 4147 2560 4210 bonum
2620 4154 2736 4221 est,
2787 4155 2850 4209 et
2898 4147 3136 4209 malum
3189 4156 3286 4210 est
3331 4148 3540 4211 occidi

442 4259 569 4303 non
619 4241 759 4302 vult
817 4242 981 4304 Deus
1039 4260 1263 4305 omnes
1322 4242 1573 4316 salvari,
1626 4243 1736 4305 sed
1796 4243 1938 4305 illos
1970 4248 2018 4309 D
2049 4245 2400 4319 hominem,
2453 4245 2805 4307 secundum
2857 4245 3212 4308 absolutam
3261 4245 3540 4308 hominis

442 4340 773 4400 dumtaxat
802 4357 960 4420 quos
988 4339 1234 4420 justum
1266 4347 1362 4402 est
1392 4339 1659 4402 salutem
1694 4340 1937 4418 sortiri3

443 4445 505 4499 et
552 4437 672 4499 ista
718 4444 813 4499 est
864 4437 1153 4500 voluntas
1212 4438 1527 4520 completa
1574 4447 1637 4499 et
1684 4438 1937 4510 efficax,

446 4555 569 4616 qua
599 4535 766 4596 Deus
808 4535 1188 4617 simpliciter
1227 4536 1471 4618 aliquid
1502 4536 1657 4598 vult.
1692 4573 1771 4580 —
1800 4537 1941 4599 Haec

448 4633 797 4696 UdalricuS.

526 4732 615 4794 De
672 4731 792 4793 hac
848 4731 1081 4794 divinae
1133 4731 1478 4794 voluntatis
1535 4733 1942 4795 distinctione

450 4829 681 4910 partim
711 4828 895 4891 aliter
928 4829 1207 4911 loquitur
1235 4830 1504 4892 Thomas
1539 4850 1552 4892 :
1588 4831 1793 4892 Potest
1824 4831 1947 4910 (in-

449 4927 705 5009 quiens)
738 4927 801 4990 in
844 4945 1231 5009 unoquoque
1266 4929 1523 4990 homine
1557 4929 1941 4991 considerari

450 5033 672 5087 natura
714 5025 1067 5087 secundum
1108 5043 1197 5098 se,
1232 5031 1295 5086 et
1333 5026 1487 5087 item
1532 5033 1754 5087 natura
1794 5045 1942 5088 cum

448 5122 589 5185 aliis
640 5122 1139 5186 circumstantiis
1188 5142 1201 5186 ε
1250 5130 1319 5184 ut
1361 5123 1531 5205 quod
1579 5130 1675 5185 est
1726 5124 1944 5187 volens

450 5241 521 5284 ac
572 5240 934 5303 praeparans
984 5240 1049 5284 se
1092 5222 1169 5284 ad
1216 5221 1482 5302 gratiam
1532 5241 1605 5284 ac
1649 5222 1941 5296 salutem,

454 5328 561 5383 aut
610 5319 923 5384 contrarie
982 5337 1193 5402 agenS.
1249 5320 1313 5382 Si
1362 5338 1511 5402 ergo
1562 5320 1627 5382 in
1685 5320 1944 5385 homine

2050 4343 2658 4421 considerationem3
2701 4343 2940 4405 bonum
2974 4351 3183 4407 tamen
3213 4351 3310 4406 est
3338 4343 3544 4407 occidi

2052 4441 2438 4503 homicidam
2475 4441 2828 4503 secundum
2868 4442 3022 4523 legis
3058 4461 3448 4523 processum,
3481 4449 3545 4504 et

2056 4537 2294 4600 malum
2343 4547 2437 4599 est
2487 4559 2633 4600 eum
2685 4539 2916 4601 vivere.
2972 4540 3204 4622 Sicque
3263 4559 3374 4603 rex
3432 4559 3544 4602 seu

2050 4637 2245 4716 judex
2274 4636 2485 4715 justus
2518 4637 2963 4699 antecedenter
2991 4638 3130 4698 vult
3158 4656 3380 4700 omnes
3419 4637 3546 4699 sibi

2052 4734 2342 4796 subditos
2383 4734 2596 4796 vivere
2641 4734 2706 4795 in
2750 4742 3060 4816 quantum
3111 4744 3260 4797 sunt
3307 4735 3546 4797 subditi

2055 4833 2172 4904 sui,
2220 4831 2526 4914 quosdam
2579 4839 2790 4893 tamen
2839 4832 3069 4894 occidit
3120 4832 3187 4894 in
3236 4840 3546 4914 quantum

2058 4929 2402 4991 maleficos
2447 4929 2537 4990 Ita
2583 4936 2646 4990 et
2696 4930 2858 4991 Deus
2908 4948 3163 4992 omnem
3217 4930 3544 4992 hominem

2058 5028 2196 5090 vult
2223 5027 2450 5089 salvari
2476 5028 2800 5090 voluntate
2829 5029 3333 5101 antecedente,in
3365 5047 3553 5110 quan-

2061 5135 2197 5188 tum
2239 5133 2335 5187 est
2383 5144 2497 5187 sua
2545 5134 2850 5200 creatura,
2894 5144 3090 5207 capax
3138 5127 3397 5206 salutis3
3438 5128 3550 5189 sed

2062 5229 2523 5304 consequenter
2569 5224 2707 5285 vult
2754 5223 3066 5305 quosdam
3113 5226 3412 5288 damnare
3460 5245 3553 5288 se-

2066 5321 2350 5384 cundum
2383 5321 2764 5404 exigentiam
2799 5341 2928 5385 suae
2955 5323 3218 5404 justitiae
3247 5332 3310 5387 et
3340 5324 3552 5388 deme-

3617 3677 3701 3717 art..
3727 3676 3767 3716 θ.
