4359 6250
883 480 1000 545 118

1557 498 1621 545 ΙΝ
1661 498 1882 543 LIBRUM
1925 498 1944 542 1
1988 496 2471 542 SENTENTMRL'M.
2515 514 2597 526 —
2638 497 2791 542 msr.
2838 496 2961 559 xx;
3006 496 3231 553 QUAEST.
3276 496 3300 544 Ι

881 670 1205 751 pertinens
1249 668 1548 731 convenit
1587 668 1748 729 Patri
1792 686 1933 749 quae
1978 684 2104 729 non
2150 684 2375 727 conve-
2401 662 2453 723 A
2481 666 2741 745 agendo.
2781 665 3117 728 Ostensum
3160 673 3255 727 est
3298 683 3551 747 quoque
3594 665 3763 745 quod
3813 665 3973 726 ratio

881 768 975 829 nit
1025 768 1204 841 Filio,
1256 766 1500 829 scilicet
1557 784 1879 846 generare,
1933 765 2100 847 quod
2151 783 2375 825 secun-

879 867 1524 927 dum·Damascenum
1557 871 1653 925 est
1680 871 1859 925 actus
1901 872 2139 925 naturae
2175 881 2189 925 ε
2224 878 2373 941 ergo

879 964 1074 1026 Filius
1107 982 1232 1026 non
1264 972 1356 1025 est
1391 964 1453 1025 in
1485 962 1950 1044 omnipotentia
1977 961 2140 1023 Patri
2173 979 2375 1041 aequa-

879 1062 978 1124 lis.
1033 1062 1408 1130 Dicendum,
1461 1061 1629 1142 quod
1679 1060 2002 1139 generatio
2051 1057 2372 1138 significat

879 1159 1311 1241 operationem
1379 1177 1493 1240 per
1557 1158 1815 1220 modum
1883 1157 2226 1218 relationiS.
2298 1155 2373 1216 Et

879 1258 1172 1339 quamvis
1223 1258 1547 1338 generatio
1594 1256 1800 1318 activa
1859 1273 1984 1317 non
2037 1254 2371 1316 conveniat

878 1356 1059 1429 Filio,
1122 1372 1248 1418 non
1309 1363 1517 1417 tamen
1583 1354 1873 1436 sequitur
1931 1354 2098 1435 quod
2159 1352 2372 1432 aliqua

877 1454 1162 1535 operatio
1207 1454 1540 1516 conveniat
1583 1453 1747 1515 Patri
1791 1472 1932 1533 quae
1975 1468 2100 1513 non
2145 1470 2371 1513 conve-

879 1553 974 1613 nit
1017 1552 1176 1615 Filio
1211 1572 1224 1615 :
1261 1571 1387 1614 una
1424 1552 1597 1613 enim
1639 1559 1703 1613 et
1742 1551 1961 1612 eadem
2007 1550 2371 1630 operatione

878 1652 1056 1713 Pater
1093 1651 1296 1731 gignit
1326 1658 1387 1712 et
1421 1650 1701 1712 nascitur
1741 1649 1974 1727 Filius3
2008 1649 2116 1710 sed
2151 1666 2370 1730 opera-

877 1750 966 1812 tio
1015 1750 1134 1811 ista
1191 1757 1287 1811 est
1336 1750 1400 1810 in
1460 1748 1636 1811 Patre
1687 1755 1749 1809 et
1799 1748 1957 1809 Filio
2016 1747 2368 1808 secundum

2481 764 2713 826 divinae
2763 764 3157 845 paternitatis
3206 772 3269 825 et
3318 763 3649 825 filiationis
3704 763 3975 844 requirit

2481 863 2649 943 quod
2704 862 2902 923 Filius
2956 862 3217 943 aequalis
3272 863 3353 923 sit
3402 862 3565 923 Patri
3618 861 3681 923 in
3732 856 3973 941 mag'ni—

2481 960 2723 1033 tudine,
2777 960 2841 1021 id
2891 968 2987 1022 est
3037 960 3100 1022 in
3153 960 3541 1043 perfectione
3591 968 3847 1023 naturae.
3889 996 3975 1005 —

2480 1059 3019 1131 Quemadmodum
3053 1059 3245 1121 etiam
3274 1060 3495 1120 eadem
3525 1058 3743 1120 divina
3770 1078 3979 1121 essen-

2482 1157 2569 1217 tia
2616 1176 2757 1238 quae
2806 1164 2901 1217 est
2944 1158 3008 1218 in
3060 1157 3238 1219 Patre
3290 1156 3655 1237 paternitaS‚
3701 1156 3763 1217 in
3813 1157 3977 1219 Filio

2481 1264 2575 1317 est
2627 1254 2891 1334 filiati03
2942 1254 3035 1317 sic
3094 1256 3315 1317 eadem
3363 1262 3459 1317 est
3520 1254 3801 1336 potentia
3846 1275 3976 1337 qua

2481 1352 2660 1414 Pater
2687 1360 2967 1433 generat,
3000 1362 3063 1414 et
3093 1372 3219 1435 qua
3253 1353 3449 1415 Filius
3491 1360 3845 1434 generatur.
3880 1354 3977 1416 Id—

2481 1469 2556 1513 eo
2588 1470 2809 1513 verum
2842 1459 2939 1512 est
2968 1452 3137 1533 quod
3178 1451 3491 1534 quidquid
3534 1458 3741 1533 potest
3768 1451 3971 1519 Pater.

2482 1556 2689 1630 potest
2740 1549 2973 1627 Filius3
3026 1567 3151 1611 non
3206 1558 3414 1611 tamen
3466 1550 3755 1631 sequitur
3801 1550 3977 1631 quod

2482 1647 2681 1709 Filius
2726 1649 2925 1729 possit
2966 1666 3289 1728 generare,
3332 1648 3442 1709 sed
3488 1654 3768 1710 mutatur
3809 1651 3979 1727 quid

2486 1746 2549 1807 in
2600 1748 2688 1805 ad
2728 1748 2989 1825 aliquid
3016 1767 3039 1805 .·
3082 1764 3229 1808 nam
3277 1746 3601 1826 generatio
3649 1745 3977 1826 significat

876 1848 1064 1909 aliam
1121 1854 1186 1907 et
1241 1846 1430 1907 aliam
1491 1846 1884 1919 relationem,
1938 1863 2053 1906 nec
2111 1844 2368 1925 aliquod
2407 1847 2454 1909 B
2484 1843 2856 1906 relationem
2888 1844 2953 1905 in
2985 1844 3241 1906 divinis.
3277 1844 3475 1906 Habet
3504 1862 3654 1924 ergo
3683 1844 3975 1906 eamdem

879 1964 1062 2027 posse
1114 1945 1466 2006 detrahitur
1515 1943 1695 2017 Fili0‚
1750 1943 1860 2005 sed
1911 1944 2132 2005 eodem
2186 1960 2369 2024 posse

876 2062 1005 2124 quo
1059 2045 1237 2106 Pater
1295 2050 1572 2123 generat,
1627 2042 1822 2103 Filius
1881 2049 2235 2121 generatur.
2290 2077 2372 2086 —

878 2143 1162 2224 Denique
1203 2140 1666 2223 omnipotentia
1709 2140 1818 2201 Dei
1865 2141 2218 2222 comparari
2266 2158 2369 2221 po-

876 2248 1000 2301 test
1054 2240 1134 2301 ad
1193 2238 1435 2320 aliquid
1494 2238 1855 2319 dupliciter.
1910 2237 2142 2311 Prim0,
2204 2239 2370 2300 sicut

875 2347 1204 2420 operatum
1242 2358 1254 2401 :
1289 2345 1352 2400 et
1396 2338 1483 2400 ita
1526 2355 1651 2399 non
1698 2345 2102 2418 comparatur
2141 2338 2217 2398 ad
2258 2338 2369 2398 ali-

875 2437 1030 2519 quid
1071 2437 1240 2518 quod
1287 2435 1352 2497 in
1399 2436 1539 2517 ipso
1583 2436 1685 2508 sit,
1730 2436 1882 2517 quia
1926 2434 1988 2496 in
2035 2435 2164 2497 Deo
2208 2436 2367 2497 nihil

874 2543 970 2597 est
1018 2535 1295 2614 factum3
1349 2535 1568 2617 sicque
1618 2534 2081 2615 omnipotentia
2129 2542 2226 2595 est
2276 2553 2370 2595 re-

873 2642 1096 2716 spectu
1157 2642 1588 2695 creaturarum
1647 2633 1990 2695 dumtaxat.
2054 2633 2366 2702 Secundo,

874 2733 1041 2794 sicut
1083 2732 1160 2793 ad
1206 2731 1639 2812 operationem
1676 2751 1689 2793 :
1723 2738 1787 2791 et
1831 2730 1924 2791 sic
1967 2738 2372 2812 comparatur

875 2832 952 2893 ad
990 2831 1051 2892 id
1089 2830 1258 2911 quod
1300 2829 1364 2890 in
1405 2830 1545 2910 ipso
1583 2836 1678 2890 est
1715 2829 1878 2907 Deo;
1911 2828 2130 2910 sicque
2171 2830 2372 2890 omni-

875 2928 1158 3011 potentia
1206 2928 1314 2989 Dei
1359 2927 1722 2989 extenditur
1766 2935 1891 2988 tam
1943 2927 2019 2988 ad
2070 2945 2369 3007 generare

2482 1943 3009 2025 omnipotentiam
3078 1942 3275 2004 Filius
3337 1962 3529 2023 quam
3596 1942 3796 2017 Pater,
3862 1944 3976 2005 sed

2480 2060 2625 2101 cum
2670 2040 2793 2102 alia
2832 2041 3135 2102 relatione
3172 2058 3185 2102 z
3220 2040 3523 2123 quoniam
3565 2041 3743 2103 Pater
3784 2041 3979 2104 habet

2478 2159 2618 2201 eam
2652 2147 2720 2200 ut
2752 2141 2928 2213 danS,
2964 2141 3133 2221 quod
3165 2139 3567 2220 significatur
3596 2159 3797 2222 quum
3826 2141 3981 2202 dici-

2480 2246 2583 2300 tur
2631 2239 2799 2319 quod
2860 2245 3064 2319 potest
3117 2256 3456 2318 generare;
3508 2239 3703 2301 Filius
3758 2248 3977 2301 autem

2480 2336 2669 2398 habet
2700 2356 2839 2398 eam
2884 2344 2952 2397 ut
2986 2336 3329 2418 accipienS,
3364 2338 3534 2418 quod
3574 2337 3981 2418 significatur

2480 2455 2678 2518 quum
2729 2436 2964 2497 dicitur
3006 2436 3174 2516 quod
3227 2442 3433 2517 potest
3479 2437 3785 2516 generari.
3832 2436 3979 2499 Haec

2480 2536 2751 2597 Thomas
2797 2535 2861 2595 in
2907 2534 3187 2595 Summa.

2560 2632 2909 2695 Concordat
2952 2633 3191 2706 Petrus,
3234 2633 3613 2715 compendio
3657 2633 3919 2715 loquens
3959 2652 3977 2695 ε

2480 2731 2952 2813 Omnipotentia
2984 2733 3092 2794 Dei
3128 2741 3389 2795 vocatur
3417 2733 3701 2814 potentia
3738 2733 3814 2794 ad
3842 2750 3983 2794 om-

2482 2851 2593 2893 nes
2643 2840 2821 2893 actus
2871 2848 3031 2911 quos
3092 2849 3276 2913 posse
3325 2839 3423 2892 est
3474 2830 3794 2912 potentiae,
3846 2850 3979 2893 non

2483 2929 2892 3011 impotentiae.
2930 2929 3065 2992 Non
3096 2930 3268 2991 enim
3312 2935 3517 3010 potest
3548 2928 3713 2990 Deus
3743 2929 3983 2991 dormi-

873 3034 938 3089 et
968 3027 1231 3109 spirare,
1256 3045 1447 3107 quam
1480 3026 1556 3087 ad
1590 3025 1962 3106 intelligere,
1987 3025 2149 3087 velle
2181 3032 2369 3107 atque
2408 3032 2451 3093 C
2482 3047 2549 3091 re
2591 3028 2687 3089 vel
2742 3046 3025 3108 peccare,
3070 3047 3270 3109 quum
3320 3027 3469 3089 talia
3517 3045 3641 3090 non
3692 3028 3820 3089 sint
3870 3047 3985 3110 po-

877 3145 1112 3200 creare,
1155 3134 1218 3187 et
1265 3124 1544 3187 breviter
1593 3125 1671 3186 ad
1719 3126 1935 3187 omnia
1983 3139 2124 3206 quae
2169 3123 2372 3205 perfe-

876 3225 1106 3289 ctionis
1146 3231 1313 3286 sunt.
1348 3224 1474 3286 Nec
1505 3232 1718 3286 tamen
1759 3225 2048 3305 sequitur
2077 3225 2245 3305 quod
2278 3224 2371 3286 Fi-

879 3324 1002 3385 lius
1046 3340 1173 3384 non
1225 3323 1306 3384 sit
1349 3321 1752 3403 omnipotens
1798 3323 1850 3383 si
1895 3341 2197 3402 generare
2242 3340 2367 3384 non

876 3422 1078 3504 possit
1120 3420 1332 3483 filium
1384 3421 1507 3482 sibi
1551 3421 1882 3503 aequalem,
1932 3421 2171 3482 ratione
2219 3439 2370 3501 prae-

875 3521 1062 3583 dicta.
1091 3521 1472 3600 Sequeretur
1500 3526 1713 3580 tamen
1747 3519 1811 3581 in
1842 3519 2040 3592 Patre,
2065 3519 2369 3600 quoniam

876 3621 1040 3683 Patri
1073 3637 1199 3682 non
1231 3619 1408 3681 deest
1439 3618 1660 3680 relatio
1690 3638 1831 3700 quae
1871 3618 2275 3699 significatur
2306 3619 2368 3679 in

877 3720 1282 3800 generatione
1325 3718 1548 3780 activa.
1597 3717 1768 3780 [Inde
1814 3717 1867 3779 si
1912 3725 2251 3797 negaretur
2292 3717 2371 3779 ab

878 3837 954 3880 eo
998 3817 1304 3899 perfectio
1347 3817 1793 3897 generationis,
1835 3823 2154 3897 oporteret
2202 3815 2371 3896 quod

879 3924 1044 3979 esset
1074 3915 1364 3977 desectus
1397 3915 1463 3976 in
1509 3915 1645 3996 ipsa
1676 3914 2041 3995 operatione
2077 3913 2142 3975 in
2175 3933 2372 3995 quan-

881 4024 1016 4077 tum
1049 4014 1334 4095 operatio
1365 4020 1460 4074 est
1495 4030 1508 4074 :
1544 4013 1712 4094 quod
1755 4013 2134 4074 redundaret
2172 4013 2237 4074 in
2271 4014 2375 4075 de-

880 4114 1119 4176 fectum
1165 4111 1482 4194 potentiae.
1516 4111 1567 4172 A
1598 4111 1756 4172 Filio
1799 4118 2012 4172 autem
2054 4112 2376 4191 generatio

2481 3127 2715 3195 tentiae,
2753 3126 3068 3207 loquendo
3113 3126 3510 3207 simpliciter.
3556 3127 3624 3187 In
3675 3127 3983 3190 omnibus

2482 3227 2679 3306 igitur
2708 3224 2957 3286 actibus
2990 3224 3117 3285 illis
3150 3224 3347 3286 Filius
3378 3231 3663 3305 aequatur
3692 3225 3878 3292 Patri,
3912 3235 3983 3286 et

2482 3324 2757 3406 Spiritus
2800 3324 3065 3384 Sanctus
3118 3324 3389 3404 utrique.
3436 3322 3557 3385 Sed
3599 3325 3980 3398 notandum,

2481 3423 2651 3505 quod
2690 3421 2932 3502 aliquid
2964 3429 3059 3482 est
3090 3421 3387 3502 potentiae
3429 3421 3829 3503 simpliciter,
3862 3423 3985 3485 ali—

2481 3521 2635 3605 quid
2678 3538 2827 3582 vero
2867 3519 2929 3580 in
2978 3537 3245 3600 persona
3288 3526 3529 3600 agente.
3564 3520 3755 3583 Porro
3796 3529 3983 3583 actus

2481 3618 2871 3690 essentialeS,
2906 3618 3040 3679 sive
3072 3617 3199 3678 sint
3237 3615 3534 3691 absoluti,
3570 3625 3639 3678 ut
3670 3618 3986 3700 intellige—

2483 3737 2571 3792 re,
2596 3718 2780 3790 velle,
2811 3716 2945 3780 sive
2978 3715 3339 3797 respectivi‚
3370 3716 3535 3777 sicut
3565 3735 3800 3790 creare,
3828 3727 3983 3780 sunt

2485 3817 2779 3898 potentiae
2828 3815 3223 3896 simpliciter.
3266 3814 3459 3877 Actus
3518 3823 3731 3876 autem
3780 3816 3987 3879 notio-

2485 3915 2680 3986 naleS‚
2735 3922 2884 3976 sunt
2934 3913 3233 3996 potentiae
3283 3921 3528 3975 tantum
3590 3913 3653 3975 in
3706 3933 3987 3995 persona

2483 4021 2728 4093 agente,
2773 4030 2898 4074 non
2952 4013 3016 4074 in
3064 4013 3210 4079 alia,
3254 4013 3555 4094 quoniam
3606 4021 3988 4094 sequeretur

2485 4111 2625 4191 ejus
2687 4109 3077 4172 mutabilitas
3137 4112 3215 4173 de
3276 4129 3402 4172 una
3463 4109 3846 4192 proprietate
3912 4113 3983 4174 in

882 4218 1246 4274 removetur
1293 4209 1521 4281 activa,
1575 4226 1699 4270 non
1751 4208 1874 4270 nisi
1929 4209 2171 4271 ratione
2222 4209 2377 4270 rela-
2408 4216 2457 4277 D
2485 4211 2695 4272 aliam.
2730 4210 2905 4272 Unde
2949 4210 3010 4270 in
3054 4208 3287 4271 talibus
3327 4227 3457 4271 non
3496 4209 3843 4271 attenditur
3880 4229 3991 4272 co-

884 4309 1074 4373 tionis
1140 4309 1491 4388 importatae
1554 4307 1616 4368 in
1685 4307 1860 4369 Filio.
1925 4307 2165 4368 Relatio
2228 4326 2377 4369 vero

885 4409 950 4470 in
993 4415 1302 4490 quantum
1352 4405 1744 4485 hujusmodi,
1789 4404 2037 4466 nullum
2088 4404 2376 4467 ordinem

883 4507 962 4568 ad
1011 4504 1358 4587 potentiam
1413 4503 1620 4564 habet.
1668 4538 1747 4547 —
1795 4503 1937 4565 Haec
1987 4504 2255 4565 Thomas
2312 4503 2376 4565 in

884 4603 1152 4684 Scripto.

964 4704 1230 4782 Insuper
1271 4701 1337 4762 in
1387 4700 1594 4782 prima
1638 4708 1816 4782 parte
1867 4700 2166 4774 Summae,
2209 4720 2376 4782 quae-

884 4802 1089 4864 stione
1138 4799 1620 4882 quadragesima
1669 4799 1968 4873 secunda,
2011 4799 2313 4861 disseruit
2358 4819 2372 4863 :

883 4901 1154 4964 Necesse
1183 4906 1280 4960 est
1309 4897 1521 4959 dicere
1554 4897 1785 4958 Filium
1815 4897 1978 4958 Patri
2014 4897 2078 4959 in
2109 4905 2377 4978 potesta-

884 5008 945 5062 te
975 4997 1303 5081 aequalem.
1338 4995 1622 5058 Potentia
1662 5014 1937 5077 namque
1975 4995 2203 5075 agendi
2235 5014 2379 5058 con-

883 5097 1172 5179 sequitur
1230 5095 1688 5178 perfectionem
1752 5102 2011 5157 naturae.
2077 5095 2251 5157 Unde
2312 5095 2374 5155 in

883 5195 1190 5259 creaturis
1221 5203 1458 5277 quanto
1489 5195 1641 5277 quid
1683 5200 1974 5256 naturam
2016 5192 2209 5255 habet
2239 5213 2377 5274 per-

882 5293 1236 5368 fectiorem,
1269 5300 1443 5355 tanto
1485 5292 1742 5373 majoris
1784 5299 1987 5354 exstat.
2020 5290 2273 5353 virtutis
2314 5291 2376 5353 in

2486 4308 2948 4389 omnipotentia
2971 4308 3156 4389 :quia
3184 4307 3465 4389 potentia
3497 4307 3607 4369 Dei
3639 4325 3765 4370 non
3796 4311 3987 4388 ponit

2490 4407 2552 4468 in
2604 4407 2731 4468 Deo
2781 4406 3259 4488 impotentiam3
3310 4407 3363 4468 si
3421 4414 3632 4468 autem
3694 4409 3991 4487 potentia

2487 4505 2597 4567 Dei
2640 4505 3035 4586 acciperetur
3080 4523 3273 4586 penes
3312 4513 3489 4566 actus
3534 4505 3853 4578 relativoS,
3886 4525 3993 4568 se-

2486 4611 2788 4686 queretur
2818 4603 3192 4684 impotentia
3233 4603 3299 4664 in
3329 4603 3507 4666 Patre
3537 4623 3615 4666 ex
3654 4605 3773 4667 hoc
3802 4607 3987 4685 quod

2485 4721 2610 4765 non
2655 4709 2862 4784 potest
2891 4721 3029 4764 esse
3061 4703 3255 4765 Filius
3297 4721 3413 4764 nec
3452 4703 3758 4783 generari.
3792 4703 3989 4767 Nunc

2482 4808 2695 4862 aut-em
2726 4819 2865 4862 esse
2901 4800 3168 4872 Patrem,
3204 4801 3269 4862 in
3307 4801 3485 4862 Patre
3516 4807 3613 4862 est
3642 4801 3987 4882 potentiae:

2484 4917 2611 4961 non
2658 4916 2841 4981 posse
2883 4906 3097 4960 autem
3138 4917 3277 4960 esse
3319 4899 3571 4974 Filium,
3603 4914 3732 4961 non
3770 4907 3869 4961 est
3918 4900 3989 4962 in

2484 5000 2660 5061 Patre
2721 4998 3131 5080 impotentiae,
3185 4999 3293 5060 sed
3354 4998 3779 5080 proprietatis.
3830 4997 3991 5062 Haee

2482 5098 2720 5160 Petrus.

2566 5197 2651 5258 De
2693 5195 3233 5278 coomnipotentia
3270 5196 3528 5257 demum
3572 5193 3715 5256 Filii
3753 5195 3832 5256 ad
3874 5195 3995 5258 Pa-

2489 5303 2649 5357 trem
2682 5295 2963 5376 loquitur
3004 5294 3172 5356 idem
3210 5294 3429 5357 doctor
3462 5312 3476 5357 :
3510 5292 3857 5374 AEqualitas
3886 5294 3993 5356 di-
