4359 6250
185 1709 232 1751 Is.
247 1723 302 1760 xa,
321 1714 382 1754 22.

183 2887 247 2930 Pa.
259 2903 318 2941 cv,
335 2894 374 2933 2.

700 545 1018 592 SECUNDUM
1060 545 1216 600 QUAS
1259 543 1490 590 CAUSAs
1530 542 1914 590 mchNDtm
1958 543 2050 589 SIT
2091 543 2339 599 Amnum
2380 542 2683 588 Possmlm
2725 542 2838 587 VEL
2880 539 3251 588 mposslmm

3405 519 3521 585 571

423 735 532 776 um
582 715 980 778 intellectum
1027 715 1454 798 pra-tendebat
1502 715 1565 777 in
1609 714 1786 796 ipsis,
1823 714 1922 777 Di·
1954 714 2005 777 A
2033 714 2283 776 solutio.
2317 714 2679 775 Intellectus
2710 713 2945 775 etenim
2977 719 3033 774 et
3069 711 3360 774 voluntas
3400 727 3525 772 non

426 813 592 875 citur
653 821 864 875 autem
929 822 1093 875 terra
1151 812 1413 875 fundata
1473 832 1584 875 seu
1641 832 1922 895 appensa

423 931 619 994 super
679 913 980 986 nihilum,
1044 913 1224 992 juxta
1290 913 1550 974 modum
1620 912 1919 993 loquendi

425 1011 790 1092 Scripturae‚
840 1029 965 1092 quo
1014 1011 1294 1093 loquitur
1337 1011 1518 1091 juxta
1563 1010 1923 1074 aestimatio-

424 1128 572 1170 nem
618 1109 1002 1190 vulgarium,
1046 1110 1154 1192 qui
1205 1110 1548 1192 opinantur
1592 1108 1756 1171 infra
1805 1116 1922 1171 ter-

424 1225 560 1268 ram
607 1207 698 1269 nil
737 1225 914 1285 esse3
953 1209 1053 1270 vel
1095 1209 1245 1289 quia
1285 1209 1345 1269 id
1386 1208 1552 1290 quod
1594 1208 1713 1269 sub
1758 1215 1922 1267 terra

424 1313 521 1366 est
553 1323 680 1368 non
711 1325 848 1368 eam
884 1315 1194 1369 sustentat
1225 1306 1312 1368 ita
1343 1307 1508 1389 quod
1541 1325 1733 1386 super
1763 1305 1919 1366 illud

426 1403 716 1484 quiescat
751 1422 764 1465 :
802 1405 952 1486 quia
983 1423 1100 1466 nec
1138 1424 1246 1467 aer
1283 1424 1400 1466 nec
1435 1423 1597 1486 aqua
1631 1404 1750 1466 hoc
1783 1422 1921 1482 agc-

423 1521 492 1564 re
538 1511 785 1583 posset3
827 1503 934 1565 sed
980 1504 1184 1586 quoad
1236 1503 1378 1576 hoe,
1421 1502 1578 1564 illud
1621 1521 1687 1564 se
1730 1501 1921 1563 habet

423 1609 494 1662 ut
554 1602 735 1663 nihil.
787 1602 970 1664 Juxta
1024 1602 1354 1683 praefatum
1415 1601 1596 1662 illum
1659 1600 1919 1661 modum

426 1699 728 1780 loquendi
775 1701 1084 1781 scriptum
1127 1706 1224 1761 est
1264 1699 1326 1761 in
1367 1699 1525 1760 lsaia
1559 1715 1572 1759 τ
1608 1699 1772 1760 Deus
1814 1717 1918 1759 ex-

423 1797 646 1879 pandit
685 1798 918 1860 coelum
959 1797 1138 1879 quasi
1184 1796 1662 1858 tabernaculum
1706 1796 1782 1858 ad
1829 1795 1920 1856 in-

2032 813 2512 893 distinguuntur
2541 812 2603 874 in
2636 812 2763 874 Deo
2796 810 3381 886 realiter,similiter
3408 827 3527 871 nec

2031 910 2320 973 absoluta
2348 919 2410 971 et
2434 911 2721 972 ordinata
2752 910 3049 991 potentia.
3070 908 3351 972 Potentia
3381 925 3531 989 quo-

2031 1029 2155 1091 que
2204 1010 2565 1088 generativa
2610 1016 2671 1070 et
2720 1009 3023 1090 spirativa
3077 1013 3387 1089 quantum
3448 1007 3525 1068 ad

2031 1107 2094 1169 id
2139 1108 2309 1188 quod
2354 1106 2776 1170 essentialiter
2820 1106 3235 1187 absoluteque
3279 1104 3523 1178 dicunt,

2031 1224 2155 1268 non
2208 1206 2689 1285 distinguuntur
2734 1205 3007 1276 realiter,
3062 1211 3129 1265 ut
3178 1223 3371 1285 supra
3421 1222 3525 1265 ex·
3559 1215 3821 1322 vegius-2³8.

2031 1322 2320 1385 pressum
2371 1311 2467 1366 est
2513 1304 2785 1385 plenius,
2826 1340 2907 1350 —
2947 1305 3091 1367 Haec
3138 1303 3410 1366 Thomas
3459 1301 3527 1364 in

2031 1401 2298 1483 Scripto.
2346 1403 2517 1464 Idem
2561 1403 2863 1484 AEgidiuS.

2109 1500 2413 1562 Praeterea
2458 1501 2805 1564 Richardus
2856 1501 2959 1562 hic
3009 1498 3254 1581 quaerit,
3306 1499 3527 1561 Utrum

2029 1601 2197 1662 Deus
2235 1600 2481 1661 dicatur
2518 1599 2921 1681 omnipotens
2972 1598 3272 1681 quoniam
3312 1595 3530 1660 omnia

2031 1706 2233 1780 potest
2286 1718 2426 1780 quae
2473 1698 2611 1759 vult
2668 1717 2735 1760 se
2796 1716 2997 1780 posse.
3048 1697 3312 1759 Videtur
3359 1695 3527 1778 quod

2031 1816 2179 1871 non,
2216 1798 2363 1878 quia
2392 1816 2615 1859 omnes
2643 1797 2814 1859 Beati
2849 1803 3113 1878 possunt
3142 1794 3357 1857 omnia
3388 1814 3529 1876 quae

419 1895 862 1958 habitandum.
898 1895 1015 1958 Ubi
1047 1895 1457 1977 Septuaginta
1489 1913 1602 1976 pro
1633 1893 1916 1956 taberna-
1956 1894 2003 1957 B
2034 1896 2254 1958 volunt
2284 1915 2349 1957 se
2382 1914 2588 1977 posse,
2615 1916 2811 1976 quum
2846 1895 3118 1956 babeant
3142 1893 3359 1955 omnia
3388 1912 3529 1975 quae

415 1993 566 2056 culo
597 1994 1054 2056 transtulerunt
1083 1993 1434 2066 Cameram,
1468 1991 1647 2074 quasi
1682 1991 1915 2054 coelum

413 2091 866 2154 semicirculus
920 2099 1124 2168 esset3
1174 2098 1236 2152 et
1284 2089 1372 2152 ita
1419 2090 1679 2172 exponit
1728 2109 1920 2172 super

411 2191 641 2253 isaiam
684 2190 1077 2252 Ambrosius,

495 2385 792 2467 Amplius
833 2387 1056 2468 quaerit
1091 2387 1195 2448 hic
1226 2386 1519 2460 ThomaS,
1551 2386 1647 2448 An
1686 2385 1750 2447 in
1789 2385 1917 2448 Deo

415 2485 501 2546 sit
542 2492 790 2546 tantum
835 2504 960 2546 una
1003 2486 1285 2566 potentia
1324 2485 1425 2546 vel
1467 2484 1699 2566 plures.
1734 2483 1917 2546 Vide-

418 2593 522 2668 tur
553 2585 722 2665 quod
755 2584 1156 2667 plureS,quia
1187 2585 1250 2646 in
1282 2603 1358 2646 eo
1387 2593 1534 2646 sunt
1567 2583 1916 2646 intellectus

417 2691 481 2744 et
513 2682 826 2752 voluntas,
862 2683 1142 2764 potentia
1178 2701 1430 2763 quoque
1463 2683 1825 2762 generativa
1856 2689 1918 2743 et

420 2780 746 2862 spirativa,
789 2780 941 2842 item
988 2781 1269 2862 potentia
1311 2781 1597 2842 ordinata
1639 2787 1700 2840 et
1736 2779 1916 2841 abso-

421 2878 573 2940 luta.
609 2880 678 2941 In
718 2879 964 2941 Psalmo
1003 2897 1258 2961 quoque
1299 2886 1607 2952 cant-atur,
1639 2879 1790 2952 Quis
1831 2879 1917 2940 lo-

421 2984 656 3059 quetur
696 2977 1009 3058 potentias
1051 2976 1304 3039 Domini
1337 2979 1361 3038 ’ἒ

2031 2015 2097 2056 se
2139 1995 2359 2056 volunt
2402 1994 2657 2067 habere,
2693 2002 2757 2055 ut
2806 1993 3241 2056 tertiodecimo
3280 1993 3358 2055 de
3398 1992 3529 2054 Tri·

2030 2092 2225 2154 nitate
2272 2091 2553 2174 loquitur
2594 2092 3004 2172 Augustinus
3038 2127 3119 2136 —
3149 2090 3526 2162 Dicendum,

2030 2193 2198 2274 quod
2239 2192 2404 2253 Deus
2442 2211 2589 2253 vere
2628 2191 3032 2272 omnipotens
3071 2197 3187 2262 est,
3221 2196 3284 2251 et
3322 2196 3531 2272 potest

2027 2291 2247 2354 omnia
2277 2310 2416 2372 qua».
2447 2309 2514 2351 se
2544 2290 2678 2351 vult
2714 2307 2915 2371 posse.
2943 2288 3063 2350 Sed
3099 2288 3311 2371 ipsum
3344 2305 3529 2368 posse

2026 2389 2242 2452 omnia
2283 2409 2422 2470 quae
2454 2388 2584 2450 vult
2618 2407 2685 2450 se
2728 2406 2933 2470 posse,
2963 2405 3090 2449 non
3130 2393 3226 2448 est
3267 2384 3529 2467 praecisa

2027 2488 2186 2549 ratio
2228 2486 2702 2568 omnipotentiae
2746 2503 2911 2564 suae3
2954 2485 3064 2546 sed
3113 2483 3351 2545 idcirco
3393 2501 3526 2545 om·

2027 2586 2321 2666 nipotens
2358 2591 2784 2664 nuncupatur,
2818 2583 3119 2664 quoniam
3158 2589 3364 2662 potest
3393 2599 3525 2644 om—

2027 2684 2132 2745 nia
2164 2682 2493 2764 possibilia
2520 2681 2827 2756 absolute,
2852 2683 2971 2743 hoc
3001 2689 3117 2754 est,
3141 2679 3356 2744 omnia
3386 2699 3526 2761 quae

2029 2781 2593 2843 contradictionem
2648 2799 2773 2843 non
2836 2779 3185 2861 implicant.
3237 2779 3381 2840 Haec
3430 2778 3528 2841 Ri-

2029 2880 2320 2946 chardus.

498 3075 1054 3157 Respondendum,
1099 3075 1264 3158 quod
1313 3094 1510 3157 quum
1564 3075 1627 3137 in
1671 3075 1916 3157 simpli·
1953 3081 1996 3144 C
2107 3077 2429 3140 Postremo
2464 3077 2819 3151 sciendum,
2855 3076 3021 3158 quod
3054 3075 3288 3139 diversi
3320 3076 3524 3139 diver-

414 3175 675 3238 cissimo
704 3176 832 3237 Deo
861 3174 989 3236 sint
1019 3175 1185 3236 idem
1219 3175 1492 3236 essentia
1523 3183 1585 3236 et
1616 3175 1912 3255 potentia,

413 3273 477 3335 in
521 3274 648 3335 Deo
690 3291 814 3334 non
856 3280 951 3335 est
990 3273 1244 3334 realiter
1279 3271 1402 3334 nisi
1445 3292 1572 3334 una
1609 3273 1912 3354 potentia,

410 3372 578 3433 sicut
615 3379 676 3433 et
720 3390 844 3433 una
884 3370 1176 3433 essentia.
1211 3370 1367 3433 Nam
1413 3371 1716 3452 potentia,
1750 3371 1916 3432 sicut

411 3479 473 3531 et
529 3470 825 3544 essentia,
873 3469 1234 3550 appellatur
1292 3469 1355 3532 id
1416 3469 1584 3551 quod
1645 3477 1740 3531 est
1800 3469 1916 3531 im-

413 3568 760 3630 mediatum
814 3568 1042 3647 agendi
1094 3568 1507 3649 principium.
1551 3568 1710 3629 Hinc
1749 3567 1913 3630 sicut

411 3665 628 3728 divina
685 3666 958 3727 essentia
1014 3672 1110 3727 est
1159 3652 1284 3727 una
1341 3684 1428 3739 rc,
1483 3666 1910 3748 pluralitatem

413 3764 753 3845 quamdam
786 3763 1030 3825 habens
1062 3764 1374 3826 rationum
1408 3765 1761 3825 secundum
1794 3765 1916 3827 dis·

413 3862 610 3923 tincta
666 3860 971 3923 attributa
1031 3881 1172 3944 quae
1230 3864 1288 3924 ci
1349 3863 1772 3941 conveniunt3
1827 3863 1912 3925 ita

409 3959 693 4041 potentia
723 3960 835 4021 Dei
871 3960 933 4021 in
965 3978 1032 4021 se
1063 3979 1189 4021 una
1218 3968 1314 4022 est
1345 3980 1430 4031 re,
1451 3968 1660 4021 tamen
1693 3979 1913 4023 secun-

407 4060 562 4120 dum
610 4058 892 4120 diversas
938 4058 1212 4119 rationes
1255 4058 1729 4133 attributorum,
1773 4060 1911 4140 plu-

405 4153 721 4217 ralitatem
760 4154 997 4235 accipit
1036 4154 1374 4217 rationum.
1418 4155 1694 4218 Cuilibet
1737 4157 1908 4220 enim

2027 3197 2169 3239 sum
2212 3176 2444 3238 habent
2488 3176 2748 3238 modum
2798 3176 3096 3257 loquendi
3132 3176 3209 3237 de
3244 3175 3343 3237 his
3380 3195 3527 3257 quae

2028 3275 2593 3356 supernaturaliter
2634 3274 3087 3336 miraculoseve
3131 3273 3319 3335 fiunt.
3353 3274 3527 3337 Unde

2026 3372 2380 3436 Alexander
2427 3379 2491 3434 et
2529 3373 2801 3435 Thomas
2845 3372 2923 3434 de
2966 3371 3310 3453 Argentina
3356 3372 3530 3434 affir-

2030 3479 2205 3533 mant.
2238 3490 2251 3534 :
2286 3472 2579 3545 Quaedam
2626 3471 2793 3533 fiunt
2838 3490 3029 3553 supra
3070 3478 3385 3545 naturam,
3419 3471 3528 3532 ali-

2026 3588 2152 3651 qua
2196 3577 2424 3651 praeter
2462 3577 2775 3641 naturam,
2810 3568 3117 3630 nonnulla
3158 3576 3375 3631 contra
3419 3588 3526 3631 na-

2025 3675 2253 3728 turam.
2308 3667 2508 3747 Supra
2568 3674 2857 3729 naturam
2919 3674 3067 3728 sunt
3125 3666 3233 3727 illa
3290 3665 3524 3748 quibus

2025 3784 2149 3827 non
2200 3773 2293 3826 est
2342 3765 2552 3827 simile
2601 3764 2667 3827 in
2728 3773 2950 3826 natura
3002 3783 3121 3826 nec
3171 3764 3234 3825 in
3282 3772 3523 3829 naturae

2024 3862 2327 3945 potentia,
2370 3870 2440 3924 ut
2487 3862 2799 3943 virginem
2852 3881 3090 3944 parere.
3142 3862 3371 3925 Contra
3418 3884 3524 3925 na-

2022 3969 2229 4023 turam
2286 3969 2455 4033 sunt‚
2507 3982 2647 4043 quae
2696 3962 2862 4023 siunt
2913 3981 3031 4023 usu
3085 3968 3326 4024 naturae
3377 3979 3522 4024 con-

2023 4060 2237 4133 trario,
2278 4067 2554 4122 attamen
2603 4059 3023 4121 terminantur
3070 4059 3146 4121 ad
3191 4060 3519 4122 conforme

2021 4166 2283 4231 naturae,
2327 4159 2492 4220 sicut
2540 4158 2924 4221 illuminatio
2965 4158 3135 4221 caeci.
3173 4158 3251 4220 At
3293 4166 3521 4241 praeter

403 4252 713 4317 attributo
762 4253 1052 4316 convenit
1109 4254 1406 4334 potentiae
1455 4254 1632 4327 rati0‚
1687 4274 1910 4317 secun·
1942 4266 1990 4325 D
2021 4264 2312 4318 naturam
2354 4264 2523 4331 sunt,
2559 4276 2699 4338 quae
2738 4256 2905 4319 fiunt
2934 4256 3156 4319 ordine
3197 4256 3517 4319 consimili

405 4351 560 4412 dum
623 4351 789 4433 quod
852 4351 1158 4432 competit
1205 4352 1262 4413 ei
1317 4370 1455 4413 esse
1514 4352 1905 4435 principium

401 4448 672 4510 actionis
708 4468 722 4511 :
755 4456 816 4510 et
855 4448 1004 4531 quia
1047 4450 1330 4530 operatio
1372 4450 1479 4511 Dei
1525 4458 1620 4511 est
1663 4470 1775 4513 sua
1814 4472 1907 4513 es-

403 4546 630 4619 sentia,
675 4546 912 4609 idcirco
959 4548 1150 4609 etiam
1204 4548 1410 4630 quoad
1460 4548 1601 4621 hoc,
1644 4557 1738 4611 est
1782 4568 1909 4611 una

405 4644 469 4706 in
507 4645 638 4707 Deo
674 4646 958 4725 potentia
995 4647 1348 4708 secundum
1387 4665 1541 4719 rem,
1579 4655 1787 4709 tamen
1819 4648 1910 4709 di-

406 4743 768 4805 versimode
805 4744 1164 4825 significata
1203 4751 1265 4807 et
1307 4745 1650 4817 nominata,
1687 4746 1818 4808 imo
1847 4754 1907 4807 et

409 4840 732 4903 interdum
785 4842 1114 4923 pluraliter
1155 4843 1344 4916 dicta,
1388 4844 1740 4905 secundum
1786 4844 1910 4906 dis-

408 4939 786 5002 tinctionem
830 4939 1296 5003 attributalium
1347 4941 1662 5003 rationum
1714 4950 1777 5003 et
1819 4943 1911 5004 di-

410 5036 778 5099 versitatem
811 5037 1186 5111 effectuum,
1222 5040 1330 5121 qui
1361 5039 1742 5121 simpliciter
1770 5040 1908 5121 plu-

415 5154 514 5197 res
573 5145 740 5199 sunt.
793 5173 875 5183 —
921 5137 1036 5199 Per
1081 5140 1249 5219 quod
1308 5144 1481 5220 patet
1530 5139 1609 5199 ad
1659 5138 1911 5219 objecta

2021 4355 2144 4435 ipsi
2192 4363 2451 4427 naturae,
2492 4374 2619 4418 non
2662 4363 2871 4417 tamen
2911 4375 3025 4437 per
3063 4365 3304 4421 naturae
3346 4357 3517 4438 prin-

2021 4453 2287 4535 cipium,
2338 4454 2504 4515 sicut
2562 4454 2754 4534 virga)
2813 4454 3080 4517 mutatio
3138 4455 3204 4518 in
3262 4475 3517 4539 serpen·
3545 4474 3812 4527 &odana

2022 4559 2148 4612 tem
2201 4571 2213 4613 :
2268 4551 2417 4633 quia
2464 4552 2583 4614 hoc
2631 4551 2777 4614 fieri
2828 4554 3138 4634 potuisset
3185 4555 3406 4617 ordine
3456 4562 3517 4616 et

2019 4650 2383 4712 causalitate
2431 4658 2669 4714 naturae
2718 4672 2832 4732 per
2879 4653 3244 4715 diuturnam
3304 4660 3517 4734 putre·

2017 4748 2383 4821 factionem,
2426 4768 2625 4831 quum
2675 4749 2765 4811 ibi
2815 4750 3087 4813 rationes
3140 4751 3373 4813 suerint
3424 4770 3517 4814 se-

2019 4845 2317 4925 minales3
2355 4855 2566 4909 tamen
2607 4848 2905 4929 quoniam
2950 4848 3039 4910 ibi
3080 4867 3207 4911 non
3246 4849 3370 4912 fuit
3407 4870 3514 4911 na-

2020 4953 2173 5006 turae
2205 4945 2506 5026 operatiO,
2543 4945 2919 5007 miraculum
2964 4946 3104 5008 fuit.
3127 4982 3210 4992 —
3238 4948 3515 5021 Qualiter

2018 5049 2231 5104 autem
2283 5042 2345 5104 in
2397 5042 2496 5104 his
2535 5043 2643 5105 alii
2685 5043 2882 5105 alium
2932 5042 3208 5107 habeant
3251 5047 3509 5109 modum

2021 5141 2341 5223 loquendi,
2375 5142 2580 5223 patuit
2618 5141 2807 5224 paulo
2847 5150 3011 5206 ante.

3542 5152 3815 5209 ptisanas.
