4359 6250
799 506 885 550 AN
926 506 1371 552 PRormETATEs
1412 507 1725 552 RELATWAE
1766 507 2177 552 CONSTlTI'ANT
2221 507 2282 552 ΙΝ
2327 509 2552 553 Dlvtle
2595 509 2926 563 PERSONAS,
2967 507 3092 552 mc.

3375 483 3495 548 213

400 679 583 733 stare.
622 674 798 736 Unde
838 676 1173 738 Anselmus
1219 677 1282 738 in
1330 677 1492 739 libro
1535 678 1612 738 de
1650 678 1899 739 Proces-
1926 676 1977 738 A
2008 697 2210 759 quens
2271 679 2664 760 compositio.
2717 715 2796 724 —
2850 679 3030 750 Item,
3091 676 3312 739 relatio
3371 693 3498 737 uno

399 769 575 831 sione
628 771 901 852 Spiritus
954 775 1163 837 Sancti
1210 796 1221 838 :
1266 775 1617 842 Pluralitas‚
1666 776 1892 856 inquit,

398 869 691 948 sequitur
734 872 1126 935 relationem.
1160 875 1303 936 llaec
1348 874 1716 935 RicharduS.

478 966 569 1028 Ex
608 968 729 1030 hac
770 969 1131 1032 rationabili
1175 973 1585 1053 responsione
1626 979 1689 1032 et
1730 972 1896 1052 sapi-

398 1064 617 1126 entiali
678 1065 1085 1130 distinctione
1134 1069 1429 1132 videntur
1488 1070 1896 1150 praeinductae

400 1162 539 1225 duae
598 1165 945 1246 positiones
1003 1168 1080 1228 de
1137 1168 1544 1257 distinctione
1604 1185 1897 1249 persona-

402 1280 541 1322 rum
604 1282 719 1343 per
764 1264 1075 1345 originem
1132 1275 1241 1328 aut
1293 1284 1404 1347 per
1454 1268 1893 1348 proprietateS,

400 1377 584 1441 posse
634 1363 1025 1425 concordari.
1069 1364 1186 1437 Qui
1235 1365 1473 1426 etenim
1520 1365 1744 1427 dicunt
1790 1383 1895 1426 eas

399 1458 707 1540 distingui
750 1480 866 1542 per
902 1462 1235 1543 originem,
1270 1481 1492 1524 verum
1534 1463 1779 1536 dicunt,
1815 1463 1899 1526 lo-

400 1558 653 1637 quendo
712 1559 789 1621 de
849 1561 1167 1643 principio
1226 1561 1655 1624 distinctionis
1713 1563 1895 1643 quasi

398 1653 735 1736 effectivo;
777 1659 887 1739 qui
925 1677 1074 1721 vero
1102 1659 1445 1740 opinantur
1473 1679 1579 1721 eas
1610 1679 1723 1741 per
1756 1678 1895 1741 pro-

400 1752 699 1832 prietates
732 1755 1063 1836 distingui,
1096 1775 1319 1818 verum
1360 1757 1603 1830 dicunt,
1639 1757 1895 1838 loquen-

1998 777 2198 838 'modo
2249 785 2452 858 potest
2501 777 2768 839 transire
2821 777 2883 838 in
2942 775 3384 849 substantiam,
3436 781 3500 836 et

2008 893 2122 956 per
2170 875 2290 937 hoc
2342 894 2466 937 non
2521 875 2725 937 facere
2775 874 3300 956 compositionem
3350 892 3497 935 cum

2006 973 2334 1052 absolut03
2386 975 2512 1036 alio
2573 975 2760 1036 modo
2820 983 3024 1056 potest
3074 991 3328 1034 manere
3387 991 3502 1053 per

2009 1073 2548 1152 comparationem
2598 1073 2676 1133 ad
2725 1072 3116 1153 oppositum,
3167 1079 3230 1132 et
3278 1071 3362 1132 ita
3413 1070 3501 1130 di-

2007 1169 2353 1248 stinguitur
2395 1171 2665 1233 realiter.
2701 1172 2838 1232 lstae
2876 1170 3015 1232 duae
3060 1169 3332 1232 rationes
3372 1185 3498 1230 non

2008 1266 2304 1329 videntur
2334 1278 2692 1350 competere
2723 1268 3032 1341 absolutO‚
3066 1267 3218 1349 quia
3253 1265 3502 1329 absolu-

2008 1373 2144 1426 tum
2195 1367 2292 1428 vel
2345 1367 2604 1429 omnino
2655 1375 2886 1437 manet,
2935 1367 3038 1442 yel
3088 1364 3263 1428 omni
3313 1365 3499 1428 modo

2007 1465 2235 1525 transit
2269 1481 2282 1525 :
2317 1464 2369 1526 si
2406 1466 2580 1527 omni
2625 1466 2810 1527 modo
2841 1465 3085 1538 transit,
3117 1482 3246 1527 non
3282 1463 3502 1526 distin-

2008 1563 2146 1642 guit
2205 1581 2527 1644 personaS,
2580 1563 2746 1625 sicut
2806 1581 3010 1644 neque
3070 1561 3386 1640 essentia3
3445 1561 3497 1622 si

2008 1661 2270 1722 omnino
2321 1669 2553 1734 manet,
2605 1679 2755 1742 ergo
2805 1661 3050 1722 inducit
3099 1659 3499 1741 compositio-

2010 1777 2177 1820 nem.
2211 1794 2292 1803 —
2320 1759 2598 1832 Qualiter
2630 1768 2844 1821 autem
2875 1759 3096 1820 relatio
3126 1757 3324 1840 possit
3355 1775 3499 1820 con-

400 1851 480 1912 do
510 1852 589 1913 de
618 1853 942 1936 principio
972 1855 1399 1917 distinctionis
1429 1855 1611 1937 quasi
1640 1855 1892 1917 formali
1930 1856 1979 1919 B
2008 1858 2272 1918 stituere
2333 1865 2396 1918 et
2458 1858 2847 1940 distinguere
2912 1875 3233 1940 personaS,
3297 1855 3503 1918 decla-

401 1949 767 2015 intrinseco.

474 2153 743 2233 Insuper
786 2151 1007 2214 Scotus
1052 2152 1221 2213 circa
1264 2152 1397 2215 haec
1441 2153 1665 2215 scribit
1706 2152 1896 2214 diffu-

393 2269 461 2311 se
514 2267 528 2310 :
587 2249 819 2331 Opinio
873 2249 1231 2332 (inquiens)
1288 2251 1679 2332 Praepositivi
1740 2251 1893 2313 dicit

393 2349 562 2429 quod
602 2365 889 2428 personae
920 2348 1399 2428 distinguuntur
1428 2368 1495 2410 se
1528 2349 1703 2430 ipsiS.
1741 2349 1894 2412 Con-

394 2455 490 2508 tra
537 2447 707 2528 quod
756 2446 1045 2527 arguitur
1093 2447 1185 2506 sic
1233 2463 1247 2507 :
1289 2445 1713 2529 Quaecumque
1766 2466 1891 2509 non

390 2553 543 2606 sunt
601 2545 815 2626 primo
870 2545 1141 2617 diversa,
1195 2564 1309 2626 per
1355 2545 1596 2627 aliquid
1655 2546 1752 2607 sui
1802 2545 1893 2607 di-

390 2643 829 2724 stinguuntur,
863 2643 1165 2725 quoniam
1205 2663 1347 2725 quae
1385 2662 1453 2704 se
1486 2644 1632 2705 totis
1673 2643 1893 2705 distin-

390 2749 699 2821 guuntur,
732 2748 881 2802 sunt
914 2741 1118 2821 primo
1150 2742 1417 2804 diversa.
1456 2742 1519 2805 Si
1550 2743 1723 2804 enim
1766 2760 1890 2804 non

392 2846 543 2901 511111
596 2839 809 2920 primo
865 2838 1135 2912 diversa,
1188 2841 1297 2903 sed
1359 2841 1593 2903 habent
1650 2840 1892 2923 aliquid

398 2938 567 2998 idem
628 2937 695 2998 in
745 2955 875 3018 quo
923 2938 1419 3012 communicant,
1477 2946 1628 3019 puta
1685 2957 1894 3000 essen-

2008 1963 2184 2016 ratur
2247 1975 2360 2037 per
2419 1956 2563 2031 hoc,
2629 1958 2798 2037 quod
2861 1957 3084 2018 relatio
3145 1953 3501 2016 necessario

2006 2053 2423 2134 distinguitur
2451 2055 2530 2116 ab
2562 2055 2856 2136 opposito
2897 2072 3012 2116 suo
3042 2053 3317 2127 realiter,
3351 2069 3501 2133 quo-

2006 2151 2178 2212 niam
2222 2151 2390 2214 idem
2435 2171 2560 2214 non
2612 2153 2905 2234 producit
2947 2171 3012 2214 se
3057 2153 3268 2233 ipsum
3304 2167 3502 2230 :ergo

2006 2249 2127 2311 erit
2169 2249 2356 2311 realis
2398 2251 2756 2331 aliquorum
2799 2270 2939 2331 quae
2975 2251 3039 2311 in
3079 2248 3314 2311 divinis
3353 2255 3502 2309 sunt

2006 2349 2266 2426 relati03
2316 2367 2432 2410 nec
2484 2357 2688 2430 potest
2730 2349 2818 2410 ibi
2863 2367 3001 2410 esse
3044 2367 3159 2429 per
3206 2346 3502 2409 informa-

2006 2447 2271 2518 tionem,
2323 2465 2473 2527 ergo
2531 2456 2622 2508 est
2685 2447 3061 2520 subsistens,
3113 2465 3185 2508 ac
3236 2444 3500 2526 proinde

2009 2564 2122 2626 per
2170 2565 2238 2606 se
2289 2545 2542 2606 realiter
2590 2544 2907 2606 distincta.
2951 2545 3078 2606 Nec
3123 2563 3198 2605 ex
3248 2543 3368 2604 hoc
3411 2561 3502 2604 se-

2008 2644 2227 2724 quitur
2266 2644 2592 2705 distinctio
2633 2642 2943 2714 essentia&
2986 2643 3286 2724 quoniam
3330 2641 3498 2703 idem

2008 2741 2397 2803 illimitatum
2431 2761 2541 2802 seu
2576 2740 2927 2812 infinitum,
2961 2747 3166 2820 potest
3195 2759 3332 2801 esse
3363 2738 3502 2800 fun-

2006 2841 2368 2900 damentum
2392 2839 2824 2921 oppositarum
2852 2837 3245 2908 relationum,
3260 2845 3323 2898 et
3349 2846 3502 2898 tunc

2008 2939 2127 2999 ista
2174 2938 2396 2999 relatio
2439 2938 2673 2999 dicitur
2723 2955 2850 2999 uno
2893 2936 3080 2998 modo
3123 2953 3399 3007 manere,
3439 2943 3502 2996 et

394 3036 586 3114 tiam3
630 3043 784 3096 tunc
814 3052 940 3097 11011
972 3053 1047 3096 60
1078 3035 1559 3116 distinguuntur
1588 3054 1714 3117 quo
1745 3044 1893 3097 sunt
1932 3037 1975 3101 C
2005 3037 2131 3098 alio
2162 3036 2351 3098 modo
2387 3035 2671 3097 transire.
2709 3036 2784 3096 Et
2816 3035 2982 3096 istud
3017 3033 3500 3113 intelligendum

396 3136 589 3208 idem,
642 3135 755 3196 sed
815 3134 1297 3215 distinguuntur
1353 3134 1571 3217 aliquo
1620 3135 1717 3196 sui
1768 3154 1894 3216 quo

394 3252 525 3297 non
580 3242 735 3295 sunt
792 3232 981 3295 idem.
1036 3232 1277 3295 Divinae
1334 3240 1547 3295 autem
1611 3251 1895 3314 personae

392 3350 523 3395 non
564 3340 715 3393 sunt
755 3332 1288 3413 primodiversae,
1320 3352 1522 3414 quum
1565 3332 1689 3393 sint
1730 3332 1896 3412 ejus-

390 3432 539 3492 dem
578 3429 873 3491 essentiae
907 3447 921 3489 :
954 3447 1103 3508 ergo
1141 3430 1357 3510 aliquo
1389 3429 1888 3510 distinguuntur.

388 3564 473 3573 —-
501 3529 829 3599 Praeterea,
865 3526 928 3587 in
973 3526 1149 3588 Patre
1190 3535 1286 3588 est
1325 3528 1649 3607 generatio
1688 3527 1894 3588 activa

390 3636 455 3688 et
505 3625 714 3688 activa
760 3624 1061 3705 spirati03
1114 3624 1223 3685 sed
1283 3625 1630 3705 spiratione
1687 3624 1893 3687 activa

396 3741 525 3787 non
555 3724 973 3803 distinguitur
1002 3742 1039 3784 a
1070 3722 1247 3794 Filio,
1271 3742 1472 3804 quum
1502 3731 1565 3783 et
1597 3722 1706 3784 illa
1736 3723 1893 3785 Filio

398 3823 551 3885 insit
594 3840 611 3882 :
652 3840 805 3903 ergo
845 3822 1024 3883 Pater
1072 3838 1199 3882 non
1242 3840 1309 3882 se
1354 3821 1495 3902 ipso
1538 3828 1667 3883 toto
1715 3840 1893 3902 aeque

400 3920 611 4004 primo
658 3920 1096 4001 distinguitur,
1148 3921 1259 3982 sed
1316 3920 1533 4001 aliquo
1582 3920 1751 4000 quod
1800 3928 1896 3981 est

398 4020 469 4081 in
499 4036 593 4081 eo,
619 4054 700 4063 -
720 4020 899 4091 116111,
932 4018 986 4079 si
1018 4019 1197 4080 Pater
1224 4038 1291 4079 se
1324 4026 1453 4080 toto
1484 4018 1899 4098 distinguitur

395 4138 433 4180 a
482 4116 661 4186 Filio,
705 4116 841 4197 pari
886 4116 1127 4178 ratione
1170 4123 1233 4177 et
1270 4135 1307 4177 a
1346 4116 1587 4196 Spiritu
1631 4115 1893 4183 Sancto:

2005 3144 2099 3197 est
2141 3136 2218 3196 de
2260 3134 2678 3197 relationibus
2721 3134 3008 3215 originiS,
3042 3133 3194 3215 quia
3235 3133 3330 3195 hae
3375 3133 3502 3214 pri-

2008 3250 2113 3295 mo
2144 3233 2462 3314 pullulant
2493 3232 2557 3292 in
2589 3232 2806 3294 divina
2843 3231 3118 3293 essentia
3151 3249 3165 3292 :
3200 3231 3502 3312 quoniam

2006 3332 2217 3413 primo
2267 3332 2331 3392 in
2374 3331 2650 3392 essentia
2703 3330 2811 3391 Dei
2863 3338 2956 3391 est
2999 3330 3236 3410 duplex
3284 3330 3502 3391 fecun-

2006 3430 2190 3503 ditas,
2222 3447 2298 3491 eo
2337 3429 2505 3509 quod
2551 3428 2638 3490 ibi
2681 3429 2764 3490 sit
2803 3427 3096 3490 infinitus
3143 3427 3501 3489 intellectus

2006 3538 2069 3591 et
2112 3528 2367 3590 infinita
2409 3527 2724 3601 voluntaS‚
2768 3528 3001 3610 quibus
3048 3525 3497 3598 mediantibus,

2007 3627 2324 3709 pullulant
2351 3626 2684 3688 relationes
2715 3625 2976 3705 originis
3003 3625 3392 3707 pertinentes
3421 3624 3499 3685 ad

2006 3724 2724 3787 communicabilitatem
2772 3731 3029 3785 naturae.
3063 3758 3143 3768 —
3180 3722 3323 3784 Haec
3367 3720 3493 3783 ille.

2086 3824 2302 3905 ltaque
2334 3823 2556 3885 Scotus
2596 3822 2747 3882 satis
2788 3822 3064 3883 fideliter
3094 3820 3257 3882 hanc
3289 3828 3500 3882 narrat

2008 3922 2388 4003 positionem
2431 3938 2860 3993 communem,
2894 3939 3034 4001 quae
3075 3906 3206 3980 fere
3243 3918 3374 3997 jam
3417 3919 3497 3981 ab

2007 4020 2307 4082 omnibus
2355 4026 2628 4093 tenetur,
2685 4017 3086 4099 probationes
3136 4034 3390 4098 quoque
3438 4024 3500 4079 et

2006 4102 2411 4182 auctoritates
2442 4116 2676 4199 quibus
2719 4114 3030 4177 innititur.
3067 4116 3304 4177 Deinde
3344 4115 3503 4177 mul-

395 4226 461 4279 et
510 4216 565 4279 si
617 4215 840 4278 eodem
896 4215 1083 4277 modo
1140 4214 1552 4295 distinguitur
1602 4214 1682 4276 ab
1732 4222 1897 4274 utro—
1928 4215 1977 4276 D
2009 4216 2316 4297 tipliciter
2362 4207 2570 4295 ar‘guit
2613 4223 2831 4276 contra
2879 4232 3042 4284 eam,
3084 4222 3146 4275 et
3195 4214 3501 4295 quasdam

394 4337 547 4401 que,
590 4335 739 4399 ergo
776 4317 1067 4379 eamdem
1110 4315 1299 4377 habet
1340 4315 1781 4377 habitudinem
1818 4316 1896 4376 ad

396 4426 768 4497 utrumque,
801 4424 864 4477 et
906 4415 1283 4487 econtrario,
1320 4422 1387 4475 ut
1432 4434 1641 4495 supra.

466 4514 575 4577 Est
600 4532 748 4594 ergo
776 4513 1131 4575 communis
1162 4512 1581 4593 opinio‚quod
1614 4530 1897 4593 personae.

396 4611 818 4674 relationibus
868 4610 1344 4672 constituuntur
1392 4618 1457 4671 et
1504 4608 1900 4690 distinguun-

396 4720 521 4771 tur.
558 4708 936 4771 Absolutum
979 4708 1221 4770 etenim
1258 4708 1544 4769 additum
1584 4707 1895 4779 absoluto,

398 4806 758 4870 necessario
798 4806 952 4868 facit
996 4806 1541 4887 compositionem.
1579 4805 1644 4867 Si
1686 4814 1899 4867 autem

400 4906 465 4967 in
518 4904 811 4967 absoluto
869 4923 1155 4987 personae
1206 4905 1607 4978 conveniant,
1660 4911 1902 4966 constat

398 5004 573 5086 quod
635 5022 759 5066 non
810 5004 1034 5067 eodem
1092 5002 1383 5066 absoluto
1430 5021 1558 5083 quo
1611 5004 1905 5065 conveni-

406 5112 544 5169 unt,
598 5102 1019 5183 personaliter
1065 5102 1553 5181 distinguantur.
1599 5101 1661 5163 Si
1714 5100 1907 5180 igitur

406 5200 701 5263 absoluto
732 5200 951 5281 aliquo
980 5199 1480 5280 distinguuntur,
1514 5218 1663 5279 ergo
1692 5208 1785 5261 est
1819 5198 1906 5259 ibi

408 5298 779 5362 absolutum
838 5308 903 5361 et
959 5298 1346 5371 absolutum,
1408 5306 1471 5359 61
1528 5316 1641 5379 per
1699 5314 1913 5360 conse-

2007 4314 2413 4378 auctoritates
2455 4322 2672 4374 contra
2702 4331 2842 4374 eam
2886 4313 3108 4374 saltem
3149 4313 3502 4374 secundum

2008 4412 2468 4495 apparentiam,
2505 4411 2868 4473 introducit.

2090 4512 2224 4584 Quo
2273 4509 2458 4581 facte,
2514 4509 2691 4589 ponit
2741 4509 3081 4589 quamdam
3135 4509 3503 4589 opinionem

2007 4608 2252 4691 judicio
2303 4607 2723 4688 plurimorum
2771 4607 2950 4668 valde
2997 4607 3362 4680 absurdam,
3413 4608 3505 4670 vi-

2011 4708 2242 4770 delicet
2291 4707 2457 4787 quod
2511 4723 2794 4786 personae
2843 4704 3074 4767 divinae
3124 4706 3508 4767 constituan-

2014 4814 2116 4867 tur
2150 4812 2214 4865 et
2253 4804 2725 4882 distinguantur
2756 4822 2870 4884 per
2905 4802 3226 4864 absolutas
3267 4801 3508 4883 propri-

2013 4912 2210 4965 etates
2247 4921 2319 4964 ae
2358 4902 2669 4963 realitates
2706 4921 2719 4964 :
2754 4920 2911 4982 quas
2948 4909 3159 4962 tamen
3194 4900 3348 4962 dicit
3377 4918 3504 4961 non

2014 5001 2223 5063 facere
2268 4997 2793 5079 compositionem
2840 5017 2984 5059 cum
3036 4997 3250 5059 divina
3297 5016 3506 5059 essen-

2018 5100 2124 5171 tia,
2157 5097 2451 5179 quamvis
2489 5116 2566 5157 ex
2605 5105 2830 5157 natura
2869 5096 2960 5157 rei
3003 5114 3114 5155 seu
3155 5095 3506 5157 formaliter

2018 5196 2320 5259 differant
2364 5194 2444 5256 ab
2493 5195 2751 5271 eadem3
2792 5202 2852 5255 et
2903 5192 3105 5255 nihilo
3155 5192 3366 5255 minus
3419 5194 3508 5255 di-

2024 5296 2113 5358 cit
2142 5294 2437 5357 relativas
2479 5292 2895 5375 proprietates
2935 5310 3072 5353 esse
3102 5291 3412 5353 veraciter
3445 5292 3509 5355 in
