4359 6250
1056 513 1280 570 QuAEsT.
1327 513 1370 559 11
1415 511 1428 556 :
1475 511 1628 568 Quor
1670 510 1854 558 nonls
1897 510 1990 557 sn·
2031 509 2185 556 DEUS
2229 509 2293 556 IN
2334 509 2687 567 cnmwms,
2728 508 2855 556 mc.

3388 487 3503 553 441

405 686 634 760 finem,
689 687 964 749 multum
1015 685 1238 748 idonee
1287 691 1474 766 atque
1525 681 1846 746 subtiliter
1888 699 1902 744 ε
1938 681 1989 744 Α
2019 682 2188 763 quod
2229 682 2395 744 Deus
2432 681 2514 743 sit
2548 680 2615 743 in
2654 680 3050 742 daemonibus
3087 686 3196 741 aut
3234 679 3299 740 in
3339 679 3511 740 dam-

407 786 598 868 eujus
648 786 886 869 scripta
929 785 1059 865 jam
1109 784 1570 846 sententialiter
1611 789 1760 844 sunt
1801 801 1906 843 ex-

403 903 644 967 pressa.
679 885 757 946 Et
805 885 971 946 inter
1019 891 1228 946 cetera
1276 889 1663 944 contestatur
1706 899 1720 942 z
1767 881 1906 942 Haee

405 991 506 1046 est
534 983 714 1056 falsa,
747 984 914 1045 Deus
946 999 1072 1046 non
1103 989 1199 1044 est
1225 989 1403 1043 extra
1432 980 1762 1042 mundum.
1799 979 1906 1040 Est

407 1101 688 1164 namque
729 1090 906 1144 extra
945 1081 1256 1142 mundum
1301 1078 1583 1161 potentia
1615 1095 1629 1138 ε
1665 1077 1814 1159 quia
1853 1077 1904 1138 si

404 1180 650 1242 infiniti
692 1179 914 1242 mundi
947 1186 1180 1252 essent,
1211 1196 1434 1239 omnes
1472 1176 1763 1258 repleret.
1800 1175 1910 1236 Est

403 1281 598 1342 etiam
640 1286 785 1341 aetu
825 1278 1294 1360 quodammodo
1330 1284 1506 1338 extra
1541 1276 1852 1337 mundum
1889 1294 1903 1338 :

405 1385 506 1440 est.
535 1378 776 1440 etenim
811 1376 876 1438 in
911 1396 978 1438 se
1013 1376 1174 1459 ipse,
1207 1383 1268 1438 et
1300 1376 1436 1457 ipse
1468 1375 1532 1436 in
1576 1373 1905 1435 infinitum

408 1477 617 1557 major
661 1483 756 1538 est
802 1476 1062 1547 mund0‚
1106 1483 1170 1537 et
1213 1476 1379 1537 Deus
1422 1473 1546 1534 sibi
1591 1472 1714 1554 ipsi
1764 1490 1906 1555 pro-

406 1575 550 1656 prie
595 1575 771 1636 loeus
813 1581 929 1636 est.
963 1574 1107 1635 Haee
1149 1571 1703 1634 AntisiodorensiS.

487 1672 650 1735 Hine
693 1673 964 1735 Thomas
1011 1673 1090 1734 de
1131 1671 1476 1752 Argentina
1517 1688 1531 1732 :
1576 1670 1772 1742 Sicut,
1815 1668 1908 1730 in-

405 1771 572 1853 quit,
607 1772 891 1852 potentia
933 1771 1046 1832 Dei
1089 1789 1216 1832 non
1263 1777 1468 1852 potest
1507 1768 1570 1830 in
1617 1776 1706 1830 tot
1750 1767 1904 1849 quin

2016 778 2179 842 natis
2242 779 2343 841 vel
2408 780 2625 861 impiis
2692 799 2706 842 ε
2769 778 2920 861 quia
2979 777 3113 840 haee
3177 777 3511 840 nominant

2016 885 2307 940 naturam
2356 878 2533 940 vitiis
2589 877 3026 950 deformatam,
3080 894 3353 958 quorum
3402 896 3512 937 au-

2017 985 2152 1040 ctor
2200 985 2309 1040 aut
2357 985 2759 1044 conservator
2816 977 2981 1038 Deus
3041 993 3167 1038 non
3226 983 3342 1049 est,
3394 994 3513 1037 nee

2015 1074 2540 1138 assimilationem
2572 1093 2790 1137 seeum
2826 1073 3061 1136 habent
3090 1081 3368 1156 peecata.
3404 1074 3514 1136 Est

2016 1181 2229 1236 tamen
2272 1173 2335 1235 in
2380 1173 2509 1236 illis
2548 1172 2615 1235 in
2655 1181 2964 1254 quantum
3006 1179 3154 1234 sunt
3194 1172 3305 1234 Dei
3347 1191 3515 1234 erea-

2016 1280 2195 1345 turae,
2215 1279 2278 1333 et
2308 1271 2754 1333 intellectualis
2782 1277 3122 1344 naturae,et
3152 1270 3325 1332 entia
3353 1289 3515 1352 quae·

2017 1371 2183 1432 dam.
2236 1405 2316 1414 -—
2360 1369 2452 1431 Ad
2512 1377 2832 1450 quartum,
2891 1368 3058 1450 quod
3117 1367 3358 1450 aliquid
3418 1375 3515 1430 est

2018 1468 2431 1551 perfeetionis
2479 1468 2544 1531 in
2594 1475 2901 1540 ereatura,
2953 1467 3123 1548 quod
3172 1485 3297 1529 non
3348 1475 3515 1530 esset

2020 1567 2430 1650 perfeetionis
2471 1567 2536 1628 in
2582 1567 2889 1629 Creatore.
2926 1565 3224 1638 Quamvis
3262 1584 3411 1646 ergo
3451 1566 3513 1628 id

2017 1667 2096 1729 de
2140 1685 2267 1748 quo
2312 1667 2512 1747 tangit
2560 1665 2905 1746 objectum,
2948 1673 3115 1727 esset
3162 1664 3515 1727 nobilitatis

2020 1766 2086 1826 in
2137 1783 2327 1827 eausa
2374 1771 2602 1838 ereata,
2644 1782 2771 1825 non
2820 1771 3029 1825 tamen
3081 1763 3146 1824 in
3195 1763 3515 1845 principio

407 1871 613 1951 possit
663 1870 726 1930 in
770 1869 974 1951 plura,
1019 1871 1110 1932 sie
1157 1869 1432 1931 essentia
1477 1867 1583 1930 Dei
1635 1885 1762 1929 non
1812 1872 1908 1928 est
1943 1861 1990 1923 B
2020 1863 2300 1925 inere-ato
2343 1881 2357 1924 ε
2400 1863 2550 1944 quia
2592 1880 2668 1924 ex
2714 1862 2833 1924 hoe
2882 1869 3254 1944 sequeretur
3302 1861 3512 1943 ipsum

404 1973 497 2034 ita
540 1973 606 2034 in
649 1972 838 2034 rebus
878 1972 1034 2053 quin
1077 1971 1274 2053 possit
1312 1991 1450 2034 esse
1482 1971 1548 2033 in
1589 1969 1902 2053 pluribus.

403 2073 547 2134 lino
593 2071 648 2134 si
710 2069 936 2134 mundi
995 2077 1207 2132 essent
1264 2069 1526 2143 infiniti,
1579 2069 1908 2131 universos

404 2170 710 2252 impleret
745 2187 758 2230 ε
792 2177 856 2231 et
883 2169 1050 2230 sieut
1090 2169 1224 2250 ipse
1263 2176 1359 2230 est.
1389 2187 1576 2230 causa
1615 2167 1908 2230 efficiens

405 2288 540 2332 non
581 2268 835 2341 effecta,
868 2274 932 2329 et
963 2287 1153 2329 eausa
1195 2266 1478 2330 formalis
1517 2285 1644 2329 non
1683 2266 1911 2329 forma-

405 2376 508 2446 ta3
555 2367 640 2428 ita
679 2373 775 2428 est
815 2384 1004 2428 eausa
1048 2364 1263 2427 finalis
1305 2383 1431 2427 non
1475 2364 1677 2427 finita.
1721 2365 1910 2427 Porro

405 2485 616 2547 quum
665 2464 832 2527 Deus
878 2464 1115 2526 dieitur
1162 2483 1300 2526 esse
1348 2470 1524 2525 extra
1573 2463 1906 2536 mundum,

405 2563 780 2647 praepositio
811 2573 1002 2623 exera
1033 2581 1158 2624 non
1190 2562 1477 2644 designat
1506 2561 1908 2643 praesent-iam

403 2662 724 2724 actualem
766 2662 843 2723 ad
885 2661 1119 2735 locum,
1153 2661 1264 2722 sed
1301 2661 1736 2743 potentialem,
1770 2679 1910 2741 quae

403 2767 506 2822 est
545 2759 654 2822 Dei
695 2759 1112 2833 immensitaS,
1147 2777 1272 2840 qua
1311 2758 1598 2821 infinitos
1640 2758 1910 2819 mundos

406 2859 712 2941 impleret
769 2857 820 2920 si
881 2865 1110 2920 essent.
1162 2894 1242 2902 -
1300 2857 1390 2918 Ex
1448 2857 1682 2939 quibus
1740 2862 1912 2938 patet

403 2957 646 3021 solutio
693 2956 1061 3038 quaestionis
1113 2955 1506 3039 simplicium
1550 2955 1658 3036 qui
1708 2954 1912 3016 solent

2019 1980 2158 2023 esse
2189 1960 2548 2034 finitum,et
2578 1980 2613 2022 a
2644 1980 2757 2022 sua
2790 1968 3097 2042 potestate
3126 1959 3510 2022 distinctum.

2462 2287 2935 2360 QUAESTIO
3002 2287 3078 2349 II

2144 2561 2405 2623 Eeundo
2453 2560 2894 2643 principaliter
2942 2560 3267 2641 quaeritur,
3310 2561 3517 2639 Quot

2144 2659 2431 2727 ,modis
2464 2657 2574 2724 sit
2602 2659 2812 2724 Deus
2845 2657 2930 2723 in
2961 2658 3392 2740 ereum-133
3428 2665 3511 2732 et,

2021 2759 2381 2838 Qualiter
2432 2772 2601 2824 esse
2652 2759 2738 2822 in
2794 2755 3165 2823 omnibus
3214 2758 3297 2823 et
3343 2755 3515 2822 ubi·

2019 2872 2195 2938 que,
2228 2855 2337 2922 sit
2378 2858 2789 2936 proprium
2831 2855 3015 2923 Deo.

2101 2957 2170 3018 In
2202 2973 2329 3037 quo
2358 2955 2550 3016 etiam
2582 2962 2678 3016 est
2708 2954 3143 3036 quaerendum,
3177 2954 3306 3020 An
3344 2968 3514 3020 esse

403 3057 822 3137 interrogare,
848 3054 963 3116 Ubi
997 3063 1130 3116 erat
1157 3055 1325 3117 Deus
1355 3061 1696 3136 antequam
1728 3072 1909 3114 mun·
1947 3057 1990 3120 C
2021 3057 2314 3137 ubique
2366 3056 2745 3121 convenit
2790 3054 2951 3120 Deo
3004 3053 3104 3120 ab
3156 3055 3455 3120 oeterno
3498 3072 3515 3118 t

403 3158 564 3218 dum
609 3154 894 3217 creavit?
936 3154 1109 3217 Unde
1152 3161 1216 3216 et
1260 3153 1520 3216 metrice
1565 3153 1798 3214 dieitur
1833 3171 1846 3216 :

403 3308 510 3359 Die
537 3308 630 3359 ubi
655 3313 792 3359 tunc
814 3310 984 3365 esset,
1005 3320 1176 3371 quum
1199 3310 1402 3371 praeter
1423 3319 1550 3355 eum
1579 3305 1714 3355 nihil
1737 3308 1906 3354 esset.

402 3392 587 3450 Tunc,
609 3390 702 3441 ubi
727 3402 908 3449 nune;
943 3388 998 3439 in
1021 3402 1101 3449 se,
1122 3388 1386 3453 quoniam
1411 3386 1516 3437 sibi
1539 3387 1747 3438 sufficit
1768 3386 1905 3451 ipse.

401 3527 550 3589 Haee
594 3526 726 3587 ille.

487 3744 584 3805 Ad
634 3742 886 3823 objecta
933 3748 1106 3823 patet
1153 3760 1231 3802 ex
1281 3740 1468 3802 dietis
1518 3740 1768 3804 solutio.
1815 3740 1908 3802 Ad

405 3842 694 3924 primum
741 3839 982 3921 quippe
1020 3839 1386 3913 dicendum,
1429 3841 1598 3921 quod
1639 3839 1808 3901 finiti
1849 3847 1910 3901 et

405 3938 655 4002 infiniti
716 3938 894 3999 nulla
949 3946 1044 3999 est
1095 3939 1420 4020 proportio
1479 3939 1782 4001 naturalis
1838 3957 1911 3999 ae

404 4038 672 4121 proprie
729 4037 918 4108 dicta,
971 4036 1390 4119 ejusdemque
1447 4036 1698 4117 generis
1751 4045 1914 4101 :est

401 4146 628 4199 tamen
683 4136 848 4197 bene
907 4134 1072 4197 inter
1121 4154 1196 4196 ea
1242 4136 1568 4218 proportio
1618 4136 1914 4197 imitatio-

2021 3154 2241 3236 sieque
2299 3153 2421 3215 tria
2475 3161 2818 3234 tanguntur
2864 3160 2927 3215 et
2981 3152 3395 3235 inquiruntur
3450 3153 3516 3216 in

2024 3252 2144 3314 isto
2190 3253 2474 3335 quaesito.

2091 3352 2407 3424 Quantum
2439 3351 2515 3413 ad
2548 3342 3122 3433 primum,videtur
3151 3352 3319 3434 quod
3351 3353 3517 3414 Deus

2022 3468 2147 3511 non
2180 3450 2262 3511 sit
2294 3451 2359 3511 in
2391 3450 2579 3511 rebus
2612 3450 2903 3530 pluribus
2935 3448 3316 3511 modis.Ent·i
3349 3450 3518 3511 enim

2024 3547 2299 3609 maxime
2358 3548 2661 3609 uniformi
2720 3566 2793 3609 ae
2853 3546 3333 3627 simplicissimo
3390 3566 3517 3610 non

2023 3647 2319 3708 convenit
2367 3646 2488 3708 nisi
2543 3666 2706 3708 unus
2766 3646 2991 3708 modus
3040 3646 3313 3721 essendi,
3367 3646 3519 3728 quia

2023 3746 2248 3807 modus
2279 3745 2369 3806 rei
2402 3744 2689 3825 sequitur
2718 3744 2809 3806 rei
2841 3752 3131 3806 naturam
3162 3764 3175 3807 :
3210 3762 3358 3825 ergo
3389 3763 3515 3807 non

2023 3843 2146 3905 nisi
2202 3862 2328 3905 uno
2387 3843 2573 3905 modo
2631 3842 2697 3903 in
2750 3840 2943 3903 rebus
2986 3850 3099 3904 est.
3151 3878 3233 3887 --
3284 3843 3518 3905 Secun-

2022 3943 2124 4017 do,
2175 3942 2601 4003 communiter
2648 3941 2902 4014 dieitur,
2950 3940 3120 4023 quod
3169 3940 3520 4023 corporalia

2024 4047 2172 4102 sunt
2223 4040 2285 4100 in
2349 4039 2483 4102 loco
2542 4038 3111 4121 circumscriptive,
3166 4039 3522 4121 spiritualia

2023 4137 2383 4208 definitive,
2444 4138 2609 4200 Deus
2673 4138 3191 4199 transcendenter
3241 4155 3255 4199 :
3312 4146 3373 4200 et
3434 4138 3522 4200 ita

402 4236 512 4309 nis
549 4242 608 4297 et
639 4234 964 4315 analogiae,
999 4253 1198 4315 quum
1241 4242 1526 4296 ereatura
1565 4234 1645 4295 sit
1684 4234 1913 4296 similis
1946 4242 1995 4303 D
2025 4256 2191 4299 unus
2242 4238 2466 4298 modus
2524 4236 2774 4299 essendi
2824 4236 2889 4297 in
2941 4235 3081 4299 loeo
3137 4236 3522 4299 adscribitur

401 4333 728 4413 Creatori3
773 4352 891 4395 nee
921 4333 1158 4395 distant.
1188 4333 1267 4395 ab
1302 4334 1572 4395 invicem
1617 4333 1917 4395 distantia

401 4432 600 4495 locali
630 4431 938 4513 corporali
974 4431 1414 4513 quantitativa,
1448 4431 1558 4493 sed
1589 4430 1914 4512 dignitatis

401 4540 468 4593 et
501 4530 886 4603 eminentiae,
902 4530 978 4591 ad
1012 4548 1200 4610 quam
1229 4530 1520 4611 sequitur
1548 4530 1714 4611 quod
1751 4531 1913 4592 Deus

404 4630 495 4693 sit
545 4627 858 4701 infinituS,
901 4636 965 4691 et
1012 4646 1125 4710 per
1171 4645 1565 4709 consequens
1615 4627 1913 4691 omnibus

406 4746 713 4811 praesens.
739 4762 822 4771 —-
849 4727 942 4788 Ad
989 4726 1366 4799 seeundum,
1399 4726 1567 4808 quod
1613 4725 1779 4789 sicut
1822 4727 1912 4789 nil

411 4824 771 4889 nobilitatis
815 4824 1003 4887 affert
1047 4825 1173 4885 Deo
1217 4842 1354 4887 esse
1397 4824 1462 4885 in
1505 4824 1696 4887 rebus
1740 4826 1917 4887 nobi-

411 4924 613 4994 libus,
650 4922 742 4984 sie
786 4922 878 4984 nil
929 4922 1344 5003 ignobilitatis
1395 4922 1625 5003 ingerit
1670 4924 1727 4985 ei
1777 4942 1915 4986 esse

413 5022 484 5084 in
518 5020 755 5083 vilibus
787 5021 1018 5084 rebus:
1043 5020 1194 5101 quia
1222 5020 1313 5082 nil
1344 5022 1566 5102 tangit,
1601 5022 1912 5104 inquinat,

413 5121 718 5182 immutat
746 5127 856 5181 aut
883 5118 1090 5181 afficit
1119 5138 1302 5198 eum3
1326 5120 1456 5183 imo
1487 5120 1741 5182 infinita
1770 5122 1920 5183 emi·

413 5218 638 5281 nentia
693 5218 1174 5301 supergreditur
1221 5227 1467 5281 cuneta.
1521 5255 1601 5263 -
1648 5220 1740 5281 Ad
1800 5228 1919 5281 ter-

413 5317 606 5392 tium,
659 5316 831 5399 quod
890 5335 1017 5380 non
1067 5324 1163 5379 est
1210 5316 1497 5380 absolute
1551 5316 1913 5393 dicendum,

2025 4336 2174 4409 De0,
2220 4354 2346 4397 non
2399 4335 2631 4416 plures
2668 4370 2747 4379 —
2787 4334 3018 4409 Tertio,
3062 4335 3127 4396 in
3178 4335 3387 4397 littera
3434 4336 3524 4397 di-

2025 4434 2212 4506 eitur,
2258 4434 2427 4515 quod
2471 4434 2637 4495 Deus
2681 4442 2778 4495 est
2821 4434 2886 4495 in
2931 4434 3231 4496 omnibus
3276 4454 3389 4516 per
3426 4454 3522 4497 es-

2025 4533 2319 4606 sentiam,
2356 4531 2755 4614 praesentiam
2794 4540 2857 4593 et
2895 4533 3283 4613 potentiam3
3324 4541 3388 4595 et
3428 4534 3520 4596 vi-

2024 4630 2211 4691 detur
2240 4630 2409 4711 quod
2450 4628 2645 4690 simili
2688 4628 2929 4691 ratione
2969 4628 3193 4692 debeat
3224 4630 3350 4692 diei
3381 4650 3520 4693 esse

2027 4726 2092 4789 in
2144 4727 2283 4790 loeo
2335 4746 2447 4809 per
2495 4725 2896 4807 sapientiam,
2947 4746 3073 4808 qua
3123 4736 3351 4789 cuneta
3407 4746 3519 4808 gu-

2026 4826 2270 4897 bernat,
2294 4833 2352 4886 et
2387 4844 2501 4907 per
2528 4824 2941 4897 voluntatem,
2976 4844 3101 4906 qua
3130 4825 3346 4886 omnia
3375 4844 3520 4887 eon-

2025 4924 2207 4995 didit,
2241 4932 2303 4986 et
2343 4943 2454 5005 per
2494 4921 3024 4995 benevolentiam,
3060 4941 3185 5003 qua
3223 4923 3522 4986 universa

2026 5028 2375 5083 conservat.
2413 5021 2486 5082 Et
2517 5020 2843 5101 quaeritur,
2878 5039 2993 5081 eur
3030 5020 3241 5101 potius
3272 5021 3520 5084 dicatur

2025 5140 2165 5182 esse
2205 5120 2443 5201 ubique
2481 5137 2595 5200 per
2625 5118 2987 5192 essentiam,
3024 5120 3423 5200 praesentiam
3456 5130 3519 5183 et

2027 5218 2399 5301 potentiam,
2446 5235 2637 5298 quam
2689 5234 2802 5297 per
2848 5216 3249 5298 sapientiam,
3294 5219 3517 5280 volun-

2027 5324 2221 5379 tatem
2264 5324 2324 5379 et
2371 5315 2898 5379 benevolentiam.
