4359 6250
146 4669 299 4712 lTim.
318 4671 417 4719 nst.

596 534 681 582 AN
724 536 877 584 DEUS
919 536 1123 585 rossir
1164 538 1511 585 ras-:cirum
1550 539 1629 583 EA
1668 535 1802 595 QUAE
1842 538 1993 584 SUNT
2032 538 2268 585 CONTRA
2307 538 2426 584 AUT
2465 539 2714 586 PRAETER
2750 532 3148 586 VOLUNTATEM
3187 540 3351 587 SUAM
3409 519 3530 586 643

440 712 594 769 turae
624 708 834 789 primo
868 710 1054 771 modo
1085 717 1405 791 sumptam
1434 728 1619 789 agere
1650 709 1816 770 valet
1838 708 1933 789 (id
1961 707 2010 770 A
2041 708 2119 769 ad
2162 708 2454 783 salute-m,
2488 717 2552 770 et
2589 709 2756 791 quod
2802 711 2966 773 Deus
3011 718 3264 792 paratus
3307 718 3402 774 est
3437 710 3538 792 ju·

436 811 532 866 est
576 825 769 888 supra
811 808 981 888 eam)
1010 817 1200 892 atque
1244 810 1607 891 praecipere.

516 904 786 986 Insuper
816 908 1062 988 quaerit‚
1096 928 1175 969 an
1208 908 1373 970 Deus
1406 908 1605 989 possit
1635 906 1933 990 praecipe-

436 1021 504 1064 re
554 1012 773 1067 contra
818 1006 923 1086 jus
974 1007 1209 1069 morale
1261 1007 1572 1087 Decalogi.
1619 1007 1712 1068 Ad
1763 1007 1931 1087 quod

2042 825 2210 880 vare,
2245 815 2434 889 atque
2465 808 2829 870 communia
2871 807 3185 872 beneficia
3215 810 3404 872 saluti
3434 826 3535 871 ac-

2042 906 2375 967 commoda
2410 906 2730 969 exhibere.

2122 1004 2426 1066 Praeterea
2473 1013 2691 1067 contra
2739 1006 3027 1087 quaedam
3087 1006 3268 1087 signa
3315 1007 3538 1069 volun-

438 1104 828 1183 respondens
864 1122 878 1167 ε
911 1106 1018 1167 Jus
1049 1104 1315 1187 (inquit)
1347 1105 1636 1186 Decalogi
1682 1101 1934 1167 emanat
2042 1102 2187 1163 tatis
2229 1102 2461 1165 divinae
2501 1110 2708 1184 potest
2745 1103 2984 1185 aliquid
3028 1103 3195 1178 fieri,
3229 1112 3288 1166 et
3323 1112 3540 1167 contra

438 1222 475 1263 a
506 1200 649 1279 jure
692 1204 981 1266 naturali.
1013 1205 1122 1266 Jus
1162 1213 1373 1266 autem
1418 1204 1701 1266 naturale
1736 1204 1932 1284 respi-

440 1304 527 1365 cit
564 1303 854 1365 ordinem
897 1310 1200 1364 creaturae
1244 1302 1322 1363 ad
1363 1321 1429 1363 se
1476 1300 1575 1363 vel
1620 1301 1696 1363 ad
1741 1301 1929 1363 aliam

438 1408 828 1476 creaturam3
872 1400 1101 1461 iterum
1142 1399 1403 1479 respicit
1435 1398 1723 1461 ordinem
1766 1416 1934 1459 crea-

440 1508 595 1560 turae
640 1498 718 1559 ad
767 1499 987 1559 Deum.
1033 1498 1237 1579 Supra
1280 1498 1386 1578 jus
1438 1504 1677 1559 naturae
1724 1496 1934 1577 primo

440 1598 628 1660 modo
656 1597 922 1667 dictum,
956 1604 1049 1658 est
1082 1596 1181 1657 lex
1213 1603 1467 1667 aeterna,
1503 1614 1643 1677 quae
1674 1595 1933 1677 respicit

438 1695 727 1757 ordinem
788 1704 1091 1757 creaturae
1146 1694 1225 1755 ad
1284 1694 1507 1767 Deum,
1564 1701 1633 1754 ut
1690 1693 1933 1755 scilicet

440 1792 742 1875 quaelibet
802 1801 1089 1854 creatura
1152 1793 1279 1854 Deo
1342 1791 1670 1865 subdatur,
1731 1799 1793 1853 et
1854 1791 1933 1853 ad

2045 1200 2335 1280 quaedam
2366 1218 2512 1262 non.
2549 1201 2844 1273 Quaedam
2875 1220 3152 1283 namque
3182 1208 3332 1264 sunt
3361 1202 3539 1283 signa

2044 1297 2388 1360 voluntatis
2421 1300 2653 1362 divinae
2683 1308 2974 1381 respectu
3007 1300 3357 1381 praesentis,
3386 1306 3540 1382 puta

2045 1396 2179 1459 haec
2229 1397 2376 1470 duo,
2431 1397 2719 1479 impletio
2773 1416 2886 1459 seu
2932 1398 3236 1479 operatio,
3287 1404 3351 1458 et
3399 1415 3538 1478 per-

2048 1494 2268 1556 missio
2302 1515 2315 1558 :
2351 1502 2570 1557 contra
2598 1515 2738 1576 quae
2769 1513 2894 1557 non
2939 1502 3146 1577 potest
3174 1496 3328 1577 quid
3369 1494 3536 1567 fieri,

2046 1592 2348 1673 quoniam
2380 1593 2458 1654 de
2489 1593 2784 1674 praesenti
2817 1595 2986 1675 quod
3017 1593 3116 1667 fit,
3143 1591 3540 1675 impossibile

2046 1697 2140 1751 est
2185 1710 2310 1753 non
2355 1690 2500 1753 fieri
2547 1692 2612 1753 in
2658 1692 2970 1774 praesenti.
3014 1693 3152 1755 Alia
3195 1692 3316 1755 tria
3363 1693 3543 1774 signa

2048 1796 2197 1851 sunt
2235 1798 2527 1871 respectu
2567 1790 2788 1863 futuri,
2824 1789 3140 1864 videlicet,
3174 1792 3538 1872 praeceptiO,

444 1891 653 1973 ipsum
687 1891 902 1952 tendat
934 1896 1234 1971 tanquam
1267 1889 1345 1951 ad
1382 1888 1601 1950 finem.
1638 1889 1714 1951 Et
1743 1908 1935 1970 supra
1971 1886 2017 1948 B
2050 1888 2417 1969 prohibitio,
2450 1889 2792 1951 consilium
2827 1909 2840 1953 :
2878 1898 3095 1952 contra
3129 1909 3270 1971 quae
3299 1888 3541 1971 aliquid

443 1989 562 2051 hoc
588 1989 693 2069 jus
734 2007 861 2051 non
902 1996 997 2050 εει
1036 1987 1209 2049 aliud
1246 1987 1435 2049 altius
1476 2006 1549 2049 eo
1585 2005 1599 2048 ε
1636 2005 1751 2049 nec
1793 2005 1938 2050 con·

444 2095 539 2148 tra
596 2088 714 2149 hoc
762 2086 869 2168 jus
926 2093 1133 2169 potest
1182 2087 1347 2147 Deus
1398 2086 1764 2167 praecipere,
1818 2104 1935 2147 nec

444 2192 663 2247 contra
692 2193 1007 2267 praecepta
1034 2184 1395 2247 emanantia
1424 2184 1504 2245 ab
1534 2184 1936 2264 eodem,quae

445 2284 797 2366 respiciunt
825 2284 1116 2346 ordinem
1152 2284 1215 2344 in
1247 2282 1487 2344 ratione
1519 2282 1936 2362 subjectionis

443 2390 507 2444 et
555 2380 747 2461 sinis;
789 2382 900 2443 sed
950 2389 1169 2444 contra
1217 2388 1532 2463 praecepta
1578 2380 1939 2442 emanantia

442 2500 481 2542 a
527 2482 736 2563 primo
788 2480 957 2561 jure,
1008 2488 1213 2562 potest
1262 2480 1628 2561 praecipere,
1676 2479 1795 2541 hoc
1844 2485 1940 2539 εει

444 2588 661 2643 contra
704 2598 779 2640 ca
820 2598 963 2660 quae
1011 2578 1359 2660 respiciunt
1405 2578 1696 2640 ordinem
1744 2578 1821 2639 ad
1871 2596 1937 2638 se

442 2678 543 2740 vel
600 2678 679 2740 ad
736 2676 928 2739 aliam
990 2684 1365 2749 creaturam,
1427 2677 1592 2737 sicut
1651 2676 1785 2757 ipse
1842 2684 1937 2737 est

446 2795 637 2858 supra
674 2793 933 2837 omnem
974 2782 1347 2837 creaturam.
1386 2774 1471 2836 Ea
1501 2792 1651 2836 vero
1690 2792 1830 2855 quae
1871 2773 1937 2834 in

447 2874 701 2956 propria
738 2874 979 2935 ratione
1012 2872 1347 2934 includunt
1377 2872 1847 2934 deformitatem
1877 2879 1939 2933 et

444 2990 768 3034 recessum
800 2989 835 3032 a
866 2988 1117 3033 summo
1149 2970 1337 3043 bone,
1371 2970 1536 3031 Deus
1575 2987 1701 3032 non
1734 2977 1939 3051 potest

2049 1985 2192 2047 fieri
2241 1994 2468 2067 potest,
2503 1994 2564 2049 et
2608 1988 2661 2048 si
2706 2005 2832 2049 non
2878 1989 2954 2049 de
2995 1987 3161 2068 jure,
3195 1987 3418 2049 saltem
3464 1986 3541 2048 de

2048 2084 2232 2147 facto.
2269 2084 2423 2147 Nam
2464 2092 2528 2146 et
2558 2084 2772 2147 futura
2816 2086 2880 2147 in
2917 2084 3166 2147 actibus
3206 2085 3542 2146 hominum

2050 2182 2348 2263 impediri
2383 2191 2669 2264 possunt,
2689 2202 2806 2245 nec
2835 2183 3206 2245 evenire.-
3225 2182 3540 2265 Amplius»,

2049 2281 2336 2362 quaedam
2398 2290 2546 2343 sunt-
2602 2282 2782 2362 signa
2839 2281 3180 2343 voluntatis
3239 2280 3544 2344 absolutae

2050 2398 2161 2441 seu
2212 2379 2681 2461 consequentiS,
2729 2387 2796 2441 ut
2839 2379 3121 2461 operatio
3168 2387 3232 2442 et
3278 2380 3545 2461 permis-

2049 2478 2145 2539 sio
2189 2496 2202 2541 :
2248 2477 2390 2539 ideo
2437 2478 2602 2539 sicut
2654 2485 2873 2540 contra
2923 2477 3098 2539 illam
3149 2478 3542 2563 voluntatem

2049 2575 2158 2637 Dei
2211 2576 2302 2636 nil
2353 2574 2496 2637 fieri
2546 2576 2734 2649 valet,
2787 2576 2872 2638 ita
2929 2595 3046 2638 nec
3097 2585 3316 2640 contra
3363 2578 3544 2657 signa

2050 2674 2270 2755 ipsius.
2305 2674 2444 2736 Alia
2475 2674 2595 2736 tria
2633 2682 2780 2736 sunt
2809 2674 2986 2755 signa
3017 2676 3362 2738 voluntatis
3399 2693 3545 2738 con-

2047 2772 2368 2835 ditionatae
2398 2791 2510 2834 seu
2543 2774 2974 2837 antecedentis
2994 2793 3007 2837 ε
3027 2774 3177 2835 hinc
3209 2774 3374 2835 sicut
3403 2792 3546 2835 con·

2047 2878 2142 2932 tra
2183 2869 2550 2952 hujusmodi
2593 2872 2703 2933 Dei
2735 2872 3123 2934 voluntatem
3164 2870 3240 2933 fit
3272 2872 3539 2953 aliquid,

2052 2970 2139 3031 ita
2179 2978 2243 3031 et
2285 2978 2504 3031 contra
2547 2970 2726 3051 signa
2768 2970 3077 3050 ejusdem.

447 3070 814 3152 praecipere,
874 3070 1040 3132 sicut
1100 3069 1425 3143 moechari‚
1488 3078 1607 3130 etc.
1660 3104 1741 3113 —
1796 3067 1939 3132 Haec
1976 3065 2019 3128 C
2129 3067 2208 3129 At.
2252 3085 2404 3131 vero
2446 3068 2600 3130 dum
2644 3067 2972 3150 quaeritur,
3007 3088 3084 3131 an
3130 3070 3294 3132 Deus
3345 3068 3546 3152 possit

445 3170 820 3244 Alexander,
856 3170 962 3251 qui
1011 3170 1089 3231 de
1134 3169 1232 3231 his
1276 3169 1497 3230 scribit
1540 3168 1797 3230 diffuse.

524 3269 963 3330 Bonaventura
1015 3269 1273 3329 demum
1324 3266 1427 3328 hic
1477 3265 1699 3329 scribit
1746 3286 1759 3330 ε
1812 3266 1939 3329 Νεε

444 3366 825 3429 antecedens
875 3367 985 3428 Dei
1035 3366 1328 3428 voluntas
1376 3384 1495 3427 nec
1544 3383 1939 3446 consequens

444 3465 729 3546 superari
782 3471 1009 3546 potest,
1058 3471 1164 3526 aut
1217 3463 1446 3524 cassari
1502 3463 1600 3524 vel
1650 3480 1766 3524 suo
1814 3462 1941 3524 sru-

442 3563 627 3623 strari
680 3560 939 3624 effectu.
992 3561 1490 3623 Antecedentem
1541 3569 1752 3622 tamen
1802 3578 1942 3642 pos-

442 3660 631 3722 sibile
662 3667 758 3722 εει
786 3676 913 3721 non
954 3658 1232 3740 impleri,
1266 3665 1760 3740 consequentem
1792 3674 1943 3719 vero

443 3777 705 3821 necesse
735 3764 832 3820 εει
864 3756 1478 3838 impleri.Neutram‚
1502 3756 1783 3837 inquam,
1805 3773 1943 3836 pos-

442 3857 631 3918 sibile
661 3863 759 3917 est
788 3855 1093 3936 superari.
1112 3853 1176 3916 Si
1206 3853 1379 3915 enim
1410 3854 1600 3915 homo
1630 3871 1759 3915 nou
1790 3853 1944 3915 facit

443 3955 613 4036 quod
659 3955 825 4016 Deus
863 3952 1002 4015 vult
1039 3959 1350 4033 quantum
1398 3951 1463 4012 in
1508 3951 1647 4032 ipso
1690 3958 1786 4012 est
1828 3970 1940 4014 seu

441 4052 767 4114 voluntate
815 4051 1249 4124 antecedente,
1278 4051 1461 4132 ⁴Deus
1511 4049 1662 4111 facit
1713 4050 1790 4111 de
1838 4050 1946 4112 ho-

444 4149 619 4211 mine
658 4149 828 4231 quod
869 4149 1007 4230 ipse
1051 4149 1216 4210 Deus
1257 4147 1395 4210 vult
1432 4147 1757 4209 voluntate
1802 4166 1947 4210 con-

2051 3166 2220 3228 mala
2264 3167 2630 3248 praecipere,
2674 3167 3020 3248 dupliciter
3066 3175 3272 3250 potest
3316 3168 3547 3231 intelli-

2050 3265 2111 3346 gi
2149 3282 2163 3326 :
2200 3264 2428 3346 prim0,
2454 3273 2524 3326 ut
2557 3265 2796 3327 malum
2829 3266 2986 3328 illud
3019 3275 3388 3348 permaneat
3419 3285 3547 3329 ma-

2051 3362 2353 3435 lum,Deo
2383 3362 2542 3425 illud
2574 3364 3016 3446 praecipiente3
3049 3365 3350 3438 secundo,
3376 3365 3546 3447 quod

2052 3462 2218 3524 Deus
2252 3461 2678 3542 praecipiendo
2707 3462 2899 3524 faciat
2930 3463 3085 3524 illud
3131 3462 3388 3525 bonum.
3422 3463 3547 3525 Pri-

2054 3579 2231 3621 mum
2277 3566 2406 3620 tam
2459 3559 2855 3641 impossibile
2904 3568 3020 3634 est,
3068 3580 3261 3642 quam
3310 3561 3548 3641 impos-

2052 3657 2240 3720 sibile
2298 3665 2395 3719 est
2452 3657 2840 3740 Deum‚·qui
2900 3678 3058 3739 pura
3114 3657 3366 3721 bonitas
3427 3666 3542 3732 est,

2053 3774 2336 3836 peccare.
2380 3756 2742 3817 Secundum
2787 3754 2854 3818 in
2891 3754 3216 3837 aliquibus
3257 3756 3548 3819 consistit

2054 3853 2379 3934 possibile,
2415 3853 2480 3915 in
2508 3853 2830 3934 aliquibus
2861 3871 3007 3914 non.
3042 3853 3336 3927 Quaedam
3369 3853 3545 3915 enim

2054 3959 2203 4013 sunt
2253 3952 2414 4014 mala
2461 3952 2529 4013 in
2579 3971 2668 4025 se,
2711 3953 2999 4034 quaedam
3049 3952 3402 4014 secundum
3451 3970 3543 4014 se.

2052 4050 2284 4112 Malum
2315 4058 2527 4113 autem
2559 4051 2626 4113 in
2657 4069 2746 4124 se,
2781 4058 2986 4133 potest
3016 4050 3159 4113 fieri
3191 4049 3384 4130 bene3
3418 4068 3548 4112 non

2053 4157 2266 4210 autem
2312 4149 2550 4211 malum
2594 4150 2947 4210 secundum
2992 4169 3080 4223 se,
3118 4149 3266 4231 quia
3309 4168 3387 4211 ex
3431 4168 3547 4210 sua

442 4255 979 4328 sequente,quam
1012 4245 1408 4327 impossibile
1439 4252 1535 4307 est
1566 4263 1692 4306 non
1725 4244 1946 4326 imple·
1977 4255 2025 4315 D
2056 4245 2296 4309 ratione
2326 4255 2420 4310 est
2451 4248 2710 4310 malum.
2731 4283 2812 4293 —-—
2831 4248 2978 4310 Ideo
3007 4248 3162 4310 dicit
3189 4248 3548 4310 Bernardus

443 4345 497 4405 ri
534 4361 549 4406 z
584 4344 803 4427 sicque
846 4343 1137 4406 voluntas
1183 4342 1291 4404 Dei
1343 4361 1597 4424 semper
1641 4342 1945 4424 impletur

442 4441 524 4505 ab
558 4443 816 4505 homine
848 4442 948 4505 vel
978 4442 1055 4504 de
1089 4441 1367 4503 homine.
1400 4440 1538 4503 Non
1569 4441 1761 4502 etiam
1803 4457 1944 4522 pos-

444 4541 635 4604 sibile
679 4549 775 4603 est
819 4540 1209 4603 voluntatem
1261 4539 1371 4601 Dei
1417 4539 1670 4601 cassari.
1705 4539 1945 4620 Nempe

446 4641 613 4722 quod
662 4641 828 4702 Deus
866 4639 1005 4700 vult
1042 4657 1263 4701 omnes
1308 4638 1597 4701 homines
1642 4636 1784 4700 fieri
1831 4638 1947 4700 sal-

446 4756 559 4801 vos
609 4739 932 4800 voluntate
983 4737 1418 4809 antecedente,
1472 4753 1597 4798 non
1648 4743 1946 4798 connotat

446 4836 719 4898 salutem
762 4834 1119 4908 hominum,
1154 4853 1271 4896 nec
1314 4834 1571 4916 proprie
1611 4841 1706 4895 εει
1742 4834 1820 4895 ad
1860 4833 1947 4895 es·

450 4932 690 4994 fect-um
738 4933 983 5006 salutiS‚
1019 4933 1127 4994 sed
1174 4939 1472 4994 connotat
1515 4940 1807 4993 naturam
1848 4948 1948 4993 or-

450 5031 799 5093 dinabilem
858 5050 997 5094 esse
1052 5031 1131 5092 ad
1194 5030 1483 5092 salutem.
1549 5029 1723 5091 Unde
1786 5029 1947 5092 nihil

454 5130 597 5211 plus
646 5138 744 5191 est
790 5129 1024 5201 dicere,
1074 5130 1239 5191 Deus
1289 5128 1427 5191 vult
1475 5127 1670 5189 istum
1720 5127 1947 5189 salvari

453 5236 763 5308 quantum
805 5227 871 5288 in
904 5246 971 5289 se
1002 5233 1117 5300 est,
1153 5245 1367 5309 quam,
1404 5226 1531 5288 Deo
1571 5223 1812 5307 placuit
1843 5223 1947 5285 isti

454 5325 601 5390 dare
632 5332 921 5387 naturam
962 5344 1076 5406 per
1106 5343 1298 5406 quam
1338 5331 1550 5406 posset
1591 5322 1947 5404 pertingere

2057 4345 2220 4407 libro
2263 4346 2340 4407 de
2385 4346 2865 4428 Dispensatione
2905 4353 2969 4409 et
3008 4352 3345 4428 praecepto,
3376 4345 3550 4427 quod

2055 4443 2220 4504 Deus
2268 4451 2475 4525 potest
2521 4444 2892 4527 dispensare
2942 4444 3008 4505 in
3057 4442 3393 4526 praeceptis
3451 4461 3548 4504 se-

2056 4542 2279 4604 cundae
2311 4542 2560 4617 tabulae,
2593 4551 2656 4606 et
2685 4561 2815 4606 non
2855 4543 3096 4624 primae.
3133 4541 3208 4602 Et.
3236 4540 3397 4604 ratio
3425 4549 3543 4616 est,

2055 4639 2358 4719 quoniam
2418 4639 2481 4700 in
2543 4641 2874 4722 praeceptis
2938 4639 3230 4701 secundae
3289 4637 3543 4710 tabulae,

2055 4743 2366 4815 quantum
2408 4742 2504 4796 est
2551 4736 2628 4796 de
2676 4736 2916 4797 ratione
2965 4734 3289 4816 praecepti,
3342 4733 3549 4814 tangi-

2056 4841 2159 4894 tur
2188 4842 2374 4914 atque
2406 4832 2774 4914 praecipitur
2801 4832 3115 4895 ordinatio
3147 4832 3426 4894 hominis
3465 4832 3546 4894 ad

2056 4931 2440 5011 proximum,
2492 4937 2554 4992 et
2604 4928 2976 5011 prohibetur
3022 4930 3416 4993 deordinatio
3463 4930 3545 4992 ad

2054 5029 2370 5090 eumdem.
2407 5027 2807 5090 Deordinatio
2836 5035 3048 5090 autem
3083 5037 3373 5111 respectu
3407 5046 3546 5110 pro-

2056 5127 2235 5200 ximi,
2278 5127 2402 5189 nisi
2448 5127 2530 5188 sit
2572 5115 2764 5188 etiam
2809 5127 3201 5189 deordinatio
3249 5134 3544 5209 respectu

2055 5225 2189 5298 Dei,
2229 5232 2325 5287 est
2361 5225 2516 5307 quid
2562 5225 2799 5287 malum
2846 5225 2912 5286 in
2957 5243 3063 5303 se;
3104 5223 3156 5287 si
3203 5233 3418 5287 autem
3463 5224 3547 5287 sit

2055 5322 2246 5384 etiam
2287 5330 2577 5403 respectu
2619 5322 2752 5398 Dei,
2787 5330 2880 5385 est
2913 5322 3152 5384 malum
3191 5324 3545 5386 secundum
