4359 6250
556 3459 692 3502 Num.
707 3473 805 3510 xxu,

540 3525 607 3565 2⁰.

578 4645 638 4688 Do
664 4645 803 4689 Divin-

538 4721 654 4750 nom.
667 4722 703 4751 c.
726 4723 777 4752 tv.

538 4844 667 4886 Rom.
687 4858 715 4894 ι,
736 4846 804 4887 24.

846 481 965 553 634

1476 509 1540 554 IN
1580 510 1803 555 LIBRUM
1845 509 1864 554 1
1908 506 2391 554 SENTENTJARUM.
2437 525 2518 534 —
2559 506 2711 552 ms'r.
2758 507 2938 569 xn’13
2982 486 3205 563 QUAEST.
3253 506 3320 553 1¹1

843 686 908 741 et
936 678 1177 762 absque
1207 680 1327 743 hoc
1360 680 1524 743 malo
1558 688 1769 762 posset
1806 680 2115 761 accipere.
2150 679 2341 741 Porro
2371 676 2421 739 A
2529 676 2770 751 Quibus
2803 678 3190 741 concordans
3231 676 3558 741 Udalricus
3592 695 3606 740 :
3639 677 3947 751 Quemad-

844 778 1152 841 rationem
1183 778 1332 842 boni
1368 800 1509 862 quae
1539 779 1793 842 elicitur
1822 800 1897 841 ex
1932 779 2118 852 ma10,
2150 778 2336 841 habet

841 877 1101 959 quidem
1130 897 1242 959 per
1268 878 1577 941 rationem
1604 878 1780 940 utilis
1810 885 1918 939 aut
1942 878 2338 959 expedientis

840 976 941 1037 vel
973 977 1219 1038 decoris
1246 977 1541 1058 justitiae2
1566 978 1675 1040 sed
1712 978 1943 1038 mirum
1978 978 2134 1039 mihi
2170 978 2339 1039 vide-

839 1084 964 1149 tur,
999 1077 1052 1137 si
1084 1076 1324 1138 bonum
1366 1096 1479 1157 per
1509 1095 1575 1139 se
1606 1084 1665 1138 et
1697 1076 2084 1139 abundantia
2122 1078 2336 1158 gaudii

839 1174 1009 1255 quod
1052 1184 1217 1236 esset
1262 1175 1323 1236 in
1379 1176 1789 1238 universitate
1839 1176 2174 1249 bonorum,
2209 1194 2335 1237 non

840 1281 1050 1354 posset
1082 1290 1564 1355 recompensare
1596 1274 1834 1335 bonum
1870 1274 2025 1336 illud
2058 1276 2228 1355 quod
2258 1294 2334 1335 ex

840 1372 1007 1435 malo
1046 1372 1319 1434 elicitur.
1352 1410 1432 1417 —
1462 1374 1622 1436 Hinc
1664 1373 1822 1435 mihi
1858 1374 2129 1447 videtur,
2164 1375 2335 1455 quod

839 1489 955 1551 per
993 1489 1059 1532 se
1104 1471 1441 1552 loquendo,
1478 1471 1713 1533 malum
1760 1489 1885 1534 non
1934 1472 2180 1534 confert
2227 1472 2336 1534 ali-

838 1570 965 1641 cui,
999 1588 1117 1631 nec
1156 1570 1573 1632 universitati.
1610 1572 1729 1634 Sed
1764 1591 1985 1634 verum
2026 1580 2120 1633 est
2162 1572 2331 1653 quod

837 1668 1045 1731 sinere
1106 1669 1270 1730 mala
1318 1669 1484 1742 fieri,
1536 1670 1780 1733 confert.
1827 1672 1903 1732 ad
1955 1671 2219 1743 bonum,
2272 1678 2334 1731 et.

838 1764 1078 1828 bonum
1128 1774 1224 1829 est
1273 1767 1640 1848 permittere
1690 1769 1853 1830 mala
1896 1785 1909 1829 :
1952 1769 2108 1830 alias
2157 1769 2330 1830 enim

2451 777 2711 839 modum
2751 777 3017 859 (inquit)
3047 778 3435 858 Augustinus
3477 777 3543 839 in
3579 778 3948 839 Enehiridio

2451 884 2853 958 protestatur,
2904 876 3072 938 Nihil
3123 876 3201 938 fit
3259 885 3363 939 aut
3413 884 3510 938 est
3559 885 3787 958 praeter
3835 877 3946 939 Dei

2448 974 2860 1045 voluntatem,
2908 976 3099 1036 etiam
3151 976 3204 1036 si
3253 974 3368 1037 fiat
3415 982 3633 1036 contra
3681 976 3795 1037 Dei
3845 992 3950 1036 vo-

2449 1074 2776 1136 luntatem.
2836 1074 3008 1147 Quod
3070 1093 3220 1135 sane
3284 1074 3769 1155 intelligendum
3826 1084 3944 1141 est,

2447 1192 2645 1253 quum
2719 1172 2862 1254 plus
2931 1173 3012 1234 sit
3075 1191 3212 1235 esse
3275 1180 3491 1235 cont-ra
3551 1173 3944 1235 voluntatem

2446 1289 2639 1351 quam
2681 1278 2908 1352 praeter
2935 1290 3095 1333 eam.
3133 1272 3292 1333 Sunt
3331 1271 3566 1333 etenim
3601 1271 3738 1343 tria,
3771 1272 3948 1333 vide-

2448 1369 2593 1431 licet
2630 1386 2818 1431 :esse
2867 1369 3220 1431 secundum
3269 1369 3684 1441 voluntatem,
3732 1378 3804 1431 ut
3849 1379 3948 1432 est

2447 1467 2604 1528 illud
2645 1468 2813 1549 quod
2854 1468 2980 1529 Deo
3018 1475 3111 1528 est
3151 1468 3492 1549 placitum3
3523 1476 3586 1529 et
3623 1486 3762 1529 esse
3801 1486 3949 1529 con-

2445 1574 2541 1627 tra
2579 1566 2993 1639 voluntatem,
3027 1567 3324 1629 videlicet
3365 1566 3427 1627 id
3466 1566 3652 1647 cujus
3691 1568 3947 1648 opposi-

2445 1672 2583 1724 tum
2613 1664 2759 1745 quis
2791 1664 2964 1741 vult3
2996 1673 3058 1725 et
3088 1683 3226 1725 esse
3268 1672 3496 1745 praeter
3525 1664 3941 1737 voluntat-em,

2445 1768 2516 1823 ut
2565 1762 2627 1823 id
2675 1762 2754 1823 ad
2797 1763 2965 1843 quod
3014 1762 3456 1824 indifferenter
3498 1782 3564 1824 se
3610 1761 3799 1824 habet
3841 1782 3947 1825 vo-

836 1872 1000 1927 esset
1034 1866 1375 1928 necessitas
1405 1867 1482 1928 ad
1514 1866 1777 1940 bonum,
1810 1876 1873 1928 et
1906 1867 2138 1949 periret
2172 1868 2330 1929 ratio
2369 1864 2416 1925 B
2448 1860 2676 1934 luntas,
2709 1861 2860 1942 quia
2899 1880 3098 1942 quum
3142 1861 3224 1922 sit
3268 1860 3487 1933 libera,
3530 1879 3658 1923 non
3699 1862 3948 1941 cogitur

836 1964 988 2026 boni
1022 1963 1359 2026 laudabilis
1391 1972 1454 2026 et
1479 1965 1842 2040 virtutiS,ac
1872 1966 2113 2048 praemii
2149 1966 2327 2028 ratio,

914 2062 1335 2124 Auctoritates
1377 2070 1589 2125 autem
1635 2065 2008 2126 Sanctorum
2052 2084 2194 2145 quae
2239 2065 2332 2126 vi-

834 2161 1064 2222 dentur
1093 2161 1454 2242 oppositum
1497 2161 1840 2227 insinuare.
1876 2163 2225 2244 loquuntur
2253 2164 2331 2226 de

834 2260 1022 2332 malo,
1074 2260 1404 2341 supposito
1451 2262 1702 2340 (verum
1762 2270 1853 2323 est
1910 2261 2112 2341 enim)
2158 2262 2330 2343 quod

833 2356 1147 2439 permixta
1176 2356 1586 2419 universitate
1618 2378 1763 2420 cum
1796 2358 1981 2420 bonis
2022 2365 2085 2419 et
2116 2358 2326 2433 maliS‚

832 2472 958 2517 non
991 2462 1235 2536 poterat
1262 2454 1502 2537 aliquid
1545 2455 1773 2519 melius
1813 2456 1955 2517 fieri
2000 2458 2077 2518 de
2120 2456 2326 2531 maliS,

830 2573 1023 2636 quam
1068 2554 1236 2635 quod
1286 2554 1452 2616 bona
1498 2554 1882 2617 elicerentur
1926 2574 2003 2617 ex
2052 2555 2234 2636 ipsiS‚
2267 2563 2330 2617 et

831 2652 1001 2733 quod
1051 2652 1493 2714 ordinarentur
1542 2672 1655 2734 per
1703 2661 1987 2715 tenorem
2038 2653 2322 2733 justitiae.

830 2752 1064 2813 Tamen
1116 2751 1169 2813 si
1215 2770 1342 2813 non
1394 2751 1665 2813 fuissent.
1714 2772 1830 2814 nee
1874 2759 2087 2813 essent
2138 2752 2322 2825 mala,

831 2850 1057 2912 melior
1100 2857 1266 2911 esset
1316 2850 1695 2913 universitas
1744 2870 1936 2932 quam
1980 2851 2063 2911 sit
2114 2852 2319 2912 modo,

828 2951 961 3011 Imo
990 2948 1183 3011 etiam
1223 2949 1429 3010 adhuc
1472 2956 1755 3011 maneret
1793 2949 2033 3011 bonum
2074 2968 2324 3030 compa-

2445 1958 2609 2021 velle
2649 1960 2918 2021 alterum
2961 1959 3418 2041 oppositorum.
3452 1996 3532 2004 —-
3563 1960 3777 2040 Itaque
3813 1977 3947 2021 om·

2443 2058 2550 2119 nia
2601 2058 2764 2119 mala
2813 2058 3018 2139 culpae
3066 2057 3234 2119 fiunt.
3283 2065 3510 2139 praeter
3549 2058 3944 2120 voluntatem

2444 2156 2550 2217 Dei
2593 2164 3112 2238 consequentem,
3146 2164 3207 2217 et
3252 2164 3478 2237 praeter
3507 2156 3760 2236 signum
3799 2157 3944 2237 ejus

2443 2254 2612 2335 quod
2643 2261 2738 2315 est
2776 2254 3060 2335 operatio
3095 2272 3108 2315 :
3144 2254 3296 2335 quia
3336 2272 3454 2315 nec
3493 2273 3566 2316 ea
3595 2254 3732 2315 vult
3771 2254 3941 2326 fieri,

2442 2373 2559 2415 nec
2594 2354 2859 2435 impedit
2891 2354 3027 2436 ipsa
3059 2373 3176 2416 nec
3211 2362 3545 2436 operatur3
3577 2355 3686 2415 sed
3719 2355 3944 2417 volun-

2443 2461 2632 2515 tatem
2680 2453 2804 2515 sibi
2849 2453 2969 2535 ipsi
3011 2454 3336 2535 relinquit,
3381 2472 3522 2534 quae
3563 2453 3654 2514 sic
3696 2452 3939 2526 relicta,

2443 2570 2588 2615 mox
2619 2552 2840 2614 deficit
2873 2569 2886 2613 :
2921 2559 2985 2614 et
3024 2553 3189 2614 Deus
3226 2552 3400 2632 justo
3435 2551 3680 2632 judicio
3711 2552 3803 2614 sic
3835 2552 3942 2614 de-

2439 2650 2594 2712 serit.
2621 2651 2936 2712 eam.1mo
2965 2659 3138 2713 tanta
3166 2659 3262 2712 est
3293 2658 3564 2732 potestas
3597 2650 3941 2713 voluntatis

2440 2749 2888 2831 consequentis
2933 2748 3134 2830 ipsius
3174 2749 3308 2823 Dei,
3342 2757 3412 2810 ut
3453 2768 3568 2831 per
3597 2748 3762 2811 mala
3797 2769 3942 2831 quae

2437 2846 2580 2909 fieri
2632 2847 2806 2920 sinit,
2841 2847 2978 2929 ipse
3026 2848 3396 2929 frequenter
3441 2848 3750 2929 adimplet
3797 2868 3941 2929 quae

2437 2946 2645 3008 facere
2688 2954 2750 3007 et
2792 2946 2934 3008 fieri
2985 2946 3472 3028 praeordinavit3
3503 2954 3567 3008 et
3616 2946 3782 3009 bona
3831 2947 3940 3009 illa

828 3047 1090 3109 rationis
1120 3048 1471 3108 secundum
1512 3048 1775 3129 gradum
1817 3048 1966 3109 boni
1999 3068 2071 3110 ac
2110 3048 2325 3110 melio·
2361 3041 2404 3103 C
2436 3044 2610 3105 elicit
2651 3063 2726 3106 ex
2769 3044 2954 3106 malis
2994 3044 3328 3106 hominum
3371 3044 3762 3126 iniquorum,
3795 3064 3938 3127 quae

829 3147 917 3208 ris
953 3165 966 3208 :
1001 3153 1063 3208 et
1094 3147 1145 3208 si
1178 3147 1297 3208 ista
1327 3147 1485 3208 ratio
1516 3147 1664 3208 boni
1698 3166 1823 3210 non
1860 3155 2160 3221 maneret,
2181 3149 2324 3210 dico

830 3245 1001 3327 quod
1052 3245 1275 3307 melior
1323 3264 1397 3307 ea
1448 3253 1748 3318 maneret,
1804 3266 1917 3328 per
1963 3265 2154 3328 quam
2209 3247 2326 3308 ista

834 3351 1439 3425 recompensaretur.
1494 3345 1595 3406 Sic
1642 3363 1791 3424 ergo
1842 3345 2324 3425 intelligendum

834 3451 930 3505 est
958 3444 1126 3524 quod
1167 3462 1360 3524 super
1390 3442 1626 3504 librum
1666 3443 2087 3505 Numerorum
2118 3442 2327 3523 glossa

835 3541 1116 3623 loquitur
1144 3540 1429 3622 Origenis
1460 3560 1474 3602 ε
1500 3541 1750 3604 Scimus
1782 3540 1890 3603 Dei
1926 3541 2327 3622 providentia

832 3649 1060 3702 cuncta
1108 3640 1201 3701 sic
1244 3659 1380 3701 esse
1423 3639 1750 3721 disposita,
1786 3647 1854 3700 ut
1902 3639 2073 3720 apud
2124 3640 2325 3700 Deum

830 3739 993 3800 nihil
1024 3740 1106 3800 sit
1144 3738 1441 3812 otiosum,
1475 3757 1593 3800 nec
1628 3738 1867 3799 bonum
1912 3757 2027 3799 nec
2062 3739 2320 3801 malum.
2363 3817 2372 3826 ι

828 3838 1129 3900 Malitiam
1181 3844 1393 3899 autem
1444 3838 1610 3899 Deus
1658 3855 1783 3898 non
1836 3835 2021 3914 faci't3
2074 3837 2184 3898 sed
2236 3838 2329 3898 in—

828 3946 1083 4000 ventam
1140 3937 1219 3999 ab
1272 3937 1413 3998 aliis
1471 3955 1671 4017 quum
1734 3935 2042 4017 impedire
2105 3936 2324 4017 possit,

828 4056 955 4100 non
988 4036 1255 4117 impedit
1290 4052 1303 4097 :
1339 4035 1639 4116 quoniam
1676 4034 1874 4095 utitur
1904 4053 1975 4095 ea
2006 4035 2084 4096 ad
2115 4053 2330 4096 neees-

828 4136 1025 4198 sarias
1075 4153 1317 4208 causas,
1352 4135 1501 4215 quia
1547 4153 1660 4214 per
1705 4133 1906 4214 ipsam
1948 4133 2173 4214 probat
2221 4151 2328 4194 eos

2435 3151 2630 3224 agunt
2662 3143 2864 3225 iniqui
2899 3163 2978 3205 ne
3010 3144 3176 3206 bona
3207 3144 3316 3206 illa
3345 3144 3642 3206 eveniant
3671 3162 3685 3206 t
3718 3164 3940 3225 quem-

2434 3244 2777 3304 admodum
2839 3242 3060 3304 fratres
3115 3243 3316 3324 ipsius
3363 3243 3594 3324 Joseph
3645 3243 3940 3306 vendide·
3971 3261 4265 3314 (kanna,

2437 3350 2584 3403 runt
2635 3361 2782 3404 eum
2838 3360 2918 3403 ue
2959 3343 3451 3404 constitueretur
3491 3342 3789 3423 princeps
3837 3362 3938 3405 eo·
3969 3331 3994 3370 ²

2439 3449 2674 3515 rum‚et
2713 3449 2923 3502 tamen
2955 3460 3032 3502 ex
3064 3440 3172 3501 illa
3199 3439 3564 3502 venditione
3597 3449 3938 3504 consecuta

2436 3547 2533 3601 est
2577 3538 2892 3620 promotio
2936 3538 3165 3618 Joseph
3217 3538 3282 3598 in
3333 3537 3692 3618 principem
3741 3559 3934 3620 super
3965 3560 4258 3605 mamm.

2438 3656 2563 3699 eos
2607 3637 2710 3700 Sic
2753 3644 2815 3697 et
2854 3637 3051 3698 Judaei
3103 3635 3565 3697 crucifixerunt
3611 3636 3932 3699 Christum

2439 3756 2518 3798 ne
2548 3752 2770 3797 omnes
2811 3735 3141 3796 crederent
3182 3734 3246 3795 in
3290 3734 3524 3816 ipsum,
3557 3741 3621 3796 et
3659 3754 3736 3796 ex
3767 3735 3941 3798 Chri-

2439 3834 2517 3896 sti
2568 3834 2886 3896 occisione
2946 3841 3356 3895 consecutum
3413 3840 3509 3894 cst
3563 3834 3940 3915 mysterium

2441 3933 2734 3994 humanae
2773 3931 3252 4013 redemptioniS‚
3290 3939 3350 3993 et
3387 3933 3720 3994 conversio
3757 3952 3942 3994 mun-

2440 4032 2500 4093 di
2543 4033 2619 4093 ad
2661 4031 2858 4092 fidem
2902 4031 3123 4111 ipsius.
3169 4031 3312 4092 Haec
3353 4030 3699 4093 Udalricus.

2519 4132 2820 4192 Praeterea
2881 4130 3150 4192 Thomas
3207 4129 3286 4192 ad
3349 4130 3468 4192 ista
3524 4132 3862 4212 respondet
3924 4150 3938 4193 :

830 4235 938 4316 qui
974 4235 1047 4296 ad
1080 4233 1347 4314 gloriam
1381 4233 1666 4293 tendunt.
1704 4231 1767 4293 Si
1798 4231 1969 4292 enim
2005 4249 2127 4292 non
2162 4239 2325 4292 esset
2362 4229 2410 4289 D
2441 4230 2647 4302 Quum
2681 4228 2971 4291 voluntas
3012 4228 3124 4289 Dei
3164 4228 3242 4290 sit
3283 4228 3574 4290 omnium
3615 4247 3806 4290 causa
3837 4229 3944 4292 bo-

835 4332 1098 4405 malitia‚
1132 4350 1257 4393 non
1290 4339 1454 4393 esset.
1484 4331 1652 4411 quod
1684 4329 2171 4391 contrariaretur
2201 4329 2327 4390 vir-

834 4431 1111 4508 tutibus3
1143 4430 1346 4491 virtus
1378 4445 1527 4490 vero
1558 4429 1609 4489 si
1642 4428 2027 4490 eontrarium
2062 4445 2188 4489 non
2221 4428 2328 4488 ha-

835 4528 1033 4602 beret,
1067 4546 1193 4590 non
1225 4535 1352 4589 tam
1402 4527 1585 4608 plene
1625 4526 2016 4588 claresceret.
2053 4526 2227 4586 Unde
2267 4534 2327 4586 et

835 4629 894 4692 S.
944 4626 1279 4710 Dionysius
1332 4625 1534 4686 fassus
1584 4633 1726 4686 est:
1762 4625 1991 4686 Malum
2033 4625 2110 4685 ad
2162 4640 2330 4685 com-

836 4727 1228 4809 plementum
1268 4723 1546 4786 universi
1588 4732 1681 4785 est
1724 4721 2075 4784 conferens.
2113 4722 2332 4784 Glossa

833 4843 1087 4907 quoque
1126 4824 1203 4885 ad
1246 4825 1557 4885 Romanos
1597 4821 1830 4882 fatetur
1864 4838 1877 4881 :
1911 4820 2077 4881 Deus
2110 4818 2332 4880 volun-

834 4925 1070 4987 tatibus
1121 4921 1452 4985 hominurn
1516 4920 1713 4981 utitur
1759 4920 1837 4981 ad
1893 4918 2330 4980 inclinandum

834 5044 939 5086 eas
981 5039 1389 5104 quocumque
1427 5018 1721 5092 voluerit,
1763 5018 1897 5079 sive
1948 5017 2012 5078 in
2065 5015 2329 5089 bonum,

836 5123 969 5185 sive
1002 5121 1066 5182 in
1100 5119 1362 5181 malum.
1388 5117 1524 5180 Non
1554 5125 1767 5178 tamen
1798 5116 2036 5177 directe
2069 5113 2336 5175 inclinat

836 5241 939 5282 eas
988 5220 1064 5281 ad
1118 5218 1358 5280 malum
1410 5217 1614 5297 cutpae
1658 5214 2028 5278 formaliter.
2073 5249 2152 5258 —
2193 5213 2336 5275 Haec

836 5317 1151 5381 AlbertuS.

2441 4346 2692 4401 norum,
2723 4326 3140 4407 omniumque
3171 4327 3511 4388 volitorum
3543 4345 3828 4399 suorum,
3855 4327 3942 4389 ita

2440 4444 2507 4487 se
2547 4425 2736 4487 habet
2775 4424 3018 4505 aliquid
3056 4425 3134 4486 ad
3176 4424 3295 4486 hoc
3332 4425 3500 4506 quod
3543 4425 3812 4487 volitum
3857 4427 3939 4488 sit

2437 4545 2474 4585 a
2533 4525 2683 4594 Deo,
2747 4523 2908 4585 sicut
2969 4542 3034 4584 se
3094 4522 3285 4584 habet
3340 4523 3418 4585 ad
3473 4541 3611 4585 esse
3671 4523 3932 4586 bonum.

2440 4625 2774 4703 Quumque
2830 4622 3012 4703 juxta
3069 4621 3437 4703 praehabita,
3464 4622 3732 4683 'malum
3793 4623 3938 4686 fieri

2441 4738 2566 4782 non
2607 4720 2689 4781 sit
2728 4720 2966 4802 bonum
3011 4719 3362 4781 secundum
3405 4739 3494 4792 se,
3529 4736 3654 4781 non
3695 4729 3792 4782 est.
3831 4740 3936 4783 vo-

2441 4819 2627 4880 litum
2656 4837 2691 4880 a
2724 4819 2850 4879 Deo
2882 4837 2995 4898 per
3034 4837 3119 4879 se.
3157 4817 3276 4880 Sed
3321 4825 3662 4899 utrumque
3695 4819 3938 4882 bonum

2441 4917 2564 4978 sibi
2597 4916 3035 4995 conjunctum,
3069 4923 3162 4978 est
3193 4916 3435 4978 bonum
3465 4924 3528 4978 et
3557 4935 3596 4977 a
3625 4917 3753 4979 Deo
3784 4918 3940 4980 voli-

2443 5023 2602 5088 tum,
2635 5014 2902 5087 scilicet,
2935 5021 2999 5075 et
3027 5014 3431 5087 antecedens,
3465 5015 3634 5096 quod
3671 5023 3764 5077 est
3796 5035 3944 5079 con-

2442 5113 2601 5175 ditio
2632 5120 2872 5174 naturae
2905 5111 3181 5192 potentis
3212 5110 3511 5184 deficere,
3544 5131 3736 5194 quam
3775 5114 3942 5176 Deus

2447 5211 2512 5272 in
2560 5210 2670 5272 tali
2717 5209 3077 5272 conditione
3124 5209 3400 5271 instituit
3446 5218 3510 5272 et
3551 5220 3881 5273 conservat
3923 5229 3939 5272 ε

2449 5317 2712 5392 propter
2740 5307 2907 5390 quod
2950 5307 3207 5382 dicitur,
3240 5308 3411 5389 quod
3442 5309 3608 5370 Deus
3649 5327 3774 5372 non
3807 5309 3943 5371 vult

3995 3333 4038 3369 8.

3991 4651 4037 4692 p.
4065 4640 4152 4680 629
4167 4638 4234 4680 θ’.
