4359 6250
612 508 701 553 AN
744 509 960 555 ωσι-ΛΤ
1002 511 1063 556 m
1106 511 1331 556 mvnvs
1375 510 1715 555 commum
1762 509 2011 554 ormam
2054 509 2131 553 nr:
2174 508 2554 560 noa-lomnes,
2599 507 3055 562 nnm‘rlommis,
3096 506 3224 550 Ere.
3353 484 3474 548 229

368 678 473 740 sed
526 679 743 759 potius
794 679 1191 741 extrinsecus
1238 679 1391 762 quid
1450 679 1735 760 affigant.
1791 679 1865 739 Et
1896 679 1943 739 A
1976 686 2129 740 cunt
2158 678 2524 758 opinionem
2559 677 2820 739 Gilberti
2863 678 3222 739 damnatam
3265 677 3328 736 in
3363 676 3471 737 Re-

368 776 581 838 subdit
636 779 701 839 in
756 779 978 840 eodem
1034 778 1197 840 libro
1251 779 1505 841 Boetius
1559 796 1573 839 :
1626 777 1867 840 Relatio

368 894 491 937 non
525 876 765 938 dicitur
793 877 871 939 ad
906 877 967 938 id
997 878 1075 939 de
1107 895 1234 958 quo
1266 879 1663 960 praedicatur,
1684 877 1865 958 quasi

367 975 503 1056 ipsa
534 976 892 1038 secundum
926 994 1058 1037 rem
1090 977 1171 1038 sit
1202 995 1473 1058 persona
1500 975 1601 1038 vel
1634 975 1699 1036 in
1732 993 1869 1056 per-

366 1090 520 1136 sona
554 1075 637 1136 de
676 1093 803 1156 qua
842 1075 1219 1156 praedicatur
1256 1083 1365 1136 aut
1403 1075 1655 1136 dicitur.
1692 1073 1865 1148 Quod

368 1178 571 1234 totum
615 1172 1023 1234 referendum
1052 1181 1149 1234 est
1187 1173 1264 1235 ad
1306 1172 1739 1254 intelligentiae
1777 1190 1867 1232 ra-

368 1271 609 1333 tionem
666 1289 679 1333 :
732 1271 882 1353 quia
931 1272 983 1332 si
1036 1271 1380 1333 referretur
1427 1272 1505 1334 ad
1555 1272 1864 1333 rationem

365 1368 479 1442 rei,
544 1375 795 1450 saperet
860 1369 1155 1430 haeresim
1188 1387 1204 1447 3
1262 1377 1451 1451 atque
1514 1368 1865 1430 secundum

367 1465 507 1540 hoc,
563 1485 776 1529 sermo
826 1467 1201 1548 ponentium
1257 1466 1696 1529 adsistentiam
1744 1466 1870 1528 for-

368 1584 621 1626 marum
662 1565 757 1644 (id
798 1572 893 1626 est
936 1565 1316 1627 relationum
1360 1565 1463 1628 vel
1508 1565 1869 1644 notionum)

367 1663 577 1744 potuit
628 1664 1057 1726 condemnari.
1111 1665 1373 1737 RursuS,
1426 1672 1519 1726 est
1570 1663 1865 1725 identitas

366 1761 453 1823 rei
491 1781 505 1824 :
540 1763 767 1844 sicque
796 1781 1019 1824 verum
1060 1770 1155 1824 est
1194 1762 1425 1834 dicere,
1460 1762 1629 1844 quod
1660 1781 1867 1822 essen-

1980 776 2179 838 mensi
2223 776 2494 838 concilio
2535 775 2654 837 sub
2692 776 2856 856 Papa
2893 775 3268 847 Alexandro,
3303 774 3472 836 vide-

1977 883 2079 936 tur
2124 874 2487 956 aliqualiter
2533 875 2810 936 devium.
2849 875 3106 935 Factum
3154 873 3328 934 enim
3377 881 3472 934 est

1977 973 2096 1034 hoc
2146 972 2267 1034 sub
2315 973 2480 1052 Papa
2527 972 2830 1058 Eugenio,
2875 979 3183 1054 praesente
3226 971 3285 1033 S.
3329 970 3472 1032 Ber-

1977 1071 2195 1146 nardo,
2229 1070 2764 1152 quemadmodum
2799 1071 2863 1131 in
2893 1071 3024 1132 vita
3052 1070 3111 1132 S.
3145 1069 3468 1143 Bernardi‚

1977 1169 2143 1231 libro
2173 1170 2382 1244 tertio,
2415 1169 2738 1243 recitatur,
2773 1176 2835 1230 et
2874 1169 3010 1250 ipse
3041 1167 3262 1230 beatus
3292 1174 3471 1249 pater

1976 1267 2332 1330 Bernardus
2381 1285 2573 1348 super
2621 1266 2876 1328 Cantica
2922 1266 3144 1347 tangit,
3194 1265 3362 1327 sicut
3408 1272 3472 1326 et

1975 1367 2330 1428 Alexander
2377 1365 2482 1426 hic
2533 1365 2744 1428 refert.
2799 1365 3014 1446 Itaque
3065 1364 3252 1426 tertio
3305 1363 3470 1426 libro

1976 1466 2055 1527 de
2098 1465 2232 1526 vit-a
2275 1464 2486 1544 magni
2535 1465 2733 1546 patris
2783 1463 2980 1525 nostri
3030 1463 3330 1525 Bernardi
3377 1482 3470 1524 re-

1978 1564 2200 1638 fertur,
2234 1564 2402 1646 quod
2439 1562 2758 1626 Gilbertus
2800 1570 3219 1643 cognomento
3254 1562 3468 1624 Porre—

1979 1665 2092 1735 ιε’,
2112 1662 2508 1725 Pictavorum
2541 1661 2896 1742 episcopm,
2919 1661 2983 1721 in
3015 1661 3209 1722 sacris
3240 1661 3467 1722 litteris
3531 1671 3552 1690 ⁶
3572 1669 3767 1714 Permu-

1980 1761 2328 1843 pluriaemum
2389 1760 2791 1832 exercitatus,
2851 1767 2912 1821 et
2969 1759 3344 1821 sublimiora
3399 1779 3468 1820 se
3496 1745 3581 1776 ¹¹⁰⁸

366 1861 471 1932 tia,
498 1878 777 1942 persona
805 1868 867 1922 et
899 1861 1250 1942 proprietas
1284 1868 1433 1922 sunt
1464 1860 1631 1921 idem
1665 1859 1729 1920 in
1764 1877 1865 1938 re;
1902 1859 1949 1921 B
1979 1865 2411 1941 perscrutatus
2451 1858 2528 1919 ad
2569 1857 3007 1938 insipientiam
3045 1857 3193 1928 sibi,
3229 1857 3293 1918 in
3326 1875 3472 1919 con-

365 1969 427 2020 et
454 1960 549 2020 sic
582 1958 1014 2040 loquebantur
1044 1959 1355 2021 contrarie
1384 1957 1733 2039 opinantes,
1753 1957 1864 2039 qui

366 2057 613 2118 scilicet
651 2057 987 2118 relationes
1022 2064 1086 2118 et
1118 2056 1405 2118 notiones
1443 2056 1863 2135 [adsistentes]

368 2163 723 2237 posuerunt
756 2156 821 2217 in
854 2155 999 2218 Deo.
1034 2191 1115 2200 —
1145 2156 1209 2217 Si
1240 2173 1391 2217 vero
1423 2163 1729 2236 ponentes
1764 2155 1867 2215 ad-

368 2254 729 2316 sistentiam
762 2255 962 2329 illam,
982 2253 1321 2316 credebant
1351 2254 1443 2315 sic
1474 2272 1611 2316 esse
1643 2253 1709 2314 in
1740 2255 1867 2315 Deo

368 2353 535 2414 sic-ut.
575 2353 645 2414 in
685 2353 1014 2426 creaturiS,
1049 2353 1114 2414 in
1154 2352 1446 2415 haeresim
1488 2352 1646 2432 lapsi
1681 2359 1864 2430 sunt3

368 2452 463 2513 vel
510 2452 567 2512 si
614 2451 915 2512 dixerunt
957 2451 1035 2514 de
1077 2451 1205 2513 Deo
1244 2451 1412 2533 quod
1456 2469 1574 2512 nec
1618 2452 1693 2513 de
1740 2452 1867 2513 Deo

366 2569 577 2632 neque
627 2550 707 2611 de
752 2549 1058 2612 creaturis
1101 2557 1193 2611 est
1234 2569 1476 2612 verum.
1513 2549 1867 2631 Proprietas

366 2649 541 2710 enim
586 2649 654 2710 in
697 2647 1003 2710 creaturis
1048 2666 1174 2709 non
1214 2656 1309 2710 est
1349 2666 1617 2729 persona
1660 2666 1866 2729 neque

366 2747 667 2820 essentia,
710 2747 822 2808 sed
870 2746 1054 2808 aliter
1094 2755 1191 2808 est
1240 2747 1303 2807 in
1354 2746 1499 2809 Deo.
1544 2747 1687 2808 Haec
1733 2747 1870 2809 Ale-

367 2846 609 2907 xander
638 2845 718 2906 ad
750 2845 1164 2927 quaestionem
1195 2863 1321 2926 qua
1348 2845 1596 2925 quaerit,
1628 2863 1707 2905 an
1739 2845 1871 2925 opi-

366 2945 475 3007 nio
516 2943 629 3006 illa
667 2943 934 3007 Gilberti
975 2943 1270 3006 haeretica
1309 2943 1389 3004 sit
1434 2944 1765 3005 censenda.

1980 1957 2128 2019 cilio
2172 1957 2340 2039 quod
2381 1957 2447 2017 in
2487 1955 2646 2018 urbe
2688 1957 3024 2021 Remorum
3068 1956 3232 2036 Papa
3275 1956 3473 2036 Euge.-

1978 2056 2123 2117 nius
2156 2054 2499 2116 celebravit
2530 2061 2788 2116 vocatus
2819 2061 2948 2132 est3
2982 2061 3042 2115 et
3073 2053 3162 2116 ibi
3195 2053 3473 2115 biduana

1978 2154 2408 2235 disputatione
2438 2172 2475 2214 a
2504 2153 2563 2214 S.
2599 2153 2916 2214 Bernardo
2955 2153 3306 2226 convictu5‚
3341 2159 3473 2214 tan-

1978 2254 2123 2316 dem
2184 2273 2372 2315 suum
2431 2252 2750 2314 revocavit
2802 2270 3102 2321 errorem,
3154 2260 3216 2314 et
3264 2252 3473 2314 indul-

1977 2352 2258 2434 gentiam
2291 2351 2675 2432 impetravit,
2711 2350 3062 2431 praesertim
3102 2351 3404 2431 quoniam
3434 2370 3472 2412 a

1979 2450 2298 2533 principio
2355 2449 2560 2511 fassus
2610 2448 2733 2509 fuit
2781 2468 2847 2510 se
2897 2448 2984 2509 ita
3041 2448 3274 2510 sentire
3333 2449 3472 2510 sine

1978 2547 2424 2621 obstinatione,
2457 2555 2520 2609 et
2560 2545 2936 2608 correctioni
2977 2546 3274 2609 Ecclesiae
3308 2545 3471 2608 velle

1978 2654 2161 2708 stare.

2058 2745 2373 2825 Amplius,
2407 2743 2484 2805 de
2524 2744 2643 2805 hac
2680 2742 3028 2824 quaestione
3065 2741 3290 2804 scribit
3317 2743 3474 2805 Tho-

1984 2863 2117 2905 mas
2149 2843 2216 2904 in
2247 2843 2454 2924 prima
2485 2848 2660 2924 parte
2693 2841 2970 2904 Summae
2999 2860 3149 2913 suae,
3184 2841 3474 2922 quaestio-

1982 2962 2062 3005 ne
2109 2942 2432 3004 tricesima
2481 2940 2805 3002 secunda:
2839 2939 2932 3001 Ad
2985 2938 3181 3001 fidem
3230 2939 3472 3022 aliquid

446 3044 641 3105 Porro
679 3042 977 3104 Albertus
1015 3042 1093 3103 ad
1132 3042 1252 3103 hoc
1289 3041 1575 3103 absolute
1616 3059 1869 3123 respon·
1907 3040 1951 3104 C
1983 3040 2260 3123 pertinet
2307 3039 2667 3123 dupliciter.
2720 3038 2929 3100 Primo
2975 3037 3235 3112 directe,
3283 3046 3352 3110 ut
3399 3058 3472 3100 ea

368 3143 497 3215 det,
532 3142 705 3223 quod
756 3140 975 3222 opinio
1025 3140 1133 3202 illa
1179 3141 1659 3203 Porretanorum
1713 3140 1872 3202 falsa

368 3248 463 3303 est
502 3248 699 3321 atque
740 3238 1056 3311 haeretica,
1088 3245 1151 3300 et
1195 3238 1274 3299 ab
1312 3238 1665 3300 Alexandro
1708 3240 1873 3319 Papa

370 3341 435 3402 in
466 3338 770 3403 Remensi
804 3337 1075 3399 concilio
1106 3337 1533 3401 condemnata.
1550 3336 1668 3398 Aut
1696 3336 1871 3401 enim

367 3442 751 3503 porretanus
796 3437 976 3519 ponit
1021 3437 1389 3498 relationem
1434 3455 1570 3497 esse
1611 3437 1869 3518 aliquod

366 3558 481 3599 ens
536 3537 601 3597 in
647 3536 907 3607 divinis,
940 3542 1049 3596 aut
1091 3534 1271 3595 nihil.
1308 3534 1369 3595 Si
1415 3534 1679 3615 aliquid,
1712 3534 1871 3596 illud

366 3645 463 3697 est
511 3635 617 3696 vel
668 3632 1025 3695 substantia
1065 3632 1164 3694 vel
1212 3632 1509 3694 accidens
1553 3650 1565 3694 :
1610 3633 1662 3694 si
1711 3633 1873 3694 acci-

366 3736 555 3805 denS,
574 3751 723 3813 ergo
751 3739 917 3793 esset
948 3732 1013 3792 in
1043 3731 1259 3812 aliquo
1284 3730 1683 3804 inhaerenter,
1703 3732 1872 3812 quod

366 3832 431 3895 in
462 3831 711 3895 divinis
742 3830 951 3891 locum
984 3848 1109 3891 non
1151 3829 1377 3907 habet;
1409 3828 1460 3890 si
1495 3828 1868 3901 substantia,

364 3950 521 4011 ergo
576 3948 701 3991 non
744 3938 839 3990 est
884 3926 1157 3990 affixum
1203 3947 1408 4009 neque
1456 3927 1726 4000 adsistit,
1762 3928 1871 3989 scd

365 4038 461 4091 est
492 4027 1003 4091 substantialiter
1033 4026 1172 4108 ipsa
1211 4044 1309 4088 res
1348 4026 1583 4088 divina.
1618 4026 1679 4089 Si
1721 4045 1873 4089 vero

365 4128 445 4189 sit
490 4126 684 4199 nihil,
718 4126 1005 4206 sequitur
1049 4126 1217 4207 quod
1259 4144 1543 4207 personae
1582 4144 1707 4188 non
1750 4126 1872 4188 dis-

366 4227 767 4306 tinguantur.
813 4223 956 4285 Haec
998 4223 1313 4285 AlbertuS.

446 4324 633 4386 ldem
684 4321 1010 4383 Udalricus
1064 4322 1130 4382 in
1182 4322 1445 4385 Summa
1496 4342 1629 4397 sua,
1686 4323 1871 4385 tertio

366 4421 566 4484 libro.

448 4518 763 4593 Quocirca
809 4518 1165 4593 sciendum,
1199 4518 1368 4599 quod
1414 4518 1596 4599 juxta
1638 4518 1873 4580 Udalri-

368 4637 522 4681 cum
588 4615 847 4689 ibidem,
902 4614 1223 4679 Gilbertus
1270 4615 1522 4677 videtur
1574 4616 1873 4683 habuisse

366 4714 775 4777 occasionem
807 4733 939 4775 suae
969 4714 1291 4795 opinionis
1322 4733 1397 4776 ex
1428 4714 1641 4776 verbis
1670 4714 1871 4776 Boetii

370 4813 544 4875 libro
584 4812 661 4874 de
689 4812 1015 4885 Trinitate,
1056 4820 1124 4872 ut
1160 4812 1291 4891 jam
1331 4813 1519 4873 etiam
1562 4812 1766 4893 patuit
1796 4832 1872 4873 ex

372 4911 595 4974 verbis
640 4910 1000 4973 Alexandri.
1055 4910 1503 4973 Verumtamen
1554 4910 1874 4974 Gilbertus

376 5017 662 5072 mentem
720 5008 923 5071 Boetii
976 5026 1100 5071 non
1162 5009 1313 5070 satis
1362 5008 1523 5071 bene
1581 5007 1873 5079 advertit,

1982 3159 2123 3222 quae
2162 3139 2601 3220 principaliter
2639 3137 2867 3199 tradita
2910 3144 3058 3197 sunt
3097 3137 3174 3198 ad
3220 3138 3477 3199 creden-

1981 3240 2157 3311 dum,
2193 3238 2358 3299 sicut
2395 3238 2563 3317 quod
2603 3238 2769 3298 Deus
2811 3243 2907 3297 est
2946 3254 3111 3296 unus
3142 3242 3205 3297 et
3245 3236 3469 3297 trinuS.

1980 3337 2057 3397 Et
2105 3335 2274 3397 circa
2321 3336 2470 3396 talia
2519 3334 2748 3397 falsum
2799 3334 3070 3415 opinari,
3102 3334 3474 3396 haereticum

1981 3441 2095 3501 est,
2132 3432 2484 3515 praesertim
2526 3434 2578 3494 si
2623 3453 2769 3495 cum
2813 3433 3166 3515 pertinacia
3206 3432 3337 3494 fiat.
3373 3432 3475 3495 Se-

1981 3532 2189 3595 cundo
2221 3531 2550 3605 indirecte,
2587 3540 2654 3592 ut
2692 3550 2766 3593 ea
2803 3551 2878 3593 ex
2910 3531 3146 3613 quibus
3186 3530 3476 3612 sequitur

1980 3631 2222 3713 aliquid
2281 3629 2667 3692 contrarium
2729 3628 2904 3704 fidei,
2959 3637 3028 3690 ut
3072 3630 3124 3690 si
3176 3629 3320 3711 quis
3367 3630 3471 3692 Sa-

1982 3730 2260 3791 muelem
2302 3728 2471 3789 dicat
2515 3745 2640 3788 non
2681 3726 2878 3788 fuisse
2923 3727 3130 3789 filium
3171 3728 3418 3791 Elcanae
3453 3746 3466 3790 :

1980 3848 2056 3889 ex
2101 3847 2226 3909 qua
2269 3826 2614 3888 assertione
2658 3831 3030 3906 sequeretur
3067 3824 3288 3886 falsam
3331 3845 3469 3887 esse
3515 3850 3764 3907 mommo,

1982 3925 2391 4007 Scripturam.
2428 3924 2504 3985 Et
2533 3924 2702 3985 circa
2729 3924 3097 4004 hujusmodi
3129 3931 3336 4005 potest
3361 3923 3472 3985 ali-
3499 3915 3566 3955 ²⁰·

1981 4025 2132 4107 quid
2162 4024 2394 4099 sals-um
2424 4024 2673 4104 opinari
2705 4023 2842 4084 sine
2873 4024 3156 4104 periculo
3188 4022 3467 4097 haeresiS,

1980 4133 2318 4206 antequam
2360 4121 2795 4185 consideretur
2832 4129 2941 4183 aut
2979 4120 3469 4184 determinatum

1902 4226 1951 4286 D
1981 4224 2061 4285 sit
2092 4223 2262 4303 quod
2301 4242 2379 4283 ex
2419 4239 2494 4283 eo
2535 4220 2825 4301 sequitur
2859 4220 3103 4301 aliquid
3142 4219 3294 4281 fidei
3335 4239 3471 4281 san-

1982 4330 2097 4383 ctae
2136 4320 2547 4392 contrarium,
2581 4326 2644 4379 et
2685 4317 3036 4398 praesertim
3077 4318 3130 4379 si
3169 4336 3296 4380 non
3336 4337 3472 4399 per-

1981 4417 2274 4479 tinaciter
2321 4416 2731 4479 adhaereatur.
2786 4416 2906 4501 Sed
2961 4424 3295 4499 postquam
3347 4436 3474 4478 ma-

1981 4515 2286 4578 nifestum
2317 4522 2413 4575 est
2443 4514 2611 4595 quod
2650 4533 2726 4575 ex
2756 4515 2876 4576 hoc
2905 4515 3196 4596 sequitur
3230 4516 3472 4599 aliquid

1982 4613 2368 4675 contrarium
2401 4610 2577 4682 fidei,
2609 4619 2673 4673 et
2707 4612 2978 4673 maxime
3015 4613 3068 4674 si
3099 4614 3219 4676 hoc
3249 4614 3329 4676 ab
3359 4615 3472 4678 Ec-

1982 4710 2175 4773 clesia
2215 4709 2408 4771 fuerit
2447 4709 2960 4783 determinatum,
2994 4728 3071 4771 ex
3110 4718 3262 4772 tunc
3306 4712 3473 4775 circa

1981 4811 2101 4872 hoc
2132 4827 2362 4881 errare,
2390 4826 2514 4871 non
2547 4814 2713 4869 esset
2743 4807 2982 4888 absque
3014 4808 3309 4871 haeretica
3338 4829 3476 4890 pra-

1984 4910 2197 4971 vitate.
2253 4908 2397 4969 ldeo
2447 4908 2634 4969 modo
2683 4905 2882 4967 multa
2935 4914 3310 4987 reputantur
3355 4908 3476 4970 hae-

1987 5007 2183 5069 retica
2235 5024 2376 5088 quae.
2429 5005 2578 5066 talia
2635 5023 2760 5067 non
2819 5004 3274 5086 reputabantur
3330 5015 3475 5069 ante

122 5129 349 5176 mma
374 5128 499 5171 nec
566 5108 856 5170 excusari
915 5114 1123 5188 potest
1188 5106 1254 5167 in
1320 5115 1472 5179 tote,
1534 5114 1603 5167 ut
1665 5106 1877 5167 statim
1986 5103 2584 5166 determinationem
2629 5103 2944 5165 Ecclesiae.
2988 5138 3068 5147 —
3112 5103 3340 5184 Sicque
3388 5106 3478 5167 di—

118 5186 195 5229 flue.

378 5206 618 5270 clarius
660 5206 1050 5269 ostendetur.

466 5306 641 5379 Quod
699 5311 919 5367 autem
968 5302 1265 5370 Albertus
1312 5310 1374 5365 et
1423 5302 1749 5366 Udalricus
1797 5303 1886 5365 di-

1991 5203 2265 5265 cendum
2295 5210 2410 5276 est,
2445 5201 2612 5283 quod
2649 5201 2817 5262 circa
2846 5202 3135 5263 notiones
3173 5202 3369 5283 aliqui
3399 5203 3478 5264 si-

1994 5322 2075 5365 ne
2105 5301 2393 5384 periculo
2422 5300 2677 5363 haeresis
2707 5308 2854 5363 sunt
2877 5300 3119 5382 opinati
3151 5302 3475 5375 contraria,
