4359 6250
555 2153 636 2198 Po.
653 2166 724 2204 xv,
740 2156 781 2197 5.

567 2253 733 2297 Thu-en.
747 2261 803 2303 Ιι,

537 2319 604 2359 24.

535 2547 672 2590 Num.
687 2559 800 2597 xvm,

535 2611 744 2654 2⁰.Deut.
758 2623 800 2659 x,

535 2675 584 2724 9;
607 2685 720 2722 xvm,
742 2676 782 2715 Ξ.

578 3722 686 3766 Gen.
716 3736 800 3774 xiv,

535 3788 602 3830 22.

840 483 919 544 84

1472 503 1534 548 ΙΝ
1577 501 1798 554 LIBRUM
1843 501 1858 545 l
1904 500 2387 546 SENTEN'HARUM.
2435 516 2515 526 --
2556 501 2708 545 ms'r.
2756 501 2946 562 xvu¹;
2990 502 3214 557 QUAEST.
3263 502 3329 546 111

837 670 994 750 justi
1025 669 1260 732 habent
1297 669 1605 752 Spiritum
1646 670 1968 732 Sanctum.
2005 671 2332 732 Verumta-
2366 669 2415 731 Α
2446 669 2635 743 tione,
2679 678 2738 731 et
2780 670 3164 732 immediate.
3214 669 3275 732 Si
3324 670 3641 732 mediante
3684 687 3954 752 compo-

843 788 1010 842 men,
1045 769 1344 849 quoniam
1377 769 1652 850 Spiritus
1692 770 1956 831 Sanctus
1989 769 2200 850 potius
2231 769 2338 829 ha-

839 863 947 927 bet
973 866 1178 945 justos
1208 886 1398 948 quam
1441 866 1748 929 habeatur
1777 867 1857 929 ab
1898 868 2011 941 eiS,
2047 868 2131 928 ita
2163 866 2332 948 quod

841 963 978 1044 ipse
1025 983 1150 1027 non
1202 972 1407 1046 potest
1454 965 1578 1026 dici
1626 965 1942 1046 possessio
1988 965 2330 1046 justorum,

839 1063 949 1124 sed
996 1063 1118 1144 ipsi
1165 1072 1314 1125 sunt
1363 1064 1680 1145 possessio
1729 1064 1901 1144 ejus3
1941 1063 2179 1126 idcirco
2226 1083 2333 1145 ap-

839 1169 1016 1241 paret
1063 1161 1450 1243 quibusdam
1505 1163 1674 1242 quod
1726 1161 1961 1224 locutio
2010 1163 2150 1236 ista,
2201 1162 2336 1243 Spi-

839 1259 999 1321 ritus
1061 1261 1327 1322 Sanctus
1389 1267 1486 1322 est
1545 1268 1779 1333 noster,
1834 1261 1917 1322 sit
1971 1260 2334 1341 aliqualiter

837 1357 1205 1439 impropria.
1255 1358 1399 1420 Haec
1439 1358 1810 1421 RicharduS.

916 1456 1058 1518 Haec
1088 1464 1301 1518 autem
1332 1457 1757 1538 discrepantia
1786 1457 2038 1518 videtur
2065 1474 2181 1538 pro
2214 1474 2336 1517 ma·

835 1555 959 1634 gna
1006 1562 1183 1635 parte
1236 1555 1300 1616 in
1361 1555 1548 1617 modo
1599 1554 1898 1636 loquendi
1958 1555 2327 1616 consistere.

835 1653 1070 1714 Tamen
1099 1654 1268 1734 quod
1298 1653 1388 1714 ait
1427 1653 1797 1728 RicharduS,
1833 1653 2142 1735 Spiritum
2184 1654 2333 1715 San—

835 1758 1007 1812 ctum
1055 1768 1180 1813 non
1229 1769 1412 1832 posse
1453 1752 1580 1813 dici
1627 1751 2090 1833 possessionem
2133 1750 2333 1831 justo-

2446 768 2695 842 sitione‚
2748 769 2841 831 sic
2895 770 2973 830 de
3026 789 3093 830 se
3150 776 3395 851 ponunt
3454 769 3775 851 propriam
3834 769 3955 830 ha-

2446 867 2803 929 bitudinem
2848 869 3017 929 circa
3060 868 3403 930 terminum
3450 867 3555 928 oui
3598 868 3947 939 adduntur,

2447 972 2663 1046 utpote
2694 964 3138 1028 habitudinem
3173 965 3626 1047 possessionis:
3649 974 3717 1026 ut
3746 985 3950 1046 quum

2444 1063 2700 1137 dicitur,
2747 1063 2876 1125 Hoc
2924 1070 3020 1125 est
3068 1083 3303 1126 meum.
3361 1063 3434 1125 Et
3483 1064 3590 1137 ita,
3637 1063 3949 1144 quoniam

2445 1161 2653 1222 omnis
2687 1162 2797 1243 qui
2829 1162 3020 1223 habet
3049 1163 3359 1243 Spiritum
3390 1162 3713 1235 Sanctum,
3748 1160 3951 1222 habet

2444 1260 2645 1322 Deum
2692 1267 2755 1321 et
2798 1260 3013 1322 omnia
3052 1280 3194 1341 quae
3231 1269 3379 1322 sunt
3412 1261 3565 1322 Dei:
3596 1260 3687 1322 sic
3726 1280 3949 1319 meum

2444 1375 2555 1419 seu
2586 1368 2882 1418 nostrum
2914 1356 3015 1419 vel
3048 1367 3260 1428 tuum,
3293 1357 3418 1418 dici
3460 1365 3667 1440 potest
3699 1358 3777 1420 de
3805 1375 3949 1419 om-

2443 1454 2509 1514 ni
2550 1455 2719 1536 quod
2766 1455 2830 1515 in
2872 1454 3000 1516 Deo
3039 1461 3133 1516 est
3164 1455 3626 1533 communiter3
3656 1462 3943 1517 attamen

2444 1553 2644 1634 magis
2677 1553 2931 1634 proprie
2962 1553 3039 1614 de
3079 1553 3259 1626 Filio,
3292 1553 3403 1634 qui
3444 1560 3627 1614 natus
3660 1561 3723 1614 et
3750 1553 3943 1615 datus

2443 1659 2538 1712 est
2578 1650 2761 1712 nobis
2801 1669 2916 1732 per
2948 1650 3485 1728 incarnationem
3517 1650 3791 1713 maxime
3824 1670 3945 1712 au-

2444 1755 2571 1810 tem
2604 1749 2683 1809 de
2723 1747 2961 1830 Spiritu
3006 1749 3253 1822 Sancto,
3287 1747 3399 1828 qui
3430 1756 3524 1810 est
3562 1748 3792 1829 pignus
3826 1749 3945 1810 he-

834 1867 998 1921 rum,
1052 1867 1178 1912 non
1228 1849 1479 1911 videtur
1527 1849 1750 1912 idonee
1809 1849 2075 1923 dictum,
2127 1869 2328 1930 quum
2367 1849 2414 1912 B
2444 1847 2727 1909 reditatis
2758 1855 3005 1908 nostrae.
3042 1846 3200 1907 Hinc
3232 1847 3473 1908 ratione
3501 1846 3941 1909 donabilitatis

832 1947 1018 2008 detur
1059 1948 1152 2009 eis
1196 1948 1273 2009 ad
1322 1947 1687 2009 habendum
1737 1956 1799 2009 et
1843 1948 2325 2029 perfruendum,

833 2043 1042 2125 sitque
1091 2063 1312 2107 eorum
1359 2045 1698 2119 hereditaS,
1729 2045 1911 2125 juxta
1957 2046 2114 2108 illud
2163 2046 2329 2108 Psal-

834 2143 924 2205 mi
958 2160 972 2203 :
1007 2143 1313 2205 Dominus
1353 2162 1498 2224 pars
1529 2143 1896 2206 hereditatis
1940 2162 2116 2206 meae.
2156 2143 2329 2206 Unde

832 2249 896 2303 et
936 2241 1238 2304 Ieremias
1279 2242 1344 2304 in
1387 2241 1652 2304 Threnis
1698 2260 1711 2303 ι
1754 2242 1898 2304 Pars
1944 2261 2084 2304 mea
2121 2241 2332 2304 Domi-

834 2359 975 2413 nuS,
1010 2339 1170 2402 dixit
1199 2340 1411 2402 anima
1454 2359 1611 2402 mea.
1647 2340 1760 2402 Per
1789 2341 2041 2423 Moysen
2074 2357 2329 2422 quoque

832 2438 1138 2500 Dominus
1166 2437 1536 2519 frequenter
1568 2439 1816 2500 locutus
1857 2445 1954 2500 est
1983 2440 2060 2500 de
2093 2438 2328 2500 Levitis

833 2537 900 2598 in
936 2536 1230 2599 Numeris
1276 2544 1338 2599 et
1377 2538 1886 2610 DeuteronomiO,
1922 2538 2051 2618 Ego
2086 2537 2331 2599 heredi-

831 2643 924 2697 tas
969 2643 1032 2696 et
1076 2636 1395 2717 possessio
1440 2653 1662 2697 eorum
1701 2635 2042 2716 :quamvis
2089 2636 2209 2698 hoc
2252 2637 2329 2698 de

830 2733 1190 2807 sacrificiiS,
1213 2733 1480 2796 decimis
1511 2742 1573 2794 et
1605 2734 1906 2815 primitiis
1937 2735 2065 2796 Deo
2095 2734 2329 2796 debitis

828 2833 906 2893 ad
959 2831 1232 2894 litteram
1280 2840 1650 2913 exponatur.
1701 2833 1888 2894 Porro
1934 2833 2119 2905 infra,
2165 2832 2329 2895 libro

829 2931 1132 3004 secundo,
1187 2930 1394 3011 prima
1445 2929 1874 3003 distinctione,
1925 2931 2326 3012 apertissime

2444 1952 2650 2026 potest
2689 1946 2853 2006 inter
2890 1945 3044 2006 alias
3076 1963 3375 2026 personas
3416 1945 3575 2008 ratio
3615 1945 3944 2026 possiden-

2441 2043 2506 2105 di
2549 2043 2945 2125 appropriari
2993 2043 3257 2124 Spiritui
3308 2043 3557 2106 Sancto.
3593 2079 3673 2088 —
3702 2043 3943 2105 Secun-

2440 2142 2542 2214 do,
2576 2152 2872 2202 nostrum
2918 2149 3123 2223 potest
3167 2142 3359 2204 alicui
3402 2142 3667 2204 attribui
3716 2143 3946 2204 imme-

2440 2240 2609 2302 diate
2643 2258 2657 2301 ε
2692 2241 2913 2322 sicque
2958 2258 3085 2302 non
3126 2241 3285 2303 dicit
3324 2240 3788 2313 habitudinem,
3822 2241 3941 2302 sed

2441 2340 2751 2401 rationem
2799 2338 3192 2401 habitudinis
3253 2339 3606 2422 importatae
3656 2359 3769 2421 per
3816 2346 3945 2401 ter-

2441 2437 2691 2499 minum
2731 2437 2832 2499 cui
2877 2437 3113 2499 unitur.
3150 2439 3251 2499 Sic
3294 2437 3467 2500 enim
3511 2437 3673 2500 nulli
3713 2456 3943 2501 conve-

2441 2536 2690 2597 nienter
2734 2536 2953 2597 unitur
2994 2537 3116 2598 nisi
3162 2537 3331 2617 quod
3382 2536 3680 2618 importat
3728 2555 3943 2618 respe-

2441 2641 2614 2695 ctum
2656 2633 2978 2715 explicite,
3014 2642 3080 2694 ut
3126 2643 3304 2716 pater
3346 2642 3579 2706 noster,
3612 2634 3712 2696 vel
3758 2642 3943 2715 pater

2443 2751 2658 2810 meus;
2692 2733 2789 2794 vel
2828 2731 3159 2814 implicite,
3196 2740 3265 2794 ut
3304 2732 3467 2794 liber
3498 2751 3700 2806 meuS,
3738 2733 3799 2794 id
3836 2739 3939 2794 est

2442 2849 2769 2913 possessus
2800 2850 2836 2893 a
2868 2851 2987 2892 me.
3024 2831 3329 2904 Quocirca
3360 2832 3729 2902 notandum,
3763 2831 3939 2912 quod

2440 2948 2566 2992 non
2597 2929 2831 2992 dicitur
2860 2941 3077 2990 noster
3106 2930 3206 2991 vel
3239 2951 3417 2989 meus
3446 2930 3523 2991 de
3552 2929 3787 3010 aliquo,
3809 2929 3939 2991 nisi

830 3029 1065 3090 dicitur
1099 3045 1112 3090 :
1148 3029 1320 3090 Fecit
1348 3030 1514 3090 Deus
1547 3029 1914 3090 rationalem
1948 3038 2323 3102 creaturam,
2365 3027 2409 3088 C
2440 3029 2792 3090 secundum
2857 3027 3012 3089 illud
3074 3046 3303 3090 nomen
3363 3029 3715 3090 secundum
3764 3028 3941 3108 quod

829 3146 972 3209 quae
1015 3146 1341 3189 summum
1387 3126 1628 3190 bonum
1680 3127 2082 3208 intelligeret,
2131 3135 2194 3189 et
2238 3128 2329 3189 in-

831 3226 1177 3306 telligendo
1225 3233 1484 3294 amaret,
1527 3232 1591 3287 et
1631 3226 1900 3287 amando
1950 3226 2324 3307 possideret,

829 3342 902 3385 ac
935 3323 1317 3405 possidendo
1356 3323 1692 3385 frueretur.
1727 3323 1940 3385 Nihilo
1983 3324 2195 3385 minus
2228 3343 2330 3385 ve-

831 3440 974 3483 rum
1017 3429 1113 3484 est
1156 3422 1324 3503 quod
1365 3422 1544 3501 justi,
1579 3422 1708 3482 imo
1751 3430 1812 3483 et
1855 3430 1986 3484 tota
2035 3421 2329 3483 machina

832 3520 1138 3593 universi,
1171 3527 1268 3582 est
1300 3520 1614 3601 possessio
1646 3519 1757 3581 Dei
1787 3520 1931 3600 jure
1963 3520 2323 3595 creationiS,

832 3619 1329 3681 conservationis
1378 3625 1441 3679 et
1487 3618 1984 3699 gubernationis.
2035 3620 2210 3681 Unde
2259 3619 2324 3680 in

833 3717 1058 3781 Genesi
1090 3717 1405 3780 Abraham
1448 3716 1537 3777 ait
1571 3734 1584 3777 :
1618 3717 1782 3780 Levo
1823 3737 2084 3779 manum
2117 3736 2325 3779 meam

830 3815 908 3876 ad
951 3815 1292 3877 Dominum
1343 3815 1544 3876 Deum
1588 3832 2018 3896 possessorem
2069 3815 2215 3878 coeli
2265 3823 2327 3877 et

830 3921 1029 3975 terrae.
1068 3914 1415 3995 Utrumque
1460 3930 1609 3993 ergo
1652 3913 1921 3975 diversis
1967 3914 2325 3976 considera-

825 4010 1109 4073 tionibus
1150 4029 1373 4073 verum
1417 4017 1532 4071 est.

905 4108 1190 4189 AEgidius
1255 4109 1514 4169 demum
1578 4108 1643 4170 in
1701 4108 1895 4188 hujus
1955 4110 2325 4191 quaestionis

2439 3128 2674 3189 dicitur
2704 3128 2822 3189 hoc
2864 3146 3003 3190 esse
3044 3127 3257 3207 hujus.
3296 3127 3370 3188 Et
3402 3126 3519 3189 hoc
3560 3134 3765 3208 potest
3794 3144 3941 3188 esse

2438 3228 2792 3305 secundum
2841 3226 3159 3307 triplicem
3205 3225 3664 3288 habitudinem.
3700 3225 3935 3299 Primo,

2437 3325 2789 3387 secundum
2821 3324 3263 3386 habitudinem
3297 3324 3783 3395 informationis,
3816 3324 3941 3385 sic-

2440 3431 2508 3483 ut
2547 3423 2774 3485 albedo
2811 3423 3015 3501 Petri;
3046 3431 3107 3484 et
3148 3423 3309 3485 hanc
3344 3422 3783 3484 habitudinem
3818 3422 3939 3483 im-

2438 3530 2688 3603 portant
2750 3521 3008 3583 nomina
3055 3520 3388 3583 abstracta.
3445 3521 3522 3582 Et
3569 3521 3721 3603 quia
3770 3520 3938 3583 nihil

2437 3619 2728 3681 divinum
2757 3626 3159 3700 comparatur
3185 3620 3263 3680 ad
3296 3636 3408 3681 nos
3440 3618 3789 3680 secundum
3822 3618 3937 3681 ha-

2439 3716 2795 3779 bitudinem
2847 3717 3334 3791 informationiS,
3378 3717 3519 3779 ideo
3570 3716 3648 3778 de
3695 3717 3934 3779 divinis

2436 3815 2750 3877 abstracte
2810 3815 3155 3896 designatis
3207 3833 3333 3877 non
3394 3822 3599 3895 potest
3647 3814 3773 3876 dici
3824 3834 3936 3875 no-

2436 3924 2587 3976 ster.
2624 3915 2800 3976 Unde
2849 3914 3192 3976 dicendum
3243 3932 3367 3976 non
3417 3921 3532 3987 est,
3572 3913 3779 3976 Deitas
3822 3932 3935 3976 no-

2436 4019 2584 4085 stra,
2619 4013 2935 4074 aeternitas
2979 4020 3210 4074 nostra.
3247 4012 3556 4085 Secundo,
3590 4030 3785 4092 penes
3823 4012 3935 4074 ha·

2435 4109 2793 4172 bitudinem
2825 4109 3211 4172 causalitatis
3231 4127 3244 4171 ε
3266 4128 3455 4190 quam
3487 4108 3931 4171 habitudinem

824 4206 1138 4268 solutione
1187 4206 1527 4268 concordat
1565 4207 1826 4268 omnino
1872 4226 2019 4269 cum
2061 4206 2319 4276 Thoma‚
2356 4210 2404 4271 D
2437 4206 2780 4289 important
2830 4209 3091 4270 nomina
3139 4228 3280 4289 quae
3325 4207 3547 4269 dicunt
3588 4214 3823 4281 actum,
3857 4216 3932 4268 ut

827 4322 944 4365 nec
983 4303 1286 4385 specialia
1327 4303 1528 4365 multa
1573 4303 1794 4365 scribit
1839 4304 1960 4366 nisi
2007 4324 2146 4385 quae
2188 4306 2317 4385 jam

825 4421 902 4463 ex
948 4402 1186 4464 Thoma
1227 4409 1376 4463 sunt
1420 4401 1794 4463 introducta.

907 4500 1232 4563 Udalricus
1276 4518 1531 4581 quoque
1582 4500 1646 4559 in
1695 4500 1976 4574 Summa,
2016 4500 2201 4563 tertio
2250 4501 2321 4563 li-

826 4598 964 4673 bro,
999 4598 1220 4660 scribit
1249 4600 1326 4661 de
1360 4599 1460 4659 his
1500 4606 1919 4660 consonanter
1947 4598 2226 4673 Alberto,
2260 4608 2322 4662 et

828 4697 1120 4759 concedit
1162 4697 1330 4778 quod
1377 4697 1651 4777 Spiritus
1693 4697 1958 4759 Sanctus
2003 4698 2085 4759 sit
2122 4698 2320 4778 justo-

828 4814 971 4857 rum
1003 4794 1338 4875 possessio,
1373 4795 1526 4876 quia
1564 4795 1641 4856 ad
1682 4802 1911 4856 nutum
1943 4815 2072 4858 suae
2103 4797 2322 4859 volun-

824 4894 971 4955 tatis
1003 4892 1238 4955 habent
1275 4911 1445 4967 eum,
1481 4893 1991 4975 contemplando,
2026 4896 2317 4970 amando,

825 4993 1117 5065 fruendo,
1167 4992 1451 5054 colendo.

906 5093 1227 5154 Postremo
1273 5092 1442 5153 circa
1484 5090 1617 5153 haec
1662 5090 1885 5152 scribit
1931 5091 2322 5154 Bonaventu—

779 5204 782 5209 ·
829 5211 898 5253 ra
928 5208 943 5253 ε
977 5193 1294 5253 Nostrum
1324 5199 1383 5253 et
1417 5210 1654 5259 meum,
1686 5189 2027 5271 dupliciter
2057 5198 2324 5272 possunt

827 5290 1018 5353 alicui
1058 5289 1342 5363 attribui,
1377 5289 1622 5351 scilicet
1664 5288 1978 5351 mediante
2011 5290 2321 5370 composi-

2436 4314 2696 4367 creator.
2733 4306 2807 4367 Et
2848 4307 2999 4387 quia
3036 4307 3199 4368 hanc
3240 4304 3678 4368 habitudinem
3712 4306 3933 4367 omnia

2435 4404 2651 4466 divina
2701 4404 2931 4467 habent
2982 4405 3059 4465 ad
3110 4422 3245 4477 ῃοε,
3289 4423 3450 4485 pene
3501 4404 3578 4466 de
3626 4403 3931 4467 omnibus

2436 4503 2561 4564 illis
2621 4503 2739 4565 hoc
2802 4504 2988 4565 modo
3051 4504 3286 4565 dicitur
3342 4512 3656 4564 nostru-m.
3716 4503 3931 4566 Tertio

2435 4608 2641 4684 potest
2701 4601 2820 4662 hoc
2878 4622 3015 4663 esse
3074 4601 3424 4663 secundum
3484 4600 3929 4662 habitudinem

2434 4700 2889 4773 correlati0ni8‚
2924 4707 2987 4761 et
3016 4700 3180 4761 hanc
3220 4698 3660 4760 habitudinem
3690 4697 3931 4760 habent

2434 4798 2693 4861 nomina
2722 4798 2985 4859 relativa
3017 4814 3031 4858 z
3066 4805 3127 4859 et
3166 4798 3301 4860 haec
3330 4804 3578 4858 exstant
3617 4796 3926 4879 duplicia,

2432 4896 2732 4977 quoniam
2784 4895 3072 4976 quaedam
3116 4894 3337 4956 dicunt
3383 4902 3739 4976 respectum
3789 4913 3933 4976 per-

2432 5012 2602 5056 sonae
2650 4994 2726 5054 ad
2772 5011 3130 5075 personam,
3166 4992 3453 5074 quaedam
3504 5010 3657 5055 vero
3704 4992 3931 5055 dicunt

2431 5099 2792 5173 respectum
2822 5092 2898 5153 ad
2930 5100 3302 5153 creaturam.
3330 5090 3406 5152 Et
3434 5091 3511 5153 de
3543 5091 3768 5172 primis
3798 5108 3929 5153 non

2433 5190 2667 5252 dicitur
2708 5199 2925 5250 noster
2954 5198 3063 5251 aut
3104 5210 3303 5259 meus,
3336 5189 3446 5251 sed
3486 5190 3564 5251 de
3604 5188 3928 5264 secundiS,

2436 5298 2505 5352 ut
2549 5298 2696 5352 sunt
2742 5290 3049 5353 Dominus
3092 5296 3152 5351 et
3194 5289 3503 5370 Magister.
3536 5288 3673 5351 Non
3712 5296 3935 5352 autem

4020 1575 4099 1618 Is.
4126 1588 4192 1623 ιι,
4217 1578 4261 1616 ῦ.

4023 1773 4231 1828 Ephe&
4260 1787 4289 1814 1.

3980 1839 4001 1878 ί
4012 1839 4065 1880 4.
