4359 6250
583 1662 597 1705 l
615 1662 716 1706 Cor.

585 5019 645 5093 [16
661 5020 832 5065 Coelcst.

602 5096 820 5138 icr.cap.1v

570 5146 624 5187 de
673 5144 812 5189 Divin.

569 5219 684 5252 110111.
696 5222 836 5264 caps.

870 471 948 539 10
1515 499 1580 544 ιΝ
1621 497 1843 543 maium
1885 497 1904 542 1
1947 496 2429 543 saNrnNuAmm.
2474 515 2556 524 ——
2598 497 2749 544 msr.
2796 498 2965 560 xv113
3009 498 3231 554 01111131.
3279 500 3298 545 1

862 663 1116 727 habitus
1160 666 1473 731 inhaerens
1516 674 1579 728 et
1627 675 1938 729 causatus,
1972 702 2053 711 —
2082 666 2345 739 RursuS,
2378 666 2425 728 A
2538 667 2987 730 Verumtamen
3017 668 3308 750 Magister
3336 669 3475 732 vult
3512 669 3743 743 dicere,
3776 671 3945 752 quod

859 761 1026 824 sicut
1057 765 1415 827 intellectus
1454 766 1695 846 indiget
1733 765 1959 847 persici
1999 765 2129 827 fide
2163 773 2227 826 et
2256 783 2350 826 sa-

859 861 1097 940 pientia
1127 870 1426 944 tanquam
1467 864 1790 926 habitibus
1833 864 2044 945 ipsum
2075 881 2221 924 vere
2259 862 2351 924 in-

857 959 1088 1021 haesive
1147 961 1624 1044 formaliterque
1685 961 2192 1043 perficientibuS,
2257 962 2348 1023 sic

857 1058 1146 1122 voluntas
1191 1061 1433 1142 indiget
1475 1061 1700 1142 persici
1745 1061 2023 1123 caritate.

936 1258 1029 1320 Ad
1061 1257 1230 1320 istud
1260 1259 1529 1322 Thomas
1570 1262 1908 1341 respondet
1941 1278 1954 1323 :
1988 1260 2140 1322 Tota
2173 1259 2351 1323 boni-

857 1364 950 1417 tas
981 1357 1208 1420 animae
1247 1358 1540 1438 gratuita,
1573 1367 1669 1420 est
1709 1378 1786 1420 ex
1827 1360 2085 1421 caritate
2118 1359 2350 1440 princi-

862 1455 1108 1536 paliter,
1133 1457 1525 1538 originaliter
1553 1465 1615 1518 et
1646 1457 1999 1520 formaliter
2017 1475 2033 1537 3
2066 1466 2128 1520 et
2158 1476 2351 1539 quan-

863 1562 998 1616 tum
1029 1555 1120 1615 sic
1152 1554 1316 1617 bona
1345 1563 1715 1629 est-,tantum
1747 1557 1937 1619 habet
1965 1558 2041 1618 de
2073 1557 2347 1630 caritate,

734 1678 818 1707 xm.
861 1662 924 1714 et
972 1653 1025 1714 si
1075 1655 1398 1716 caritatem
1450 1673 1577 1717 non
1636 1655 1883 1725 habeat,
1934 1654 2351 1736 spiritualiter

863 1750 1021 1813 nihil
1065 1759 1182 1824 est,
1216 1754 1565 1813 secundum
1610 1752 2001 1834 Apostolum.
2036 1753 2150 1814 Per
2193 1754 2347 1815 cari-

2457 765 2683 826 caritas
2726 784 2852 828 non
2896 767 2980 828 sit
3020 767 3253 849 aliquis
3294 767 3549 829 habitus
3593 776 3839 830 creatus
3879 770 3943 831 in

2455 863 2687 938 anima,
2719 866 2829 926 sed
2874 866 3042 946 quod
3091 866 3297 929 solum
3342 867 3423 928 sit
3471 873 3649 928 actus
3692 868 3801 948 qui
3850 875 3945 929 est

2456 980 2532 1022 ex
2572 961 2774 1024 libero
2813 963 3077 1026 arbitrio
3115 983 3228 1046 per
3268 965 3575 1047 Spiritum
3620 967 3942 1040 Sanctum,

2457 1079 2649 1142 quem
2682 1062 2967 1125 nominat
3006 1063 3354 1125 caritatem.
3388 1099 3469 1109 —
3497 1065 3590 1126 Ad
3632 1064 3817 1144 cujus
3848 1084 3949 1127 ex-

2459 1159 2888 1240 planationem
2930 1162 3189 1242 quidam
3230 1163 3547 1238 dixerunt,
3580 1164 3751 1245 quod
3786 1165 3951 1226 sicut

2458 1257 2566 1319 lux
2616 1267 2822 1341 potest
2871 1261 3257 1323 considerari
3307 1262 3671 1344 dupliciter,
3716 1263 3946 1345 primo,

2460 1356 2523 1417 in
2572 1375 2661 1432 se,
2706 1365 2769 1418 et
2817 1358 2909 1419 sic
2960 1359 3196 1421 dicitur
3246 1360 3393 1439 lux;
3426 1361 3728 1435 secund0,
3764 1370 3951 1443 prout

2457 1463 2553 1516 est
2584 1455 2648 1516 in
2680 1458 3076 1519 extremitate
3116 1458 3416 1540 diaphani
3458 1460 3801 1534 terminati,
3834 1461 3951 1522 sic-

2458 1572 2582 1635 que
2613 1565 2873 1616 vocatur
2911 1556 3103 1631 color,
3139 1558 3289 1638 quia
3329 1557 3685 1640 hypostasis
3722 1560 3950 1622 coloris

2458 1659 2554 1713 est
2601 1652 2731 1724 lux,
2766 1672 2883 1714 nec
2927 1653 3099 1715 color
3136 1662 3233 1715 est
3273 1655 3447 1717 aliud
3491 1675 3683 1737 quam
3726 1657 3834 1719 lux
3886 1659 3949 1719 in

2460 1752 2907 1814 extremitate*
2958 1770 2972 1813 τ
3026 1753 3118 1814 316
3177 1754 3399 1815 dicunt
3457 1757 3626 1836 quod
3678 1756 3949 1838 Spiritus

861 1857 1054 1912 tatem
1096 1859 1308 1912 autem
1351 1851 1563 1913 anima
1606 1870 1731 1914 non
1777 1853 1988 1913 minus
2032 1851 2224 1913 habet
2271 1852 2347 1914 de
2387 1851 2432 1912 B
2462 1849 2726 1910 Sanctus
2768 1859 2955 1930 prout
2985 1851 3051 1912 in
3088 1870 3156 1912 se
3195 1852 3651 1928 consideratur,
3682 1861 3779 1916 est
3818 1855 3952 1938 Spi-

860 1947 1140 2010 bonitate
1190 1949 1255 2010 in
1297 1967 1436 2010 esse
1477 1949 1714 2030 gratiae,
1753 1968 1944 2030 quam
1995 1967 2109 2031 per
2154 1949 2349 2011 virtu-

859 2053 987 2107 tem
1019 2047 1395 2128 acquisitam
1429 2047 1492 2108 in
1523 2066 1660 2109 esse
1698 2047 1974 2129 politico.
2011 2048 2199 2111 Porro
2227 2048 2351 2110 vir-

858 2153 960 2206 tus
993 2145 1251 2227 politica
1280 2147 1404 2209 duo
1444 2147 1618 2220 facit,
1653 2147 1802 2228 quia
1842 2146 2180 2209 habentem
2210 2146 2350 2209 effi—

859 2245 947 2305 cit
975 2244 1238 2318 bonum,
1271 2253 1334 2306 et
1363 2253 1575 2306 actum
1606 2245 1806 2326 ipsius
1847 2245 2086 2308 bonum
2121 2245 2343 2307 reddit.

857 2342 1051 2404 Multo
1096 2343 1288 2423 igitur
1327 2342 1554 2405 fortius
1599 2344 1727 2424 agit
1770 2344 1903 2405 haec
1946 2345 2191 2405 caritas.
2228 2344 2348 2406 Sed

859 2440 1108 2502 nullum
1157 2441 1386 2503 horum
1430 2441 1637 2504 facere
1688 2448 1914 2523 potest,
1948 2441 2070 2503 nisi
2115 2442 2198 2504 sit
2246 2442 2350 2504 ha-

858 2539 1028 2600 bitus
1059 2547 1306 2601 creatus
1338 2539 1669 2602 inhaerens.
1706 2540 1904 2602 Omne
1942 2541 2179 2602 etenim
2211 2557 2348 2601 esse

859 2645 1103 2698 constat
1133 2637 1454 2719 profluere
1483 2657 1520 2700 a
1559 2638 1762 2700 forma
1790 2638 2005 2719 aliqua
2043 2638 2351 2700 inhaeren-

858 2743 941 2809 te,
977 2743 1046 2796 ut
1074 2755 1212 2798 6336
1241 2736 1458 2798 album
1489 2737 1570 2798 ab
1599 2736 1914 2809 albedine,
1948 2745 2011 2797 et
2041 2755 2179 2798 esse
2208 2735 2351 2797 sub-

858 2835 1149 2897 stantiale
1177 2853 1214 2896 a
1247 2834 1449 2897 forma
1481 2834 1900 2897 substantiali.
1937 2835 2351 2908 Quemadmo-

859 2933 1011 2994 dum
1055 2950 1204 3013 ergo
1243 2933 1512 3012 intelligi
1551 2933 1770 3014 nequit
1812 2933 1978 3014 quod
2020 2933 2227 3013 paries
2267 2933 2349 2994 sit

2460 1946 2620 2008 ritus
2665 1948 2929 2010 Sanctus
2977 1957 3041 2010 et
3086 1967 3266 2012 amor
3309 1950 3507 2012 Patris
3555 1969 3629 2013 ac
3678 1951 3843 2026 Filii,
3888 1960 3953 2015 et

2460 2045 2695 2107 dicitur
2742 2046 2951 2126 Deus3
3004 2047 3116 2109 sed
3162 2057 3351 2129 prout
3400 2049 3836 2112 consideratur
3884 2061 3953 2113 ut

2460 2142 2771 2206 exsistens
2803 2144 2869 2205 in
2908 2145 3121 2208 anima
3149 2164 3343 2227 quam
3383 2156 3594 2210 movet
3622 2148 3702 2210 ad
3738 2155 3952 2212 actum

2463 2242 2764 2316 caritatiS,
2810 2243 3044 2305 dicitur
3091 2245 3336 2306 caritas
3370 2245 3676 2308 Asserunt
3714 2248 3953 2331 quippe

2463 2340 2633 2420 quod
2680 2341 2846 2401 sicut
2892 2342 3063 2403 solus
3108 2341 3303 2404 Filius
3352 2344 3559 2405 univit
3606 2344 3730 2406 sibi
3778 2355 3956 2408 natu-

2463 2457 2597 2499 ram
2655 2438 3021 2512 humanam,
3074 2441 3368 2521 quamvis
3426 2443 3709 2522 operatio
3762 2443 3955 2506 totius

2466 2535 2491 2596 s
2494 2537 2657 2597 uerit
2684 2537 3005 2599 Trinitatis
3026 2555 3042 2615 3
3066 2538 3151 2600 ita
3182 2539 3455 2620 Spiritus
3486 2540 3751 2603 Sanctus
3782 2541 3954 2603 solus

2464 2633 2587 2694 sibi
2620 2635 2759 2696 unit
2790 2635 3203 2710 voluntatem,
3236 2637 3529 2717 quamvis
3568 2638 3651 2700 sit
3691 2639 3780 2702 ibi
3810 2658 3956 2721 ope-

2464 2731 2623 2793 ratio
2662 2731 2985 2794 Trinitatis
3030 2735 3243 2796 totius.
3284 2734 3405 2797 Sed
3448 2735 3567 2797 1106
3611 2744 3776 2799 stare
3828 2755 3954 2800 non

2466 2830 2651 2902 valet,
2698 2831 3000 2910 quoniam
3053 2832 3204 2894 unio
3257 2840 3496 2896 naturae
3546 2835 3839 2898 humanae
3890 2837 3953 2898 in

2465 2927 2713 2990 Christo
2745 2929 3077 2992 terminata
3114 2939 3209 2992 est
3238 2932 3316 2992 ad
3350 2931 3562 3013 ipsum
3603 2933 3954 2997 increatum

857 3029 1040 3092 albus
1078 3030 1319 3112 absque
1359 3031 1652 3092 albedine
1693 3030 2059 3103 inhaerente,
2095 3031 2183 3092 ita
2222 3048 2349 3093 non
2389 3030 2432 3092 C
2462 3045 2600 3088 esse
2634 3028 2960 3106 personale
2992 3029 3225 3091 divinae
3264 3047 3587 3110 personae:
3616 3031 3756 3094 ideo
3786 3032 3955 3095 idem

858 3138 1066 3211 potest
1121 3130 1392 3210 intelligi
1443 3130 1610 3209 quod
1669 3130 1882 3191 anima
1929 3128 2011 3191 sit
2068 3128 2233 3192 bona
2284 3128 2349 3191 in

857 3246 996 3289 esse
1025 3227 1300 3307 gratuito
1337 3227 1475 3288 sine
1515 3227 1772 3288 caritate
1811 3235 1874 3288 et
1906 3228 2106 3307 gratia
2144 3228 2349 3309 ipsam

857 3325 1259 3388 informante.
1296 3324 1744 3398 Consimiliter,
1777 3343 1976 3406 quum
2006 3332 2185 3387 actus
2218 3343 2353 3406 pro-

858 3424 1254 3505 portionetur
1291 3424 1588 3505 potentiae
1626 3424 1964 3504 operativae
2004 3424 2170 3485 sicut
2199 3423 2351 3485 esse-

859 3529 998 3584 ctus
1031 3522 1301 3604 propriae
1341 3541 1566 3595 causae,
1602 3520 1997 3603 impossibile
2036 3530 2132 3583 est
2173 3521 2352 3583 intel-

860 3622 1054 3702 ligere
1102 3621 1270 3703 quod
1321 3628 1499 3683 actus
1560 3620 1880 3702 perfectus
1931 3620 1993 3681 in
2045 3619 2347 3694 bonitate,

859 3722 942 3782 sit
982 3739 1019 3781 a
1058 3720 1338 3802 potentia
1375 3737 1500 3781 non
1542 3718 1823 3801 perfecta
1855 3738 1969 3799 per
2008 3718 2297 3779 habitum
2334 3736 2346 3778 :

859 3818 1396 3901 quemadmodum
1429 3817 1775 3880 calefacere
1817 3835 1942 3878 non
1974 3824 2183 3897 potest
2212 3834 2351 3877 esse

860 3918 940 3979 ab
1004 3918 1169 3999 igne,
1239 3917 1363 3978 nisi
1435 3915 1750 3978 mediante
1818 3915 2044 3977 calore.
2111 3915 2354 3976 Idcirco

860 4035 1058 4098 quum
1098 4022 1276 4077 actus
1317 4014 1594 4076 caritatis
1638 4014 2094 4095 perfectionem
2135 4033 2355 4094 quam-

859 4115 1005 4176 dam
1055 4113 1283 4175 habcat
1324 4131 1402 4174 ex
1453 4112 1571 4174 hoc
1615 4111 1785 4193 quod
1827 4118 1924 4172 est
1967 4110 2350 4177 meritorius,

2463 3143 2728 3188 numero
2775 3133 2953 3187 actus
2996 3135 3093 3189 est
3136 3146 3421 3209 personae
3462 3130 3695 3194 divinae
3742 3140 3805 3193 et
3854 3152 3957 3194 na-

2462 3231 2619 3287 turae
2668 3225 2962 3287 humanae
3003 3235 3363 3308 assumptae.
3398 3228 3701 3291 Voluntas
3743 3239 3956 3293 autem

2462 3330 2823 3385 sanctorum
2855 3340 2983 3385 11011
3016 3325 3358 3386 assumitur
3388 3326 3453 3387 in
3482 3327 3788 3392 unitatem
3824 3348 3959 3412 sup·

2464 3421 2653 3502 positi
2695 3421 2968 3503 Spiritus
3015 3423 3245 3485 Sancti.
3284 3424 3458 3487 Unde
3504 3444 3703 3507 quum
3742 3445 3959 3509 opera-

2464 3519 2551 3582 tio
2607 3539 2644 3582 a
2702 3520 3031 3601 supposito
3093 3521 3321 3584 habeat
3383 3524 3693 3587 unitatem
3749 3534 3814 3587 et
3869 3526 3959 3589 di-

2464 3618 2849 3692 versitatem,
2892 3635 3019 3681 non
3070 3628 3276 3700 potest
3324 3620 3595 3703 intelligi
3646 3642 3773 3686 una
3819 3644 3956 3687 esse

2460 3717 2744 3797 operatio
2774 3717 3116 3779 voluntatis
3149 3726 3373 3782 creatae
3402 3728 3465 3781 et
3506 3720 3779 3802 Spiritus
3811 3724 3960 3785 San-

2464 3814 2570 3887 cti,
2624 3815 2746 3876 nisi
2799 3834 2911 3896 per
2962 3817 3221 3877 modum
3270 3835 3397 3899 quo
3444 3819 3609 3881 Deus
3658 3828 3959 3902 operatur

2463 3912 2528 3974 in
2572 3913 2856 3994 qualibet
2896 3922 3202 3976 creatura.
3240 3916 3359 3977 Sed
3403 3916 3522 3979 iste
3564 3920 3789 3981 modus
3828 3938 3957 3983 non

2462 4010 2708 4073 sufficit
2743 4012 2820 4073 ad
2865 4013 3250 4093 operationis
3292 4014 3773 4095 perfectionem,
3808 4038 3959 4100 quo—

2464 4110 2635 4172 niam
2667 4110 2949 4191 operatio
2988 4112 3277 4192 sequitur
3318 4114 3711 4177 conditiones
3754 4136 3959 4181 causas

859 4212 1120 4275 omnino
1168 4218 1416 4292 oportet
1464 4210 1646 4271 fateri
1697 4210 2023 4271 caritatem
2066 4228 2205 4271 esse
2248 4210 2353 4271 ha-
2384 4218 2432 4278 D
2463 4209 2767 4290 proximae
2826 4208 2889 4269 in
2952 4211 3325 4273 necessitate
3384 4219 3447 4273 et
3504 4213 3955 4296 contingentia,

859 4311 1065 4372 bitum
1106 4317 1388 4371 creatum
1420 4308 1484 4371 in
1524 4309 1737 4370 anima
1769 4326 1782 4369 z
1818 4308 1929 4389 qui
1969 4308 2224 4370 habitus
2254 4316 2350 4369 est

858 4408 1218 4471 efficienter
1265 4427 1302 4469 a
1351 4414 1478 4470 tota
1527 4406 2177 4488 supergloriosissima
2224 4406 2353 4468 Tri-

858 4508 1076 4581 nitate,
1107 4507 1218 4568 sed
1266 4504 1712 4586 exemplariter
1757 4512 1970 4566 manat
2013 4504 2093 4565 ab
2137 4522 2351 4566 amore

858 4607 1159 4679 increato,
1212 4605 1322 4687 qui
1379 4612 1475 4665 est
1533 4603 1806 4685 Spiritus
1867 4603 2154 4664 Sanctus.
2208 4603 2351 4665 Ideo

860 4704 1226 4785 frequenter
1285 4702 1605 4764 invenitur
1653 4702 1822 4782 quod
1873 4700 2146 4782 Spiritus
2206 4701 2352 4762 Sau-

862 4810 1000 4864 ctus
1031 4802 1116 4863 sit
1148 4820 1327 4863 amor
1357 4818 1482 4882 quo
1513 4799 1838 4880 diligimus
1869 4800 2070 4861 Deum
2110 4806 2174 4859 et
2217 4816 2355 4879 pro-

863 4902 1130 4972 ximum,
1165 4900 1330 4961 sicut
1359 4906 1422 4960 et
1451 4899 1706 4961 divinus
1736 4898 2072 4979 Dionysius
2103 4896 2350 4969 asserit,

863 5000 1030 5081 quod
1061 5017 1198 5059 esse
1228 4997 1339 5059 Dei
1378 5004 1475 5059 est
1512 5016 1650 5058 6336
1688 4996 1977 5058 omnium
2017 5014 2253 5067 rerum,
2288 4994 2353 5055 in

825 5100 1174 5179 ‘quantum
1228 5094 1524 5157 videlicet
1579 5094 1658 5155 ab
1719 5094 1995 5155 increato
2052 5112 2191 5154 6336
2244 5092 2355 5153 Dei

867 5213 1054 5258 omne
1093 5194 1266 5256 aliud
1307 5212 1446 5255 esse
1485 5191 1932 5274 exemplariter
1959 5199 2022 5253 et
2060 5190 2357 5253 effective

869 5293 1258 5375 producitur.

2464 4305 2852 4388 perfectione
2881 4326 2955 4368 ac
2990 4308 3457 4385 consimilibuS,
3490 4320 3553 4373 et
3594 4330 3720 4376 non
3752 4332 3957 4378 causae

2463 4404 2703 4486 primae.
2744 4405 2889 4467 Ideo
2932 4405 3059 4467 dici
3105 4423 3231 4468 non
3276 4415 3483 4489 potest
3526 4411 3695 4491 quod
3741 4412 3831 4473 ibi
3876 4414 3959 4476 sit

2462 4502 2745 4584 perfecta
2804 4503 3088 4585 operatio
3154 4506 3521 4582 voluntatiS,
3587 4528 3701 4590 per
3762 4529 3955 4592 quam

2464 4600 2721 4661 uniatur
2764 4601 3027 4682 Spiritui
3074 4603 3321 4677 Sancto,
3354 4605 3480 4666 nisi
3524 4606 3607 4667 sit
3652 4607 3741 4669 ibi
3785 4609 3961 4671 habi-

2461 4706 2564 4760 tus
2606 4699 2952 4779 potentiam
2992 4701 3383 4781 operativam
3427 4703 3807 4785 perficiens3
3840 4726 3958 4769 nec

2465 4803 2670 4877 potest
2710 4815 2847 4858 esse
2890 4797 3244 4861 similitudo
3282 4807 3461 4862 actus
3496 4802 3841 4866 voluntatis
3880 4806 3957 4867 ad

2464 4894 2773 4975 Spiritum
2807 4894 3129 4969 Sanctum,
3166 4897 3287 4958 nisi
3320 4898 3401 4959 sit
3440 4900 3795 4964 similitudo
3826 4903 3961 4985 Spi-

2463 4992 2624 5054 ritus
2668 4992 2879 5055 Sancti
2923 4992 2986 5053 in
3032 4994 3245 5055 anima
3281 4997 3637 5059 ‚secuudum
3678 4999 3957 5081 aliquam

2466 5090 2736 5153 formam
2764 5109 2905 5171 quae
2940 5090 3023 5151 sit
3048 5091 3440 5173 principium
3464 5102 3641 5157 actus
3671 5114 3799 5177 quo
3825 5098 3961 5180 Spi-

2468 5189 2619 5251 ritui
2656 5189 2887 5251 Sancto
2923 5188 3333 5265 assimiletur,
3369 5191 3521 5273 quia
3556 5194 3635 5255 ad
3674 5195 3795 5258 hoc
3834 5214 3960 5260 non

2468 5286 2715 5351 sufficit
2754 5294 2951 5350 actuS.
2986 5322 3067 5333 —
3095 5287 3240 5352 Haec
3275 5288 3544 5353 Thomas
3586 5292 3651 5353 in
3693 5293 3957 5377 Scripto.

4003 1777 4021 1795 ·
4036 1775 4163 1817 alias
4180 1774 4257 1816 lux

3976 1837 4261 1892 incorporata
