4359 6250
619 3404 725 3460 Aug.
736 3403 790 3447 de
797 3401 890 3447 Tri-

619 3467 771 3517 nitate.
809 3465 883 3509 lib.

913 460 992 525 94
1845 480 2020 526 unna
2063 482 2082 525 ι
2125 480 2607 526 semanimem.
2654 499 2735 508 —
2776 482 2927 525 msr.
2974 482 3079 525 xix

913 653 1172 715 differre
1209 670 1507 734 numer0,
1541 654 1902 717 cavendum
1943 654 2042 717 est
2079 654 2412 734 quomodo
2442 653 2845 735 intelligatur
2880 674 2893 714 ε
2927 654 3206 718 diversis
3243 655 3419 718 enim
3456 654 3675 717 modis
3710 654 4027 717 dicuntur

913 770 1134 850 aliqua
1178 770 1436 833 differre
1483 787 1781 833 numer0.

998 1032 1076 1105 Q.
1125 1034 1390 1100 Quibus
1425 1035 1664 1094 modis
1709 1032 2059 1094 dicantur
2095 1030 2400 1103 differre
2437 1046 2776 1107 numerO,
2818 1034 2891 1094 et
2923 1037 3325 1097 secundum
3370 1049 3586 1109 quem
3630 1037 3931 1099 modum

1919 1150 2156 1221 possit
2202 1152 2594 1213 convenire
2634 1153 2999 1223 personis.

1043 1380 1368 1443 Dicuntur
1396 1380 1574 1442 enim
1611 1379 1832 1459 aliqua
1869 1378 2127 1442 differre
2165 1396 2467 1459 numero,
2501 1380 2762 1461 quando
2802 1381 2894 1443 ita
2930 1380 3241 1444 differunt
3266 1381 3342 1443 ut
3376 1381 3502 1443 hoc
3528 1397 3663 1444 non
3700 1381 3787 1444 sit
3822 1380 4018 1455 illud,

909 1515 1029 1561 nec
1075 1496 1324 1577 aliquid
1360 1496 1538 1577 quod
1589 1495 1755 1558 illud
1791 1497 1892 1559 est
1927 1496 2031 1559 vel
2083 1497 2152 1559 in
2197 1498 2342 1579 ipso
2392 1498 2538 1561 est:
2574 1498 2853 1579 qualiter
2889 1498 3200 1561 differunt
3235 1498 3535 1561 Socrates
3586 1498 3651 1561 et
3698 1497 3911 1577 Plato,
3952 1499 4023 1560 et

909 1612 1317 1694 hujusmodi,
1360 1630 1506 1693 quae
1549 1612 1724 1693 apud
1761 1612 2196 1694 philosophos
2235 1613 2543 1676 dicuntur
2578 1614 2919 1677 individua
2956 1614 3060 1677 vel
3098 1614 3537 1695 particularia.
3580 1614 3782 1677 Juxta
3816 1630 4023 1694 quem

911 1730 1183 1793 modum
1231 1746 1365 1793 non
1411 1729 1690 1810 possunt
1743 1728 1873 1791 dici
1923 1730 2056 1792 tres
2105 1746 2401 1810 personae
2438 1730 2697 1793 differre
2741 1747 3040 1793 numero.
3085 1730 3412 1793 Dicuntur
3456 1747 3721 1811 quoque
3756 1729 4023 1792 differre

909 1862 1209 1925 numere,
1253 1863 1399 1926 quae
1457 1846 1526 1907 in
1570 1846 2025 1909 numeratione
2081 1845 2223 1908 sive
2270 1845 2759 1925 computatione
2814 1862 2944 1909 non
2995 1846 3123 1909 sibi
3177 1846 3648 1928 adjunguntur,
3689 1846 3805 1910 sed
3857 1862 3899 1908 a
3944 1862 4023 1909 se

912 1962 1194 2025 invicem
1232 1961 1715 2040 discernuntur,
1758 1962 1830 2024 ut
1868 1978 2076 2041 quum
2114 1961 2195 2024 de
2241 1960 2574 2041 aliquibus
2614 1961 2810 2024 rebus
2848 1961 3212 2043 loquentes,
3251 1962 3537 2026 dicimus
3578 1981 3592 2023 :
3636 1978 3789 2040 una,
3838 1961 4017 2039 duae,

910 2080 1064 2143 tres.
1107 2080 1192 2141 Et
1240 2077 1602 2141 secundum
1651 2078 1828 2140 hunc
1874 2078 2144 2141 modum
2194 2076 2361 2141 forte
2410 2077 2580 2139 dixit
2622 2078 2910 2141 Joannes
2960 2078 3373 2159 hypostaseS,
3415 2078 3484 2140 id
3531 2078 3632 2141 est
3674 2093 4017 2159 personas,

909 2195 1169 2259 differre
1216 2212 1514 2257 numero.
1567 2195 1933 2257 Possumus
1978 2194 2156 2257 enim
2206 2193 2443 2273 dicere,
2484 2194 2679 2257 Pater
2724 2196 2822 2258 est
2870 2211 3081 2275 unus;
3122 2196 3209 2275 et,
3249 2195 3444 2259 Pater
3485 2196 3551 2258 et
3600 2194 3812 2258 Filius
3858 2196 4025 2257 sunt

908 2312 1078 2392 du03
1120 2311 1206 2391 et,
1248 2311 1443 2374 Pater
1497 2312 1562 2373 et
1611 2310 1822 2372 Filius
1873 2310 1938 2373 et
1987 2310 2274 2391 Spiritus
2323 2310 2601 2373 Sanctus
2650 2311 2805 2373 sunt
2850 2312 3004 2374 tres.
3039 2312 3124 2373 Et
3161 2312 3342 2390 item,
3383 2312 3543 2375 Haec
3590 2327 3867 2393 persona
3916 2312 4025 2373 &st

908 2445 1077 2508 una;
1111 2428 1197 2507 et,
1229 2426 1389 2491 Haec
1428 2428 1491 2489 et
1531 2426 1643 2489 illa
1679 2426 1834 2489 sunt
1860 2426 2046 2507 duae3
2078 2426 2164 2505 et,
2198 2426 2357 2489 Haec
2388 2426 2452 2488 et
2479 2425 2591 2488 illa
2622 2428 2687 2489 et
2713 2426 2842 2489 alia
2878 2427 3033 2490 sunt
3070 2427 3222 2490 tres.
3248 2426 3760 2490 Convenientius
3794 2428 4027 2490 tamen

909 2544 1042 2605 tres
1079 2542 1210 2606 illae
1248 2559 1544 2623 personae
1574 2540 2083 2623 proprietatibus
2119 2541 2376 2603 tantum
2415 2541 2733 2621 distingui
2773 2540 3083 2604 dicuntur
3114 2562 3130 2603 z
3164 2541 3245 2605 de
3280 2558 3560 2622 quarum
3599 2541 4029 2605 distinctione

909 2657 1273 2722 secundum
1310 2658 1742 2739 proprietates
1794 2657 1863 2720 in
1900 2657 2201 2737 sequenti
2252 2654 2654 2719 tractabitur.
2698 2657 2888 2719 Nunc
2927 2675 3080 2721 vero
3131 2658 3213 2721 ad
3264 2658 3598 2739 inceptum
3645 2657 4021 2734 redeamuS,

909 2792 1057 2855 quae
1103 2776 1278 2838 dicta
1324 2775 1479 2837 sunt
1524 2774 1912 2854 repetenteS,
1963 2774 2038 2835 ut
2083 2772 2328 2853 saepius
2374 2773 2718 2853 versando,
2769 2772 3163 2837 familiarius
3207 2774 3637 2837 innotescant.

998 3026 1080 3089 R.
1130 3029 1326 3093 Quod
1367 3042 1519 3090 una
1560 3040 1884 3100 persona
1933 3040 2083 3089 non
2128 3026 2237 3086 est
2280 3027 2543 3098 major
2590 3028 2775 3101 alia,
2817 3041 2951 3089 nec
2997 3029 3150 3089 tre-s·
3195 3030 3421 3091 simul
3464 3043 3692 3105 quam
3726 3043 3924 3104 una,-

1756 3144 1829 3205 et
1871 3145 2002 3204 hoc
2047 3143 2348 3206 ratione
2394 3145 2709 3206 ostendit
2753 3145 3145 3208 catholica.

1049 3383 1401 3449 Sciendum
1448 3384 1549 3446 est
1588 3399 1764 3464 erg0,
1797 3385 2045 3446 tantam
2084 3382 2529 3463 aequalitatem
2567 3400 2709 3447 esse
2750 3383 2819 3445 in
2854 3383 3195 3464 Trinitate,
3236 3385 3312 3448 ut
3359 3385 3453 3448 ait
3488 3386 3901 3468 Augustinus
3948 3387 4029 3451 in

612 3528 882 3582 vmaemoem.
913 3503 1144 3564 octavo
1182 3499 1348 3563 libro
1386 3500 1468 3562 de
1503 3498 1844 3579 Trinitate,
1891 3499 1965 3561 ut
2009 3515 2142 3561 non
2181 3498 2399 3561 solum
2439 3499 2633 3562 Pater
2678 3516 2811 3562 non
2850 3499 2938 3562 sit
2974 3499 3186 3580 maJor
3222 3517 3423 3582 quam
3458 3501 3693 3582 Filius,
3739 3502 3855 3566 sed
3898 3520 4030 3566 neo

645 4593 752 4638 ibid.
765 4605 804 4636 e.
821 4595 860 4636 i.

909 3618 1104 3681 Pater
1141 3617 1206 3680 et
1245 3615 1458 3679 Filius
1494 3615 1695 3678 simul
1739 3615 1956 3696 majus
1992 3615 2244 3696 aliquid
2280 3615 2414 3677 sint
2449 3632 2646 3695 quam
2687 3615 2973 3697 Spiritus
3024 3615 3323 3696 SanctuS,
3358 3618 3472 3680 aut
3507 3618 3819 3698 quaelibet
3864 3636 4029 3700 per-

907 3751 1069 3798 sona
1097 3734 1320 3797 minus
1348 3731 1599 3814 aliquid
1637 3732 1724 3795 sit
1751 3749 1950 3812 quarn
1989 3732 2134 3812 ipsa
2160 3731 2469 3794 Trinitas.
2504 3731 2696 3804 Quod
2732 3733 2955 3795 autem
2995 3732 3087 3795 ita
3122 3732 3231 3811 sit,
3264 3733 3485 3813 aliquo
3525 3734 3746 3814 modo,
3779 3735 3837 3797 si
3874 3735 4030 3798 fieri

904 3851 1142 3933 potest,
1174 3847 1759 3912 demonstrandum
1798 3849 1917 3910 est.
1953 3847 2289 3920 Quantum
2328 3863 2481 3928 ergo
2520 3847 2662 3928 ipse
2691 3847 2958 3910 Creator
2993 3847 3284 3929 adjuvat,
3324 3849 3763 3930 attendamus,
3799 3851 4031 3932 inquit

903 3965 1319 4046 Augustinus
1368 3965 1438 4026 in
1493 3962 1748 4042 eodem,
1790 3962 2124 4042 quomodo
2165 3961 2234 4023 in
2286 3961 2408 4024 hac
2454 3961 2771 4025 Trinitate
2810 3962 2957 4026 duae
3009 3963 3113 4027 vel
3161 3964 3292 4028 tres
3338 3980 3637 4046 personae
3674 3983 3806 4030 non
3854 3971 4030 4031 sunt

905 4082 1124 4161 majus
1170 4079 1421 4161 aliquid
1466 4095 1668 4160 quam
1716 4094 1848 4141 una
1895 4094 2141 4140 earum.

1186 4331 1254 4395 S.
1304 4331 1614 4396 Ratione
1661 4330 1899 4392 utitur
1943 4331 2458 4404 subtilissima,
2510 4333 2609 4392 ad
2656 4331 3178 4394 ostendendum
3219 4337 3410 4408 quod
3456 4334 3566 4396 ita
3612 4334 3731 4397 sit.

1045 4573 1238 4648 Quod
1265 4572 1358 4636 ibi
1386 4587 1701 4653 magnum
1728 4570 1991 4650 dicitur,
2031 4569 2296 4633 aliunde
2326 4586 2641 4651 magnum
2681 4586 2815 4633 non
2852 4570 2952 4633 est
2986 4587 3187 4652 quam
3216 4587 3292 4634 eo
3320 4589 3452 4653 quo
3490 4590 3642 4637 vere
3678 4575 3779 4638 est
3807 4594 3822 4636 :
3854 4577 4039 4656 quia

909 4693 1004 4758 ibi
1061 4689 1444 4773 magnitudo
1494 4689 1637 4770 ipsa
1682 4687 1924 4751 veritas
1970 4687 2092 4765 est,
2143 4686 2209 4750 et
2254 4686 2495 4750 veritas
2545 4687 2849 4750 essentia.
2898 4686 3049 4749 Non
3100 4704 3253 4768 ergo
3304 4687 3395 4750 ibi
3434 4688 3652 4769 majus
3698 4691 3797 4754 est
3832 4695 4035 4772 quod

909 4810 1131 4874 verius
1167 4825 1300 4871 non
1341 4807 1460 4870 est.
1501 4806 1652 4868 Non
1688 4805 1911 4867 autem
1952 4803 2172 4866 verius
2210 4803 2309 4865 est
2348 4801 2545 4866 Pater
2579 4803 2644 4865 et
2679 4802 2891 4865 Filius
2933 4801 3157 4881 simul,
3201 4819 3401 4883 quam
3438 4803 3635 4868 Pater
3668 4805 3873 4884 soluS,
3908 4811 4035 4872 vel

909 4927 1141 4991 Filius.
1188 4925 1340 4989 Non
1388 4939 1540 5004 ergo
1591 4920 1809 5000 majus
1846 4922 1946 4983 est
1981 4918 2234 5001 aliquid
2276 4920 2550 4999 uterque
2585 4919 2810 4997 simul,
2852 4936 3053 5000 quam
3098 4919 3400 5001 singulus
3436 4938 3688 4986 eorum.
3729 4923 3812 4985 Et
3852 4928 4035 5004 quia

910 5060 1096 5123 aeque
1136 5057 1286 5104 vere
1325 5039 1425 5103 est
1461 5039 1660 5102 etiam
1699 5036 1984 5117 Spiritus
2022 5036 2323 5114 Sanctus,
2366 5034 2512 5098 ideo
2550 5034 2745 5097 Pater
2792 5036 2855 5098 et
2891 5034 3102 5098 Filius
3139 5035 3339 5099 simul
3375 5054 3509 5099 non
3558 5039 3715 5101 sunt
3758 5038 4035 5120 aliquid

910 5157 1128 5237 majus
1176 5172 1377 5236 quam
1424 5155 1589 5236 ipse,
1633 5152 1789 5233 quia
1825 5169 1944 5215 nec
1992 5151 2214 5214 verius
2263 5150 2439 5213 sunt.
2480 5149 2674 5229 Item,
2715 5149 2785 5212 in
2821 5151 3105 5215 essentia
3142 5151 3435 5215 veritatis
3470 5152 3597 5215 hoc
3634 5154 3734 5217 est
3776 5171 4031 5222 verum

911 5290 1078 5352 esse,
1110 5270 1288 5352 quod
1319 5271 1418 5334 est
1444 5287 1623 5351 esse3
1655 5270 1722 5332 et
1757 5267 1882 5332 hoc
1919 5269 2018 5332 est
2055 5284 2222 5347 esse,
2264 5266 2443 5347 quod
2478 5267 2579 5330 est
2614 5283 2928 5348 magnum
2966 5285 3109 5331 esse
3150 5287 3165 5328 :
3206 5268 3331 5330 hoc
3369 5269 3469 5332 est
3496 5285 3651 5350 ergo
3692 5287 4031 5352 magnum
