4359 6250
771 523 996 579 onrssr.
1043 523 1110 569 ux
1154 523 1168 566 :
1213 521 1358 577 oum
1399 523 1492 568 su·
1534 521 1758 579 raruu,
1801 521 1874 567 ΕΤ
1915 522 2214 578 ουΑιιτειι
2254 523 2294 567 A
2338 521 2742 568 rnovinnuru
2786 519 3229 568 msrmocan
3428 499 3547 564 503

447 693 748 757 videntiae
806 694 1130 776 derogare,
1181 693 1349 774 quod
1410 691 1476 754 in
1535 699 1662 754 tam
1724 691 1944 774 paucis
1975 689 2025 750 A
2056 694 2140 758 et
2194 693 2542 774 qualiter
2601 707 2649 758 a,
2708 691 3216 774 providentia
3265 691 3547 758 distin·-

143 805 287 850 lm..
307 811 415 857 na.
448 794 712 856 sortitur
739 791 1069 866 effectum,
1103 811 1305 874 quum
1344 799 1556 852 tamen
1595 808 1815 853 omnes
1846 809 1947 852 ve·
2053 795 2369 870 guatur.

448 891 520 953 lit
564 891 814 953 salvari.
858 891 1211 952 Dicendum
1253 890 1607 952 secundum
1651 888 1945 970 Augusti-

445 1009 602 1052 num
647 1007 664 1050 z
705 990 873 1051 Bene
915 988 1308 1070 dispensavit
1347 986 1674 1058 Dominus,
1719 994 1788 1047 ut
1826 1006 1944 1048 nec

443 1107 668 1151 omnes
725 1087 1076 1160 damnaret,
1138 1105 1256 1148 nec
1314 1103 1537 1148 omnes
1594 1085 1864 1147 salvaret
1926 1102 1940 1146 :

443 1187 596 1268 quia
653 1185 707 1247 si
749 1204 989 1248 ·omnes
1047 1185 1464 1257 salvarentur,
1519 1184 1740 1245 lateret
1787 1183 1942 1264 quid

442 1303 559 1368 pro
588 1292 850 1368 peccato
881 1303 996 1366 per
1021 1283 1337 1365 justitiam
1367 1282 1745 1361 deberetur3
1788 1289 1848 1344 et
1888 1283 1940 1344 si

441 1383 602 1445 nulli
654 1384 1071 1454 salvarentur,
1125 1382 1346 1443 lateret
1393 1380 1548 1462 quid
1606 1380 1684 1441 de
1741 1380 1940 1460 gratia

443 1482 780 1563 largiretur
812 1498 827 1542 ε
861 1480 1162 1562 quoniam
1203 1479 1340 1541 sine
1379 1478 1596 1552 dubio,
1629 1484 1938 1560 quantum

439 1581 516 1642 ad
561 1580 870 1661 originale
914 1577 1274 1662 pertinebat
1318 1585 1674 1658 peccatum,
1717 1594 1938 1638 omnes

438 1679 693 1742 fuerant
732 1695 956 1760 pares3
1003 1677 1112 1740 sed
1160 1674 1594 1738 misericordia
1637 1693 1796 1756 quos
1836 1693 1938 1738 vo-

437 1779 578 1850 luit,
603 1777 886 1840 decre-vit
915 1775 1268 1838 salvandos,
1303 1775 1492 1836 Porro
1520 1774 1690 1855 quod
1723 1774 1936 1856 plures

2135 890 2400 952 Videtur
2433 889 2599 970 quod
2641 889 2843 952 fatum
2881 908 3283 972 nequaquam
3318 906 3552 970 ponen-

2054 989 2209 1050 dum
2258 989 2361 1060 sit,
2414 1007 2614 1069 quum
2675 987 2740 1048 in
2791 987 3053 1050 homilia
3109 987 3278 1050 dicat
3326 986 3551 1065 Grego-

2055 1087 2188 1148 rius
2224 1104 2237 1148 :
2272 1085 2453 1148 Absit
2490 1105 2527 1146 a
2564 1084 2857 1147 fidelium
2894 1085 3217 1148 mentibus
3248 1093 3316 1146 ut
3344 1083 3547 1146 fatum

2052 1183 2295 1265 aliquid
2325 1202 2463 1246 esse
2493 1183 2727 1246 dicant.
2762 1220 2843 1229 —-
2874 1184 3183 1258 Secunde,
3216 1183 3367 1265 quia
3396 1199 3551 1244 non-

2053 1282 2213 1344 nulli
2260 1282 2559 1362 astrologi
2605 1282 2933 1345 asfirmant
2974 1301 2988 1344 :
3035 1283 3183 1344 Fata
3228 1282 3546 1344 volentem

2051 1381 2331 1454 trahunt,
2378 1381 2699 1444 nolentem
2745 1389 2996 1462 cogunt.

2130 1481 2201 1542 lu
2244 1477 2612 1561 oppositu'm
2654 1487 2750 1542 est
2792 1473 3079 1542 doctrina
3120 1477 3340 1541 Boetii.

2129 1680 2222 1742 Ad
2272 1680 2407 1743 haec
2455 1680 2807 1742 Alexander
2852 1682 3189 1763 respondet
3238 1699 3251 1743 :
3299 1681 3543 1764 Duplex

2049 1787 2144 1840 cst
2194 1779 2308 1840 fati
2357 1779 2661 1860 acceptio.
2708 1779 2865 1842 Nam
2914 1780 3120 1861 primo
3167 1780 3400 1843 dicitur
3444 1780 3543 1842 lex

435 1884 585 1938 sunt
625 1875 777 1938 mali
817 1882 882 1938 et
922 1873 1200 1955 reprobi,
1247 1891 1372 1935 non
1417 1881 1512 1934 est
1553 1893 1590 1935 a
1632 1873 1782 1947 De0,
1825 1874 1932 1935 sed
1973 1873 2020 1936 B
2047 1885 2363 1939 astrorum
2426 1896 2565 1959 quae
2626 1877 2815 1940 rebus
2862 1878 3130 1958 singulis
3184 1878 3385 1940 fertur
3441 1897 3547 1940 ne-

432 1995 473 2038 a
519 1976 726 2038 libero
772 1974 1040 2036 arbitrio
1097 1972 1460 2046 deficiente,
1510 1979 1574 2033 et
1633 1972 1933 2053 quoniam

437 2075 700 2156 pronior
745 2081 842 2135 est
891 2073 1082 2135 homo
1127 2072 1206 2133 ad
1257 2070 1410 2132 vitia
1451 2089 1643 2152 quam
1687 2071 1765 2132 ad
1811 2071 1937 2132 vir-

437 2180 625 2246 tuteS,
659 2180 723 2234 et
764 2171 914 2254 quia
953 2190 1066 2253 per
1103 2189 1170 2233 se
1209 2177 1270 2232 et
1310 2188 1387 2231 ex
1427 2187 1493 2230 se
1527 2166 1715 2230 habet
1744 2169 1936 2231 homo

437 2291 736 2335 corruere
775 2280 838 2334 et
880 2287 1187 2353 peccare3
1233 2287 1560 2350 resurgere
1603 2287 1776 2342 vero,
1811 2288 1936 2330 me-

433 2371 582 2442 reri,
629 2369 945 2453 proficere
992 2377 1056 2430 et
1106 2367 1358 2440 salvari,
1402 2385 1530 2430 nou
1576 2366 1766 2429 habet
1809 2367 1932 2429 nisi

427 2489 508 2531 ex
553 2467 756 2550 gratia
794 2466 926 2528 Dei.
960 2501 1041 2511 —-
1080 2466 1226 2528 Haec
1268 2463 1638 2527 Alexander.

514 2567 912 2629 Concordant
949 2565 1190 2637 PetruS‚
1215 2563 1586 2636 RicharduS,
1609 2562 1928 2636 AlbertuS,

429 2665 787 2734 Udalricus‚
837 2662 1122 2745 AEgidius
1174 2669 1239 2724 et
1287 2661 1642 2734 Durandus,
1693 2661 1930 2742 aliique

427 2763 880 2827 communiter.

509 2963 604 3024 Ad
649 2960 934 3043 primum
977 2975 1126 3039 ergo
1167 2956 1530 3040 dicendum,
1564 2957 1732 3039 quod
1771 2955 1931 3039 Apo-

2049 1977 2408 2038 cessitatem
2461 1977 2812 2058 imponere,
2856 1976 2986 2039 imo
3028 1984 3091 2038 ct
3135 1975 3335 2038 libero
3384 1975 3547 2039 arbi-

2049 2073 2189 2137 trio.
2224 2074 2429 2156 Atque
2472 2076 2551 2138 de
2592 2074 2721 2137 fato
2760 2074 2852 2136 sic
2890 2082 3147 2156 sumpto
3184 2082 3355 2136 recte
3384 2074 3546 2136 dixit

2049 2173 2387 2253 Gregorius
2435 2179 2711 2245 sanctus,
2766 2173 2935 2254 quod
2988 2172 3147 2234 nihil
3195 2173 3277 2234 sit
3329 2191 3343 2234 t
3397 2173 3547 2254 quia

2048 2277 2118 2332 ut
2159 2271 2385 2351 patuit,
2419 2270 2696 2332 liberum
2737 2269 3073 2332 arbitrium
3113 2278 3176 2331 et
3214 2277 3392 2332 actus
3431 2271 3546 2332 hu—

2047 2369 2219 2431 mani
2251 2387 2653 2450 nequaquam
2692 2369 3065 2430 necessitate
3104 2368 3279 2430 fatali
3319 2387 3545 2450 regun-

2044 2474 2168 2540 tur,
2212 2467 2321 2528 sed
2362 2465 2560 2527 libere
2601 2466 2931 2547 prodeunt.
2975 2466 3265 2528 Secundo
3308 2465 3545 2527 dicitur

2043 2565 2247 2627 fatum
2277 2564 2611 2646 dispositio
2639 2564 2927 2645 quaedam
2958 2564 3092 2626 sive
3129 2563 3441 2627 connexio
3473 2564 3538 2626 in

2043 2662 2502 2744 temporalibus
2533 2661 2723 2723 rebus
2763 2661 2982 2723 relicta
3020 2681 3097 2722 cx
3141 2662 3539 2742 providentia

2041 2761 2173 2823 Dei.
2229 2761 2459 2841 Sicque
2510 2759 2817 2822 definitur
2869 2778 2906 2820 a
2951 2759 3167 2821 Boetio
3222 2779 3235 2822 ε
3288 2760 3532 2832 Fatum,
3566 2777 3829 2898 ssss’ssssffiil

2041 2858 2361 2939 inquienS‚
2412 2865 2509 2920 est
2556 2875 2775 2919 eorum
2836 2877 2977 2938 quae
3027 2856 3245 2919 divina
3294 2857 3537 2939 simpli-

2039 2956 2196 3019 citas
2226 2957 2501 3038 gerenda
2530 2955 2846 3037 disposuit
2876 2954 3131 3018 mobilis
3160 2975 3361 3018 nexus
3391 2963 3540 3017 tem-

427 3061 634 3125 stolus
666 3057 938 3121 intendit
966 3074 1268 3129 asserere,
1303 3056 1472 3138 quod
1503 3055 1630 3117 Deo
1669 3073 1796 3117 non
1834 3062 1929 3116 est
1966 3054 2009 3118 C
2040 3054 2403 3139 poralisque
2451 3056 2645 3135 ord03
2705 3062 2768 3117 et
2828 3074 3046 3116 rursus
3097 3074 3110 3118 ε
3163 3055 3383 3116 Fatum
3442 3063 3539 3117 est

427 3178 588 3221 cura
623 3159 702 3220 de
751 3156 958 3221 bobus
1000 3163 1062 3218 et
1101 3154 1306 3217 brutis
1344 3172 1421 3216 eo
1460 3154 1646 3216 modo
1685 3172 1812 3235 quo
1850 3154 1928 3215 de

429 3255 850 3319 rationalibus
903 3253 1252 3331 creaturis3
1303 3271 1429 3316 non
1487 3260 1700 3313 autem
1759 3251 1926 3332 quod

425 3353 696 3417 omnino
725 3352 1020 3415 excidant
1047 3370 1085 3413 a
1115 3350 1514 3433 providentia
1553 3349 1684 3411 Dei.
1721 3348 1928 3411 Simili

425 3452 622 3515 modo
675 3449 1048 3532 accipienda
1100 3456 1248 3511 sunt
1295 3449 1490 3511 verba
1536 3448 1922 3529 Hieronymi.

423 3587 512 3597 —-
562 3550 656 3612 Ad
715 3548 1090 3621 secundum,
1143 3548 1313 3628 quod
1372 3546 1534 3609 nihil
1592 3553 1688 3607 est
1735 3546 1926 3607 vilius

427 3666 648 3711 coram
691 3648 822 3710 Deo
866 3664 1058 3728 quam
1105 3653 1458 3727 peccatum,
1501 3653 1565 3706 et
1605 3652 1818 3706 tamen
1863 3644 1927 3705 id

427 3746 778 3827 cognoscit.
840 3745 1010 3807 Viles
1067 3762 1322 3827 quoque
1384 3751 1702 3806 creaturas
1761 3744 1926 3805 Deus

424 3845 758 3925 cognoscit
814 3844 1165 3905 secundum
1226 3842 1484 3904 modum
1535 3841 1928 3904 excellentiae

419 3962 588 4016 suae,
621 3960 746 4006 non
783 3941 1039 4021 viliter3
1073 3941 1264 4024 idque
1305 3940 1578 4022 pertinet
1613 3941 1692 4002 ad
1731 3939 1927 4003 beati-

422 4042 722 4104 tudinem
771 4048 835 4102 et
883 4038 1322 4103 excellentiam
1374 4038 1508 4113 Dei,
1555 4039 1632 4100 de
1681 4039 1927 4101 cunctis

422 4156 814 4221 cognoscere
862 4138 1017 4221 quid
1065 4138 1213 4211 sint,
1255 4145 1319 4199 et
1360 4137 1632 4219 qualiter
1668 4138 1748 4199 ab
1791 4138 1928 4219 ipso

2039 3154 2230 3216 rebus
2277 3153 2623 3217 mobilibus
2674 3154 2987 3217 inhaerens
3035 3154 3369 3236 dispositio
3412 3174 3538 3236 qua

2039 3251 2437 3333 providentia
2467 3252 2600 3313 suis
2637 3271 2906 3334 quaeque
2944 3252 3140 3314 nectit
3178 3252 3531 3315 ordinibus

2038 3351 2115 3413 Et
2164 3350 2251 3411 ita
2297 3358 2393 3412 est
2440 3350 2705 3431 aliquid,
2754 3357 2817 3412 et
2868 3359 2965 3412 est
3012 3351 3167 3432 quid
3226 3358 3531 3424 creatum,

2037 3449 2465 3531 propriusque
2509 3448 2779 3512 effectus
2819 3449 3051 3511 divinae
3097 3448 3529 3530 providentiae.

2035 3548 2397 3630 Aliquando
2440 3555 2653 3609 tamen
2702 3548 3051 3629 improprie
3100 3548 3376 3610 sumitur
3419 3566 3534 3629 pro

2037 3644 2453 3727 dispositione
2514 3663 2625 3706 seu
2682 3644 3007 3706 voluntate
3065 3644 3299 3706 divina.
3358 3645 3533 3707 Unde

2038 3744 2265 3825 quinto
2313 3743 2390 3804 de
2440 3742 2705 3805 Civitate
2758 3742 2866 3804 Dei
2921 3741 3202 3824 loquitur
3243 3743 3535 3823 Augusti-

2037 3861 2157 3903 nus
2213 3859 2227 3902 :
2277 3841 2535 3903 Prorsus
2583 3839 2799 3901 divina
2858 3839 3257 3921 providentia
3305 3839 3535 3903 consti-

2036 3946 2306 4002 tuuntur
2348 3956 2537 4019 regna
2576 3939 2894 4016 humana3
2936 3957 3127 4019 quam
3159 3938 3213 3999 si
3245 3937 3389 4019 quis
3420 3937 3532 4000 sati

2038 4038 2297 4101 nomine
2346 4036 2679 4118 exprimat,
2724 4035 3005 4117 linguam
3057 4036 3349 4117 corrigat,
3396 4055 3535 4099 sen-

2038 4135 2303 4199 tentiam
2347 4142 2575 4196 teneat.
2620 4133 2697 4195 Et
2744 4134 2954 4196 denuo
2994 4154 3008 4197 :
3053 4134 3350 4197 Ordinem
3392 4153 3535 4196 cau-

421 4238 853 4320 depeudeant,
887 4244 950 4298 et
980 4242 1289 4317 quantum
1319 4256 1356 4298 a
1385 4256 1499 4298 sua
1537 4236 1926 4318 perfectione
1957 4240 2006 4302 D
2038 4253 2273 4308 sarum,
2310 4232 2419 4295 ubi
2450 4233 2743 4295 voluntas
2776 4233 2885 4295 Dei
2918 4233 3267 4315 plurimum
3303 4241 3531 4315 potest,

421 4336 738 4401 deficiant
772 4354 786 4397 ε
820 4334 1055 4417 quibus
1097 4334 1397 4397 omnibus
1436 4335 1726 4417 providet
1761 4335 1926 4397 Deus

422 4437 674 4517 absque
723 4433 1164 4515 inquietudine
1213 4442 1275 4495 et
1322 4434 1760 4516 occupatione,
1814 4454 1925 4496 seu

425 4532 873 4597 molestatione
903 4540 968 4593 et
994 4532 1411 4594 minoratione
1441 4552 1570 4595 suae
1600 4531 1928 4614 superdul-

425 4631 710 4695 cissimae
751 4630 1227 4710 tranquillitatis
1265 4637 1329 4691 et.
1367 4630 1540 4711 pacis
1577 4649 1650 4691 ac
1687 4630 1922 4711 gloriae.

425 4767 510 4787 -.-
541 4730 634 4792 Ad
676 4727 938 4790 tertium
977 4735 1151 4810 patet
1191 4746 1266 4790 ex
1306 4727 1494 4789 dictis
1536 4728 1883 4810 responsio.

900 4980 1373 5055 QUAESTIO
1413 4980 1511 5043 III

563 5210 742 5273 Otest
797 5226 1052 5290 quoque
1109 5208 1214 5271 hic
1272 5209 1494 5291 quaeri,
1555 5217 1618 5271 et
1675 5210 1935 5292 quidam

581 5314 882 5391 quaerunt
910 5307 1032 5369 hoc
1069 5306 1227 5381 loco,
1261 5308 1468 5388 Quid
1507 5309 1616 5374 sit
1655 5308 1938 5391 fatum,

2038 4351 2162 4395 non
2204 4350 2530 4413 negamuS,
2564 4350 2773 4412 neque
2816 4330 2931 4393 sati
2970 4331 3280 4395 vocabulo
3320 4332 3535 4414 appel—

2039 4431 2266 4503 lamus,
2318 4429 2442 4490 nisi
2500 4428 2663 4491 forte
2722 4428 2923 4491 fatum
2972 4449 3008 4491 a
3054 4429 3245 4492 fando
3293 4431 3533 4492 dictum

2041 4527 2488 4608 intelligamus.
2509 4527 2798 4588 —Porro
2829 4525 3027 4588 satum
3059 4527 3216 4590 dicit
3246 4536 3536 4590 naturam

2041 4626 2128 4688 rei
2163 4644 2289 4689 non
2320 4626 2526 4687 solum
2566 4625 2876 4698 absolute,
2911 4625 3021 4687 sed
3060 4625 3249 4687 etiam
3292 4627 3538 4690 relatio-

2040 4744 2188 4788 nem
2230 4744 2341 4786 seu
2381 4723 2689 4786 ordinem.
2730 4724 2949 4784 Fatum
2986 4742 3257 4805 namque
3288 4732 3383 4785 cst
3411 4725 3534 4786 dis-

2041 4823 2271 4905 positio
2312 4841 2424 4885 seu
2465 4841 2667 4883 nexus
2711 4820 2972 4902 quidam
3010 4820 3267 4883 relictus
3308 4840 3384 4883 ex
3424 4822 3533 4884 Dei

2041 4919 2459 5004 providentia,
2492 4919 2824 4981 ordinante
2855 4926 2918 4980 et
2948 4925 3361 4981 connectente
3390 4938 3536 4981 cau-

2041 5038 2142 5082 sas
2184 5025 2245 5080 et
2290 5016 2695 5080 habitudines
2739 5035 2974 5079 rerum.
3010 5017 3216 5078 Potest
3257 5034 3405 5097 ergo
3430 5015 3536 5078 ia·

2044 5127 2178 5180 tum
2210 5115 2485 5179 describi
2522 5115 2585 5176 in
2616 5114 2921 5176 relatione
2960 5132 3180 5176 eorum
3212 5114 3539 5176 dumtaxat

2046 5233 2319 5297 quorum
2363 5219 2491 5291 est3
2534 5211 2753 5293 sicque
2796 5210 3101 5273 describit
3142 5210 3415 5284 BoetiuS‚
3449 5212 3540 5273 di-

2051 5329 2201 5373 cens
2234 5326 2252 5371 ⁴.
2288 5309 2510 5370 Fatum
2553 5314 2647 5369 est
2687 5325 2907 5369 eorum
2948 5325 3091 5388 quae
3133 5306 3350 5369 divina
3392 5307 3541 5369 sim-
