4359 6250
877 479 992 545 108

1529 500 1592 546 IN
1632 500 1854 546 Limum
1896 502 1914 546 1
1957 501 2442 546 sENTENTtARtTM.
2488 519 2569 528 —
2609 500 2760 545 Dls'r.
2806 501 2954 563 xlx;
2999 502 3222 556 QUAEST.
3270 502 3313 546 11

871 676 968 729 est
1009 669 1074 730 in
1115 670 1390 731 essentia
1429 670 1594 732 sicut
1633 672 2035 752 suppositum
2081 671 2144 731 in
2189 678 2366 732 natu·
2396 670 2447 732 A
2476 678 2572 731 est
2603 669 2667 731 in
2709 670 2833 732 alia
2873 678 3001 732 tam
3042 670 3282 734 ratione
3324 670 3613 733 essentiae
3654 690 3845 752 quam
3880 690 3977 733 re-

872 784 978 845 ra3
1011 768 1314 849 quaelibet
1362 787 1614 850 quoque
1669 788 1934 849 persona
1984 777 2079 831 est
2129 770 2195 831 in
2246 769 2369 830 alia

872 886 985 947 per
1015 867 1134 928 hoc
1176 869 1342 948 quod
1385 868 1658 929 essentia
1698 868 2044 949 cujuslibet
2084 886 2369 949 personae

870 972 964 1025 est
1010 965 1076 1025 in
1119 964 1262 1025 alia.
1299 965 1470 1027 Nihil
1521 966 1777 1027 demum
1830 966 2065 1028 dicitur
2113 984 2252 1027 esse
2303 966 2367 1026 in

874 1082 940 1124 se
992 1062 1150 1144 ipso,
1196 1064 1318 1125 nisi
1374 1084 1488 1145 per
1533 1064 1850 1137 accidenS,
1893 1065 1947 1126 si
2000 1065 2065 1125 in
2116 1082 2193 1125 eo
2244 1081 2367 1126 non

877 1162 1313 1223 consideratur
1353 1163 1568 1243 aliqua
1610 1162 1975 1224 differentia
2017 1164 2370 1223 secundum

875 1260 1184 1322 rationem
1222 1278 1236 1321 z
1271 1261 1438 1341 quod
1487 1261 1628 1322 ideo
1668 1262 1832 1333 dice,
1865 1261 2164 1342 quoniam
2208 1260 2370 1341 sapi-

874 1358 1046 1419 entia
1103 1366 1194 1419 est
1252 1357 1316 1419 in
1375 1358 1484 1419 Dei
1546 1359 1842 1429 essentia,
1893 1358 2187 1441 quamvis
2246 1358 2372 1420 siut

877 1457 1047 1517 idem
1080 1476 1165 1517 re.
1205 1457 1347 1518 {deo
1379 1456 1744 1519 differentia
1773 1476 1883 1517 seu
1921 1456 2248 1519 distinctio
2278 1476 2372 1517 re-

874 1555 1151 1637 quiritur
1179 1555 1392 1636 aliqua
1420 1556 1499 1616 ad
1531 1556 1648 1617 hoc
1680 1557 1848 1637 quod
1884 1575 2082 1617 unum
2113 1554 2373 1617 exsistat

875 1654 941 1714 in
974 1653 1097 1715 alio
1132 1671 1144 1714 :
1185 1653 1324 1714 ideo
1357 1672 1548 1714 unam
1591 1670 1925 1734 personam
1957 1672 2095 1714 esse
2127 1654 2193 1714 in
2222 1654 2367 1727 alia,

874 1760 970 1814 est
1015 1770 1128 1834 pei·
1167 1752 1458 1813 essentiae
1505 1752 1810 1813 unitatem
1851 1760 1914 1813 et
1957 1769 2369 1833 personarum

879 1850 1373 1914 distinctionem.
1421 1851 1564 1912 Haec
1608 1851 1974 1913 Richardus.

957 1948 1243 2030 Denique
1289 1949 1458 2010 circa
1502 1949 1635 2011 haec
1681 1948 1905 2010 scribit
1952 1949 2174 2012 Scotus
2221 1950 2370 2011 satis

878 2047 1200 2109 subtiliter
1229 2055 1293 2107 et
1323 2046 1577 2108 diffuse.
1616 2047 1690 2108 Et
1721 2047 1929 2128 primo
1965 2048 2187 2108 recitat
2218 2066 2370 2129 quo-

877 2147 1167 2207 rumdam
1216 2145 1620 2227 positionem,
1655 2146 2004 2208 dicentium
2047 2147 2218 2227 quod
2260 2146 2371 2208 ali-

873 2245 1029 2326 quid
1070 2262 1208 2305 esse
1255 2244 1319 2305 in
1363 2244 1509 2318 alio,
1543 2243 1811 2325 intelligi
1857 2250 2062 2325 potest
2103 2244 2372 2326 duplici-

873 2352 971 2405 ter
1021 2361 1035 2404 :
1091 2360 1218 2404 uno
1271 2343 1456 2404 modo
1513 2342 1627 2417 sic,
1679 2343 1848 2424 quod
1899 2343 1980 2404 sit
2030 2342 2093 2403 in
2147 2343 2257 2405 illa
2304 2362 2371 2405 re

875 2442 1103 2523 prime,
1140 2441 1258 2503 hoc
1298 2449 1393 2504 est
1434 2443 1786 2504 secundum
1831 2459 1899 2503 εθ
1941 2450 2170 2515 totum,
2206 2442 2372 2503 sicut

872 2541 1097 2603 vinum
1139 2548 1235 2602 est
1275 2541 1338 2603 in
1381 2541 1721 2622 amphora3
1753 2540 1880 2603 alio
1920 2541 2106 2602 modo
2147 2560 2372 2603 secun-

787 2710 798 2717 ,
873 2640 1024 2701 dum
1089 2647 1330 2720 partem
1385 2656 1399 2701 z
1454 2647 1515 2700 et
1570 2638 1688 2700 hoc
1747 2638 2107 2720 dupliciter.
2161 2638 2372 2701 Primo

872 2740 986 2811 sic,
1040 2739 1206 2819 quod
1269 2757 1412 2820 pars
1471 2738 1744 2818 alicujus
1802 2738 1892 2799 rei
1955 2738 2036 2799 sit
2096 2738 2159 2798 in
2222 2738 2367 2810 alio,

872 2845 936 2899 et
979 2837 1140 2898 nihil
1187 2837 1268 2898 sit
1312 2838 1453 2918 ejus
1498 2837 1565 2898 in
1614 2854 1740 2917 quo
1785 2844 1927 2897 est:
1963 2838 2371 2917 quemadmo-

872 2936 1026 2996 dum
1069 2954 1180 3017 pes
1223 2935 1358 2996 avis
1397 2942 1494 2995 est
1535 2934 1598 2995 in
1643 2934 1884 3014 laqueo.
1925 2934 2215 2997 Secundo
2254 2935 2366 3004 sic,

2480 768 2731 831 lationis
2762 776 2951 849 atquc
2984 769 3269 849 originiS,
3303 770 3469 830 sicut
3499 776 3823 832 ostensum
3854 778 3973 831 est.

2546 964 2637 1026 Ad
2672 965 2954 1044 primum
2987 981 3136 1043 ergo
3168 964 3717 1045 dicendum‚quod
3746 983 3825 1025 ex
3857 965 3980 1027 hoc

2480 1064 2647 1145 quod
2699 1063 2865 1124 Deus
2915 1070 3009 1123 est
3062 1062 3541 1143 simplicissima
3588 1063 3817 1135 unitaS,
3858 1063 3981 1125 rite

2481 1161 2889 1223 concluditur
2931 1161 3099 1242 quod
3144 1161 3209 1222 in
3258 1161 3400 1242 ipso
3442 1179 3569 1224 non
3612 1162 3696 1223 sit
3738 1162 3983 1242 magni-

2483 1259 2637 1321 tudo
2669 1258 2876 1332 moliS,
2911 1259 3021 1320 sed
3054 1259 3327 1321 virtutis.
3363 1295 3444 1304 —
3473 1260 3568 1321 Ad
3601 1260 3980 1334 secundum,

2481 1358 2651 1439 quod
2684 1356 3104 1437 Philosophus
3136 1375 3259 1420 non
3305 1357 3617 1439 expressit
3649 1357 3983 1419 universos

2484 1456 2702 1517 modos
2734 1458 2989 1515 essendi·
3017 1458 3107 1515 in.
3144 1456 3270 1517 Nec
3301 1456 3474 1518 enim
3509 1457 3799 1537 cognovit
3840 1476 3983 1519 esse

2484 1571 2787 1636 personas
2832 1555 2899 1615 in
2950 1554 3169 1615 eadem
3224 1572 3492 1617 numero
3542 1564 3765 1617 natura
3812 1574 3985 1617 com-

2488 1652 2923 1730 municantes;
2970 1659 3031 1713 et
3084 1659 3154 1713 ut.
3203 1652 3289 1714 ait
3335 1651 3653 1726 AlbertuS,
3696 1670 3822 1715 non
3872 1672 3985 1734 po·

2484 1750 2578 1812 nit
2624 1751 2749 1811 nisi
2796 1750 3014 1812 modos
3060 1753 3315 1811 essendi
3358 1752 3429 1810 in
3467 1752 3578 1832 qui
3624 1752 3988 1813 similitudi-

2408 1852 2455 1914 B
2486 1868 2630 1911 nem
2660 1848 2895 1910 habent
2926 1868 3075 1910 cum
3105 1850 3287 1911 modo
3318 1867 3445 1931 quo
3475 1850 3717 1931 aliquid
3749 1851 3987 1912 dicitur

2483 1966 2621 2009 esse
2670 1948 2733 2008 in
2780 1947 2904 2009 alio
2949 1947 3115 2009 sicut
3160 1948 3225 2008 in
3265 1947 3425 2021 loco,
3461 1949 3539 2010 de
3582 1967 3710 2030 quo
3750 1948 3987 2030 princi-

2484 2046 2713 2126 paliter
2744 2045 2833 2106 ibi
2869 2045 3159 2106 intendit.
3197 2046 3416 2109 Creata
3447 2064 3701 2129 quoque
3730 2065 3857 2110 non
3890 2067 3985 2109 re-

2484 2152 2865 2227 praesentant
2907 2144 3307 2208 sufficienter
3341 2147 3577 2208 divina.
3611 2147 3825 2209 Nihilo
3865 2147 3983 2209 mi-

2481 2263 2601 2307 nus
2653 2251 2860 2325 potest
2910 2246 3135 2307 modus
3188 2246 3307 2307 ist-e
3356 2264 3485 2327 quo
3532 2264 3659 2307 una
3712 2264 3985 2328 persona

2480 2342 2697 2404 divina
2736 2351 2831 2403 est
2874 2342 2935 2403 in
2979 2342 3122 2417 alia,
3156 2343 3235 2405 ad
3275 2343 3553 2425 aliquem
3598 2344 3851 2407 illorum
3885 2364 3985 2405 re-

2479 2440 2626 2503 duci
2674 2441 3028 2514 medorum,
3069 2448 3219 2523 puta
3257 2443 3336 2504 ad
3377 2442 3562 2503 illum
3593 2461 3722 2524 quo
3762 2462 3981 2505 causa-

2480 2547 2615 2600 tum
2650 2546 2745 2601 est
2778 2540 2843 2601 in
2875 2559 3064 2602 causa
3094 2559 3209 2601 sua
3236 2548 3300 2603 ct
3328 2540 3683 2604 econtrario
3716 2559 3730 2602 τ
3764 2561 3987 2623 quam-

2480 2638 2577 2700 vis
2619 2638 2791 2699 enim
2834 2638 2899 2700 in
2941 2639 3175 2700 divinis
3219 2656 3346 2700 non
3376 2638 3459 2701 sit
3500 2640 3755 2720 proprie
3790 2658 3985 2703 causa

2478 2743 2541 2799 et
2582 2745 2932 2811 causatum,
2966 2744 3061 2799 est
3101 2744 3315 2799 tamen
3358 2737 3447 2799 ihi
3490 2736 3881 2819 principium
3914 2747 3981 2801 et

2482 2835 2543 2897 id
2588 2836 2758 2917 quod
2800 2835 2882 2897 ab
2927 2836 3056 2897 illo.

2560 2934 2653 2995 Ad
2706 2934 2962 2996 tertium
3016 2935 3353 3015 respondet
3402 2934 3773 3008 RicharduS,
3806 2937 3982 3016 quod

874 3034 1043 3115 quod
1086 3052 1228 3114 pars
1260 3032 1342 3093 sit.
1380 3031 1622 3113 aliquid
1663 3031 1803 3111 ejus
1845 3032 1909 3093 in
1950 3049 2077 3113 quo
2117 3041 2231 3094 est.
2269 3034 2369 3095 Di-
2406 3036 2449 3099 C
2480 3031 2687 3093 omnis
2730 3051 2829 3093 res
2861 3050 3003 3113 quae
3042 3040 3137 3093 est
3169 3032 3234 3093 in
3275 3032 3452 3093 Patre
3493 3039 3588 3094 est
3629 3032 3696 3094 in
3727 3032 3887 3095 Filio
3914 3042 3981 3094 et

875 3139 1027 3193 cunt
1085 3149 1236 3211 ergo
1288 3131 1455 3212 quod
1506 3131 1686 3192 Pater
1742 3148 1868 3192 non
1930 3138 2026 3191 est
2086 3131 2150 3193 in
2211 3132 2369 3194 Filio

874 3231 1082 3311 primo
1125 3230 1331 3300 mod0‚
1367 3229 1662 3290 videlicet
1699 3229 1938 3290 ratione
1974 3231 2368 3310 paternitatis

871 3337 1062 3410 atque
1119 3328 1429 3401 essentiae,
1481 3329 1590 3390 sed
1651 3328 1929 3389 secundo
1991 3329 2196 3402 modo,
2249 3329 2368 3392 hoc

873 3436 970 3490 est
1009 3427 1250 3489 ratione
1296 3428 1511 3508 partis.
1547 3427 1690 3489 Haec
1734 3428 1974 3489 Scottis.

955 3526 1030 3587 Et
1061 3526 1279 3607 opinio
1311 3525 1430 3586 ista
1461 3544 1650 3606 quam
1692 3533 1924 3598 narrat,
1957 3533 2052 3586 est
2090 3524 2199 3588 illa
2228 3545 2369 3608 quae

870 3626 1002 3706 jam
1053 3645 1130 3687 ex
1181 3625 1475 3686 Durando
1528 3624 1785 3685 inducta
1833 3633 1963 3692 est:
2006 3633 2064 3686 et
2118 3625 2371 3686 videtur

875 3726 1097 3786 Scotus
1149 3723 1472 3785 insinuare
1518 3743 1594 3784 ex
1642 3723 1830 3784 modo
1875 3740 1990 3784 suo
2044 3722 2365 3804 loquendi,

874 3824 1043 3904 quod
1080 3821 1272 3883 etiam
1314 3821 1396 3882 sit
1424 3821 1700 3896 Henrici‚
1735 3840 1808 3882 ac
1853 3821 2169 3902 improbat
2203 3840 2367 3895 eam,

873 3921 1173 4002 additque
1223 3939 1237 3982 ε
1285 3921 1437 3982 Dico
1489 3939 1680 3981 unam
1736 3939 2068 4001 personam
2119 3940 2258 3981 esse
2307 3921 2369 3981 in

871 4020 996 4082 alia
1043 4019 1251 4100 primo
1297 4019 1504 4090 mode,
1539 4019 1833 4080 videlicet
1881 4019 2236 4079 secundum
2280 4037 2373 4078 es-

873 4118 1142 4180 sentiam
1187 4124 1376 4197 atque
1420 4117 1812 4190 relationem,
1847 4124 1909 4178 et
1961 4117 2127 4177 sicut
2169 4117 2374 4178 subsi-

2479 3139 2736 3194 econtra
2776 3149 2790 3192 :
2835 3131 2936 3193 vel
2987 3151 3100 3213 per
3149 3150 3237 3206 se,
3281 3131 3447 3196 sicut
3494 3132 3712 3194 divina
3754 3139 3985 3195 natura

2479 3237 2574 3291 est
2605 3229 2671 3291 in
2715 3229 3039 3310 personis3
3073 3230 3173 3291 vel
3205 3230 3280 3291 ad
3326 3229 3814 3292 similitudinem
3848 3249 3985 3292 mo-

2480 3329 2543 3391 di
2599 3329 2770 3390 illius
2815 3346 2944 3410 quo
2991 3329 3055 3390 in
3099 3328 3403 3390 creaturis
3450 3329 3693 3409 aliquid
3742 3329 3984 3391 dicitur

2482 3429 2547 3490 in
2594 3428 2719 3490 alio
2760 3447 2900 3489 esse
2944 3447 3057 3508 per
3097 3428 3415 3501 accidens,
3460 3435 3675 3508 utpote
3718 3428 3871 3509 quia
3916 3428 3984 3490 id

2482 3527 2547 3587 in
2588 3543 2716 3609 quo
2755 3526 2966 3607 ipsum
3009 3533 3104 3588 est
3149 3525 3426 3608 proprie,
3468 3533 3563 3588 est
3612 3526 3676 3588 in
3721 3526 3847 3588 illo.
3904 3527 3987 3588 Et

2480 3624 2774 3706 quamvis
2816 3623 2881 3684 in
2927 3623 3164 3685 divinis
3210 3641 3337 3685 non
3379 3623 3461 3685 sit
3492 3642 3616 3699 per
3654 3625 3985 3692 accidens,

2479 3730 2575 3784 est
2616 3731 2827 3784 tamen
2872 3715 2959 3784 ibi
3003 3721 3246 3804 aliquid
3286 3722 3469 3804 quasi
3510 3741 3622 3803 per
3660 3723 3984 3792 accidens,

2482 3822 2721 3884 ratione
2783 3821 3116 3901 cujusdam
3178 3819 3619 3882 similitudinis
3678 3820 3756 3882 ad
3814 3822 3985 3882 acci-

2482 3920 2657 3982 dens.
2714 3919 2945 3999 Sicque
2997 3919 3368 3980 conceditur
3416 3918 3583 3998 quod
3638 3919 3989 4000 paternitas

2482 4026 2577 4081 est
2609 4019 2672 4080 in
2706 4018 2888 4090 Filio,
2913 4017 3214 4100 quoniam
3246 4018 3445 4088 Pater,
3466 4017 3531 4078 in
3563 4034 3691 4098 quo
3722 4019 3987 4098 proprie

2481 4123 2577 4177 est
2626 4115 2993 4196 paternitaS,
3026 4122 3122 4175 est
3166 4114 3231 4175 in
3279 4113 3473 4192 Fili03
3505 4121 3570 4176 et
3613 4115 3765 4177 item
3808 4117 3987 4196 quod

873 4216 1063 4278 stenti
1098 4215 1394 4276 convenit
1434 4233 1572 4276 esse
1605 4215 1669 4275 in
1711 4214 2118 4288 subsistente,
2151 4233 2374 4277 secun·
2406 4215 2452 4275 D
2484 4214 2679 4275 Filius
2711 4220 2804 4274 est
2835 4214 2902 4274 in
2934 4230 2999 4273 se
3033 4212 3192 4293 ipso,
3218 4212 3520 4293 quoniam
3552 4220 3648 4274 est
3678 4213 3745 4274 in
3775 4213 3984 4283 Patre,

875 4316 1028 4376 dum
1063 4312 1370 4374 Hilarium
1413 4313 1686 4393 septimo
1726 4313 1802 4374 de
1835 4313 2156 4374 Trinitate.
2199 4315 2371 4376 Undc

875 4421 938 4474 et
969 4411 1340 4474 Ambrosius
1373 4411 1460 4472 ait
1492 4412 1556 4472 in
1590 4411 1826 4493 hymno
1854 4429 1867 4472 :
1893 4412 1962 4472 In
1993 4413 2171 4473 Patre
2204 4419 2372 4474 totus

876 4511 1094 4582 Filius,
1129 4512 1192 4571 et
1237 4517 1402 4570 totus
1451 4509 1514 4570 in
1560 4508 1765 4572 Verbo
1809 4509 2005 4570 Pater.
2043 4509 2118 4570 Et
2163 4510 2371 4571 simile

876 4609 1068 4689 hujus
1100 4615 1196 4669 est
1228 4607 1293 4668 in
1335 4607 1661 4678 creaturiS‚
1699 4607 1760 4668 in
1806 4606 2038 4687 quibus
2080 4607 2156 4668 ad
2192 4608 2373 4670 ratio-

877 4726 1022 4768 nem
1075 4705 1516 4768 similitudinis
1568 4723 1694 4766 non
1745 4704 1990 4766 sufficit
2039 4705 2372 4767 diversitas

876 4807 1241 4875 relatorum,
1263 4822 1380 4864 nec
1412 4804 1543 4865 sola
1575 4803 1783 4864 unitas
1816 4802 2236 4868 fundamenti.
2263 4803 2371 4864 sed

877 4904 1067 4967 simul
1115 4912 1478 4983 utrumque.
1513 4903 1654 4964 Haec
1698 4908 1912 4963 autem
1958 4901 2192 4982 positio
2230 4919 2375 4963 con-

877 5011 1052 5067 sonat
1098 5000 1530 5083 praeinductiS.

953 5101 1235 5181 AEgidius
1266 5116 1519 5180 quoque
1554 5105 1692 5179 post
1728 5097 2206 5179 inquisitionem
2241 5116 2381 5178 pro-

881 5199 1096 5272 lixam,
1131 5197 1446 5260 consentit
1491 5197 1754 5259 omnino
1796 5196 2095 5277 positioni
2136 5197 2376 5278 praeha-

884 5296 1032 5360 hitae
1063 5297 1122 5358 S.
1159 5296 1435 5368 Thomas,
1471 5294 1639 5376 quod
1671 5294 1916 5356 scilicet
1953 5313 2079 5357 una
2106 5313 2379 5377 persona

2482 4311 2592 4394 qui
2638 4320 2732 4373 est
2780 4311 2845 4373 in
2886 4311 3080 4389 Fili03
3114 4310 3411 4372 similiter
3450 4312 3620 4392 quod
3666 4311 3843 4373 Pater
3884 4321 3989 4374 est

2484 4409 2547 4471 in
2593 4410 2791 4482 Patre,
2826 4408 3127 4489 quoniam
3167 4415 3258 4469 est
3303 4408 3369 4470 in
3411 4409 3591 4484 Filio,
3627 4409 3735 4490 qui
3775 4416 3871 4470 est
3916 4410 3987 4471 in

2480 4508 2677 4569 Patre.
2730 4508 2801 4568 In
2850 4505 3155 4568 creaturis
3204 4513 3418 4568 autem
3475 4507 3718 4587 aliquid
3766 4514 3861 4568 est
3914 4508 3991 4570 in

2482 4626 2549 4668 se
2583 4606 2722 4688 ipso
2764 4624 2877 4688 per
2906 4605 3220 4666 accidens
3256 4605 3429 4666 Unde
3461 4605 3811 4668 secundum
3841 4605 3993 4668 Phi-

2485 4704 2819 4786 losophum
2852 4711 3077 4784 quarto
3108 4703 3542 4785 physicorum,
3563 4703 3863 4785 quoniam
3900 4711 4000 4767 to-

2482 4811 2620 4865 tum
2651 4810 2747 4864 est
2777 4803 2843 4864 in
2877 4800 3163 4884 partibus
3195 4801 3349 4874 suis,
3384 4809 3445 4863 et
3477 4809 3687 4883 partes
3729 4802 3795 4863 in
3824 4809 3993 4877 toto,

2484 4901 2723 4964 idcirco
2779 4920 2895 4983 per
2951 4900 3247 4962 accidens
3304 4917 3444 4962 esse
3504 4900 3739 4962 dicitur
3788 4900 3851 4962 in
3916 4921 3997 4963 se

2485 5001 2643 5082 ips0.
2679 5001 2823 5063 Haec
2864 4998 3232 5062 RicharduS.
3267 5033 3347 5042 —
3380 4998 3455 5059 Et
3485 4997 3537 5058 si
3572 5005 3725 5060 tunc
3764 5015 4002 5078 argua-

2484 5107 2587 5160 tur
2634 5106 2701 5159 ut
2731 5097 2940 5178 arguit
2981 5098 3207 5159 Scotus
3244 5113 3257 5159 :
3293 5096 3349 5158 Is
3390 5095 3455 5157 in
3488 5113 3615 5176 quo
3654 5103 3750 5158 est
3786 5103 4005 5177 pater-

2486 5197 2673 5272 nitas,
2708 5202 2803 5257 est
2845 5195 3062 5273 Pater3
3098 5195 3207 5256 sed
3253 5195 3317 5256 in
3365 5193 3525 5256 Filio
3570 5201 3667 5255 est
3712 5195 4004 5275 paterni-

2488 5303 2583 5356 tas
2620 5312 2633 5354 :
2670 5311 2821 5374 ergo
2852 5293 3053 5355 Filius
3084 5299 3179 5354 est
3208 5293 3405 5357 Pater.
3442 5293 3596 5354 item
3628 5310 3641 5352 ε
3675 5291 3732 5353 Ιε
3762 5291 3825 5352 in
3857 5310 4003 5373 quo
