4359 6250
875 500 961 546 AN
1002 501 1445 547 PROPRIETATES
1486 500 1801 546 RELATWAE
1844 499 1979 544 stN‘r
2019 499 2318 544 REALH'ER
2359 499 2508 544 11³8AE
2546 500 2854 556 PERSONAE,
2897 499 3023 545 ETC.

3377 479 3498 542 339

406 672 691 750 tinuare;
725 671 887 734 alius
927 671 1067 746 fini,
1102 672 1399 733 videlicet
1436 669 1741 750 angulum
1780 677 1897 730 ter—
1928 669 1979 730 Α
2010 668 2266 730 realiter
2315 669 2481 731 idem
2532 672 2696 751 quod
2749 673 2925 733 Pater
2970 681 3034 733 et
3081 673 3296 734 Filius.
3346 671 3500 733 Con-

404 771 667 832 minare.
704 769 805 832 Sic
840 770 907 832 in
937 771 1066 833 Deo
1094 778 1189 832 est
1220 789 1346 831 una
1385 769 1656 849 simplex
1686 787 1897 828 essen-

402 868 510 940 tia,
555 867 658 929 cui
710 885 837 929 non
888 874 1198 950 repugnat
1244 867 1409 928 trina
1451 866 1898 949 multiplicatio

404 983 863 1047 personarum3
901 984 1174 1046 quarum
1212 965 1513 1046 quaelibet
1550 971 1645 1026 est
1681 964 1897 1027 divina

402 1064 699 1136 essentia,
734 1071 798 1124 et
841 1071 1052 1126 tamen
1101 1070 1251 1124 sunt
1298 1062 1611 1124 distinetae
1655 1061 1899 1125 relatio-

402 1181 515 1223 nes
553 1181 797 1234 earum,
833 1179 950 1223 nec
992 1161 1128 1224 haec
1165 1160 1544 1222 relationum
1589 1160 1897 1242 multipli-

402 1261 555 1322 citas
604 1259 757 1322 facit
801 1259 1329 1340 compositionem
1380 1259 1447 1320 in
1488 1259 1633 1320 Deo.
1679 1258 1900 1340 Cujus-

401 1358 556 1420 libet·
588 1358 743 1418 item
776 1376 1061 1439 personae
1090 1364 1189 1420 est
1217 1357 1513 1440 proprius
1542 1363 1741 1430 actuS,
1772 1375 1899 1438 quo

400 1456 479 1519 ab
524 1455 672 1518 aliis
727 1456 1161 1537 distinguitur.
1212 1456 1401 1519 Aliud
1450 1456 1641 1536 hujus
1690 1474 1898 1517 exem-

402 1554 581 1636 plum
624 1555 691 1617 in
730 1554 1126 1617 naturalibus
1172 1557 1353 1637 ponit
1388 1555 1747 1630 Anselmus,
1782 1554 1900 1616 sci—

400 1653 547 1714 licet
578 1653 646 1714 in
679 1670 843 1734 aqua
873 1651 1241 1726 fontiS,rivo
1270 1673 1343 1714 ac
1376 1654 1899 1735 lacu—Insuper

400 1753 661 1833 quidam
708 1751 815 1813 hic
857 1751 1101 1825 dicunt,
1142 1751 1311 1832 quod
1356 1751 1517 1813 ratio
1556 1751 1897 1832 tripliciter

2012 767 2167 830 cedo
2210 775 2421 829 tamen
2469 769 2635 849 quod
2685 771 3036 852 proprietas
3081 771 3146 831 in
3190 777 3499 852 quantum

2009 873 2105 926 est
2154 884 2444 947 persona,
2493 884 2620 928 non
2669 876 2765 929 est
2815 868 3037 931 relatio
3079 887 3093 931 t
3136 875 3350 930 tamen
3398 885 3500 930 res

2009 964 2230 1025 eadem
2271 983 2412 1044 quae
2459 971 2555 1026 est
2593 965 2834 1040 relati0‚
2876 972 2973 1028 est
3019 983 3308 1046 persona,
3351 973 3504 1027 atta-

2011 1079 2159 1122 men
2218 1060 2338 1122 sub
2385 1061 2510 1123 alia
2558 1062 2820 1136 ratione,
2871 1063 3022 1144 quia
3079 1081 3350 1145 persona
3405 1070 3503 1124 est

2009 1158 2129 1220 sub
2177 1159 2419 1221 ratione
2462 1179 2588 1242 qua
2637 1159 2702 1221 in
2752 1179 2818 1222 se
2863 1161 3236 1235 subsistenS,
3280 1161 3502 1224 relatio

2007 1274 2158 1318 vero
2203 1258 2554 1319 secundum
2601 1258 2769 1341 quod
2821 1259 2958 1341 ipsa
3000 1277 3270 1340 persona
3310 1258 3501 1321 refer-

2007 1361 2112 1415 tur
2158 1355 2236 1416 ad
2283 1354 2494 1417 aliam.
2539 1357 3064 1421 Inconvenienter
3108 1358 3300 1438 igitur
3340 1358 3501 1420 dixit

2008 1452 2404 1527 PorretanuS,
2439 1455 2855 1536 proprietates
2894 1473 3022 1518 non
3069 1474 3208 1518 esse
3252 1455 3317 1518 in
3363 1475 3501 1538 per-

2008 1549 2204 1624 soniS,
2266 1551 2375 1613 sed
2439 1561 2616 1615 extra
2672 1552 2924 1629 assim,
2985 1554 3288 1637 quoniam
3350 1573 3500 1617 vere

2006 1656 2157 1710 sunt
2215 1649 2278 1710 in
2341 1651 2651 1731 personia,
2712 1660 2776 1714 et
2834 1653 3087 1714 realiter
3141 1659 3290 1715 sunt
3347 1653 3500 1735 ipsae

2006 1765 2314 1828 personae,
2347 1757 2412 1810 et
2440 1768 2555 1830 per
2591 1751 3128 1833 comparationem
3171 1751 3249 1813 ad
3289 1751 3502 1814 termi-

398 1851 677 1912 sumitur
711 1868 725 1910 ε
760 1849 990 1933 primo,
1025 1866 1140 1930 pro
1170 1850 1518 1912 intentione
1550 1850 1682 1912 sola
1710 1851 1893 1914 ratio·
1930 1853 1977 1915 B
2007 1865 2163 1908 num
2223 1865 2388 1910 verae
2451 1856 2708 1910 manent
2770 1850 3124 1912 relationes.
3185 1849 3330 1933 Haec
3392 1851 3498 1913 Ri-

396 1948 713 2026 cinantis3
760 1947 1061 2018 secundo,
1104 1964 1220 2029 pro
1267 1948 1617 2010 intentione
1662 1950 1891 2030 partim

398 2045 664 2108 fundata
713 2045 779 2107 in
822 2045 1175 2118 intellectu,
1218 2045 1449 2127 partim
1494 2046 1558 2107 in
1602 2064 1690 2120 re,
1732 2047 1898 2109 sicut

398 2145 669 2208 intentio
732 2143 1109 2206 universalis
1148 2162 1164 2222 3
1218 2145 1425 2218 tertio,
1480 2163 1597 2225 pro
1655 2145 1895 2208 ratione

398 2243 663 2306 fundata
701 2242 979 2305 totaliter
1010 2242 1077 2304 in
1106 2261 1197 2314 re,
1226 2242 1343 2304 hoc-
1375 2248 1471 2304 est
1502 2259 1616 2324 pro
1648 2260 1897 2324 compa-

398 2343 640 2404 ratione
670 2342 763 2404 rei
792 2341 871 2403 ad
904 2359 1056 2402 rem.
1078 2341 1281 2422 Atque
1313 2341 1433 2403 hoc
1464 2340 1686 2403 ultimo
1714 2343 1897 2405 modo

396 2440 709 2503 differunt
750 2439 815 2501 in
855 2439 1093 2501 divinis
1133 2439 1487 2521 proprietas
1523 2447 1586 2500 et
1621 2441 1896 2502 essentia

396 2539 641 2601 ratione
676 2555 690 2599 :
726 2556 869 2620 quae
900 2537 1058 2599 ratio
1088 2544 1184 2600 est
1215 2537 1281 2598 in
1312 2555 1402 2610 re,
1438 2537 1499 2598 id
1532 2545 1628 2599 est
1660 2537 1723 2599 in
1757 2557 1895 2619 per—

394 2654 571 2709 sona,
596 2655 737 2697 eam
768 2635 1270 2708 determinandO,
1296 2653 1423 2696 non
1459 2642 1669 2696 autem
1702 2644 1797 2698 est
1828 2637 1892 2698 in

394 2734 673 2796 essentia
706 2733 1189 2795 determinando
1228 2733 1537 2794 eamdem.
1564 2733 1717 2795 Dico
1746 2753 1896 2815 ergo

394 2833 569 2914 quod
620 2832 778 2894 ratio
830 2832 923 2893 sic
973 2839 1247 2911 sumpta,
1280 2838 1378 2892 est
1426 2831 1492 2892 in
1543 2849 1609 2892 re
1655 2848 1669 2891 ε
1713 2831 1895 2894 aliter

396 2949 525 2994 non
556 2931 743 2992 video
782 2928 1101 3010 quomodo
1142 2928 1559 3010 proprietates
1594 2928 1895 2991 differant

2007 1945 2299 2008 chardus.

2084 2044 2392 2108 Praeterea
2428 2044 2867 2107 Bonaventura
2904 2046 3010 2108 hic
3045 2046 3239 2109 refert
3277 2065 3498 2128 quem-

2004 2141 2349 2203 admodum
2409 2142 2485 2204 de
2545 2142 2664 2204 ista
2728 2144 2991 2206 materia
3050 2151 3178 2206 tres
3240 2143 3500 2206 fuerunt

2005 2239 2338 2321 opiniones
2393 2258 2407 2301 :
2465 2259 2591 2302 una
2649 2241 2937 2316 Gilberti,
2999 2241 3269 2304 dicentis
3327 2243 3499 2323 quod

2006 2339 2424 2419 proprietates
2468 2357 2580 2401 seu
2623 2339 2960 2402 relationes
3002 2357 3130 2402 non
3170 2347 3321 2402 sunt
3359 2359 3498 2422 per-

2006 2453 2175 2497 sonae
2203 2453 2322 2496 nec
2354 2435 2418 2496 in
2450 2435 2761 2516 personia,
2785 2435 2896 2497 sed
2925 2436 3170 2513 affixae3
3191 2436 3316 2498 alia
3346 2437 3500 2499 Prae-

2005 2533 2285 2615 positivi,
2323 2525 2594 2595 dicentis
2634 2550 2998 2608 econverso,
3043 2534 3212 2616 quod
3257 2535 3498 2616 propri-

2004 2638 2200 2692 etates
2241 2631 2368 2692 sint
2407 2631 2472 2692 in
2511 2631 2822 2713 personiS,
2864 2651 2981 2693 nec
3023 2631 3496 2712 distinguantur

2002 2728 2083 2790 ab
2115 2729 2208 2790 eis
2239 2728 2364 2790 nisi
2396 2728 2462 2790 in
2499 2728 2686 2792 modo
2712 2728 3036 2810 loquendi.
3073 2729 3220 2802 Quae
3249 2730 3495 2811 opinio-

2002 2925 2254 3005 positi0,
2305 2943 2498 3005 quam
2557 2924 2982 2987 communiter
3027 2932 3246 2987 tenent
3303 2927 3496 3007 magi-

397 3048 485 3091 re.
540 3028 615 3090 Et
663 3027 957 3109 quamvis
1014 3026 1232 3088 divina
1278 3026 1555 3088 essentia
1607 3027 1689 3088 sit
1735 3027 1895 3090 ratio
1928 3030 1969 3092 C
2003 3021 2139 3094 stri,
2172 3021 2494 3093 Videlicet,
2528 3022 2697 3103 quod
2729 3021 3147 3105 proprietates
3177 3031 3326 3085 sunt
3354 3043 3496 3105 per-

400 3128 529 3199 illa,
563 3134 779 3188 tamen
808 3143 935 3187 non
966 3130 1061 3186 est
1094 3142 1209 3205 per
1248 3124 1448 3197 illam,
1485 3124 1547 3186 id
1578 3132 1673 3187 est
1708 3125 1895 3188 modo

396 3225 609 3301 illius3
650 3241 771 3285 nec
800 3222 961 3283 ratio
1000 3220 1109 3283 illa
1146 3221 1446 3284 convenit
1488 3222 1545 3282 ei
1588 3222 1775 3284 modo
1804 3241 1897 3283 es-

394 3323 638 3394 sentiae,
685 3320 986 3403 quoniam
1038 3319 1264 3381 modus
1312 3320 1603 3381 essentiae
1649 3327 1745 3381 est
1787 3320 1894 3381 ab-

392 3421 663 3491 solutus,
718 3417 945 3479 modus
993 3417 1253 3479 rationis
1304 3416 1477 3480 illius
1527 3418 1827 3479 relativus
1876 3435 1890 3479 z

394 3534 669 3599 persona
711 3533 864 3578 vero
910 3522 1007 3577 est
1055 3516 1217 3577 ratio
1267 3514 1378 3577 illa
1424 3521 1487 3576 et
1530 3534 1643 3596 per
1692 3514 1889 3578 illam.

394 3616 843 3677 Verumtamen
874 3613 1131 3694 quidam
1160 3612 1586 3694 dicunt,quod
1616 3614 1895 3675 secundo

396 3713 585 3775 modo
646 3710 956 3775 rationem
1012 3710 1408 3792 accipiend0‚
1470 3711 1743 3773 essentia
1799 3719 1895 3773 est

396 3811 772 3894 proprietas·
806 3809 945 3872 Non
986 3817 1200 3871 tamen
1241 3810 1400 3872 ratio
1431 3808 1539 3871 illa
1578 3816 1674 3870 est
1703 3810 1890 3881 DeuS,

392 3908 689 3990 quamvis
751 3908 917 3969 Deus
980 3907 1207 3969 habeat
1269 3907 1445 3969 illam
1505 3925 1518 3968 ε
1575 3906 1892 3988 siquidem

394 4023 821 4088 quaecumque
871 4012 1199 4086 ponuntur
1253 4004 1317 4066 in
1365 4005 1493 4067 Deo
1540 4005 1893 4067 secundum

396 4124 553 4178 rem,
590 4111 741 4165 sunt
784 4102 954 4165 idern
1000 4104 1167 4184 quod
1209 4102 1367 4185 ipse,
1410 4104 1521 4165 sed
1560 4120 1684 4165 non
1730 4122 1896 4185 quae-

2004 3139 2173 3183 sonae
2213 3128 2277 3183 et
2306 3128 2454 3183 sunt
2492 3121 2556 3182 in
2597 3121 2906 3203 personiS‚
2940 3129 3004 3184 et
3033 3129 3246 3185 tamen
3281 3124 3496 3205 aliquo

2005 3218 2194 3279 modo
2239 3216 2552 3279 differunt
2597 3238 2634 3280 a
2681 3219 2990 3301 personis.
3034 3219 3274 3283 Relatio
3320 3240 3498 3282 nam-

2004 3334 2129 3396 que
2160 3315 2402 3376 ratione
2437 3315 2928 3397 comparationis
2965 3335 3160 3398 quam
3201 3317 3390 3380 habet
3416 3318 3494 3380 ad

2005 3412 2370 3493 subjectum
2401 3432 2514 3475 seu
2545 3414 2969 3495 suppositum,
3004 3415 3229 3477 transit
3258 3415 3325 3477 in
3355 3416 3498 3477 suh-

2004 3512 2303 3573 stantiam
2344 3511 2408 3572 in
2441 3510 2676 3573 divinis
2711 3531 2724 3575 :
2760 3511 2902 3574 ideo
2930 3531 3078 3575 vere
3118 3513 3497 3595 praedicatur

2005 3610 2082 3672 de
2112 3626 2210 3681 eo,
2235 3618 2304 3671 ut
2333 3610 2511 3671 Pater
2540 3616 2637 3670 est
2669 3610 3030 3690 paternitas,
3052 3610 3314 3673 Ratione
3345 3630 3497 3674 vero

2006 3707 2497 3789 comparationis
2557 3725 2747 3788 quam
2804 3706 2998 3787 habet
3043 3708 3121 3770 ad
3167 3708 3496 3791 objectum

2004 3824 2117 3868 seu
2166 3805 2534 3879 terminum,
2581 3804 2912 3867 verissime
2961 3814 3173 3868 manet
3219 3807 3288 3869 in
3336 3807 3498 3869 divi-

2004 3905 2127 3979 nis,
2170 3922 2288 3965 nec
2335 3902 2488 3965 facit
2536 3903 3084 3983 compositionem,
3127 3905 3238 3966 sed
3276 3905 3498 3968 distin-

2004 3986 2282 4066 ctionem
2317 4022 2330 4067 :
2365 4001 2742 4083 compositio
2778 4001 2952 4064 enim
2995 4003 3344 4064 attenditur
3384 4023 3498 4086 per

2006 4100 2542 4182 comparationem
2575 4100 2981 4181 proprietatis
3004 4100 3081 4162 ad
3113 4100 3492 4183 subjeetum,

395 4221 673 4284 cumque
718 4208 1043 4284 ponuntur
1089 4201 1155 4262 in
1193 4219 1268 4264 eo
1310 4202 1663 4263 secundum
1706 4202 1892 4264 ratio·
1926 4205 1973 4265 D
2005 4198 2330 4261 distinctio
2369 4205 2662 4280 respectu
2691 4197 2944 4279 objecti.
2981 4199 3314 4280 Quumque
3355 4218 3497 4281 pro-

394 4318 545 4363 nem
586 4307 699 4361 aut
742 4299 1182 4361 intentionem.
1218 4299 1361 4361 Haec
1404 4300 1641 4361 Petrus,

479 4398 833 4461 Concordat
871 4397 1219 4459 Richardus
1258 4398 1514 4479 scriptis
1548 4398 1803 4461 Thomae
1833 4405 1895 4459 et

396 4496 563 4559 Petri
604 4496 671 4557 in
711 4495 834 4569 his,
868 4514 941 4557 ac
982 4494 1146 4557 inter
1184 4503 1391 4558 cetera
1432 4497 1606 4559 addit
1641 4514 1655 4558 :
1688 4497 1893 4570 Quum

400 4594 487 4656 ita
532 4593 842 4673 arguitur,
884 4592 949 4655 Si
997 4594 1203 4655 activa
1241 4594 1503 4674 spiratio
1540 4602 1637 4655 est
1683 4612 1895 4675 perso-

398 4710 503 4765 na,
544 4708 673 4754 non
720 4698 818 4753 est
855 4690 1017 4752 ratio
1060 4710 1174 4751 cur
1222 4692 1423 4772 magis
1472 4692 1719 4754 dicatur
1756 4710 1895 4753 esse

399 4807 671 4871 persona
694 4787 892 4851 Patris
922 4807 1116 4870 quam
1142 4788 1306 4862 Filii,
1321 4808 1437 4851 nec
1462 4790 1709 4852 videtur
1730 4790 1895 4871 quod

402 4906 531 4949 una
574 4887 927 4969 proprietas
966 4887 1048 4949 sit
1084 4887 1225 4950 duae
1263 4906 1567 4969 personae,
1610 4906 1760 4970 ergo
1799 4908 1899 4951 ac—

402 4988 535 5049 tiva
576 4986 843 5068 spiratio
881 5004 1009 5049 non
1048 4994 1145 5050 est
1187 5004 1490 5070 persona;
1530 4989 1695 5062 dico,
1730 4990 1897 5069 quod

401 5085 804 5147 extendendo
834 5103 1070 5147 nomen
1109 5086 1515 5167 proprietatis
1544 5086 1622 5148 ad
1653 5087 1901 5149 relatio-

410 5202 583 5255 nem,
616 5182 849 5245 salsum
882 5184 1178 5265 estquod
1220 5204 1345 5245 una
1386 5184 1736 5268 proprietas
1777 5204 1902 5247 non

410 5289 509 5343 est
538 5280 679 5343 duae
714 5298 1000 5362 personae
1036 5300 1049 5344 :
1083 5282 1344 5364 spiratio
1373 5281 1545 5344 enim
1576 5278 1780 5344 a'ctiva
1808 5289 1903 5345 est

2006 4297 2241 4380 prietas
2276 4296 2532 4358 differat
2562 4315 2598 4357 a
2626 4314 2895 4379 persona
2924 4304 3233 4378 quantum
3262 4298 3339 4359 ad
3373 4315 3500 4360 mo-

2005 4396 2157 4458 dum
2211 4394 2485 4457 habendi
2535 4415 2624 4470 se,
2677 4394 2914 4457 idcirco
2961 4412 3298 4476 personam
3347 4415 3496 4459 vere

2005 4494 2384 4558 determinat
2429 4500 2491 4555 et
2532 4493 2867 4575 distinguit
2903 4512 2915 4555 :
2951 4494 3070 4556 hoc
3114 4503 3326 4557 tamen
3369 4514 3496 4560 non

2004 4593 2170 4657 tollit
2219 4592 2735 4674 praedicationem
2785 4593 2976 4655 unius
3024 4593 3100 4655 de
3148 4594 3295 4668 ali0,
3346 4612 3500 4677 quo·

2005 4692 2174 4753 niam
2223 4689 2448 4752 modus
2491 4689 2596 4751 ille
2637 4708 2764 4753 non
2803 4691 2979 4753 addit
3005 4692 3348 4754 essentiam
3385 4694 3498 4755 ali-

2004 4809 2127 4851 am.
2162 4790 2307 4851 Haec
2349 4788 2804 4851 Bonaventura.

2086 4888 2175 4950 Ex
2226 4886 2460 4969 quibus
2518 4888 2755 4950 directe
2815 4894 2985 4969 patet
3043 4889 3371 4971 responsio
3416 4890 3496 4952 ad

2008 4988 2426 5069 quaestionem
2471 5006 2597 5069 qua
2639 4986 2964 5067 quaeritur,
3003 4987 3098 5049 An
3143 4989 3496 5070 proprietas

2011 5088 2076 5150 in
2107 5086 2344 5149 divinis
2375 5086 2458 5147 sit
2489 5102 2776 5166 persona,
2811 5086 2888 5147 de
2920 5105 3045 5167 qua
3073 5088 3334 5168 quidam
3365 5109 3499 5171 spe-

2013 5187 2238 5249 cialem
2305 5183 2580 5246 formant
2636 5182 3029 5261 articulum3
3090 5194 3152 5246 et
3211 5186 3361 5248 item
3419 5190 3494 5250 ad

2018 5283 2356 5364 quaesitum
2383 5282 2524 5355 hoc,
2544 5282 2637 5343 An
2669 5280 3084 5363 proprietates
3115 5284 3242 5345 sint
3273 5285 3336 5346 in
3369 5306 3502 5368 per—

3563 2761 3636 2806 c,
3682 2762 3786 2805 dist.

2002 2845 2116 2889 nes
2158 2825 2531 2910 improbatae
2569 2833 2719 2888 sunt
2756 2845 2967 2908 supra.
3002 2827 3148 2889 Ideo
3183 2835 3280 2889 est
3308 2829 3493 2892 tertia
3519 2763 3788 2880 miv-²⁰⁷

3521 2890 3565 2930 et
3588 2899 3626 2930 s.
