4359 6250
599 504 899 559 QUALITBR
938 505 1133 552 oxma
1176 506 1312 552 sim·
1353 506 1416 551 ΙΝ
1459 505 1576 551 1)Εο
1619 503 1940 551 ΙΒΕΑΙᾸΊῈΒ
1982 503 2180 558 ATQUF:
2222 503 2614 562 CAUSALITER,
2657 505 2731 550 m·
2771 505 2915 561 Qum
2957 506 3050 550 sn·
3092 505 3237 551 IDEA

3345 485 3465 550 397

361 671 620 734 animali
682 675 976 738 rationali
1043 636 1108 738 id
1170 676 1340 758 quod
1403 682 1502 736 est
1559 672 1862 736 sensibile
1893 671 1944 735 Α
1973 673 2306 754 proprium
2348 681 2708 756 respectum
2748 673 3229 737 assimilationis
3272 691 3463 756 quem

361 775 627 831 tantum.
666 772 896 855 Sicque
947 773 1009 836 id
1053 774 1224 856 quod
1267 773 1452 855 plura
1499 771 1864 853 complecti-

365 873 462 927 tur
511 867 874 933 intellectus
929 879 1138 954 potest
1194 871 1530 953 concipere
1585 877 1654 930 ut
1712 869 1860 931 rati-

363 981 548 1027 onem
609 969 934 1050 propriam
992 969 1442 1051 plurimorum,
1503 967 1858 1049 apprehen-

363 1062 566 1126 dendo
616 1068 908 1147 quaedam
959 1068 1213 1130 illorum
1265 1066 1402 1128 sine
1452 1065 1612 1126 aliis.
1653 1065 1859 1127 Potest

362 1179 632 1243 namque
687 1165 980 1247 accipere
1029 1165 1364 1227 denarium
1417 1172 1485 1224 ut
1532 1163 1854 1245 propriam

361 1259 665 1322 rationem
697 1263 1048 1336 novenarii,
1083 1281 1209 1324 una
1240 1261 1481 1323 unitate
1512 1261 1853 1334 subtracta,

360 1363 418 1416 et
455 1359 880 1423 consimiliter
909 1368 978 1422 ut
1021 1361 1345 1443 propriam
1383 1359 1692 1421 rationem
1727 1359 1854 1420 sin-

358 1455 648 1534 gulorum
682 1476 1096 1521 numerorum
1129 1456 1294 1520 infra
1325 1456 1852 1520 inclusorum.Sic

358 1561 412 1612 et
464 1553 532 1615 in
595 1555 854 1618 homine
911 1557 1202 1639 accipere
1262 1563 1476 1637 posset
1528 1553 1852 1636 exemplar

357 1652 680 1733 proprium
709 1653 998 1716 animalis
1030 1653 1410 1716 irrationalis
1442 1653 1850 1734 singularum·

357 1767 468 1829 que
501 1750 866 1832 specierum
901 1752 1124 1835 ἱρείης,
1159 1751 1284 1814 nisi
1315 1751 1712 1814 differentias
1743 1751 1850 1812 ali-

1971 769 2159 832 habet
2194 790 2587 853 unaquaeque
2618 781 2903 834 creatura
2938 773 3016 834 ad
3050 772 3284 854 ipsum,
3319 788 3465 833 con-

1969 876 2091 930 stat
2129 870 2299 951 quod
2341 871 2615 932 rationes
2658 889 2769 932 seu
2816 871 2969 933 ideae
3014 889 3225 932 rerum
3267 870 3333 930 in
3376 869 3467 931 in-

1968 966 2227 1032 tellectu
2270 967 2489 1030 divino
2528 986 2655 1030 non
2695 969 2823 1030 sint
2862 968 3077 1050 plures
3120 987 3327 1050 neque
3372 967 3463 1029 di-

1968 1065 2236 1138 stinctae,
2270 1065 2393 1127 nisi
2437 1067 2787 1128 secundum
2830 1067 2997 1148 quod
3038 1067 3205 1128 Deus
3235 1084 3461 1146 cogno-

1966 1162 2086 1223 scit
2135 1182 2235 1225 res
2291 1163 2582 1244 pluribus
2632 1172 2693 1225 et
2741 1164 3009 1226 diversis
3060 1164 3264 1226 modis
3321 1183 3460 1226 esse

1963 1260 2413 1323 assimilabiles
2442 1261 2587 1323 sibi.
2613 1262 2689 1323 Et
2718 1262 3070 1324 secundum
3101 1263 3221 1325 hoc
3250 1261 3460 1342 Augu-

1964 1357 2168 1420 stinus
2200 1359 2356 1421 dicit
2386 1360 2554 1441 quod
2596 1361 2761 1422 Deus
2801 1360 2926 1422 alia
2962 1361 3203 1422 ratione
3244 1359 3460 1422 condi-

1963 1457 2056 1518 dit
2084 1458 2434 1532 hominem,
2469 1459 2592 1521 alia
2621 1476 2897 1540 equum3
2931 1459 3332 1540 rationesque
3364 1477 3457 1520 re-

1964 1574 2104 1617 rum
2137 1557 2469 1638 pluraliter
2496 1576 2633 1620 esse
2674 1557 2829 1619 dicit
2868 1557 2930 1619 in
2975 1565 3185 1619 mente
3216 1557 3451 1620 divina.

1960 1654 2028 1714 In
2070 1672 2199 1735 quo
2238 1654 2428 1717 etiam
2470 1655 2750 1717 salvatur
2786 1655 3148 1737 aliqualiter
3182 1655 3459 1718 Platonis

1959 1752 2192 1833 positio
2224 1753 2517 1834 ponentis
2552 1753 2721 1815 ideas
2752 1754 3100 1816 secundum
3128 1774 3280 1836 quas
3312 1773 3458 1816 cun-

356 1865 500 1926 quas
532 1848 839 1911 adderent
870 1850 1194 1932 positivaS.
1231 1850 1390 1912 Hinc
1420 1848 1680 1931 quidam
1714 1850 1846 1931 phi·
1881 1851 1928 1915 B
1960 1857 2060 1912 cta
2099 1848 2454 1913 formantur
2496 1871 2637 1934 quae
2678 1852 2742 1913 in
2782 1851 3221 1915 materialibus
3264 1852 3454 1914 rebus

357 1943 674 2028 losophuS,
740 1949 1000 2011 nomine
1068 1948 1384 2022 Clemen5‚
1449 1948 1608 2009 dixit
1673 1948 1842 2029 quod

356 2043 661 2108 nobiliora
707 2046 771 2108 in
815 2047 1070 2110 entibus
1111 2055 1262 2110 sunt
1304 2047 1692 2129 exemplaria
1733 2047 1846 2109 mi-

357 2162 464 2204 nus
513 2144 856 2206 nobilium.
891 2146 1116 2208 Divina
1155 2154 1370 2208 autem
1419 2146 1696 2208 essentia
1738 2165 1846 2208 no-

353 2239 620 2304 bilitates
672 2251 735 2304 et
788 2243 1212 2326 perfectiones
1262 2244 1548 2306 omnium
1597 2245 1842 2306 entium

352 2337 410 2400 in
456 2358 522 2402 se
570 2342 1054 2422 comprehendit
1101 2341 1581 2424 simplicissimo
1631 2343 1837 2405 modo.

350 2435 558 2500 Omnis
591 2457 742 2502 vero
772 2440 992 2516 forma,
1007 2449 1134 2502 tam
1168 2439 1425 2522 propria
1455 2459 1646 2522 quam
1677 2459 1843 2503 com-

353 2537 578 2610 muniS,
611 2538 966 2601 secundum
1016 2539 1080 2600 id
1129 2539 1299 2622 quod
1347 2538 1589 2620 aliquid
1637 2540 1838 2621 ponit,

349 2635 650 2714 perfectio
679 2637 968 2718 quaedam
1001 2645 1117 2712 est,
1137 2655 1254 2700 nec
1286 2637 1836 2718 imperfectionem

349 2731 610 2794 includit
667 2734 791 2796 nisi
842 2735 908 2796 in
963 2743 1274 2817 quantum
1321 2755 1358 2797 a
1407 2753 1559 2798 vero
1616 2735 1838 2798 deficit

345 2849 492 2893 esse.
527 2832 896 2896 Intellectus
925 2851 1076 2914 ergo
1106 2834 1363 2895 divinus
1397 2834 1459 2896 in
1493 2834 1710 2896 divina
1738 2854 1834 2896 es-

345 2930 538 2991 sentia
569 2932 1110 3012 comprehendere
1151 2939 1358 3013 potest
1398 2932 1461 2994 id
1494 2933 1662 3014 quod
1695 2951 1836 3014 pro-

1955 1948 2287 2009 exsistunt.
2320 1985 2401 1994 —
2430 1949 2572 2012 Haec
2615 1950 2885 2012 Thomas
2929 1950 3189 2012 ibidem.

2034 2045 2385 2108 Concordat
2427 2067 2541 2129 per
2582 2048 2798 2110 omnia
2840 2049 3077 2110 PetruS.

2033 2143 2382 2206 Richardus
2411 2162 2665 2228 quoque
2696 2145 2796 2207 his
2829 2163 3182 2209 consonans
3217 2163 3232 2206 :
3266 2146 3455 2229 Opor-

1953 2248 2060 2316 tet,
2093 2242 2204 2316 ait,
2237 2243 2407 2324 quod
2448 2251 2776 2305 causatum
2816 2243 3043 2306 habeat
3086 2245 3452 2307 similitudi-

1951 2358 2100 2402 nem
2127 2341 2229 2430 sui
2263 2340 2327 2401 in
2370 2348 2689 2416 causante,
2723 2343 3027 2423 quoniam
3066 2361 3255 2404 causa
3292 2342 3446 2404 assi-

1951 2438 2131 2500 milat
2159 2438 2283 2500 sibi
2315 2446 2647 2501 causatum
2665 2439 2823 2501 Hinc
2854 2440 3134 2502 secundo
3166 2440 3445 2522 capitulo

1947 2536 2024 2597 de
2079 2536 2323 2599 Divinis
2375 2537 2747 2600 nominibus
2802 2538 2860 2601 S.
2912 2538 3248 2620 Dionysius
3296 2556 3441 2600 con-

1947 2637 2213 2696 testatur
2265 2652 2279 2696 ε
2332 2634 2665 2697 Causativa
2725 2634 2960 2698 habent
3023 2635 3442 2698 causabilium

1947 2733 2252 2814 quasdam
2294 2732 2620 2815 imagines.
2656 2733 2958 2796 Praeterea
2997 2733 3322 2796 beatitudo
3354 2735 3445 2796 in-

1945 2831 2146 2892 cludit
2209 2831 2557 2914 perfectam
2626 2832 2985 2894 intellectus
3046 2840 3110 2894 et
3170 2832 3442 2896 affectus

1943 2930 2399 3011 quietationem
2445 2948 2459 2992 :
2502 2950 2643 3012 quae
2694 2948 2821 2993 non
2870 2938 3078 3012 potest
3130 2949 3267 2994 esse
3316 2931 3445 2994 nisi

343 3027 544 3106 prium
596 3038 694 3090 est
743 3029 1092 3112 unicuique
1143 3029 1255 3104 rei,
1305 3029 1718 3111 intelligendo
1768 3031 1831 3092 in
1871 3034 1914 3096 C
1945 3029 2010 3090 in
2041 3027 2324 3111 perfecta
2354 3029 2803 3110 conjunctione
2835 3049 2982 3092 cum
3012 3030 3231 3093 simili.
3256 3031 3442 3094 Nulla

343 3142 460 3205 quo
503 3146 902 3210 unaquaeque
945 3147 1045 3191 res
1088 3147 1268 3190 suam
1313 3130 1656 3191 essentiam
1699 3130 1834 3192 imi-

341 3230 518 3300 tatur,
533 3232 598 3287 et
630 3226 696 3287 in
725 3244 853 3307 quo
882 3226 1105 3288 deficit
1133 3226 1214 3288 ab
1244 3226 1384 3307 ejus
1415 3226 1825 3309 perfectione.

337 3320 543 3404 Itaque
576 3324 988 3405 intelligendo
1019 3344 1197 3387 suam
1227 3326 1570 3388 essentiam
1601 3334 1670 3387 ut
1701 3327 1835 3388 imi-

337 3419 720 3496 tabilem,sic
749 3423 1024 3485 essentia
1054 3423 1270 3486 divina
1299 3424 1490 3485 habet
1519 3424 1829 3487 rationem

337 3516 486 3583 ideae
518 3537 532 3581 :
567 3528 628 3582 et
674 3520 1088 3602 intelligendo
1137 3540 1277 3584 eam
1329 3529 1400 3583 ut
1448 3522 1824 3585 imitabilem

336 3634 443 3696 per
479 3619 746 3681 modum
786 3619 934 3682 vitae
972 3628 1036 3681 et
1067 3637 1192 3682 non
1234 3619 1635 3701 cognitionis,
1668 3622 1829 3684 acci-

335 3716 422 3796 pit
451 3734 592 3779 eam
625 3726 695 3779 ut
725 3718 1054 3800 propriam
1083 3718 1355 3781 formam
1396 3726 1585 3802 atque
1617 3720 1826 3783 ideam

334 3814 596 3895 plantae3
627 3824 691 3879 et
723 3816 1138 3897 intelligendo
1169 3836 1309 3879 eam
1343 3826 1410 3879 ut
1441 3818 1824 3882 imitabilem

335 3930 440 3993 per
471 3915 732 3976 modum
775 3915 1157 3995 cognitionis
1187 3923 1249 3976 et
1281 3933 1406 3977 non
1440 3916 1820 3990 intellectuS,

329 4012 558 4093 accipit
598 4031 738 4075 eam
784 4020 852 4073 ut
895 4013 1165 4075 formam
1206 4013 1541 4096 ideamque
1583 4016 1822 4077 anima-

330 4108 436 4187 lis3
468 4118 533 4171 et
563 4110 650 4172 ita
679 4112 758 4173 de
787 4111 950 4173 aliis.
984 4148 1065 4157 —
1094 4112 1254 4174 Hinc
1293 4112 1618 4187 elucescit,
1653 4115 1821 4195 quod

1943 3128 2116 3190 enim
2167 3147 2267 3191 res
2316 3130 2637 3210 quietatur
2683 3129 2747 3190 in
2798 3129 3248 3211 conjunctione
3292 3150 3438 3193 cum

1941 3244 2056 3289 suo
2115 3226 2415 3288 dissimili
2464 3227 2530 3289 in
2579 3236 2889 3309 quantum
2948 3229 3261 3291 dissimile
3318 3240 3434 3294 est.

1943 3325 2102 3405 Ergo
2151 3324 2217 3385 in
2265 3324 2591 3387 intellectu
2634 3325 2851 3389 divino
2890 3328 3139 3410 oportet
3180 3347 3319 3391 esse
3359 3330 3439 3390 si·

1939 3423 2373 3485 militudinem
2404 3429 2955 3505 creaturaezquam
2981 3442 3281 3487 vocamus
3314 3426 3440 3489 ide·

1938 3541 2064 3594 am,
2107 3541 2235 3603 qua
2278 3521 2621 3602 cognoscit.
2657 3558 2738 3566 —
2765 3521 2977 3605 Aliqui
3024 3540 3173 3585 vero
3213 3524 3435 3587 dicunt

1938 3621 2136 3682 Deum
2180 3638 2307 3683 non
2348 3637 2725 3700 cognoscere
2766 3629 3117 3682 creaturam
3152 3640 3266 3703 per
3303 3622 3431 3685 ide-

1934 3739 2060 3793 am,
2094 3738 2294 3801 quum
2335 3737 2473 3781 eam
2512 3726 2809 3799 agnoscat
2847 3737 2961 3800 per
2999 3737 3273 3782 causam.
3310 3721 3429 3783 Sed

1935 3818 2054 3880 hoc
2104 3836 2231 3880 non
2282 3817 2556 3879 multum
2608 3816 2797 3890 valet,
2847 3817 2999 3898 quia
3050 3835 3427 3899 cognoscere

1934 3936 2048 3998 per
2078 3917 2284 3978 ideam
2325 3924 2387 3977 et
2423 3934 2537 3997 per
2571 3934 2825 3976 causam
2868 3922 3035 3976 stant
3070 3915 3286 3991 simul,
3320 3936 3426 3979 ne-

1932 4034 2056 4098 que
2105 4021 2461 4097 repugnant
2494 4030 2507 4074 :
2545 4011 2672 4074 imo
2715 4012 2986 4075 effectus
3032 4031 3158 4076 non
3198 4032 3425 4095 cogno-

1931 4121 2260 4175 scerentur
2298 4131 2411 4195 per
2449 4130 2691 4185 causaS,
2727 4110 2851 4173 nisi
2891 4110 2957 4173 in
2996 4112 3202 4173 causis
3248 4113 3424 4175 simi-

327 4208 538 4271 divina
581 4210 858 4273 essentia
899 4228 976 4273 eo
1017 4212 1187 4293 quod
1230 4212 1314 4273 sit
1355 4211 1641 4274 absolute
1685 4232 1822 4294 per·
1853 4220 1901 4281 D
1932 4211 2233 4273 litudines
2290 4218 2501 4273 essent
2559 4209 2934 4284 effectuum,
2986 4198 3100 4291 pe‘r
3149 4230 3306 4292 quas
3358 4212 3423 4275 in

325 4306 504 4383 fecta,
538 4308 746 4392 accipi
779 4317 987 4391 potest
1017 4318 1086 4371 ut
1128 4310 1384 4391 propria
1414 4311 1574 4373 ratio
1606 4310 1818 4392 singu-

328 4405 550 4482 lorum,
573 4416 636 4469 et
666 4408 752 4470 ita
784 4426 898 4490 per
926 4428 1067 4470 eam
1100 4409 1264 4471 Deus
1295 4408 1486 4472 habet
1517 4410 1820 4490 cognitio-

327 4524 466 4567 nem
506 4507 833 4588 propriam
872 4526 944 4569 ac
986 4506 1333 4589 perfectam
1374 4508 1451 4569 de
1492 4508 1810 4571 omnibus.

324 4603 652 4685 Quumque
683 4606 941 4687 propria
969 4606 1130 4667 ratio
1167 4605 1355 4667 unius
1387 4606 1816 4686 distinguatur

322 4720 356 4762 a
383 4702 641 4785 propria
669 4703 913 4766 ratione
952 4703 1234 4777 alteriuS,
1268 4712 1331 4766 et
1370 4703 1696 4766 distinctio
1733 4706 1816 4767 sit

324 4801 697 4881 pluralitatis
750 4802 1164 4883 principium,
1198 4803 1556 4883 assignatur
1609 4803 1672 4865 in
1723 4804 1816 4865 in-

321 4899 567 4962 tellectu
599 4900 817 4963 divino
846 4900 1169 4963 distinctio
1196 4920 1270 4962 ac
1302 4901 1628 4983 pluralitas
1659 4921 1816 4983 quae-

321 4998 457 5059 dam
497 4996 818 5060 rationum
863 4998 1162 5061 idealium
1199 4999 1687 5073 intellectarum,
1721 5020 1814 5063 se-

321 5098 600 5159 cundum
656 5098 826 5179 quod
883 5096 947 5159 id
997 5099 1168 5179 quod
1214 5106 1310 5160 est
1370 5100 1434 5161 in
1486 5098 1811 5160 intellectu

317 5194 546 5271 divino,
560 5202 660 5258 est
687 5197 946 5279 propria
975 5197 1132 5259 ratio
1162 5196 1575 5260 diversorum.
1592 5196 1815 5271 Quum-

319 5314 436 5377 que
465 5296 590 5357 hoc
623 5295 702 5356 sit
732 5296 1083 5359 secundum
1116 5297 1284 5377 quod
1317 5298 1482 5359 Deus
1513 5295 1814 5377 intelligit

1929 4309 2137 4371 causis
2188 4309 2473 4370 relucent
2519 4307 2810 4370 effectus,
2846 4308 3021 4370 Unde
3071 4307 3213 4371 ideo
3256 4310 3421 4372 Deus

1929 4427 2042 4489 per
2082 4426 2148 4470 se
2189 4408 2400 4489 ipsum
2446 4414 2746 4487 tanquam
2792 4425 2907 4488 per
2951 4425 3204 4470 causam
3250 4427 3420 4471 crea-

1925 4515 2098 4569 turas
2129 4505 2474 4587 cognoscit,
2508 4505 2809 4588 quoniam
2840 4524 2915 4568 eo
2946 4506 3087 4587 ipso
3125 4507 3294 4589 quod
3324 4516 3420 4571 est

1926 4624 2175 4667 summa
2214 4612 2277 4667 et
2319 4603 2652 4666 sufficiens
2694 4603 2983 4666 omnium
3029 4622 3239 4679 causa,
3270 4614 3420 4669 sunt

1925 4703 1990 4764 in
2033 4704 2171 4785 ipso
2210 4722 2422 4764 rerum
2465 4702 2641 4775 ideae‚
2678 4720 2790 4783 per
2828 4721 2985 4783 quas
3025 4703 3311 4765 relucent
3348 4704 3415 4765 in
3471 4778 3479 4787 .

1924 4802 2081 4883 ipso.
2130 4802 2273 4864 Haec
2317 4800 2685 4864 Richardus.

2012 4900 2297 4981 Denique
2364 4898 2532 4960 circa
2599 4898 2719 4960 hoc
2789 4905 3000 4960 movet
3066 4898 3414 4962 Richardus

1923 5000 2085 5061 hanc
2115 4998 2553 5080 quaestionem,
2588 4997 2809 5059 Utrum
2850 4996 3081 5058 divinae
3121 4997 3413 5061 essentiae

1921 5103 2166 5158 tantum
2208 5094 2542 5156 conveniat
2581 5112 2719 5155 esse
2760 5093 2977 5155 ideam.
3006 5094 3070 5155 in
3100 5103 3409 5176 quantum

1920 5204 2016 5257 est
2047 5193 2297 5275 cognita
2328 5200 2397 5253 ut
2437 5191 2769 5253 imitabilis
2797 5211 2834 5253 a
2868 5200 3171 5255 creatura.
3206 5229 3287 5239 —-
3313 5194 3414 5255 Vi-

1922 5294 2106 5356 detur
2135 5292 2304 5375 quod
2335 5290 2449 5365 sic,
2483 5289 2634 5372 quia
2666 5289 2806 5351 idea
2844 5298 3275 5353 creaturarum
3314 5300 3409 5356 est
