4359 6250
660 786 731 842 Cs.
764 786 867 829 dist.

618 861 777 904 xxxuq.
787 852 801 891 1
813 850 868 898 ,2.

636 982 741 1025 dist.
771 995 871 1034 xxii,

604 1059 647 1101 q.
666 1047 710 1088 2.

622 3929 775 3983 quest.
794 3930 835 3971 5.

896 479 1017 542 372
1448 495 1513 540 m
1553 495 1776 540 1111111111
1821 495 1842 539 1
1884 493 2366 540 samm-unum.
2410 510 2491 520 —
2535 494 2686 539 nisr.
2732 494 2960 556 xxxiv3
3005 494 3229 549 ouAEsr.
3275 493 3460 540 cmm

899 669 1064 730 Deus
1110 667 1305 729 trium
1351 683 1788 748 personarum,
1831 673 1894 726 et
1936 672 2063 726 tres
2113 681 2401 746 personae
2429 663 2481 726 A
2509 673 2657 726 sunt
2696 665 2774 726 de
2813 663 3056 728 ratione
3095 665 3404 728 essentiae.
3440 665 3518 726 Et
3556 665 3760 747 ipsam
3800 683 4006 727 essen-

900 766 1091 828 unius
1134 765 1263 828 Dei.
1310 763 1549 826 Deinde
1598 762 1799 844 tangit
1845 763 1923 824 de
1965 763 2066 825 his
2110 782 2252 844 quae
2292 780 2400 844 ap-
2509 763 2661 824 tiam
2703 782 2817 845 per
2847 763 3040 825 talem
3077 763 3466 826 additionem
3508 781 3634 826 non
3674 762 4008 842 distinguit

902 865 1311 947 propriantur
1350 863 1662 945 personiS‚
1697 870 1886 944 atque
1926 861 2003 922 de
2039 862 2159 924 hoc
2201 862 2404 923 nomi·
2509 861 3114 942 intellectuS‚neque
3146 879 3480 943 personam
3512 861 3857 942 componit.
3871 861 4008 923 Non

901 981 1003 1044 ne,
1038 968 1358 1043 ὁμοούσιον,
1392 961 1563 1022 etde
1607 961 1706 1022 his
1746 980 1889 1043 quae
1930 961 2058 1022 Deo
2089 959 2404 1022 translati·
2508 959 2842 1039 distinguit
2886 968 3177 1021 naturam
3215 977 3228 1021 z
3272 959 3425 1041 quia
3466 960 3584 1022 etsi
3629 959 4010 1041 superaddat

902 1079 979 1123 ve
1021 1069 1084 1122 et
1126 1079 1241 1142 per
1283 1058 1773 1122 similitudinem
1816 1059 2272 1120 attribuuntur.
2314 1059 2401 1119 De
2509 1057 2737 1119 rationi
2797 1065 3038 1121 naturae
3087 1058 3567 1140 proprietatem,
3619 1076 3745 1122 non
3797 1065 4008 1120 tamen

901 1159 1201 1222 omnibus
1258 1167 1471 1220 autem
1519 1157 1620 1219 his
1676 1155 1809 1236 jam
1857 1165 2004 1218 ante
2052 1157 2185 1218 suis
2246 1156 2400 1218 locis
2507 1155 2682 1217 addit
2713 1155 2779 1216 in
2819 1162 3012 1230 recto,
3047 1163 3117 1216 ut
3148 1155 3464 1237 intelligas
3504 1173 3842 1238 personam
3873 1175 4010 1218 esse

900 1256 1136 1319 diffuse
1186 1264 1525 1319 tractatum
1584 1263 1701 1329 est,
1753 1255 2011 1337 dempta
2067 1255 2186 1316 hac
2235 1273 2402 1336 quae-
2509 1261 2799 1315 naturam
2862 1253 3246 1334 proprietate
3304 1254 3712 1333 distinctam;
3771 1254 3884 1316 sed
3943 1254 4008 1315 in

900 1357 1125 1430 stione,
1177 1375 1257 1418 an
1308 1355 1436 1417 dici
1496 1361 1707 1437 queat,
1764 1373 1927 1415 unus
1985 1354 2151 1416 Deus
2203 1353 2397 1414 trium

900 1473 1337 1535 personarum,
1369 1461 1480 1516 aut
1520 1461 1646 1514 tres
1699 1469 1984 1533 personae
2026 1454 2217 1515 unius
2260 1452 2394 1526 Dei,

899 1561 961 1614 et
1000 1553 1077 1614 de
1122 1554 1402 1626 nomine,
1437 1558 1753 1632 δμοούσιον.
1790 1551 1925 1613 Non
1970 1569 2119 1632 ergo
2158 1559 2255 1613 est
2291 1551 2396 1613 hic

898 1650 1227 1732 superflue
1272 1650 1760 1714 immorandum.

1207 1976 1683 2051 QUAESTIO
1759 1976 2076 2041 UNICA

1028 2239 1074 2302 Τ
1131 2240 1458 2320 quaeritur,
1518 2243 1648 2308 An
1706 2240 1985 2308 divina
2042 2242 2394 2308 essentia

1054 2339 1165 2405 sit
1211 2353 1569 2421 persona,
1614 2341 1766 2406 hoc
1814 2342 1961 2420 est,
2007 2353 2110 2405 an
2158 2340 2391 2406 reali-

892 2437 1017 2503 ter
1079 2437 1290 2503 idem
1350 2439 1461 2504 sit
1524 2454 1706 2505 cum
1768 2437 2128 2519 qualibet
2185 2438 2390 2503 divt-

892 2549 995 2601 na
1053 2550 1409 2618 persona,
1461 2538 1623 2602 imo
1681 2539 1763 2603 et
1818 2552 2002 2603 cum
2060 2535 2390 2617 duabuS,

892 2634 975 2698 et
1010 2634 1210 2700 item
1242 2650 1425 2701 cum
1466 2636 1644 2701 tota
1682 2633 2394 2716 superbeatisstma

890 2731 1305 2801 Trinitate.

970 2830 1234 2892 Videtur
1281 2831 1449 2913 quod
1510 2849 1659 2905 non,
1714 2832 2016 2913 quoniam
2077 2851 2278 2893 unum
2329 2840 2392 2895 et

892 2927 1063 2990 idem
1093 2947 1219 2990 non
1252 2936 1347 2990 est
1376 2929 1665 3009 genitum
1695 2936 1760 2990 et
1790 2947 1914 2991 non
1949 2929 2260 3010 genitum,
2293 2949 2392 3011 ge-

2507 1351 2769 1433 obliquo
2807 1359 2902 1413 est
2948 1351 3434 1432 intelligendum
3483 1370 3822 1433 personam
3871 1371 4009 1414 esse

2505 1449 2910 1531 suppositum
2958 1449 3284 1513 rationalis
3330 1459 3590 1526 naturae,
3631 1451 4006 1513 distinctum

2505 1549 2910 1630 proprietate.
2959 1549 3202 1611 Idcirco
3249 1567 3377 1612 non
3428 1549 3607 1632 ponit
3656 1550 4010 1613 distinctio-

2505 1665 2650 1708 nem
2702 1647 2872 1709 circa
2921 1654 3234 1720 naturam,
3281 1666 3398 1710 nec
3448 1665 3786 1729 personam
3835 1666 4006 1710 com-

2505 1745 2704 1826 ponit,
2739 1765 2857 1808 nec
2886 1747 2946 1808 ei
2985 1745 3225 1828 aliquid
3260 1747 3430 1828 quod
3469 1764 3595 1829 non
3634 1747 3720 1809 sit
3758 1747 3826 1808 in
3867 1747 4006 1829 ipsa

2428 1846 2474 1908 B
2504 1844 2794 1926 imponit.
2831 1844 2909 1906 Et
2943 1844 3064 1907 hoc
3106 1853 3299 1927 patet,
3331 1845 3485 1926 quia
3522 1846 3884 1908 intellectus
3928 1845 4004 1908 fi-

2502 1942 2664 2004 delis
2714 1950 2778 2004 et
2827 1962 3018 2004 sanus
3061 1943 3484 2025 apprehendit
3526 1961 3864 2026 personam
3907 1963 4003 2006 es-

2501 2059 2570 2102 se
2601 2040 3170 2122 simplicissimam,
3205 2041 3407 2104 nihilo
3449 2042 3662 2104 minus
3705 2042 4006 2124 intelligit

2501 2155 2641 2199 eam
2688 2155 2826 2200 esse
2878 2137 3434 2220 perfectissimam.
3477 2139 3654 2202 Unde
3703 2141 3872 2202 sicut
3917 2141 4007 2202 in-

2501 2234 2731 2317 telligit
2789 2254 3010 2299 omnes
3072 2236 3465 2300 conditiones
3524 2237 3881 2300 nobilitatis
3939 2237 4003 2300 in

2501 2336 2776 2398 essentia
2825 2355 2986 2410 esse,
3039 2355 3115 2400 eo
3159 2337 3330 2418 quod
3381 2336 3848 2418 perfectissima
3899 2337 4000 2411 sit,

2501 2453 2643 2516 quae
2683 2434 2977 2516 quamvis
3027 2435 3378 2497 secundum
3425 2435 3732 2498 rationem
3774 2443 3838 2497 et
3879 2454 4007 2498 mo-

2501 2532 2654 2592 dum
2696 2531 3094 2613 intelligendi
3131 2533 3259 2594 sint
3291 2532 3528 2606 multae,
3563 2541 3777 2596 tamen
3820 2533 4003 2595 intel-

2503 2629 2641 2710 ligit
2671 2647 2892 2692 omnes
2923 2649 3062 2693 esse
3094 2650 3295 2693 unum
3330 2631 3396 2692 in
3434 2649 3536 2710 re;
3577 2631 3670 2694 sic
3701 2639 3764 2693 et
3793 2650 4004 2713 perso-

2502 2749 2647 2791 nam
2698 2731 2852 2792 dicit
2903 2730 3446 2812 simplicissimam
3498 2749 3656 2805 esse,
3705 2733 4000 2813 quamvis

2500 2829 2668 2890 dicat
2717 2829 2782 2889 in
2833 2849 2907 2892 ea
2958 2848 3096 2891 esse
3145 2839 3436 2893 naturam
3484 2838 3546 2891 et
3594 2831 4000 2912 suppositum

2499 2945 2572 2988 ac
2603 2927 3056 3008 proprietatem
3081 2945 3095 2989 ε
3119 2947 3260 3010 quae
3290 2927 3506 2991 omnia
3535 2927 3835 3008 intelligit
3862 2947 4000 2991 esse

892 3045 1122 3090 nerans
1166 3034 1229 3088 et
1270 3044 1397 3089 non
1441 3046 1772 3108 generanS,
1808 3027 2390 3110 immultiplicabile
2424 3029 2468 3093 C
2501 3044 2720 3087 unum.

890 3134 954 3188 et
1014 3125 1534 3207 multiplicatum,
1587 3125 2123 3189 communicabile
2180 3136 2243 3189 et
2301 3129 2394 3190 in-

892 3224 1447 3286 communicabile.
1514 3224 1634 3287 Sed
1692 3225 1907 3287 divina
1965 3226 2241 3288 essentia
2297 3234 2392 3288 est

893 3339 1019 3384 non
1058 3322 1294 3402 genita,
1329 3322 1458 3385 imo
1504 3342 1621 3385 nec
1663 3323 1930 3403 gignens
1975 3343 2092 3387 nec
2134 3343 2394 3405 genera-

890 3428 975 3495 ta,
1026 3428 1089 3481 et
1136 3428 1231 3483 est
1281 3420 1904 3502 immultiplicabiliS,
1958 3430 2170 3485 tamen
2221 3441 2389 3486 com-

893 3518 1341 3599 municabilis3
1383 3536 1655 3601 persona
1683 3537 1834 3581 vero
1868 3520 1932 3581 in
1962 3520 2199 3582 divinis
2233 3522 2393 3583 mul-

890 3616 1215 3699 tiplicatur
1240 3624 1302 3678 et
1331 3616 1632 3697 gignitur,
1647 3618 2391 3701 incommunicabilisque

892 3716 1199 3777 consistit.
1254 3751 1334 3761 —
1380 3716 1475 3777 Ad
1524 3715 1693 3777 idem
1745 3725 2003 3797 possent
2052 3718 2252 3779 multa
2299 3738 2392 3779 ar-

890 3823 1194 3895 gumenta
1227 3814 1465 3889 induci,
1500 3834 1642 3896 quae
1668 3815 1801 3895 jam
1835 3824 2003 3889 ante,
2038 3816 2389 3898 praesertim

892 3912 960 3974 in
1002 3913 1283 3975 secunda
1325 3912 1756 3988 distinctione,
1792 3921 2087 3976 contenta
2128 3924 2295 3977 sunt.

968 4108 1062 4171 Ad
1106 4109 1276 4170 istud
1316 4108 1758 4170 Bonaventura
1802 4109 2142 4190 respondet
2174 4127 2189 4171 :
2224 4112 2387 4173 Dum

2581 3125 2700 3187 Sed
2733 3126 2785 3187 si
2818 3144 3090 3207 persona
3129 3126 3484 3188 secundum
3524 3146 3658 3189 rem
3691 3127 3784 3189 nil
3815 3128 4002 3191 addat

2499 3243 2692 3306 supra
2751 3233 3064 3299 naturam,
3117 3243 3245 3288 non
3296 3225 3549 3288 videtur
3597 3225 4001 3307 intelligibile

2498 3340 2636 3383 esse
2667 3323 2835 3403 quod
2881 3341 3150 3404 persona
3187 3324 3269 3384 sit
3309 3322 3608 3385 distincta
3645 3325 4000 3387 secundum

2499 3438 2656 3492 rem,
2690 3428 2755 3481 et
2799 3438 2925 3483 non
2971 3422 3269 3494 essentia,
3304 3440 3506 3502 quum
3551 3421 3729 3484 nulla
3772 3422 3857 3484 sit
3899 3423 4004 3485 ad-

2499 3517 2656 3579 ditio
2702 3526 2765 3580 et
2814 3518 2989 3581 nulla
3036 3518 3403 3581 differentia
3461 3521 3814 3583 secundum
3864 3540 3998 3584 rem

2501 3616 2664 3677 inter
2703 3618 3046 3679 essentiam
3085 3624 3149 3679 et
3190 3635 3549 3699 personam.
3581 3653 3662 3663 —
3691 3619 3785 3682 Ad
3830 3621 3998 3701 quod

2500 3714 3050 3797 qualitercumque
3096 3716 3607 3797 intelligendum,
3649 3737 3854 3799 quum
3901 3738 4004 3781 ex-

2499 3813 2678 3874 cedat
2726 3813 2894 3875 vires
2954 3814 3316 3876 intellectus
3374 3815 3660 3889 humani,
3713 3817 4000 3879 conside-

2498 3912 2767 3973 randum
2819 3920 2934 3987 est,
2978 3913 3142 3975 sicut
3185 3913 3368 3976 docet
3413 3913 3786 3989 Richardus‚
3829 3916 3999 3996 quod

2497 4017 2593 4071 est
2622 4010 2949 4073 distinctio
2982 4029 3095 4092 per
3125 4010 3520 4092 qualitatem,
3555 4018 3618 4074 et
3649 4020 3748 4075 est
3777 4012 3999 4075 distin-

2497 4108 2623 4170 ctio
2668 4126 2781 4189 per
2822 4108 3152 4189 originem.
3198 4109 3533 4172 Distinctio
3575 4128 3690 4191 per
3730 4111 3998 4192 qualita-

887 4206 1215 4287 quaeritur,
1258 4224 1338 4267 an
1388 4224 1486 4267 res
1537 4213 1799 4279 naturae,
1844 4206 1906 4268 id
1951 4215 2047 4268 est
2094 4226 2385 4289 persona,
2417 4208 2466 4269 D
2496 4212 2624 4266 tem
2665 4214 2760 4267 est
2801 4207 2867 4269 in
2908 4206 3235 4280 creaturiS,
3269 4225 3386 4268 nec
3426 4214 3634 4289 potest
3675 4226 3816 4270 esse
3859 4209 3998 4271 sine

884 4303 1128 4385 aliquid
1192 4302 1563 4384 superaddit
1618 4304 1909 4367 essentiae
1970 4324 2081 4366 seu
2146 4314 2387 4369 naturae

885 4401 1139 4474 divinae,
1174 4401 1515 4463 dicendum
1559 4402 1726 4482 quod
1767 4402 1844 4463 de
1884 4403 2205 4466 additione
2247 4423 2388 4487 pos-

885 4519 1108 4561 sumus
1142 4498 1315 4579 loqui
1346 4497 1709 4580 dupliciter,
1735 4499 1980 4562 scilicet
2011 4503 2216 4582 quoad
2250 4522 2386 4565 rem

883 4606 946 4660 et
985 4597 1192 4678 quoad
1240 4596 1655 4657 intellectum.
1701 4596 1777 4658 Et
1818 4606 2129 4678 quantum
2172 4600 2250 4661 ad
2299 4600 2388 4662 in-

883 4695 1234 4768 tellectum,
1287 4710 1559 4775 persona
1606 4694 1974 4775 superaddit
2023 4698 2315 4759 essentiae
2369 4715 2382 4759 :

883 4793 1186 4877 quoniam
1227 4790 1471 4873 aliquid
1505 4800 1601 4853 est
1631 4792 1708 4854 de
1741 4794 2067 4856 intellectu
2104 4804 2165 4856 et
2201 4796 2387 4858 ratio-

885 4912 963 4955 ne
995 4908 1304 4973 personae,
1337 4889 1506 4971 quod
1549 4907 1676 4952 non
1718 4898 1813 4952 est
1843 4892 1921 4953 de
1953 4891 2283 4955 intellectu
2325 4901 2386 4955 et

2495 4304 2818 4366 additione
2855 4324 2868 4368 :
2901 4304 3166 4386 haecque
3199 4304 3525 4369 distinctio
3564 4304 3755 4367 habet
3783 4315 3996 4370 ortum

2495 4422 2572 4465 cx
2613 4402 2934 4466 additione
2983 4404 3260 4467 materiae
3302 4403 3380 4465 a'd
3428 4403 3720 4467 formam.
3766 4406 3998 4468 Distin—

2497 4501 2624 4565 ctio
2653 4510 2867 4563 autem
2902 4521 3016 4583 per
3045 4503 3416 4584 qualitatem
3448 4512 3711 4566 vocatur
3739 4506 3998 4585 quando

2496 4619 2662 4661 unus
2721 4600 3136 4681 distinguitur
3183 4600 3264 4663 ab
3313 4600 3438 4664 alio
3499 4621 3611 4684 per
3657 4602 3994 4684 qualitates

2495 4697 2814 4760 absolutas
2849 4718 2863 4761 ε
2901 4706 2970 4759 ut
3012 4718 3214 4779 quum
3252 4719 3419 4761 unus
3457 4707 3555 4762 est
3596 4700 3802 4775 albuS,
3835 4701 3998 4763 alter

2495 4796 2694 4877 niger.
2758 4796 3092 4859 Distinctio
3150 4815 3301 4860 vero
3359 4816 3474 4878 per
3530 4798 3841 4879 originem
3899 4806 3995 4861 est

2496 4895 2749 4976 quando
2798 4913 2964 4955 unus
3018 4895 3332 4975 producit,
3385 4904 3448 4957 et
3495 4897 3653 4958 alter
3701 4897 3998 4979 produci-

884 4988 1470 5063 ratione-essentiae‚
1504 4989 1655 5070 quia
1695 5007 1965 5069 persona
2004 4991 2389 5053 describitur
2492 4999 2616 5053 tur.
2663 4993 2738 5054 Et
2785 4992 2905 5054 ista
2952 4993 3299 5067 distinctio,
3343 4995 3884 5075 quemadmodum
3935 5004 3998 5059 et

885 5088 1055 5171 quod
1086 5088 1170 5150 sit
1201 5087 1607 5169 suppositum
1640 5086 2088 5150 intellectualis
2123 5096 2383 5164 naturae,

887 5186 1261 5249 distinctum
1303 5186 1687 5267 proprietate
1726 5188 1804 5248 ad
1841 5187 2215 5268 dignitatem
2252 5208 2389 5269 per-

888 5285 1129 5349 tinente
1183 5304 1197 5347 :
1255 5284 1363 5346 ubi
1424 5283 1625 5346 multa
1674 5292 2019 5366 tanguntur
2066 5306 2209 5367 quae
2262 5304 2387 5349 non

2497 5091 2880 5172 praecedenS,
2915 5100 3010 5152 est
3049 5111 3198 5153 vera
3237 5092 3582 5167 distinctiO,
3615 5112 3816 5175 quum
3860 5095 3998 5156 nul-

2497 5190 2557 5251 la
2614 5208 2714 5251 res
2775 5190 3081 5271 producat
3139 5209 3207 5252 se
3264 5191 3489 5273 ipsam.
3543 5192 3879 5274 Quumque
3931 5194 3994 5256 in

2497 5287 2732 5350 divinis
2777 5288 2858 5349 sit
2898 5306 3048 5351 vera
3091 5289 3290 5370 origo,
3333 5298 3430 5352 est
3473 5289 3564 5352 ibi
3607 5299 3670 5352 et
3711 5310 3864 5353 vera
3905 5292 3996 5355 di-
