4359 6250
704 511 857 558 msr.
904 513 1053 559 xxvi
1094 513 1339 576 scunA3
1378 513 1600 568 QnAEs’r.
1641 515 1660 558 1
1699 513 1713 557 :
1756 513 1841 558 AN
1887 513 1947 558 1N
1990 513 2216 557 n1vm1s
2259 511 2394 558 surr
2435 511 2749 556 autA-nme
2791 510 3256 564 PROPRIETATES,
3290 507 3416 553 arc.
3495 486 3612 550 199

506 702 690 750 unus
732 687 913 750 Deus
962 691 1083 768 est,
1124 691 1190 752 et
1234 689 1463 768 utique
1514 689 1695 751 Deus
1748 689 2011 750 sanctus
2056 687 2175 764 est,
2221 688 2287 749 et
2328 686 2506 749 Deus
2555 685 2827 766 spiritus
2875 686 2996 763 est,
3037 684 3254 764 potest
3302 680 3614 763 appellari

502 803 797 866 Trinitas
837 807 903 867 et
944 805 1229 888 Spiritus
1265 806 1565 868 Sanctus
1600 805 1729 868 Sed
1774 807 1993 866 tamen
2034 805 2190 866 tunc
2236 803 2522 883 Spiritus
2563 801 2840 865 Sanctus
2877 801 3145 864 relative
3182 816 3314 861 non
3352 797 3613 876 dicitur,

504 917 629 980 sed
675 920 1038 982 secundum
1085 920 1437 983 essentiam
1480 939 1493 980 :
1537 920 1693 1000 quia
1730 919 1992 1001 proprie
2038 918 2324 1001 Spiritus
2363 917 2663 998 SanctuS,
2696 917 2812 1000 qui
2849 933 2980 980 non
3018 916 3119 981 est
3153 913 3462 994 Trinitas,
3501 912 3617 978 sed

504 1035 579 1097 in
630 1034 969 1116 Trinitate,
1011 1037 1253 1099 dicitur
1296 1035 1589 1100 relative.

502 1268 596 1331 H.
645 1273 951 1337 Quidam
977 1272 1251 1344 putant
1276 1272 1643 1344 Spiritum
1670 1272 2025 1334 Sanctum
2052 1287 2202 1334 non
2233 1273 2377 1333 dici
2407 1272 2724 1333 relative
2755 1275 2854 1333 ad
2883 1271 3188 1334 Patrem
3217 1271 3288 1332 et
3319 1270 3610 1342 Filium,

946 1390 1119 1462 Quia
1160 1401 1310 1450 non
1346 1388 1673 1450 vicissim
1707 1387 2153 1460 respondent
2189 1389 2333 1448 sibi
2366 1389 2769 1462 vocabula,·
2804 1391 2934 1449 sed
2969 1386 3185 1459 falso.

658 1599 937 1672 Quidam
976 1601 1195 1662 tamen
1233 1599 1468 1680 putant
1495 1599 1815 1681 Spiritum
1846 1599 2161 1662 Sanctum
2191 1598 2296 1662 vel
2325 1598 2573 1661 donum
2613 1616 2746 1661 non
2776 1597 2906 1661 dici
2945 1598 3215 1662 relative
3243 1597 3326 1660 ad
3351 1597 3616 1662 Patrem

512 1715 623 1778 vel
669 1715 751 1777 ad
797 1714 1065 1777 Filium.
1110 1714 1181 1778 Si
1222 1715 1423 1793 enim,
1472 1715 1803 1794 inquiunt,
1840 1714 1983 1777 haec
2026 1713 2298 1777 relative
2349 1715 2432 1777 ad
2480 1732 2550 1777 se
2601 1714 2930 1792 dicuntur,
2975 1714 3115 1776 suis
3160 1713 3438 1776 invicem
3491 1713 3618 1776 sibi

510 1831 911 1912 respondent
941 1831 1279 1893 vocabulis
1313 1850 1327 1890 :
1361 1831 1435 1893 ut
1471 1831 1643 1893 sicut
1688 1831 1929 1893 dicitur
1964 1830 2159 1892 Pater
2197 1831 2352 1892 Filii
2389 1831 2605 1910 Pater,
2649 1832 2713 1892 et
2749 1829 2959 1892 Filius
3001 1829 3216 1891 Patris
3251 1828 3486 1909 Filius,
3527 1829 3620 1891 ita

508 1949 775 2010 dicatur
806 1947 1002 2010 Pater
1038 1947 1323 2028 Spiritus
1359 1947 1580 2011 Sancti
1621 1947 1725 2010 vel
1762 1947 1919 2009 doni
1956 1948 2172 2026 Pater,
2212 1948 2277 2009 et
2313 1946 2598 2028 Spiritus
2636 1946 2914 2009 Sanctus
2950 1945 3054 2008 vel
3091 1944 3364 2024 donum,
3404 1945 3621 2008 Patris

510 2065 805 2145 Spiritus
848 2064 952 2126 vel
991 2065 1263 2127 donum.
1308 2063 1438 2127 Sed
1482 2080 1613 2126 non
1664 2063 1755 2126 ita
1797 2066 1896 2126 est
1944 2064 2013 2126 in
2063 2063 2372 2128 omnibus
2419 2063 2711 2126 relativis
2754 2081 2767 2122 :
2810 2079 2941 2124 non
2989 2062 3164 2125 enim
3210 2061 3433 2124 omnia
3469 2079 3618 2142 quae

508 2181 789 2244 relative
841 2180 1172 2260 dicuntur,
1230 2181 1372 2243 suis
1432 2180 1513 2242 ad
1570 2198 1640 2243 se
1700 2181 1985 2244 invicem
2006 2176 2032 2200 *
2088 2179 2486 2260 respondent
2540 2178 2900 2242 vocabulis,
2961 2178 3150 2241 Unde
3205 2177 3618 2259 Augustinus
3665 2195 3684 2216 ·
3704 2195 3892 2240 viauia·

510 2299 759 2359 horum
810 2294 1059 2359 elidens
1111 2296 1513 2377 opinionem,
1556 2297 1619 2358 in
1672 2297 1902 2376 quinto
1952 2296 2117 2358 libro
2165 2296 2247 2358 de
2296 2295 2612 2358 Trinitate
2660 2315 2674 2355 :
2727 2295 2874 2358 Non
2930 2297 2994 2358 te
3043 2294 3328 2372 moveat,
3373 2294 3614 2374 inquit,
3647 2311 3913 2385 ingnora-

514 2413 835 2493 quoniam
880 2413 1175 2475 diximus
1220 2413 1541 2494 Spiritum
1588 2414 1926 2492 Sanctum,
1968 2431 2099 2475 non
2156 2413 2368 2493 ipsam
2410 2411 2820 2488 Trinitatem,
2871 2410 2986 2473 sed
3035 2427 3188 2474 eum
3238 2410 3353 2490 qui
3399 2411 3499 2474 est
3547 2411 3617 2473 in
3644 2375 3910 2489 &ffb-m.

510 2529 857 2608 Trinitate,
898 2529 1169 2592 relative
1214 2529 1369 2609 dici,
1404 2529 1557 2592 licet
1606 2547 1739 2591 non
1786 2530 1847 2592 ei
1894 2528 2284 2609 respondeat
2321 2526 2614 2588 vicissim
2664 2525 3059 2588 vocabulum
3101 2525 3247 2606 ejus
3291 2525 3373 2588 ad
3420 2544 3617 2606 quem

510 2647 817 2710 refertur.
850 2645 1151 2708 Dicimus
1189 2647 1364 2708 enim
1404 2646 1723 2726 Spiritum
1764 2645 2078 2708 Sanctum
2115 2642 2355 2722 PatriS,
2388 2642 2502 2705 sed
2541 2659 2673 2704 non
2703 2641 2998 2704 vicissim
3036 2641 3320 2705 dicimus
3357 2643 3619 2706 Patrem

510 2762 805 2844 Spiritus
840 2762 1086 2840 Sancti,
1116 2778 1199 2824 ne
1235 2762 1445 2824 Filius
1479 2761 1623 2842 ejus
1660 2761 2064 2841 intelligatur
2100 2759 2386 2839 Spiritus
2425 2758 2740 2838 Sanctus3
2781 2758 2941 2820 item
2978 2759 3262 2822 dicimus
3299 2759 3622 2841 Spiritum

510 2882 833 2945 Sanctum
882 2878 1063 2958 Filii,
1102 2877 1217 2940 sed
1264 2895 1397 2940 non
1444 2878 1728 2940 dicimus
1775 2876 2023 2938 Filium
2070 2874 2360 2957 Spiritus
2397 2873 2642 2952 Sancti,
2683 2891 2765 2936 ne
2807 2875 2994 2955 pater
3031 2873 3174 2954 ejus
3221 2874 3625 2954 intelligatur

512 2996 806 3077 Spiritus
842 2995 1142 3058 Sanctus.
1186 2995 1262 3055 In
1300 2993 1531 3056 multis
1569 2993 1746 3056 enim
1786 2991 2077 3055 relativis
2114 2991 2241 3052 hoc
2279 2989 2622 3069 contingit,
2656 2990 2731 3051 ut
2771 3006 2904 3052 non
2941 2989 3312 3053 inveniatur
3343 2989 3626 3052 vocabu-

510 3113 662 3177 lum
708 3129 837 3193 quo
876 3110 1004 3175 sibi
1036 3110 1331 3174 vicissim
1371 3109 1825 3190 respondeant.
1862 3107 2083 3181 Quum
2122 3124 2276 3188 ergo
2318 3105 2602 3169 dicimus
2638 3105 2888 3168 donum
2926 3104 3142 3169 Patris
3180 3107 3244 3170 et
3279 3103 3458 3186 Filii,
3489 3121 3623 3168 non

512 3228 789 3310 quidem
824 3244 1183 3308 possumus
1218 3226 1433 3289 dicere
1460 3225 1725 3287 Patrem
1753 3224 1909 3287 doni
1947 3227 2062 3287 aut
2087 3224 2336 3285 Filium
2373 3222 2564 3302 doni3
2596 3221 2713 3285 sed
2739 3222 2814 3284 ut
2851 3222 2992 3285 haec
3022 3222 3317 3285 vicissim
3355 3239 3624 3303 respon-

514 3346 740 3423 deant,
798 3344 1083 3407 dicimus
1138 3343 1385 3405 donum
1433 3341 1785 3405 donatoris
1841 3342 1905 3404 et
1960 3340 2344 3403 donatorem
2402 3338 2556 3401 doni
2619 3358 2632 3398 ε
2697 3338 2852 3419 quia
2907 3337 3015 3399 hic
3072 3337 3288 3417 potuit
3341 3336 3622 3401 inveniri

514 3462 841 3524 usitatum
884 3459 1305 3537 vocabulum,
1356 3458 1489 3520 illic
1539 3474 1672 3519 non
1728 3458 1965 3539 potuit.
2017 3455 2287 3519 Donum
2338 3471 2490 3534 ergo
2541 3454 2878 3517 donatoris
2924 3454 2990 3516 et
3033 3454 3415 3516 donatorem
3465 3451 3622 3515 doni

512 3594 729 3661 quum
757 3577 1065 3654 dicimuS,
1097 3576 1365 3639 relative
1396 3576 1749 3655 utrumque
1777 3574 1859 3635 ad
1892 3573 2175 3634 invicem
2207 3572 2511 3633 dicimus
2539 3570 2834 3633 Donator
2863 3570 3082 3631 tamen
3115 3586 3246 3631 non
3285 3568 3415 3631 fuit
3442 3568 3622 3632 Deus

512 3695 651 3758 nisi
696 3712 777 3757 ex
824 3694 1144 3772 tempore,
1186 3709 1394 3771 quum
1440 3690 1726 3773 Spiritus
1774 3689 2052 3753 Sanctus
2098 3687 2186 3750 sit
2233 3686 2481 3749 donum
2531 3687 2730 3748 etiam
2778 3684 2860 3747 ab
2909 3685 3172 3747 aeterno.

1089 3968 1447 4032 SUMMA
2046 3932 2097 3992 A
2125 3931 2434 3993 creaturis
2483 3930 2886 4013 quibusdam.
2941 3928 3134 3991 Docet
3181 3946 3434 4011 quoque
3483 3927 3620 4011 Spi-

2125 4030 2320 4090 ritum
2375 4028 2675 4091 Sanctum
2726 4026 2946 4089 referri
2997 4027 3074 4089 ad
3123 4028 3368 4089 Patrem
3408 4046 3483 4089 ac
3525 4028 3620 4089 Fi—

590 4125 1203 4183 DISTINCTIONIS
1242 4122 1643 4179 VICESIMAE
1690 4122 1949 4177 SEXTAE
2126 4127 2308 4201 lium,
2343 4126 2636 4208 quamvis
2677 4143 2802 4188 non
2845 4125 3191 4187 habeamus
3231 4125 3492 4187 nomina
3526 4144 3620 4188 re—

2126 4226 2392 4288 lationes
2424 4244 2565 4305 quae
2596 4233 2744 4285 sunt
2776 4224 2940 4285 inter
2971 4224 3278 4304 Spiritum
3319 4223 3620 4286 Sanctum

678 4315 779 4379 OC
834 4314 974 4376 1000
1023 4320 1245 4375 'tractat
1293 4312 1585 4393 Magister
1630 4312 1707 4373 de
1757 4312 1856 4372 hiS
1906 4329 2020 4392 pel·
2126 4332 2189 4385 et
2218 4324 2462 4385 Patrem
2503 4341 2576 4384 ac
2609 4322 2837 4383 Filium
2880 4322 3137 4403 proprie
3168 4321 3616 4401 significantia.

694 4433 837 4497 quae
896 4430 1181 4494 personae
1239 4430 1505 4475 summae
1557 4429 1629 4472 80
1688 4410 2020 4472 adorandae
2126 4422 2270 4485 Haec
2301 4428 2396 4482 est
2422 4420 2850 4482 distinctionis
2883 4420 3075 4500 hujus
3107 4419 3472 4493 materia‚in
3497 4439 3623 4501 qua

520 4530 558 4573 ὃ
588 4530 661 4573 se
691 4511 969 4573 illVissem
1010 4510 1362 4573 formaliter
1398 4528 1472 4571 ³⁰
1514 4508 1767 4590 ΡῙὈΡΡῘθ
1799 4508 2019 4570 distin·
2131 4519 2648 4602 profundissimae
2692 4516 3106 4580 difficultates
3150 4526 3515 4600 erumpunt.

520 4618 843 4691 guuntur3
885 4608 1215 4690 praemittit
1246 4616 1457 4670 tamen
1492 4608 1568 4669 de
1609 4606 2021 4687 significatio-

522 4727 603 4771 ne
650 4706 927 4771 nominis
972 4706 1186 4787 hujuS‚
1230 4706 1608 4788 hypostasiS,
1646 4712 1709 4767 et
1750 4704 2023 4787 qualiter

520 4806 844 4868 interdum
887 4803 1009 4865 sub
1050 4822 1169 4864 usu
1210 4812 1273 4865 et
1312 4802 1778 4884 significatione
1822 4802 2021 4885 ipsius
2448 4778 2924 4852 QUAESTIO
2990 4778 3320 4843 PRIMA

520 4904 815 4978 obscura,
852 4902 1040 4965 latuit
1076 4901 1316 4964 fraudis
1346 4920 1687 4973 vencnum,
1722 4910 1909 4984 prout
1942 4900 2021 4963 is-

522 5002 637 5065 tud
678 5002 809 5081 jam
858 5001 925 5063 in
967 4998 1213 5061 duabus
1260 4999 1764 5080 praecedentibus
1804 5000 2023 5061 distin·
2276 4999 2544 5062 Uaeritur
2575 4998 2766 5079 igitur
2799 4998 3027 5079 prime,
3050 5000 3178 5063 An
3207 5000 3294 5065 in
3325 4998 3625 5066 divinis

522 5099 847 5162 ctionibus
878 5104 977 5160 est
1006 5115 1397 5178 expressum.
1424 5095 1895 5176 Consequenter
1922 5116 2020 5159 os·
2056 5102 2102 5163 B
2138 4998 2268 5196 Q
2295 5097 2674 5179 ponendoe
2710 5098 2877 5162 Sint
2913 5096 3279 5163 relativoe
3316 5097 3624 5178 propri-

522 5198 749 5272 tendit,
783 5195 1063 5279 qualiter
1091 5214 1229 5257 esse
1259 5193 1471 5256 filium
1506 5194 1617 5256 Dei
1653 5192 2023 5256 differenter
2130 5199 2392 5263 etates
2439 5211 2580 5277 per
2629 5208 2826 5276 quas
2877 5206 3228 5273 personoe
3273 5194 3370 5261 ab
3417 5196 3624 5263 invi-

526 5303 851 5378 competat
911 5293 1185 5357 naturali
1243 5301 1305 5356 et
1366 5291 1691 5375 unigenito
1749 5292 1907 5355 Filio
1964 5300 2026 5355 et
2132 5308 2306 5361 cem
2348 5293 2968 5371 distinguantur.
