4359 6250
505 485 593 531 AN
632 485 985 532 PRINCIPIUM
1021 484 1281 530 mentm
1322 482 1579 530 UNn’ocn
1617 483 1695 528 ΒΕ
1735 482 1851 528 Dsso
1890 482 2153 528 mtsrltm·
2156 483 2194 528 U
2233 483 2412 530 [erth
2453 484 2739 531 PERSONAE
2779 486 2861 529 AD
2899 485 3112 542 ALIAM,
3145 483 3273 530 ETC.
3320 467 3438 531 287

348 654 504 717 Patri
536 663 832 737 respectu
875 653 1309 737 productionis
1340 651 1483 714 Filii
1514 658 1578 714 et
1608 651 1839 733 produ-
1868 652 1919 714 Α
1950 650 2121 714 solus
2162 652 2342 713 Pater
2384 659 2477 714 est
2522 652 2914 734 principium
2960 651 3124 726 Filii,
3157 652 3336 715 Pater
3377 659 3441 714 et

349 753 571 815 ctionis
622 753 899 834 Spiritus
950 752 1183 826 Sancti,
1218 750 1661 812 univocatione
1711 766 1837 811 non

348 851 595 930 generis
644 851 747 912 vel
801 850 1061 933 speciei,
1114 850 1416 932 quoniam
1478 849 1544 910 in
1603 847 1838 910 divinis

350 966 469 1010 non
520 957 617 1010 est
668 949 829 1011 ratio
879 947 1278 1021 universaliS,
1330 947 1439 1009 sed
1491 946 1840 1028 proportio-

350 1046 442 1107 nis
492 1064 507 1107 :
556 1066 699 1128 quae
749 1045 1075 1128 proportio
1124 1045 1429 1107 fundatur
1478 1063 1670 1126 super
1719 1044 1841 1105 hoc

352 1162 707 1216 commune,
741 1145 911 1226 quod
952 1144 1118 1206 sicut
1155 1144 1352 1205 Filius
1394 1161 1521 1205 non
1561 1162 1597 1204 a
1626 1161 1695 1203 se
1729 1141 1839 1203 sed

351 1241 423 1303 ab
470 1242 599 1306 alio
647 1241 840 1303 habet
892 1242 1257 1315 essentiam,
1309 1243 1397 1304 ita
1445 1247 1507 1303 et
1567 1239 1839 1322 Spiritus

352 1341 632 1401 Sanctus
668 1339 731 1402 Si
770 1348 984 1401 autem
1024 1339 1377 1420 accipiatur
1414 1339 1573 1401 ratio
1608 1336 1841 1420 princi-

353 1437 433 1518 pii
482 1456 521 1498 a
570 1436 834 1518 speciali
886 1437 1073 1499 modo
1119 1437 1500 1518 accipiendi,
1543 1435 1840 1497 videlicet

352 1553 458 1615 per
482 1535 962 1615 generationem
993 1542 1101 1596 aut
1130 1535 1543 1617 spirationem
1574 1533 1675 1596 vel
1710 1551 1841 1594 cre-

350 1633 644 1707 ationem,
681 1641 831 1695 tunc
862 1632 1099 1714 triplici
1132 1633 1375 1696 ratione
1414 1633 1733 1695 diceretur
1761 1631 1838 1692 de

352 1731 568 1793 tribuS.
614 1767 694 1776 --
736 1732 1034 1805 Quamvis
1082 1750 1231 1812 ergo
1282 1731 1440 1793 nihil
1492 1730 1836 1792 univocum

1950 748 2145 811 Filius
2177 757 2326 811 sunt
2357 751 2744 831 principium
2779 751 3051 832 Spiritus
3084 750 3318 824 Sancti,
3341 751 3446 812 Pa-

1952 855 2046 910 ter
2076 866 2224 910 vero
2255 855 2318 910 et
2359 848 2550 910 Filius
2583 857 2645 910 et
2676 849 2948 930 Spiritus
2989 849 3255 911 Sanctus
3295 855 3444 910 sunt

1952 945 2342 1028 principium
2379 955 2830 1009 creaturarum.
2865 948 3239 1021 Dicendum,
3273 947 3442 1028 quod

1951 1044 2342 1125 principium
2394 1045 2458 1106 in
2509 1045 2742 1108 divinis
2792 1063 2920 1108 non
2969 1046 3172 1108 solum
3225 1045 3444 1107 differt

1950 1143 2301 1206 secundum
2336 1144 2718 1224 paucitatem
2751 1152 2813 1207 et
2843 1144 3272 1226 pluralitatem
3303 1163 3446 1225 sup·

1952 1241 2324 1321 positorum,
2359 1243 2468 1304 sed
2519 1243 2870 1304 secundum
2915 1243 3223 1305 rationem
3271 1243 3442 1324 prin-

1950 1339 2126 1420 cipii,
2170 1358 2244 1403 eo
2294 1341 2461 1422 quod
2509 1341 2898 1422 principium
2946 1359 3073 1403 uno
3117 1341 3304 1403 modo
3348 1348 3444 1402 est

1950 1437 2027 1500 de
2057 1437 2410 1500 substantia
2449 1458 2562 1500 sua
2598 1439 2955 1521 producens
2993 1440 3285 1512 alterum,
3319 1439 3444 1501 alio

1953 1536 2137 1598 modo
2186 1555 2262 1598 ex
2313 1536 2535 1598 nihilo,
2587 1536 2938 1599 Producere
2985 1545 3199 1600 autem
3249 1537 3326 1599 de
3377 1555 3444 1599 se

1948 1641 2012 1694 et
2060 1635 2410 1715 producere
2459 1654 2535 1696 ex
2586 1635 2790 1697 nihilo
2835 1643 2944 1696 aut
2984 1654 3062 1697 ex
3103 1635 3250 1710 alio,
3297 1642 3447 1697 sunt

1948 1740 2126 1793 actus
2190 1732 2562 1795 differentes
2622 1733 2862 1796 ratione
2921 1741 2983 1795 et
3042 1733 3439 1796 definitione.

352 1830 425 1891 sit
452 1837 694 1893 aeterno
722 1838 787 1892 et
827 1830 1183 1912 temporali,
1215 1829 1460 1911 aliquid
1501 1836 1713 1890 tamen
1742 1835 1837 1889 est
1875 1827 1922 1890 B
1951 1831 2093 1893 Haec
2135 1831 2506 1894 Alexander.

351 1928 437 1988 eis
480 1926 821 2009 analogum
870 1928 1157 2009 analogia
1200 1927 1568 2009 frequenter
1616 1933 1837 2008 praeta-

352 2035 459 2087 cta.
497 2027 574 2087 Et
626 2027 745 2088 hoc
794 2035 893 2088 est
938 2027 1337 2108 aequivocum
1388 2026 1452 2087 in
1501 2026 1620 2086 hoc
1669 2024 1838 2106 quod

352 2131 550 2204 potest
578 2124 881 2186 inducere
915 2124 1123 2187 locum
1156 2123 1575 2206 sophisticum
1603 2123 1713 2204 qui
1744 2130 1840 2184 est

350 2222 761 2302 aequivocatio
775 2240 791 2300 ;
825 2223 936 2284 sed
980 2241 1107 2284 non
1147 2229 1243 2284 est
1286 2222 1685 2304 aequivocum
1726 2239 1840 2302 per

351 2339 561 2382 casum
606 2329 671 2383 et
718 2321 1063 2394 fortunam,
1097 2322 1206 2383 sed
1256 2321 1608 2384 secundum
1660 2319 1839 2401 prius

348 2425 406 2480 et
432 2419 752 2500 posterius
781 2419 1047 2482 dictum.
1074 2419 1150 2481 Et
1178 2419 1299 2481 hoc
1330 2420 1607 2480 innuunt
1637 2418 1695 2480 S.
1727 2417 1837 2478 Ba—

350 2517 469 2579 silii
521 2517 740 2591 verba,
787 2518 1059 2580 dicentis
1108 2519 1277 2600 quod
1326 2518 1637 2599 accipere,
1690 2535 1835 2578 cum

348 2615 515 2678 omni
549 2622 843 2678 creatura
882 2634 1219 2679 commune
1250 2624 1347 2679 est
1378 2616 1572 2694 Fili03
1604 2614 1837 2676 habere

349 2720 556 2776 autem
599 2733 715 2795 per
743 2720 1057 2789 naturam,
1092 2714 1233 2794 ejus
1270 2721 1367 2776 est
1405 2713 1515 2795 qui
1557 2713 1730 2775 solus
1761 2729 1838 2774 ex

349 2819 569 2873 natura
626 2819 725 2874 est
785 2812 1001 2874 Patris.
1064 2813 1279 2894 Itaque
1342 2818 1672 2893 respectus
1732 2810 1839 2871 ille

350 2909 409 2970 in
450 2910 803 2983 communi,
836 2911 1159 2991 analogice
1200 2929 1365 2972 unus
1408 2917 1521 2971 est.
1558 2909 1700 2972 Haec
1738 2909 1839 2972 Al-

349 3007 579 3070 bertus».

424 3107 605 3170 Circa
647 3107 785 3171 haec
834 3106 1117 3189 loquitur
1152 3106 1505 3170 Alexander
1549 3124 1562 3168 ε
1605 3105 1841 3169 Princi-

348 3206 521 3286 pium
552 3207 911 3269 secundum
942 3205 1056 3268 hos
1085 3214 1213 3268 tres
1246 3207 1465 3269 modos
1497 3224 1624 3269 non
1656 3206 1843 3287 aequi·

348 3321 497 3367 voce
524 3305 787 3379 dicitur,
806 3305 918 3367 sed
949 3305 1300 3366 secundum
1331 3305 1703 3386 analogiam,
1721 3306 1842 3367 hoc

347 3410 437 3463 cst
492 3404 855 3465 secundum
913 3402 1089 3483 prius
1138 3409 1201 3464 et
1249 3404 1565 3484 posterius
1624 3422 1844 3465 secun-

348 3500 495 3563 dum
544 3501 987 3582 intelligentiae
1045 3501 1375 3576 rationem,
1427 3503 1549 3564 hoc
1608 3509 1704 3564 est
1751 3520 1844 3563 se-

350 3601 629 3661 cundum
674 3600 969 3662 ordinem
1014 3600 1429 3681 intelligendi.
1466 3600 1618 3662 Esse
1668 3619 1842 3663 nam-

350 3716 467 3777 que
512 3698 796 3778 alicujus
847 3698 1259 3780 principium,
1315 3699 1481 3761 idem
1532 3706 1629 3761 est
1673 3698 1844 3780 quod

349 3796 523 3877 origo
546 3797 631 3859 ad
664 3796 844 3858 illud.
880 3796 1031 3859 Esse
1060 3804 1274 3859 autem
1306 3798 1482 3879 origo
1512 3798 1589 3859 ad
1619 3797 1841 3871 alium,

348 3904 439 3957 est
482 3896 583 3959 vel
630 3914 709 3957 ex
753 3894 1109 3958 substantia
1152 3895 1408 3977 propria
1449 3896 1550 3958 vel
1597 3914 1722 3958 non
1767 3896 1845 3957 de

348 3994 721 4057 substantia.
760 3994 823 4057 Si
866 4012 992 4056 non
1034 3994 1111 4056 de
1151 3995 1525 4068 substantia,
1560 3995 1650 4057 sic
1695 3994 1846 4057 dici-

350 4098 449 4151 tur
488 4092 889 4173 principium
932 4099 1233 4155 creaturae
1273 4092 1543 4154 Trinitas
1590 4093 1745 4173 ipsa.
1781 4091 1843 4154 Si

2031 1929 2297 2010 Insuper
2325 1929 2402 1990 de
2438 1929 2556 1990 hac
2589 1937 2653 1990 et
2683 1929 3064 2010 praecedenti
3096 1929 3444 2011 quaestione

1950 2026 2173 2088 scribit
2203 2027 2644 2089 Bonaventura
2677 2044 2691 2088 ε
2726 2027 2969 2090 Nomen
2999 2028 3257 2111 aliquod
3286 2028 3448 2089 acci·

1952 2125 2015 2206 pi
2048 2124 2420 2186 differenter
2452 2125 2516 2186 in
2548 2125 2804 2200 divinis,
2839 2132 3046 2206 potest
3074 2144 3212 2188 esse
3243 2125 3446 2206 tripli-

1950 2221 2146 2282 citer:
2173 2221 2404 2302 primo,
2431 2222 2637 2303 quoad
2669 2221 3109 2303 suppositum;
3142 2222 3442 2296 secund0,

1949 2321 2156 2400 quoad
2217 2318 2698 2400 significatum3
2750 2320 2956 2394 tertio,
3008 2327 3319 2401 quantum
3367 2320 3446 2381 ad

1950 2425 2380 2480 connotatum.
2415 2418 2626 2481 Primo
2657 2418 2845 2480 modo
2880 2417 3254 2480 differenter
3281 2418 3446 2480 acci-

1949 2517 2125 2598 pitur
2184 2534 2416 2579 nomen
2480 2517 2619 2590 hoc,
2681 2518 2869 2591 DeuS,
2926 2536 3128 2599 quum
3186 2517 3442 2592 dicitur,

1949 2617 2114 2678 Deus
2161 2623 2258 2677 est
2301 2615 2574 2688 trinitas,
2617 2623 2702 2688 et,
2746 2616 2910 2678 Deus
2955 2623 3213 2696 generat
3247 2633 3260 2676 :
3295 2616 3448 2696 quia

1950 2713 2014 2774 in
2049 2713 2258 2795 prima
2285 2714 2598 2796 accipitur
2628 2732 2743 2796 pro
2781 2720 3028 2790 natura,
3063 2714 3129 2776 in
3169 2715 3447 2776 secunda

1951 2830 2065 2894 pro
2104 2831 2392 2894 persona.
2431 2813 2506 2874 Et
2546 2813 2664 2874 hoc
2703 2830 2832 2875 non
2876 2812 3124 2874 inducit
3165 2813 3445 2894 aliquam

1952 2911 2492 2992 multiplicitatem
2543 2919 2651 2973 aut
2703 2911 3286 2993 aequivocationem.
3341 2911 3446 2972 Se-

1876 3007 1920 3072 C
1952 3009 2160 3071 cundo
2207 3009 2394 3072 modo
2437 3009 2749 3090 contingit
2792 3026 3024 3071 nomen
3074 3008 3447 3070 differenter

1949 3108 2153 3189 accipi
2210 3115 2522 3190 quantum
2579 3107 2656 3169 ad
2717 3106 3174 3188 significatum,
3226 3126 3448 3170 secun-

1951 3207 2103 3268 dum
2154 3207 2324 3288 quod
2375 3223 2608 3268 nomen
2651 3206 2718 3267 in
2762 3226 2889 3268 una
2931 3206 3030 3268 sui
3079 3207 3446 3288 acceptione

1951 3303 2273 3386 significat
2329 3305 2692 3378 essentiam,
2746 3304 2811 3366 in
2865 3305 2989 3366 alia
3035 3323 3373 3387 personam
3430 3322 3444 3366 :

1952 3404 2118 3465 sicut
2147 3405 2268 3466 hoc
2299 3422 2554 3477 nomen,
2591 3412 2789 3485 pater,
2825 3423 3024 3485 quum
3056 3404 3311 3477 dicitur,
3346 3404 3448 3465 Pa-

1951 3510 2046 3564 ter
2077 3502 2389 3583 unigeniti
2421 3502 2584 3575 Filii,
2618 3509 2702 3575 et,
2735 3503 2913 3563 Pater
2953 3509 3183 3564 noster.
3219 3502 3296 3563 Et
3326 3501 3445 3564 hoc

1953 3600 2199 3662 inducit
2246 3600 2832 3682 aequivocationem,
2867 3601 3170 3681 quoniam
3218 3607 3315 3661 est
3357 3600 3448 3661 di-

1953 3698 2216 3759 versitas
2248 3696 2736 3778 significationis
2776 3714 2902 3759 non
2946 3696 3010 3757 in
3042 3715 3109 3758 re
3141 3696 3299 3777 ipsa,
3335 3696 3445 3757 sed

1954 3796 2020 3857 in
2050 3795 2491 3876 significando.
2527 3794 2736 3857 Tertio
2775 3795 2963 3857 modo
2999 3794 3310 3875 contingit
3340 3811 3446 3855 no-

1956 3912 2101 3955 men
2133 3893 2507 3955 differenter
2544 3892 2748 3974 accipi
2790 3891 3032 3953 ratione
3073 3892 3392 3953 connotati
3427 3909 3442 3953 ε

1955 3991 2492 4072 quemadmodum
2532 3990 2924 4072 principium
2963 3989 3207 4052 dictum
3240 4008 3450 4051 essen-

1954 4090 2211 4165 tialiter,
2265 4096 2562 4152 connotat
2618 4089 2925 4152 effectum
2984 4089 3050 4151 in
3109 4096 3444 4168 creatura3

351 4190 425 4251 de
453 4191 836 4264 substantia,
871 4191 989 4253 hoc
1030 4198 1126 4253 est
1155 4192 1256 4255 vel
1297 4210 1411 4272 per
1442 4192 1702 4254 modum
1743 4210 1847 4253 na-
1874 4195 1924 4256 D
1954 4188 2196 4249 dictum
2229 4205 2378 4249 vero
2410 4186 2844 4268 personaliter,
2870 4186 2962 4248 nil
2995 4194 3291 4249 connotat
3323 4205 3451 4247 cre-

351 4293 503 4352 turae
532 4298 599 4351 et
629 4308 747 4371 per
774 4290 1269 4370 generationem,
1295 4290 1515 4370 sicque
1543 4290 1722 4352 Pater
1750 4298 1847 4351 est

354 4387 748 4470 principium
798 4388 979 4467 Filii3
1012 4388 1113 4450 vel
1160 4407 1272 4470 per
1315 4388 1576 4450 modum
1622 4388 1844 4450 volun-

355 4485 493 4547 tatis
522 4496 587 4547 et
628 4486 1067 4568 spirationem,
1100 4494 1162 4547 et
1204 4486 1295 4547 sic
1336 4487 1514 4548 Pater
1546 4494 1610 4547 et
1650 4486 1844 4548 Filius

354 4592 497 4646 sunt
526 4584 923 4667 principium
956 4584 1229 4664 Spiritus
1270 4582 1502 4647 Sancti.
1536 4620 1617 4629 —
1646 4585 1710 4647 Si
1741 4603 1847 4646 au-

356 4688 477 4745 tem
520 4682 888 4764 objiciatur,
931 4682 1101 4763 quod
1144 4682 1429 4764 paucitas
1479 4701 1590 4744 seu
1641 4681 1847 4763 plura-

358 4778 491 4842 litas
522 4780 1003 4863 suppositorum
1042 4798 1171 4843 non
1204 4788 1405 4842 mutat
1444 4780 1721 4843 nominis
1752 4799 1847 4843 ra—

358 4878 591 4941 tionem
646 4896 661 4939 :
715 4864 865 4940 nam
924 4877 1114 4941 homo
1169 4879 1439 4941 univoce
1487 4878 1721 4940 dicitur
1770 4880 1847 4941 de

358 4977 573 5055 paucis
605 4984 669 5038 et
700 4976 921 5038 multis
953 4976 1299 5038 individuis
1340 4976 1491 5038 suis.
1528 4976 1647 5038 Sed
1679 4977 1850 5058 prin-

358 5076 599 5157 cipium
632 5075 838 5137 modis
870 5074 1147 5156 praefatis
1180 5082 1536 5156 acceptum,
1571 5092 1698 5137 non
1728 5074 1848 5137 dif-

356 5173 474 5235 fert
528 5174 655 5235 nisi
703 5173 1059 5236 secundum
1108 5173 1490 5255 paucitatem
1534 5181 1598 5235 et
1640 5173 1849 5255 plura-

360 5271 599 5335 litatem
648 5271 1148 5355 suppositorum,
1202 5271 1499 5334 videlicet
1544 5272 1846 5353 quoniam

1955 4294 2148 4348 atum.
2219 4284 2296 4346 Et
2358 4286 2525 4347 istud
2591 4286 2835 4347 inducit
2905 4285 3449 4367 multiplicitatem

1956 4385 2304 4447 secundum
2332 4383 2700 4465 analogiam,
2726 4402 2852 4446 non
2883 4383 3232 4445 secundum
3263 4383 3452 4465 aequi-

1954 4483 2370 4546 vocationem.
2394 4481 2756 4544 Secundum
2786 4480 3138 4562 analogiam
3168 4482 3445 4563 quidem,

1954 4581 2257 4663 quoniam
2289 4598 2523 4643 nomen
2552 4579 2866 4660 accipitur
2894 4596 3009 4659 pro
3039 4579 3306 4641 diversis
3336 4598 3450 4642 seu

1956 4680 2206 4741 diversa
2270 4679 2570 4760 importat
2635 4697 2775 4759 quae
2836 4694 2964 4739 non
3030 4678 3265 4740 habent
3323 4679 3449 4741 nisi

1958 4778 2267 4839 unitatem
2299 4776 2726 4859 proportionis
2755 4793 2769 4837 ι
2799 4775 3036 4839 idcirco
3065 4795 3324 4839 necesse
3353 4784 3450 4839 est

1960 4876 2045 4938 ibi
2099 4875 2380 4937 incidere
2429 4875 2819 4955 analogiam3
2871 4891 2999 4935 non
3047 4876 3448 4956 aequivocati-

1958 4992 2144 5037 onem
2183 4990 2196 5035 ε
2230 4973 2382 5055 quia
2419 4971 2833 5053 aequivocatio
2872 4970 3086 5052 plures
3125 4970 3315 5034 habet
3353 4973 3448 5034 in·

1958 5072 2342 5146 stitutioneS,
2361 5078 2549 5152 atque
2581 5087 2695 5152 pro
2724 5067 3008 5151 qualibet
3039 5069 3450 5133 determinate

1959 5171 2295 5253 accipitur,
2349 5178 2420 5232 ut
2469 5170 2533 5231 in
2584 5168 2704 5230 hoc
2755 5166 3032 5240 nomine,
3081 5168 3290 5246 canis;
3337 5170 3449 5232 sed

1962 5289 2089 5333 non
2134 5270 2224 5333 ita
2265 5288 2333 5331 se
2378 5267 2566 5330 habet
2608 5264 3021 5348 principium,
3055 5265 3206 5347 quia
3249 5265 3450 5350 impo-
