4359 6250
102 3660 215 3706 Rom.
235 3676 263 3714 ι,
286 3665 357 3706 32.

899 520 1015 568 ctm
1054 520 1248 569 BONUS
1288 520 1363 567 ET
1406 519 1659 567 SAPIENS
1700 518 1855 565 DEUS
1898 518 2236 565 PEmssTrAT
2275 517 2388 565 ΤΟΤ
2429 519 2591 565 Flam
2632 519 2823 577 MALA,
2865 518 2992 566 ETC.

3379 496 3498 565 637

394 695 541 757 dam
576 694 835 758 miseri?
867 695 1218 757 Dicendum
1244 710 1259 754 t
1284 700 1348 754 ut
1385 692 1594 765 credo,
1619 690 1673 752 si
1702 691 1894 752 homo
1922 688 1972 751 A
2081 690 2300 771 ltaque
2330 691 2494 752 Deus
2532 689 2701 770 juste
2731 689 2884 751 sinit
2923 688 3068 751 fieri
3103 686 3285 750 mala.
3320 687 3498 762 Quod

393 794 697 867 stetisset,
737 811 862 855 non
912 793 1235 855 venissent
1287 790 1501 872 plures
1548 789 1626 851 ad
1674 806 1893 869 super-

392 911 543 953 nam
581 892 927 954 Jerusalem
973 909 1165 973 quam
1212 890 1399 951 modo
1440 895 1590 950 sunt
1633 905 1895 968 perven-

390 989 545 1061 turi,
598 990 685 1051 ita
744 990 914 1071 quod
976 987 1124 1049 mali
1183 987 1364 1069 quasi
1416 1004 1493 1047 ex
1542 982 1889 1047 abundanti

390 1094 564 1161 sunt,
601 1106 718 1149 nec
750 1096 899 1149 sunt
928 1087 993 1148 in
1030 1086 1446 1168 reputatione.
1485 1084 1715 1165 Sicque
1747 1101 1893 1144 con-

390 1185 751 1247 cedendum
780 1185 1086 1267 est,quod
1112 1183 1423 1246 ordinatio
1456 1182 1603 1244 mali
1636 1179 1788 1243 facit
1811 1180 1889 1242 ad

390 1283 937 1365 complementum
984 1281 1265 1345 universi
1308 1279 1719 1353 accidentale,
1762 1295 1887 1340 non

388 1382 633 1443 malum
674 1390 745 1443 ut
784 1382 1043 1443 malum.
1079 1418 1159 1425 —
1191 1381 1333 1443 Haec
1370 1380 1828 1441 Bonaventura.

468 1480 629 1542 Hinc
679 1480 1132 1561 irrefragabilis
1180 1480 1409 1541 Doctor
1450 1476 1828 1557 conscripsit
1871 1493 1885 1537 :

387 1579 563 1641 Hanc
592 1579 1008 1660 quaestionem
1042 1577 1229 1640 solvit
1252 1575 1643 1657 Augustinus
1673 1582 1891 1636 contra

388 1678 691 1739 Faustum
724 1676 889 1739 libro
920 1677 1237 1740 secundo:
1264 1676 1351 1738 Ad
1387 1674 1763 1748 naturalem,
1798 1672 1889 1733 in-

387 1775 640 1858 quiens,
690 1775 953 1857 justitiae
1002 1776 1289 1837 ordinem
1343 1773 1619 1855 pertinet
1662 1780 1726 1833 ut
1780 1778 1887 1833 aut

2002 796 2214 851 tamen
2256 806 2384 851 non
2416 795 2623 870 potest
2662 788 2789 850 dici
2822 789 2898 850 de
2936 787 3186 868 justitia
3222 806 3363 869 quae
3402 796 3499 849 est

2000 887 2319 967 exigentia
2361 887 2756 960 meritorum,
2792 905 2908 947 nec
2951 886 3030 947 de
3069 885 3318 966 justitia
3356 905 3498 967 quae

2000 992 2096 1047 est
2125 986 2356 1047 veritas
2387 986 2497 1047 Dei
2529 986 2852 1066 (peccator
2881 985 3054 1047 enim
3095 1002 3224 1046 non
3255 992 3347 1046 est
3390 984 3500 1046 tali

2000 1084 2418 1163 permissione
2450 1083 2699 1163 dignuS,
2734 1090 2794 1145 et
2827 1083 3059 1144 veritas
3089 1082 3201 1144 Dei
3231 1082 3501 1164 requirit

2000 1188 2067 1243 ut
2120 1182 2331 1244 statim
2387 1182 2716 1262 infligatur
2765 1181 2922 1243 ultio
2973 1180 3354 1264 peccatori);
3388 1182 3499 1243 sed

1999 1280 2075 1342 de
2123 1279 2374 1361 justitia
2417 1300 2558 1361 quae
2602 1288 2693 1341 est
2741 1279 3153 1342 condecentia
3196 1279 3498 1342 bonitatis

1999 1378 2255 1450 divinae,
2298 1379 2375 1440 de
2420 1398 2547 1461 qua
2595 1378 2682 1440 ait
2726 1379 3066 1440 Anselmus
3103 1395 3116 1439 :
3152 1378 3214 1440 Si
3265 1378 3494 1459 parcis,

1998 1494 2036 1539 o
2085 1478 2372 1550 Domine,
2422 1478 2592 1557 juste
2652 1478 2881 1559 parcis,
2935 1478 3086 1560 quia
3144 1478 3263 1540 hoc
3322 1485 3496 1539 tuam

1999 1576 2304 1639 condecet
2361 1576 2729 1639 bonitatem.
2784 1576 3097 1639 Condecet
3155 1577 3324 1639 enim
3385 1577 3495 1639 Dei

2000 1674 2348 1737 bonitatem
2391 1683 2458 1736 ut
2498 1693 2624 1738 non
2669 1683 2870 1737 mutet
2909 1675 3196 1737 ordinem
3237 1694 3272 1737 a
3304 1694 3370 1737 se
3404 1674 3497 1736 in-

2000 1773 2293 1834 stitutum
2330 1790 2343 1833 :
2379 1773 2708 1835 constituit
2738 1780 2951 1835 autem
2991 1773 3360 1835 rationalem
3393 1792 3498 1836 na-

388 1882 649 1955 peccata
695 1892 823 1935 non
874 1874 1022 1946 sint,
1056 1880 1164 1935 aut
1212 1872 1528 1954 impunita
1576 1890 1713 1933 esse
1760 1888 1885 1932 non
1924 1873 1970 1935 B
2002 1878 2206 1931 turam
2261 1870 2526 1933 liberam
2575 1890 2713 1933 esse
2764 1880 2832 1932 ut
2881 1870 3070 1933 saciat
3117 1871 3285 1953 quod
3335 1872 3492 1935 vult.

386 1972 675 2051 valeant3
720 1980 782 2033 et
830 1972 1280 2054 quodcumque
1329 1972 1596 2033 istorum
1646 1969 1887 2031 contin-

386 2078 515 2150 gat,
549 2070 853 2133 naturalis
897 2070 1051 2134 ordo
1094 2076 1401 2143 servatur,
1435 2075 1498 2131 et
1542 2069 1593 2129 si
1636 2085 1760 2129 non
1806 2066 1887 2128 ab

386 2170 623 2243 anima,
658 2177 827 2231 certe
867 2186 903 2230 a
942 2169 1087 2231 Deo.
1124 2169 1215 2230 Ex
1250 2185 1377 2249 quo
1416 2173 1682 2238 constat,
1717 2165 1884 2246 quod

387 2266 505 2328 etsi
543 2267 642 2329 lex
670 2275 904 2330 aeterna
933 2268 1101 2329 sinat
1130 2266 1271 2329 fieri
1308 2266 1492 2339 mala,
1516 2282 1642 2327 non
1674 2273 1885 2325 tamen

388 2386 465 2429 ea
507 2366 741 2428 deserit
783 2366 1118 2448 impunita.

470 2464 535 2527 Si
581 2473 795 2527 autem
843 2464 1205 2545 objiciatur,
1241 2464 1411 2546 quod
1460 2460 1886 2525 sextodecimo

386 2564 467 2625 de
498 2563 763 2625 Civitate
794 2563 905 2626 Dei
949 2562 1228 2645 loquitur
1256 2562 1646 2643 Augustinus
1672 2578 1686 2621 ε
1712 2559 1886 2623 Sicut

387 2678 519 2722 non
557 2668 652 2723 est
690 2659 1133 2723 beneficentiae
1170 2667 1240 2722 ut
1276 2657 1515 2721 bonum
1547 2657 1717 2739 quod
1756 2676 1884 2718 ma-

384 2758 493 2839 jus
530 2766 628 2819 est
663 2757 1042 2832 dimittatur,
1078 2758 1165 2820 ita
1203 2775 1329 2819 non
1370 2764 1466 2817 est
1506 2754 1884 2839 innocentiae

387 2858 705 2938 parcendo
733 2858 941 2919 sinere
972 2875 1052 2919 ne
1084 2855 1149 2917 in
1181 2855 1421 2917 malum
1449 2854 1705 2935 gravius
1734 2853 1887 2915 inci-

387 2956 593 3018 datur.
628 2956 749 3019 Sed
790 2955 1126 3037 permissio
1166 2962 1262 3017 est
1299 2961 1591 3035 respectu
1634 2953 1783 3014 mali
1816 2961 1885 3014 ut

387 3073 516 3117 non
570 3054 889 3117 incidatur
937 3054 1002 3115 in
1059 3054 1315 3136 gravius
1376 3053 1617 3114 malum
1669 3068 1683 3113 ε

387 3173 517 3217 non
580 3161 821 3235 spectat
883 3154 959 3215 ad
1023 3153 1452 3215 innocentiam
1519 3149 1885 3232 permittere

390 3253 575 3314 mala.
608 3287 689 3297 —-
728 3253 884 3314 ltem
922 3251 1313 3333 Augustinus
1362 3250 1599 3312 ibidem
1645 3267 1658 3311 :
1696 3249 1887 3311 Perti-

387 3359 499 3413 net
527 3351 605 3412 ad
636 3350 995 3412 innocentis
1025 3349 1341 3422 officium,
1378 3365 1502 3410 non
1540 3347 1747 3410 solum
1779 3367 1885 3410 ne-

391 3449 551 3511 mini
602 3449 841 3511 malum
890 3447 1148 3521 inferre,
1202 3466 1423 3509 verum
1474 3447 1664 3509 etiam
1715 3446 1886 3508 cohi-

390 3547 543 3610 bere
572 3567 609 3608 a
648 3554 923 3629 peccato.
960 3581 1037 3592 -—
1070 3546 1146 3634 Et
1184 3563 1377 3627 super
1415 3545 1574 3606 illud
1604 3543 1884 3626 Apostoli

390 3647 471 3708 ad
499 3647 835 3719 Romanos,
868 3645 1004 3708 Non
1046 3645 1253 3706 solum
1284 3643 1458 3723 digni
1499 3651 1646 3705 sunt
1686 3650 1887 3705 morte

390 3745 503 3826 qui
535 3744 780 3807 faciunt
810 3763 903 3819 ea,
936 3744 1047 3806 sed
1087 3743 1278 3805 etiam
1310 3742 1421 3824 qui
1457 3742 1883 3816 consentiunt,

387 3839 479 3905 ait
526 3843 745 3907 Glossa
786 3860 799 3905 :
840 3842 1229 3916 Consentire,
1282 3849 1377 3903 est
1430 3848 1636 3903 tacere
1685 3860 1885 3923 quum

386 3941 597 4024 possis
627 3961 909 4022 arguere.
945 3940 1065 4003 Sed
1098 3941 1263 4001 Deus
1300 3940 1725 4021 permittendo
1758 3959 1885 4001 ma-

384 4041 469 4116 la,
504 4047 669 4103 tacet
704 4058 718 4102 :
751 4057 900 4120 ergo
943 4038 1275 4102 consentit.

468 4139 821 4201 Dicendum
862 4138 937 4200 ad
970 4137 1275 4219 primum,
1310 4136 1479 4219 quod
1522 4154 1647 4197 non
1678 4136 1886 4218 sequi-

2080 1970 2366 2050 Denique
2407 1970 2643 2051 triplici
2688 1971 2930 2033 ratione
2973 1971 3288 2053 permittit
3331 1972 3496 2034 Deus

1998 2067 2141 2128 fieri
2190 2068 2372 2129 mala.
2407 2068 2616 2130 Prima
2657 2070 3124 2131 commendatio
3166 2077 3262 2131 est.
3303 2068 3496 2132 bono-

2000 2184 2163 2237 rum,
2199 2186 2338 2247 quae
2387 2186 2463 2229 ex
2514 2168 2982 2248 comparatione
3028 2169 3106 2229 ad
3151 2168 3318 2229 mala
3363 2187 3494 2229 am·

2000 2263 2168 2344 plius
2236 2264 2487 2344 placent
2552 2272 2614 2327 et
2685 2265 3099 2328 laudabiliora
3163 2274 3488 2347 apparent.

1999 2361 2285 2424 Secunda
2312 2359 2418 2424 ‘est
2458 2363 2733 2424 eruditio
2769 2363 3136 2426 electorum.
3173 2364 3348 2426 Unde
3377 2364 3497 2426 Au-

1996 2459 2290 2540 gustinus
2323 2460 2385 2521 in
2422 2461 2584 2523 libro
2615 2461 2693 2523 de
2724 2461 3130 2544 Correptione
3162 2470 3222 2525 et
3251 2461 3490 2542 gratia:

1998 2558 2206 2640 Usque
2266 2560 2422 2621 adeo
2485 2560 2649 2622 Deus
2709 2568 3083 2641 cooperatur
3142 2559 3362 2623 electis
3426 2561 3492 2622 in

1997 2656 2260 2731 bonum,
2297 2666 2366 2719 ut
2395 2658 2447 2720 si
2487 2659 2598 2739 qui
2639 2678 2716 2721 ex
2745 2658 2837 2721 eis
2877 2660 3133 2721 devient
3166 2667 3356 2741 atque
3385 2678 3490 2721 ex-

1994 2755 2294 2829 orbitent,
2328 2756 2449 2819 hoc
2497 2756 2708 2837 ipsum
2759 2756 2946 2818 faciat
2991 2757 3086 2819 eis
3132 2757 3196 2819 in
3248 2756 3489 2820 bonum

1994 2853 2309 2935 proficere
2362 2872 2375 2916 :
2433 2854 2734 2936 quoniam
2791 2856 3165 2918 humiliores
3223 2864 3286 2918 et
3343 2876 3489 2919 cau-

1993 2952 2186 3015 tiores
2234 2972 2311 3015 ex
2369 2973 2483 3015 sua
2538 2954 2890 3015 redduntur
2935 2954 3140 3028 ruina,
3190 2963 3261 3016 ut
3317 2962 3489 3037 patet

1735 3069 1886 3134 ergo
1920 3056 1963 3119 C
1995 3050 2057 3111 in
2113 3051 2482 3114 beatissimo
2531 3052 2731 3114 Petro.
2788 3053 2997 3115 Tertia
3047 3059 3144 3115 est
3190 3054 3489 3116 exercita-

1992 3149 2080 3212 tio
2135 3149 2551 3232 probatioque
2600 3149 2936 3226 bonorum,
2980 3150 3217 3234 quibus
3265 3170 3488 3216 secun-

1991 3247 2144 3308 dum
2200 3248 2654 3329 Augustinum,
2714 3256 2980 3331 prosunt
3035 3250 3202 3312 mala
3250 3251 3351 3313 vel
3407 3252 3487 3314 ad

1993 3346 2381 3409 demendum
2440 3357 2718 3429 peccata,
2774 3349 2874 3411 vel
2931 3349 3009 3412 ad
3069 3352 3487 3414 exercendam

1995 3444 2515 3527 probandamque
2562 3446 2899 3527 justitiam,
2947 3447 3050 3510 vel
3096 3449 3174 3510 ad
3228 3449 3490 3512 demon-

1995 3543 2316 3605 strandam
2371 3544 2564 3625 hujus
2615 3545 2760 3608 vitae
2818 3545 3156 3608 miseriam.
3212 3583 3293 3594 ·—-
3345 3547 3488 3610 Haec

1993 3641 2364 3704 Alexander.

2075 3741 2145 3801 ln
2174 3739 2360 3821 cujus
2401 3740 2812 3821 responsione
2853 3741 2914 3803 id
2945 3742 3115 3822 quod
3143 3742 3253 3817 ait,
3288 3744 3489 3806 Deum

1997 3838 2362 3919 permittere
2402 3837 2569 3900 mala
2599 3838 2762 3912 fieri,
2797 3857 2924 3901 non
2964 3860 3040 3903 ex
3071 3839 3320 3921 justitia
3349 3862 3490 3925 quae

1994 3945 2089 3998 est
2131 3937 2450 4018 exigentia
2492 3937 2885 4012 meritorum,
2919 3938 3171 4000 videtur
3207 3939 3495 4022 aliquali-

1997 4043 2090 4097 ter
2137 4036 2474 4098 dissentire
2521 4056 2557 4097 a
2604 4034 2817 4098 verbis
2867 4036 3180 4118 praetactis
3223 4036 3488 4112 Alberti,

1993 4133 2266 4195 dicentis
2297 4133 2464 4216 quod
2498 4135 2662 4196 Deus
2693 4134 2858 4196 mala
2886 4134 3029 4196 fieri
3064 4135 3217 4198 sinit
3242 4135 3493 4217 justitia

385 4245 509 4300 tur.
536 4238 655 4300 Sed
688 4237 858 4299 istud
888 4243 1260 4318 sequeretur
1294 4252 1307 4297 :
1343 4237 1507 4297 Deus
1538 4235 1690 4296 sinit-
1721 4235 1886 4296 mala
1915 4242 1963 4302 D
1996 4233 2421 4294 condecentiae
2481 4252 2610 4296 suae
2667 4233 2999 4315 inquitatis,
3053 4233 3491 4298 Communiter

384 4354 505 4397 nec
553 4334 741 4417 punit
788 4353 881 4408 ea,
916 4351 1065 4414 ergo
1112 4351 1239 4395 non
1288 4340 1387 4394 est
1436 4333 1759 4394 innocens.
1794 4333 1885 4394 Ita

383 4443 601 4496 autem
633 4451 759 4496 non
790 4439 908 4507 est,
942 4451 1141 4514 quum
1180 4431 1465 4492 districte
1502 4431 1725 4513 puniat
1756 4451 1882 4493 ma-

385 4533 466 4595 la.
502 4568 584 4578 —
610 4533 704 4594 Ad
746 4531 1099 4594 secundum
1143 4531 1507 4603 dicendum,
1542 4530 1709 4610 quod
1756 4531 1883 4593 illis

384 4631 602 4694 verbis
650 4629 1043 4712 Augustinus
1090 4628 1426 4691 confestim
1481 4627 1813 4709 subjungit
1866 4646 1879 4690 :

384 4730 509 4793 Aut
542 4729 769 4811 punire
799 4735 1153 4810 peccatum,
1181 4734 1248 4788 ut
1279 4726 1385 4788 ille
1417 4726 1527 4807 qui
1564 4726 1879 4809 plectitur,

386 4829 739 4908 corrigatur
768 4825 1225 4908 experimento,
1249 4825 1358 4887 alii
1390 4843 1540 4887 vero
1571 4825 1885 4905 corrigan-

385 4933 492 4988 tur
538 4925 852 5006 exemplo.
899 4959 975 4970 —
1022 4924 1115 4985 Ad
1164 4925 1445 4996 tcrtium‚
1499 4922 1668 5004 quod
1718 4924 1883 4984 Deus

384 5025 577 5087 etiam
610 5025 677 5086 in
708 5023 1001 5105 praesenti
1033 5023 1220 5105 punit
1249 5030 1312 5085 et
1341 5021 1604 5103 corripit
1633 5022 1883 5102 culpam

385 5143 501 5204 per
531 5140 885 5185 remorsum
928 5121 1333 5185 conscientiae
1361 5127 1424 5182 et
1460 5120 1883 5182 inordinatam

384 5222 584 5284 animi
614 5221 1121 5303 dispositionem,
1154 5228 1216 5283 et
1255 5239 1367 5302 per
1399 5218 1775 5301 ScripturaS,
1809 5238 1883 5281 ac

384 5319 527 5384 aliis
574 5320 796 5382 modis.

1996 4349 2250 4413 quoque
2308 4332 2632 4405 asseritur,
2687 4332 2855 4413 quod
2915 4333 3223 4396 demerito
3285 4334 3490 4417 culpae

1996 4430 2224 4511 prioris
2257 4430 2422 4491 Deus
2455 4430 2765 4511 permittit
2797 4439 3165 4512 peccantem
3196 4450 3323 4495 non
3354 4452 3490 4517 pro·

1996 4528 2165 4590 tinus
2229 4528 2670 4610 poenitentem,
2733 4529 3014 4592 incidere
3077 4531 3329 4613 culpam
3388 4552 3488 4595 se-

1993 4633 2318 4708 quentem,
2353 4627 2440 4689 ita
2469 4627 2636 4708 quod
2671 4627 2857 4708 culpa
2888 4627 2996 4690 illa
3030 4637 3127 4691 est
3155 4637 3487 4710 peccatum

1992 4733 2052 4787 et
2094 4743 2282 4807 poena
2321 4725 2563 4807 peccati
2598 4742 2612 4787 :
2646 4733 2709 4787 et
2748 4726 2834 4786 ita
2873 4734 2968 4788 est
3009 4727 3104 4788 ira
3145 4728 3254 4790 Dei
3299 4737 3490 4811 atque

1994 4824 2244 4906 punitio
2292 4825 2602 4905 quaedam,
2637 4831 2699 4886 et
2747 4825 3036 4905 exigente
3081 4825 3330 4906 justitia
3377 4828 3488 4890 Dei

1995 4923 2403 5004 permittitur.
2437 4958 2518 4967 —
2546 4923 2638 4984 Ad
2672 4941 2812 5003 quae
2842 4922 3181 4986 dicendum
3214 4925 3484 5002 videtur,

1993 5021 2161 5101 quod
2222 5020 2491 5082 diversis
2547 5021 3160 5084 considerationibus
3221 5031 3488 5107 uterque

1994 5119 2248 5181 illorum
2291 5119 2554 5200 protulit
2599 5138 2841 5181 verum.
2880 5121 3054 5183 Unde
3093 5122 3147 5184 si
3188 5123 3307 5184 ista
3345 5143 3486 5205 per-

1992 5216 2212 5279 missio
2246 5216 2634 5297 intelligatur
2663 5234 2790 5279 non
2819 5219 3178 5294 coarctatio,
3200 5219 3486 5284 inductio

1991 5333 2103 5377 seu
2149 5313 2471 5396 instigatio
2517 5315 2594 5377 ad
2638 5315 3026 5399 oppositum,
3059 5335 3173 5378 seu
3209 5318 3288 5380 ad
3331 5327 3486 5384 tem-

3569 3073 3745 3119 naeth.

3517 3150 3632 3190 xxvi,
3659 3141 3727 3183 75.
