4359 6250
187 2393 356 2440 metha

108 2457 110 2530 Ξ
179 2460 227 2498 iti.

1426 549 1511 595 AN
1553 549 1798 596 littorio
1840 548 2183 595 coanNtA'r
2224 548 2363 606 DEO,
2407 548 2533 594 mc.

3407 525 3528 590 549

421 718 767 783 secutione.
792 756 872 766 —
902 719 993 782 Ex
1023 719 1258 801 quibus
1288 719 1406 782 tria
1437 725 1726 782 constant
1757 719 1924 780 circa
1952 716 2004 779 A
2033 736 2174 799 quae
2214 717 2632 781 conferuntur
2664 717 2757 780 eis
2796 718 2875 778 ad
2914 717 3325 778 obtinendam
3365 715 3527 778 salu-

419 817 800 882 electionem
867 819 994 880 Deo
1062 817 1546 880 convenientem
1610 834 1624 878 ε
1689 816 1918 898 prim0‚

419 917 590 998 quod
639 917 869 978 electio
916 935 1045 978 non
1103 915 1401 978 convenit
1449 916 1577 978 Deo
1630 923 1922 996 respectu

419 1015 517 1074 sui
561 1013 787 1094 ipsiuS,
830 1033 1030 1095 quum
1081 1014 1218 1096 ipse
1264 1014 1344 1075 sit
1388 1013 1677 1075 omnium
1730 1012 1918 1090 finis;

417 1113 722 1186 secund0‚
758 1113 928 1194 quod
963 1112 1189 1174 electio
1222 1112 1300 1174 fit
1335 1132 1411 1174 ex
1445 1113 1750 1174 creaturis
1789 1132 1922 1174 sus—

417 1210 690 1291 ceptivis
740 1210 1188 1289 beatitudinis3
1231 1210 1436 1284 tertio,
1482 1210 1649 1291 quod
1693 1210 1921 1273 electio

415 1325 548 1371 uno
589 1309 780 1371 modo
818 1317 914 1371 est
943 1316 1194 1381 aeterna,
1228 1309 1354 1370 alio
1393 1309 1580 1371 modo
1611 1316 1920 1390 tempora-

417 1407 496 1470 lis
531 1427 546 1471 :
582 1407 735 1489 quia
774 1414 962 1489 prout
990 1413 1086 1468 est
1117 1406 1180 1467 in
1221 1406 1548 1488 proposito
1578 1405 1712 1480 Dei,
1745 1415 1920 1469 aeter-

415 1525 496 1567 na
545 1514 664 1578 est,
709 1506 1010 1587 quoniam
1061 1504 1141 1566 ab
1188 1513 1422 1568 aeterno
1471 1505 1672 1566 voluit
1718 1504 1918 1566 bonos

417 1621 453 1662 a
497 1601 684 1664 malis
733 1620 1060 1682 segregare
1109 1601 1176 1662 in
1223 1601 1528 1682 gloriam3
1570 1602 1678 1664 sed
1729 1609 1918 1682 prout

416 1707 510 1760 est
555 1699 623 1760 in
665 1698 878 1780 operis
919 1700 1345 1773 exsecutione,
1388 1709 1485 1762 est
1527 1699 1914 1781 temporaliS,

417 1806 486 1858 ut
517 1799 674 1860 dum
715 1817 830 1879 per
858 1799 1022 1860 dona
1059 1799 1275 1878 gratiae
1313 1799 1761 1861 discernuntur
1795 1799 1918 1860 ele-

2031 823 2160 878 tem
2198 834 2211 877 :
2247 835 2372 878 non
2418 815 2587 878 enim
2630 816 2864 877 dicitur
2902 816 3071 897 quod
3110 815 3311 896 gratia
3341 814 3529 896 eliga-

2033 922 2134 975 tur
2165 915 2433 988 homini,
2468 915 2702 975 dicitur
2730 922 2941 975 tamen
2975 914 3143 996 quod
3182 914 3381 994 gratia
3416 914 3526 976 ho-

2031 1013 2191 1074 mini
2237 1012 2736 1094 praedestinatur.
2771 1012 3095 1094 —Itaque
3132 1012 3359 1074 electio
3401 1031 3527 1076 non

2029 1119 2126 1173 est
2153 1119 2333 1173 actus
2362 1110 2706 1173 voluntatis
2734 1109 3043 1184 absolute,
3070 1110 3180 1171 sed
3214 1110 3277 1171 in
3308 1111 3529 1172 ordine

2029 1210 2106 1270 ad
2150 1209 2547 1271 intellectum
2592 1209 3027 1286 ordinantem3
3060 1208 3530 1289 praedestinatio

2027 1315 2240 1368 autem
2274 1307 2428 1369 dicit
2457 1314 2668 1368 actum
2702 1305 3045 1368 voluntatis
3072 1305 3381 1380 absolute,
3416 1306 3535 1388 qui⁴

2029 1406 2441 1487 consequitur
2479 1405 2767 1467 ordinem
2815 1404 3028 1466 istum.
3064 1404 3206 1467 Haec
3246 1403 3415 1466 idem
3460 1403 3525 1466 in

2027 1503 2295 1585 Script0.

2105 1602 2409 1665 Proeterea
2448 1603 2513 1665 in
2552 1602 2757 1684 prima
2797 1608 2977 1683 parte
3020 1601 3319 1676 Summae,
3355 1621 3523 1684 quae-

2025 1701 2230 1763 stione
2269 1702 2573 1763 vicesima
2617 1700 2802 1762 tertia
2836 1720 2850 1764 :
2884 1700 3375 1775 PraedestinatiO,
3404 1701 3514 1775 ait,

2026 1799 2379 1861 secundum
2428 1799 2737 1861 rationem
2787 1798 3223 1880 praesupponit
3270 1798 3523 1860 electio-

420 1896 503 1957 cti
554 1915 592 1958 a
638 1895 950 1977 reprobiS,
1001 1896 1101 1957 vel
1151 1915 1188 1957 a
1235 1897 1561 1959 communi
1619 1904 1786 1958 statu
1849 1897 1914 1958 in
1951 1895 1998 1957 B
2028 1916 2196 1970 nem,
2248 1905 2310 1958 et
2354 1897 2581 1958 electio
2637 1897 3063 1958 dilectionem.
3112 1896 3307 1977 Cujus
3366 1897 3524 1958 ratio

419 1993 807 2076 praelationis
846 1993 1138 2056 officium
1183 2003 1658 2076 promoventur,
1697 1995 1916 2076 sicque

419 2093 496 2154 de
541 2092 685 2154 aliis
732 2112 872 2173 quae
909 2093 1129 2156 divino
1172 2112 1435 2155 munere
1477 2094 1669 2156 alicui
1715 2094 1918 2174 speci-

420 2189 602 2251 aliter
649 2191 1082 2253 conl'eruntur.
1127 2183 1382 2273 Proprie
1432 2199 1644 2252 tamen
1691 2191 1919 2253 electio

422 2297 514 2350 est
547 2307 660 2370 per
689 2289 1150 2352 ordinationem
1182 2299 1244 2352 et
1275 2298 1634 2372 respectum
1673 2290 1750 2372 ad
1788 2290 1917 2370 glo-

357 2411 397 2449 x,
425 2387 584 2449 riam
617 2406 632 2451 :
669 2396 926 2470 propter
957 2388 1124 2470 quod
1160 2389 1345 2470 pauci
1378 2388 1678 2450 dicuntur
1707 2388 1910 2450 electi.

425 2485 564 2548 Haec
607 2486 876 2548 Thomas
921 2486 988 2547 in
1031 2487 1298 2567 Scripto.

499 2585 616 2657 Qui
657 2591 1118 2665 consequenter
1155 2585 1451 2658 ostendit,
1484 2584 1757 2665 qualiter
1797 2586 1916 2646 elc-

421 2682 544 2743 ctio
595 2681 1147 2763 praedestinatione
1195 2681 1276 2743 sit
1325 2683 1500 2763 prior
1542 2699 1554 2742 :
1599 2682 1917 2744 Praedesti-

417 2779 587 2842 natio
615 2779 972 2860 (inquiens)
1009 2785 1072 2840 et
1113 2779 1340 2842 electio
1387 2780 1625 2861 aliquid
1676 2780 1912 2841 addunt

417 2897 608 2960 super
661 2877 1150 2959 praescientiam‚
1202 2878 1738 2959 quemadmodum
1789 2878 1913 2939 dis-

413 2977 644 3060 positio
673 2985 736 3038 et
766 2976 1182 3058 providentia.
1199 2976 1354 3038 Nam
1388 2976 1552 3037 sicut
1583 2977 1913 3058 dispositio

2024 2003 2140 2062 est..
2174 1995 2327 2078 quia
2364 1995 2834 2077 praedestinatio
2871 2004 2968 2058 est
3008 2015 3151 2077 pars
3193 1995 3527 2077 providen-

2023 2094 2143 2154 tiae.
2181 2093 2580 2156 Providentia
2607 2101 2843 2166 autem,
2876 2094 3043 2156 sieut
3070 2100 3133 2155 et
3162 2093 3522 2175 prudentia,

2022 2199 2116 2252 est
2148 2193 2307 2253 ratio
2340 2192 2403 2252 in
2439 2191 2764 2254 intellectu
2794 2192 3524 2274 exsistenS,praeceptiva

2022 2289 2439 2352 ordinationis
2478 2289 2837 2370 aliquorum
2882 2290 2945 2351 in
2989 2290 3207 2352 linem.
3242 2290 3381 2352 Non
3419 2308 3526 2350 au-

2022 2395 2151 2449 tem
2193 2388 2563 2469 praecipitur
2599 2387 2841 2470 aliquid
2872 2388 3151 2451 ordinari
3192 2389 3256 2450 in
3295 2389 3519 2462 finem,

2021 2485 2142 2547 nisi
2206 2486 2530 2548 voluntate
2589 2484 2741 2547 sinis
2799 2487 3291 2567 praeexsistente.
3346 2486 3521 2548 Unde

2020 2583 2491 2666 praedestinatio
2530 2583 2889 2666 aliquorum
2935 2584 2999 2644 in
3044 2585 3311 2647 salutem
3364 2603 3521 2665 prae-

2021 2683 2325 2764 supponit
2368 2682 2721 2744 secundum
2772 2682 3102 2756 rationem,
3146 2683 3313 2764 quod
3353 2683 3519 2744 Deus

2021 2781 2173 2842 velit
2215 2782 2469 2843 illorum
2514 2781 2785 2843 salutern
2820 2801 2834 2844 :
2868 2780 2945 2842 ad
2986 2780 3154 2862 quod
3200 2782 3521 2863 pertinent

2019 2879 2247 2941 electio
2286 2886 2475 2960 atque
2513 2879 2788 2942 dilectio.
2824 2879 3065 2941 Electio
3095 2887 3305 2941 tamen
3336 2889 3399 2942 et
3428 2881 3519 2942 di-

2022 2977 2209 3039 lectio
2239 2977 2422 3038 aliter
2452 2977 2826 3039 ordinantur
2856 2976 2921 3038 in
2954 2977 3138 3038 nobis
3169 2983 3232 3038 et
3263 2977 3328 3038 in
3360 2978 3515 3041 Deo:

412 3083 471 3138 et
504 3073 906 3158 providentia
945 3073 1182 3137 habent
1220 3093 1287 3136 se
1327 3083 1619 3157 respectu
1659 3075 1910 3137 univer·
1946 3073 1991 3139 C
2021 3073 2170 3156 quia
2211 3074 2275 3137 in
2320 3074 2503 3137 nobis
2534 3074 2825 3137 voluntas
2856 3073 3179 3155 diligendo
3216 3093 3340 3139 non
3375 3095 3520 3138 cau-

412 3191 626 3236 sorum
691 3173 1140 3247 communiter,
1203 3175 1288 3235 ita
1350 3174 1576 3236 electio
1635 3182 1698 3235 et
1759 3194 1913 3256 prae—

411 3271 750 3333 destinatio
807 3278 1101 3352 respectu
1160 3272 1512 3335 hominum.
1567 3273 1740 3335 Unde
1793 3273 1911 3335 sic-

412 3380 476 3433 ut
519 3370 922 3453 providentia
961 3372 1327 3452 superaddit
1362 3372 1784 3452 dispositioni,
1818 3372 1910 3433 sic

409 3470 882 3554 praedestinatio
911 3470 1227 3532 electioni.
1262 3470 1604 3553 Dispositio
1634 3490 1909 3553 namque

407 3568 626 3631 divina
654 3568 1004 3630 attenditur
1033 3568 1098 3629 in
1130 3569 1600 3632 coordinatione
1632 3570 1906 3651 partium

409 3667 693 3731 universi
745 3667 823 3728 ad
867 3666 1143 3728 invicem
1189 3674 1253 3727 et
1295 3667 1371 3727 ad
1421 3667 1644 3741 linem,
1689 3688 1910 3729 secun-

408 3768 561 3828 dum
604 3766 773 3847 quod
814 3783 941 3826 una
979 3772 1204 3825 natura
1243 3763 1577 3846 praefertur
1613 3766 1792 3828 alteri
1831 3786 1906 3828 ex

409 3863 807 3927 ordinatione
837 3862 1070 3924 divinae
1099 3862 1445 3943 sapientiae.
1482 3863 1786 3926 Similiter
1815 3873 1909 3926 est

410 3963 475 4024 in
504 3961 818 4024 electione
852 3977 866 4021 ε
903 3960 1042 4041 ipsa
1074 3960 1314 4042 quippe
1352 3961 1566 4023 divina
1598 3962 1908 4025 ordinatio

409 4080 532 4143 qua
584 4059 847 4141 quidam
897 4057 1039 4119 aliis
1097 4057 1523 4139 praeferuntur
1570 4060 1646 4121 ad
1697 4078 1908 4122 conse-

407 4160 730 4243 quendam
759 4157 1243 4230 beatitudinem,
1258 4157 1486 4220 electio
1512 4158 1763 4220 dicitur.
1779 4159 1912 4221 Pro-

2019 3178 2114 3233 sat.
2145 3172 2407 3247 bonum,
2442 3173 2553 3235 sed
2591 3192 2669 3235 ex
2708 3172 2874 3235 bono
2916 3174 3388 3255 praeexsistente
3431 3174 3521 3236 in-

2020 3270 2294 3332 citamur
2340 3272 2417 3333 ad
2467 3271 2883 3353 diligendum.
2935 3272 3177 3335 Idcirco
3222 3272 3519 3353 eligimus

2020 3388 2212 3450 quem
2256 3369 2595 3450 diligamus
2631 3388 2644 3431 :
2680 3369 2900 3451 sicque
2943 3370 3170 3432 electio
3220 3372 3520 3452 praecedit.

2020 3467 2084 3529 in
2145 3468 2330 3529 nobis
2390 3468 2815 3530 dilectionem.
2867 3468 2938 3529 Iu
2990 3468 3115 3529 Deo
3162 3476 3374 3529 autem
3424 3476 3519 3531 est

2017 3583 2381 3627 econverso.
2434 3566 2590 3626 Nam
2649 3565 2941 3627 voluntas
3000 3566 3139 3646 ejus
3198 3583 3323 3646 qua
3380 3568 3519 3630 vult

2018 3663 2257 3726 bonum
2316 3664 2506 3725 alicui
2565 3663 2907 3744 diligendo,
2960 3671 3055 3726 est
3102 3682 3291 3725 causa
3347 3667 3514 3746 quod

2019 3761 2256 3824 bonum
2292 3761 2446 3823 illud
2482 3761 2632 3823 insit
2663 3761 2754 3823 illi
2788 3763 2879 3824 sic
2910 3763 3111 3825 electo
3142 3782 3254 3825 seu
3285 3763 3516 3825 dilecto

2018 3880 2148 3943 prae
2187 3860 2327 3921 aliis
2364 3879 2377 3922 :
2415 3859 2651 3921 idcirco
2693 3860 2755 3921 in
2800 3861 2927 3923 Deo
2965 3861 3221 3924 dilectio
3262 3861 3515 3925 electio-

2017 3978 2167 4020 nem
2200 3958 2516 4040 praecedit.
2552 3958 2695 4021 Haec
2726 3958 2995 4021 Thomas
3029 3958 3091 4020 in
3124 3959 3402 4022 Summa.
3436 3996 3517 4006 —-

2018 4057 2369 4120 Concordat
2410 4056 2781 4119 Alexander.

2098 4155 2537 4217 Bonavcntura
2578 4172 2831 4236 quoque
2868 4155 2974 4217 hic
3016 4155 3297 4238 loquitur
3332 4177 3346 4221 :
3380 4157 3515 4219 Ele-

408 4256 694 4320 videntia
733 4274 884 4317 vero
933 4256 1280 4318 attenditur
1325 4255 1389 4317 in
1434 4255 1766 4319 collatione
1807 4276 1908 4319 eo·
1937 4261 1987 4322 D
2017 4254 2144 4315 ctio
2194 4252 2537 4334 dupliciter
2582 4252 2817 4315 dicitur
2850 4272 2863 4314 :
2899 4272 3027 4316 uno
3075 4256 3282 4330 modo,
3326 4264 3514 4337 prout

347 4386 354 4395 ·
410 4374 554 4417 rum
609 4373 723 4437 per
767 4372 908 4435 quae
958 4372 1058 4416 res
1108 4353 1306 4415 finem
1358 4353 1696 4435 attingunt,
1738 4364 1799 4417 et
1845 4356 1907 4416 in

411 4452 838 4535 applicatione
897 4451 975 4512 ad
1036 4450 1254 4512 finem.
1312 4452 1618 4513 Similiter
1676 4454 1909 4534 praedc-

414 4550 675 4613 stinatio
731 4550 1079 4611 attenditur
1137 4550 1202 4611 in
1264 4550 1405 4622 hoc,
1466 4552 1636 4631 quod
1694 4552 1909 4613 electis

417 4656 855 4731 praeparantur
900 4647 1065 4711 bona
1105 4649 1320 4729 gratiae
1360 4657 1422 4710 et
1462 4649 1627 4711 bona
1673 4649 1908 4730 gloriae,

416 4748 656 4831 quibus
686 4745 805 4807 fini
837 4746 1065 4810 ultimo
1092 4748 1514 4829 applicantur.
1538 4748 1712 4821 Quod
1745 4756 1914 4830 patet

415 4847 610 4908 etiam
660 4864 738 4907 ex
787 4853 1090 4907 consueto
1139 4846 1326 4908 modo
1377 4845 1695 4927 loquendi.
1741 4847 1915 4908 Sicut

414 4944 656 5008 etenim
699 4944 975 5005 dicimus
1025 4962 1124 5005 res
1174 4944 1341 5026 ipsas
1390 4944 1664 5026 disponi,
1711 4946 1915 5026 provi-

414 5043 552 5105 deri
612 5060 764 5104 vero
821 5049 950 5103 tam
1009 5060 1108 5103 res
1168 5042 1336 5124 ipsas
1394 5061 1584 5123 quam
1643 5060 1718 5104 ea
1775 5062 1915 5124 quae

417 5141 611 5203 rebus
661 5138 1099 5213 conferuntur,
1152 5139 1508 5202 ordinantia
1556 5140 1622 5201 in
1671 5139 1913 5220 finem3

417 5240 512 5301 sic
557 5237 786 5301 electio
835 5237 1091 5319 proprie
1137 5245 1234 5299 est
1281 5238 1636 5311 hominum,
1679 5240 1915 5319 praede-

420 5336 681 5401 stinatio
706 5345 920 5398 autem
953 5344 1081 5398 tam
1113 5335 1444 5399 hominum
1476 5356 1666 5417 quam
1699 5356 1913 5399 rerum

2017 4352 2173 4414 dicit
2204 4351 2610 4414 dilectionem
2650 4370 2796 4413 cum
2829 4352 3208 4417 discretione
3241 4362 3508 4431 tantum,

2019 4459 2080 4512 et
2123 4451 2216 4513 sic
2258 4450 2555 4513 convenit
2593 4452 2757 4531 De03
2798 4453 3099 4529 secundo,
3133 4464 3318 4536 prout
3356 4456 3511 4517 dicit

2018 4548 2428 4611 dilectionem
2480 4568 2627 4611 cum
2682 4550 3062 4615 discretione
3121 4555 3514 4635 praecedente

2020 4656 2082 4709 et
2145 4647 2603 4710 deliberatione
2663 4667 2737 4710 ac
2800 4650 3234 4731 inquisitione,
3296 4653 3515 4735 sicque

2022 4746 2323 4808 convenit
2363 4748 2688 4810 creaturis,

2101 4846 2337 4918 Quaerit.
2393 4864 2645 4927 quoque
2704 4845 3163 4920 Bonaventura,
3224 4850 3375 4930 quid
3436 4850 3519 4911 sit

2022 4943 2270 5005 electio.
2306 4944 2382 5005 Et
2414 4944 2746 5025 respondet
2784 4962 2797 5005 :
2832 4944 3072 5007 Electio
3107 4946 3335 5028 triplex
3368 4956 3463 5010 est
3500 4969 3512 5013 ε

2024 5061 2150 5103 una
2198 5042 2549 5103 secundum
2608 5040 2909 5105 affectum
2970 5042 3349 5119 dilectioniS‚
3396 5046 3519 5109 alia

2024 5140 2377 5202 secundum
2418 5139 2721 5201 effectum
2764 5140 2977 5203 finalis
3013 5142 3514 5222 gratificationis,

2025 5239 2211 5301 tertia
2240 5239 2591 5301 secundum
2621 5246 2850 5302 statum
2884 5240 3288 5321 praelationis.
3314 5243 3519 5306 Prima

2027 5345 2122 5399 est
2169 5344 2404 5401 aeterna
2461 5346 2520 5399 et
2582 5338 2747 5399 idem
2797 5338 2965 5419 quod
3027 5340 3511 5421 praedestinatio,

3605 1711 3687 1752 nrt.

3716 1711 3759 1752 4.
