4359 6250
873 459 954 523 80

1511 479 1574 523 IN
1615 479 1838 524 LIBRUM
1881 479 1900 522 I
1944 477 2428 523 SENTENTIARUM.
2474 495 2555 506 ·-
2596 479 2747 524 DIST.
2795 479 2985 540 xvm3
3029 480 3254 536 QUAEST.
3301 481 3343 524 II

871 647 1131 710 tionem.
1167 648 1312 712 Ideo
1356 649 1569 714 dicere
1607 650 1778 731 quod
1817 651 2058 712 donum
2099 648 2165 711 in
2210 647 2369 710 divi·
2399 648 2450 711 A
2479 649 2853 712 extendatur
2890 650 2967 712 ad
3012 650 3252 712 donum
3290 613 3644 712 increatum
3679 655 3741 711 et
3774 647 3987 730 spira-

869 745 971 808 nis
1001 746 1162 808 nihil
1195 748 1424 810 horum
1455 749 1798 829 significet,
1824 748 2077 809 videtur
2107 764 2368 828 prorsus

871 844 1088 926 inepte
1137 864 1379 909 sonare.
1424 883 1505 892 —
1548 847 1786 909 Deinde
1835 847 2005 928 quod
2053 846 2163 918 ait,
2196 845 2368 907 Nihil

870 959 1009 1004 esse
1068 944 1133 1005 in
1193 944 1428 1006 divinis
1489 944 1592 1006 cui
1651 952 1944 1026 respectu
2002 944 2367 1006 divinorum

871 1049 1188 1123 competat
1234 1043 1392 1105 ratio
1437 1044 1610 1116 doni,
1643 1051 1739 1106 θεῖ
1781 1042 2183 1124 apertissime
2226 1060 2370 1105 con-

868 1147 965 1201 tra
994 1139 1422 1221 Augustinum
1453 1149 1516 1202 et
1545 1142 1912 1222 Magistrum
1944 1141 2010 1201 in
2043 1140 2273 1212 littera,
2306 1148 2369 1201 et

870 1246 1089 1300 contra
1121 1239 1552 1320 prae-allegatos
1582 1240 1886 1302 doctores.
1907 1238 2062 1301 Nam
2091 1247 2155 1300 et
2185 1239 2371 1320 septi·

872 1354 976 1398 mo
1006 1337 1083 1398 de
1115 1337 1418 1399 Trinitate
1452 1337 1736 1419 loquitur
1765 1338 2178 1418 AugustinuS,
2199 1336 2368 1417 quod

871 1435 1038 1496 siout
1077 1434 1356 1497 Verbum
1391 1453 1526 1499 ‚non
1573 1435 1808 1496 dicitur
1850 1435 1974 1497 nisi
2023 1435 2241 1507 Filius,
2277 1435 2369 1496 sic

873 1551 990 1595 nec
1039 1534 1280 1594 donum
1329 1533 1452 1595 nisi
1505 1533 1779 1614 Spiritus
1830 1535 2132 1612 Sanctus3
2177 1541 2369 1614 atque

875 1633 942 1693 in
989 1639 1164 1694 textu
1216 1632 1522 1713 probatur
1565 1634 1734 1715 quod
1778 1633 2052 1715 Spiritus
2101 1633 2369 1694 Sanctus

874 1737 1136 1793 vocatur
1165 1730 1405 1792 donum
1437 1730 1677 1793 ratione
1707 1738 1956 1793 aeternae
1984 1730 2274 1810 originis,
2307 1737 2369 1791 et

2480 755 2639 822 tum,
2680 754 2745 810 et
2782 748 2953 830 quod
2992 747 3230 810 dicitur
3266 748 3365 810 ibi
3402 746 3979 818 communicatum,

2478 847 2926 927 exponendum
2994 853 3091 908 est
3156 854 3346 927 prout
3413 864 3481 908 se
3548 845 3829 908 extendit
3891 844 3981 906 ad

2480 943 3015 1007 communicabile
3084 943 3610 1026 aptitudinaliter,
3674 941 3838 1005 sicut
3910 948 3985 1002 et

2480 1042 2701 1104 Scotus
2755 1042 3033 1123 exponit.

2558 1141 2775 1222 Itaque
2807 1147 2934 1204 tota
2964 1140 3085 1202 ista
3115 1140 3393 1202 Durandi
3424 1139 3658 1220 positio
3686 1155 3985 1220 compro-

2479 1239 2664 1301 batur
2702 1256 2983 1301 erronea.
3019 1239 3194 1312 Quod
3239 1237 3543 1300 diffusius
3581 1237 3981 1299 demonstra-

2480 1356 2637 1411 rem,
2662 1337 2787 1399 nisi
2816 1337 3219 1418 superfluum
3250 1337 3593 1410 videretur,
3616 1354 3816 1418 quum
3844 1352 3985 1397 om-

2479 1435 2670 1497 nibus
2703 1435 2979 1517 praefatis
3009 1434 3376 1498 doctoribus
3406 1441 3609 1496 exstet
3639 1433 3976 1504 contraria,

2478 1541 2667 1615 atque
2726 1552 2801 1595 ex
2855 1533 3069 1595 verbis
3126 1550 3347 1594 eorum
3402 1533 3536 1613 jam
3594 1532 3979 1594 introductis

2480 1638 2735 1712 pateant
2776 1631 3199 1693 absurditates
3242 1630 3447 1692 istiuS.

874 1829 960 1890 ita
989 1835 1086 1890 est
1125 1829 1480 1910 proprium,
1515 1847 1642 1892 non
1681 1829 2180 1911 appropriatum.
2216 1829 2369 1891 Rur-
2404 1831 2451 1894 B
2560 1830 2864 1892 Praeterea
2913 1830 3083 1892 circa
3127 1829 3605 1891 distinctionem
3656 1828 3817 1889 hanc
3864 1827 3979 1888 do-

873 1946 1004 2000 suS,
1039 1927 1104 1988 in
1145 1934 1319 1989 textu
1363 1947 1440 1990 ex
1479 1927 1833 2008 Augustino
1874 1926 2163 2001 habetur,
2197 1927 2366 2008 quod

873 2025 1148 2106 Spiritus
1205 2026 1472 2088 Sanctus
1530 2031 1626 2086 est
1683 2026 1922 2088 donum
1969 2025 2050 2087 ab
2107 2031 2365 2099 aeternO,

873 2123 1024 2204 quia
1083 2124 1370 2204 procedit
1417 2142 1532 2204 per
1583 2124 1841 2186 modum
1890 2123 2229 2198 donabilis,
2284 2125 2371 2185 ita

874 2222 1042 2302 quod
1091 2222 1381 2302 aptitudo
1437 2221 1712 2285 donandi
1771 2221 2069 2284 convenit
2117 2222 2243 2284 sibi
2292 2241 2367 2283 ex

875 2321 1062 2382 modo
1104 2328 1167 2382 et
1211 2321 1598 2402 proprietate
1648 2341 1777 2384 suae
1827 2328 2076 2384 aeternae
2122 2339 2371 2402 proces-

873 2418 1089 2481 sionis.
1125 2419 1270 2481 Ideo
1319 2427 1484 2481 stare
1534 2437 1661 2482 non
1712 2419 1879 2481 valet
1924 2421 2094 2501 quod
2145 2419 2371 2481 scribit

813 2521 822 2528 '
873 2517 1226 2591 DuranduS,
1284 2517 1453 2598 quod
1512 2517 1675 2578 nihil
1729 2517 1810 2578 sit
1861 2517 1925 2578 in
1977 2517 2213 2579 divinis
2264 2517 2368 2580 cui

601 3814 707 3853 tom.
730 3809 842 3861 xlx,

573 3886 618 3925 p.
643 3874 722 3915 436
735 3872 778 3915 C'
800 3877 845 3916 et

573 3936 718 3985 ι.,493
730 3938 775 3978 οῖ
785 3948 840 3985 a„

874 2615 1032 2677 ratio
1080 2615 1229 2677 doni
1275 2622 1594 2697 competat
1643 2622 1935 2696 respectu
1980 2614 2363 2678 divinorum.

871 2749 952 2758 —-
971 2715 1308 2795 Quumque
1338 2715 1430 2776 sic
1459 2713 1880 2794 arguit-,Nihil
1910 2721 2006 2775 est
2035 2714 2101 2774 in
2132 2713 2367 2776 divinis

871 2812 1039 2893 quod
1089 2811 1287 2873 libere
1332 2811 1864 2884 communicetur,
1897 2812 2008 2873 sed
2054 2811 2366 2893 quidquid

873 2911 1383 2972 communicatur
1433 2911 1496 2972 in
1546 2910 1805 2981 divinis,
1861 2909 2370 2972 communicatur

2481 1936 2685 1991 ctores
2714 1927 2913 2008 aliqui
2942 1927 3251 2009 quasdam
3280 1926 3488 1988 adhuc
3520 1933 3777 1989 movent
3804 1944 3979 2007 quae-

2480 2026 2737 2099 stioneS,
2771 2025 2849 2087 ad
2880 2044 3036 2106 quas
3066 2043 3182 2107 pro
3212 2042 3439 2105 magna
3475 2031 3655 2106 parte
3694 2031 3863 2105 patet
3894 2041 3973 2086 ex

2479 2124 2667 2186 dictis
2712 2123 2963 2186 solutio.

2560 2223 2792 2294 Quaerit
2840 2222 3011 2284 enim
3070 2221 3508 2284 Bonaventura
3564 2228 3629 2283 et
3674 2220 3782 2282 alii
3832 2220 3974 2302 qui-

2480 2321 2647 2394 dam,
2694 2321 2848 2401 quid
2900 2320 3099 2400 magis
3147 2319 3403 2401 proprie
3452 2318 3789 2382 conveniat
3834 2319 3977 2400 Spi-

2481 2419 2630 2480 ritui
2680 2419 2929 2492 Sancto,
2966 2418 3207 2480 donum
3250 2418 3351 2479 vel
3394 2418 3631 2479 datum.
3665 2416 3760 2479 Ad
3802 2417 3973 2498 quod

2478 2518 2917 2580 Bonaventura
2966 2516 3305 2597 respondet
3346 2515 3516 2597 quod
3563 2516 3821 2580 donum.
3860 2515 3975 2577 Da-

2478 2625 2615 2679 tum
2674 2616 2849 2678 enim
2905 2615 3100 2696 (sicut
3162 2615 3293 2696 jam
3356 2613 3589 2697 patuit)
3645 2614 3975 2677 concernit

2480 2721 2753 2796 tempuS,
2796 2720 2858 2776 et
2896 2711 3221 2794 significat
3262 2731 3378 2794 per
3416 2713 3677 2775 modum
3720 2719 3975 2793 praeter·

2481 2811 2570 2873 iti.
2624 2813 2873 2874 Donum
2925 2828 3181 2893 quoque
3234 2829 3427 2892 supra
3480 2810 3793 2873 rationem
3840 2809 3973 2871 dati

2477 2911 2651 2972 addit
2690 2909 3145 2992 proprietatem
3189 2927 3301 2971 seu
3347 2908 3777 2972 conditionem
3819 2907 3976 2970 libe-

871 3027 948 3070 ex
995 3009 1368 3070 necessitate
1413 3015 1688 3085 naturae3
1736 3008 1881 3070 dico
1924 3009 2094 3089 quod
2144 3027 2368 3070 secun·
2404 3009 2446 3071 C
2478 3008 2745 3070 ralitatis
2794 3015 2856 3070 et
2905 3006 3433 3080 irreddibilitatis,
3486 3026 3629 3088 quae
3688 3013 3785 3068 est
3832 3023 3976 3088 pro-

871 3107 1026 3169 dum
1067 3124 1288 3169 omnes
1331 3107 1617 3169 doctores
1649 3106 2070 3180 authenticOS,
2107 3107 2172 3169 in
2211 3106 2370 3170 divi-

873 3205 972 3266 nis
1021 3211 1118 3267 est
1176 3204 1410 3286 duplex
1466 3203 1960 3268 communicatio
2015 3222 2028 3267 :
2084 3224 2211 3267 una
2254 3224 2369 3286 per

872 3303 1133 3365 modum
1167 3312 1405 3366 naturae
1435 3312 1498 3365 et
1527 3302 1797 3365 naturali
1830 3303 2227 3376 necessitate,
2252 3304 2369 3365 sic-

873 3408 944 3463 ut
985 3401 1308 3481 generatio
1353 3400 1531 3479 Filii3
1567 3401 1690 3463 alia
1741 3420 1854 3482 per
1904 3402 2164 3464 modum
2215 3401 2368 3464 libe-

872 3501 1023 3562 ralis
1068 3508 1130 3562 et
1172 3499 1544 3563 voluntariae
1587 3499 2008 3562 emanationis
2045 3518 2057 3561 :
2097 3520 2239 3581 quae
2282 3507 2368 3561 ta-

874 3616 1020 3661 men
1075 3616 1202 3660 non
1252 3605 1348 3659 est
1395 3597 1488 3660 sic
1549 3597 1827 3660 liberalis
1875 3606 1938 3659 et
1987 3597 2363 3673 voluntaria,

874 3697 1044 3779 quod
1103 3698 1305 3779 possit
1362 3714 1489 3759 non
1548 3716 1708 3770 esse,
1771 3696 1936 3759 sicut
1999 3697 2116 3758 hoc
2175 3716 2368 3778 supra

873 3794 1110 3858 diffuse
1151 3796 1511 3877 expositum
1553 3803 1683 3873 est3
1717 3802 1782 3856 et
1823 3795 2092 3876 ipsemet
2131 3796 2370 3857 Duran-

873 3894 990 3955 dus
1040 3895 1160 3956 hoc
1205 3895 1342 3957 loco
1385 3894 1639 3967 fatetur,
1680 3894 1850 3974 quod
1896 3893 2171 3974 Spiritus
2221 3894 2368 3957 San-

872 4000 1011 4055 ctus
1053 3993 1337 4075 procedit
1378 3999 1448 4053 ut
1486 4010 1683 4065 amor,
1717 4000 1907 4073 atque
1948 4011 2063 4073 per
2105 3993 2365 4056 modum

870 4092 1235 4153 voluntatis,
1277 4126 1358 4136 -
1396 4092 1661 4171 Insuper
1709 4097 1873 4151 stare
1925 4090 2146 4171 nequit
2196 4092 2365 4173 quod

2479 3108 2712 3190 prietas
2744 3126 2985 3188 magnae
3025 3105 3377 3169 nobilitatis
3408 3113 3470 3168 et
3504 3105 3919 3187 perfectionis
3954 3123 3970 3167 ε

2478 3206 2647 3269 unde
2676 3214 2737 3268 et
2776 3206 2939 3267 dona
2978 3205 3250 3285 gratuita
3290 3204 3488 3285 magis
3518 3211 3827 3267 vocantur
3863 3204 3975 3267 do-

2478 3323 2559 3366 na
2600 3323 2792 3386 quam
2835 3304 2996 3365 data.

2556 3404 2715 3464 Hinc
2743 3402 2831 3464 ait
2860 3401 3177 3475 Albertus,
3202 3402 3372 3483 quod
3402 3401 3641 3463 donum
3674 3399 3977 3463 convenit

2477 3501 2742 3583 Spiritui
2776 3501 3003 3563 Sancto
3034 3499 3314 3581 proprie,
3348 3507 3410 3561 et
3448 3516 3575 3561 non
3606 3499 3825 3560 datum
3860 3515 3873 3559 ε
3908 3506 3975 3561 et

2476 3600 2618 3673 hoc,
2666 3606 2923 3681 propter
2970 3598 3246 3660 rationes
3296 3604 3659 3679 praetactas3
3709 3604 3773 3658 et
3818 3614 3974 3679 quo-

2478 3699 2651 3761 niam
2681 3698 2921 3759 donum
2962 3696 3261 3759 convenit
3299 3696 3357 3758 ei
3396 3695 3755 3777 simplicius
3797 3702 3859 3757 et
3887 3696 3971 3757 ab

2476 3804 2731 3867 aeterno,
2755 3803 2945 3877 atque
2976 3814 3053 3857 ex
3083 3794 3355 3874 digniori
3388 3794 3651 3867 ratione,
3672 3792 3971 3855 videlicet

2476 3896 2718 3957 ratione
2766 3902 3015 3957 aeternae
3064 3891 3511 3973 processionis,
3544 3898 3607 3954 et
3654 3910 3801 3954 cum
3854 3892 3971 3953 mi-

2476 3994 2617 4056 nori
2648 3992 2950 4054 relatione
2980 3990 3059 4052 ad
3090 3999 3431 4064 creaturas,
3454 3990 3607 4073 quia
3635 4009 3782 4052 cum
3813 3990 3975 4072 apti-

2476 4090 2732 4169 tudine3
2774 4090 3014 4162 datum,
3058 4108 3206 4152 cum
3248 4087 3486 4151 effectu
3530 4108 3643 4151 seu
3684 4097 3849 4151 actu.

869 4189 978 4262 ait,
1022 4189 1333 4250 rationem
1377 4188 1526 4250 doni
1571 4187 1913 4250 convenire
1955 4188 2193 4250 divinis
2236 4197 2364 4251 tam
2396 4196 2444 4257 D
2556 4189 2840 4270 Denique
2898 4187 3247 4251 Richardus
3296 4187 3401 4249 hic
3460 4187 3837 4261 sciscitatur,
3890 4206 3975 4249 an

868 4286 1316 4349 essentialibus
1346 4306 1532 4368 quam
1565 4285 1997 4367 personalibus
2028 4306 2201 4368 aeque
2230 4306 2369 4368 pro-

867 4384 1008 4466 prie
1052 4392 1344 4467 respectu
1387 4393 1840 4447 creaturarum.
1877 4385 2034 4447 Nam
2075 4386 2242 4446 sicut
2271 4404 2367 4446 os-

869 4492 1122 4546 tensum
1163 4492 1278 4558 est,
1312 4484 1380 4546 in
1419 4484 1606 4546 dante
1647 4490 1742 4546 est
1779 4484 2119 4545 auctoritas
2159 4502 2366 4565 respe-

868 4589 974 4644 ctu
1015 4583 1186 4656 doni,
1223 4583 1479 4665 proprie
1511 4582 1828 4663 loquendo
1862 4598 1876 4642 ε
1910 4588 1972 4642 θῖ
2005 4580 2090 4643 ita
2123 4581 2363 4644 donum

866 4699 994 4744 non
1044 4682 1342 4744 convenit
1389 4681 1552 4743 Patri
1606 4698 1815 4761 neque
1871 4678 2103 4741 divinae
2157 4698 2366 4742 essen-

865 4780 987 4843 tiae.
1034 4780 1208 4842 Unde
1253 4777 1634 4860 praeallegati
1680 4776 2360 4852 doctoresasfirmant,

865 4879 1034 4960 quod
1085 4877 1324 4940 donum
1381 4876 1638 4958 proprie
1690 4874 1846 4937 dicit
1894 4876 2363 4939 emanationem

861 4997 898 5039 a
951 4978 1160 5051 dante,
1217 4974 1756 5058 quemadmodum
1811 4973 2081 5035 verbum
2136 4992 2172 5035 a
2227 4994 2366 5056 pro-

864 5076 1126 5138 ferente.
1191 5076 1398 5148 Quum
1459 5090 1609 5135 vero
1671 5072 1940 5135 assumit
2004 5072 2360 5147 DuranduS,

861 5175 1032 5256 quod
1081 5174 1321 5236 donum
1372 5180 1467 5235 est
1509 5170 1752 5253 aliquid
1805 5170 2155 5233 liberaliter
2197 5190 2365 5234 com-

863 5272 1320 5350 municatum3
1388 5270 1532 5332 dico
1599 5270 1770 5351 quod
1841 5268 2187 5350 descriptio
2256 5270 2364 5332 illa

2476 4307 2613 4351 esse
2652 4288 2890 4350 donum
2934 4287 3014 4348 ab
3052 4293 3287 4348 aeterno
3332 4285 3667 4348 conveniat
3705 4285 3973 4367 Spiritui

2476 4387 2722 4449 Sancto.
2758 4385 2851 4447 Ad
2904 4385 3073 4468 quod
3125 4384 3486 4466 respondet,
3521 4383 3689 4445 sicut
3736 4383 3975 4464 praeha·

2476 4485 2681 4546 bitum
2713 4491 2810 4546 est
2842 4500 2857 4544 ε
2890 4484 3138 4545 Donum
3178 4491 3370 4564 prout
3410 4482 3685 4544 sumitur
3712 4481 3777 4543 in
3811 4480 3974 4543 divi-

2476 4584 2598 4657 niS,
2647 4590 2741 4645 est
2790 4600 2890 4643 res
2942 4582 3290 4663 procedens
3340 4580 3443 4644 cui
3494 4599 3571 4643 ex
3620 4580 3806 4642 modo
3850 4597 3973 4641 suo

2475 4680 2858 4763 procedendi
2892 4680 3189 4741 convenit
3219 4680 3427 4761 prima
3456 4678 3615 4741 ratio
3643 4677 3811 4749 doni,
3830 4694 3971 4758 quae

2475 4787 2571 4841 est
2607 4796 2803 4841 amor.
2842 4777 2962 4840 Sed
3002 4776 3582 4858 Spiritus-Sanctus
3621 4775 3702 4837 ab
3732 4782 3973 4839 aeterno

2478 4877 2561 4938 ita
2592 4876 2897 4959 procedit,
2932 4883 3149 4957 utpote
3190 4893 3303 4956 per
3334 4875 3596 4937 modum
3626 4874 3971 4936 voluntatis

2476 4975 2825 5037 liberaliter
2852 4974 3095 5055 agentis
3130 4991 3143 5035 z
3180 4992 3293 5055 per
3322 4992 3513 5055 quem
3548 4973 3808 5035 modum
3838 4989 3971 5033 non

2474 5079 2727 5135 emanat
2772 5072 3171 5135 emanatione
3214 5071 3557 5133 intrinseca
3600 5070 3723 5133 nisi
3766 5087 3966 5132 amor.

2474 5172 2620 5234 Ideo
2667 5170 2747 5233 ab
2797 5177 3033 5233 aeterno
3080 5170 3377 5233 convenit
3426 5169 3692 5251 Spiritui
3740 5168 3971 5231 Sancto

2474 5288 2611 5332 esse
2662 5270 2923 5344 donum,
2964 5276 3029 5331 et
3069 5269 3210 5344 hoc,
3248 5268 3489 5331 ratione
3532 5266 3969 5331 donabilitatis
