4359 6250
873 470 991 536 122

1542 495 1605 540 IN
1646 495 1868 541 LIBRUM
1912 496 1930 540 1
1975 495 2457 541 SENTENTIARUM.
2502 514 2583 523 —
2624 496 2776 541 DlsT.
2824 496 2947 557 xx;
2990 496 3213 551 QUAEs'r.
3262 497 3305 541 11

870 661 1170 742 tinguunt
1231 681 1564 744 personam
1613 684 1649 725 a
1699 682 1968 745 persona
2025 663 2313 726 absolute
2349 681 2365 741 ;
2397 664 2444 725 Α
2478 671 2579 726 cet
2612 682 2625 725 :
2660 664 2968 726 rationem
3008 665 3237 746 prioris
3268 672 3331 726 et
3362 664 3749 747 posterioriS‚
3780 672 3845 725 et
3872 664 3972 725 di—

869 760 1008 822 aliae
1065 779 1217 822 vero
1279 762 1568 824 notiones
1633 782 1780 824 cum
1840 762 2367 824 determinatione

869 858 1290 939 distinguunt,
1327 861 1492 921 sicut
1523 860 1934 942 principium.
1973 862 2035 923 Si
2069 862 2241 922 enim
2276 860 2367 921 di-

870 964 1068 1029 catur,
1110 958 1288 1021 Pater
1336 967 1431 1019 est
1481 958 1894 1039 principium,
1938 959 2063 1020 nisi
2103 959 2370 1020 addatur

873 1054 1012 1116 Filii
1055 1064 1164 1117 aut
1195 1056 1466 1138 Spiritus
1499 1057 1735 1131 Sancti,
1772 1058 2151 1139 importatur
2194 1056 2368 1119 notio

872 1153 1275 1231 indistincte3
1322 1156 1432 1217 sed
1485 1174 1595 1237 per
1636 1156 2022 1218 additionem
2075 1156 2369 1218 determi-

871 1260 1078 1326 natur,
1123 1261 1192 1313 ut
1238 1273 1434 1333 quum
1482 1255 1736 1327 dicitur,
1771 1254 1949 1317 Pater
1992 1262 2087 1317 est
2131 1254 2365 1335 princi-

873 1352 1051 1433 pium
1113 1352 1252 1413 Filii
1319 1370 1332 1413 ε
1396 1354 1547 1435 quia
1609 1362 1762 1415 tunc
1821 1354 1978 1415 dicit.
2039 1354 2365 1415 notionem

871 1450 1286 1531 paternitatis,
1323 1451 1752 1514 Consimiliter
1782 1453 1935 1513 ordo
1970 1452 2124 1513 dicit
2167 1452 2365 1514 notio-

871 1568 1018 1611 nem
1071 1549 1460 1625 indistincte,
1503 1551 1611 1612 sed
1663 1570 1778 1631 per
1825 1550 2213 1612 additionem
2265 1551 2367 1612 de-

871 1647 1248 1711 terminatur
1282 1668 1295 1710 :
1333 1656 1402 1709 ut
1432 1668 1630 1731 quum
1673 1648 1928 1717 dicitur,
1963 1648 2127 1710 Ordo
2167 1648 2364 1711 Patris

869 1747 949 1809 ad
991 1747 1244 1821 Filium,
1279 1754 1532 1809 notatur
1573 1747 1748 1810 notio
1790 1747 2222 1828 paternitatis3
2257 1764 2366 1809 no-

2478 763 2907 836 stinctionem,
2950 783 3023 825 ac
3069 763 3309 826 ordinis
3350 765 3681 836 rationem,
3718 782 3793 825 ex
3842 782 3978 844 qua

2478 858 2749 922 trahitur
2779 863 2933 923 ordo
2964 862 3037 923 ad
3078 863 3380 943 speciem,
3416 862 3767 923 secundum
3798 861 3977 942 quod

2478 959 2751 1021 dicimus
2796 961 2964 1040 quod
3008 968 3104 1022 est
3145 961 3299 1022 ordo
3337 960 3689 1022 secundum
3734 960 3974 1033 locum,

2478 1058 2632 1120 ordo
2690 1060 3041 1121 secundum
3103 1067 3355 1141 tempus
3412 1066 3521 1119 aut
3575 1058 3975 1138 dignitatem,

2479 1157 2632 1218 ordo
2691 1158 3042 1218 secundum
3104 1158 3439 1237 originem,
3497 1158 3609 1237 qui
3668 1156 3978 1237 competit

2479 1255 2713 1317 divinis
2758 1256 3065 1336 personiS.
3103 1255 3333 1335 Sieque
3378 1255 3780 1337 complexum
3824 1255 3974 1327 hoc,

2479 1354 2633 1415 ordo
2691 1361 2954 1427 naturae,
3010 1354 3288 1415 sumitur
3347 1354 3416 1415 in
3479 1354 3717 1415 virtute
3779 1353 3976 1414 unius

2479 1450 2771 1512 vocabuli
2812 1451 2894 1512 ad
2936 1450 3431 1531 significandum
3484 1450 3763 1533 speciem
3806 1450 3979 1512 ordi—

2477 1550 2595 1611 niS.
2630 1584 2712 1594 —
2741 1549 2883 1612 Haec
2927 1549 3214 1611 Thomas
3251 1549 3366 1622 Qui
3410 1549 3596 1630 plura
3636 1567 3829 1630 super
3870 1549 3977 1610 his

2476 1648 2719 1721 scribit,
2741 1649 2848 1710 sed
2884 1649 2949 1710 in
2982 1648 3393 1729 praeinductis
3426 1648 3791 1710 doctoribus
3822 1656 3978 1708 sunt

2478 1753 2790 1808 contenta.
2847 1748 2993 1819 Quae
3052 1755 3265 1809 autem
3316 1747 3394 1808 de
3441 1747 3561 1807 hac
3620 1745 3972 1828 quaestione

871 1846 960 1908 tio
1019 1863 1168 1907 vero
1227 1845 1580 1919 filiationis,
1633 1865 1831 1927 quum
1892 1846 2146 1919 dicitur,
2200 1845 2363 1907 Ordo
2400 1846 2447 1907 B
2478 1844 2701 1907 scribit
2752 1846 2815 1906 in
2860 1846 3068 1926 prima
3107 1852 3284 1926 parte
3334 1845 3633 1919 Summae,
3676 1845 3969 1925 quae-stio-

871 1943 1012 2005 Filii
1053 1944 1129 2004 ad
1174 1943 1438 2005 Patrem.
1475 1944 1680 2016 Quum
1721 1962 1872 2005 vero
1911 1943 2166 2017 dicitur,
2202 1942 2365 2005 Ordo

870 2042 1067 2104 Patris
1106 2048 1169 2103 et
1199 2042 1338 2103 Filii
1380 2043 1458 2103 ad
1499 2042 1805 2124 Spiritum
1849 2043 2172 2115 Sanctum,
2206 2042 2368 2103 desi-

871 2148 1098 2221 gnatur
1142 2139 1317 2202 notio
1357 2160 1498 2222 quae
1541 2148 1634 2201 est
1678 2140 2038 2203 communis
2079 2141 2360 2222 spiratio.

871 2240 990 2301 Sed
1033 2240 1183 2300 dum
1226 2229 1480 2310 dicitur,
1516 2239 1680 2301 Ordo
1720 2240 1993 2320 Spiritus
2034 2240 2247 2302 Sancti
2288 2241 2365 2301 ad

869 2339 1114 2400 Patrem
1157 2344 1220 2399 et
1263 2336 1518 2411 Filium,
1552 2344 1805 2399 notatur
1847 2338 2187 2419 processio,
2224 2340 2366 2401 Haec

869 2437 1240 2499 Alexander.

950 2535 1128 2598 Circa
1181 2535 1312 2597 haec
1362 2534 1584 2595 scribit
1628 2534 1925 2595 Albertus
1967 2552 1980 2595 ε
2015 2536 2086 2596 1η
2128 2535 2366 2596 divinis

871 2634 1084 2695 nullus
1143 2642 1240 2695 est
1297 2634 1451 2695 ordo
1510 2633 1910 2714 simpliciter,
1975 2652 2091 2695 nec
2151 2633 2368 2715 aliquo

871 2733 1058 2794 modo
1103 2732 1280 2813 prius
1323 2741 1381 2793 et
1433 2732 1782 2813 posterius;
1825 2739 1887 2792 et
1931 2731 2085 2794 ordo
2128 2739 2367 2795 naturae

870 2830 981 2913 qui
1022 2838 1118 2893 est
1165 2830 1275 2905 ibi,
1313 2848 1439 2891 non
1484 2836 1579 2891 est
1623 2830 1776 2891 ordo
1821 2829 2221 2911 simpliciter,
2256 2832 2364 2892 sed

870 2930 1222 2991 secundum
1263 2929 1438 3009 quid.
1475 2929 1679 3001 Quum
1723 2929 1960 2990 etenim
2007 2929 2160 2989 ordo
2201 2929 2366 2991 dicat·

2476 1963 2555 2005 ne
2600 1944 3079 2025 quadragesima
3128 1943 3425 2015 secunda,
3469 1961 3663 2025 supra
3710 1942 3969 2005 inducta
4036 1961 4285 2066 ιιὲιέξμ.

4000 2036 4049 2077 p.
4228 2057 4239 2065 .

2475 2049 2643 2113 sunt,
2678 2060 2844 2104 nona
2886 2041 3311 2103 distinctione.

2558 2140 2676 2201 Sed
2708 2147 2771 2202 et
2801 2141 3019 2202 Petrus
3051 2147 3471 2202 consonanter
3500 2139 3598 2201 his
3636 2138 3915 2220 loquitur
3952 2156 3967 2201 ε

2476 2240 3018 2312 Quemadmodum
3066 2240 3133 2300 in
3173 2239 3407 2301 divinis
3452 2257 3577 2301 non
3619 2246 3714 2300 est
3754 2258 3975 2300 nume-

2478 2358 2585 2399 rus
2636 2338 3037 2419 simpliciter,
3087 2339 3195 2400 sed
3248 2357 3395 2400 cum
3446 2337 3977 2400 determinatione

2478 2444 2541 2497 et
2580 2437 2931 2498 secundum
2978 2436 3154 2518 quid,
3188 2436 3276 2497 ita
3315 2444 3379 2498 et
3419 2437 3593 2509 ord0,
3630 2444 3782 2518 puta
3820 2436 3979 2500 ordo

2480 2534 2763 2615 originis
2813 2535 2977 2597 Ordo
3026 2534 3267 2616 quippe
3318 2534 3697 2616 simpliciter
3740 2535 3975 2603 dictus,

2482 2632 2781 2713 importat
2829 2632 2967 2707 tria,
3002 2633 3299 2695 videlicet
3344 2650 3356 2694 :
3400 2632 3834 2695 ordinatorum
3884 2633 3980 2695 di-

2482 2732 2913 2803 stinctionem,
2947 2750 3088 2812 quae
3122 2730 3425 2810 competit
3466 2731 3631 2809 Deo;
3662 2731 3977 2811 graduum

2480 2829 2979 2903 distinctionem,
3024 2835 3243 2909 utpote
3294 2829 3523 2910 prioris
3566 2835 3629 2890 et
3671 2829 3979 2909 posterio-

2481 2928 2589 3000 riS,
2625 2947 2765 3007 quae
2796 2928 2924 2989 Deo
2954 2944 3081 2989 non
3125 2928 3457 3007 convenit3
3491 2934 3781 2989 mutuam
3820 2947 3977 3009 quo-

871 3029 1018 3097 due,
1062 3027 1360 3089 videlicet
1411 3026 1910 3100 distinctionem,
1954 3035 2018 3087 et
2066 3027 2244 3107 prius
2294 3046 2367 3088 ac
2405 3029 2447 3091 C
2479 3044 2602 3106 que
2652 3023 3095 3086 habitudinem
3145 3024 3614 3098 distinctorum,
3657 3044 3798 3106 quae
3847 3025 3979 3087 Deo

871 3125 1223 3207 posterius3
1271 3126 1337 3186 in
1380 3125 1616 3187 divinis
1663 3143 1790 3187 non
1835 3134 1930 3187 est
1977 3127 2130 3188 ordo
2174 3145 2369 3207 quan-

868 3233 1004 3286 tum
1056 3225 1134 3287 ad
1187 3225 1362 3305 prius
1405 3232 1468 3286 et
1510 3225 1846 3304 posterius,
1893 3225 2000 3286 sed
2055 3232 2365 3306 quantum

868 3325 943 3385 ad
990 3323 1484 3385 distinctionem.
1521 3323 1726 3395 Quum
1768 3341 1918 3384 vero
1959 3323 2213 3383 additur
2252 3343 2370 3383 na-

872 3433 1062 3492 turoe,
1109 3421 1468 3482 insinuatur
1518 3421 1684 3502 quod
1740 3441 1903 3482 unus
1953 3421 2034 3482 ab
2086 3420 2213 3483 alio
2262 3409 2397 3482 sits

869 3520 1103 3583 Natura
1161 3519 1400 3602 quippe
1463 3521 1816 3582 secundum
1885 3519 2363 3601 Philosophum,

868 3626 964 3682 est
1013 3639 1090 3681 ex
1140 3637 1267 3700 quo
1319 3618 1639 3700 pullulans
1691 3618 1982 3698 pullulat.
2039 3619 2102 3680 Si
2153 3625 2365 3681 autem

868 3725 1187 3798 quaeratur
1227 3717 1377 3796 quid
1420 3723 1737 3797 supponat
1775 3716 1970 3777 dictio
2011 3717 2150 3791 ista,
2190 3726 2370 3778 natu-

870 3835 974 3888 rae,
1009 3834 1206 3896 quum
1249 3814 1484 3876 dicitur
1513 3815 1666 3876 ordo
1698 3822 1959 3888 naturae,
1993 3835 2072 3876 an
2109 3816 2371 3878 essenti-

868 3933 970 3975 am
1003 3933 1080 3974 an
1115 3931 1448 3995 personam
1486 3912 1584 3974 vel
1617 3913 1941 3974 notionem
1979 3933 1991 3976 ε
2026 3914 2367 3975 dicendum

871 4013 1040 4094 quod
1085 4012 1391 4092 supponit
1435 4011 1800 4085 essentiam,
1845 4029 1971 4073 non
2015 4013 2369 4074 secundum

870 4111 1041 4192 quod
1073 4109 1346 4171 essentia
1377 4116 1493 4182 est,
1529 4110 1637 4170 sed
1680 4111 2034 4171 secundum
2065 4111 2233 4191 quod
2266 4131 2371 4172 na-

2479 3131 2575 3186 est
2606 3130 2991 3203 competens
3026 3159 3106 3168 -
3138 3123 3383 3184 Dicitur
3420 3131 3631 3185 autem
3673 3125 3827 3187 ordo
3864 3125 3978 3186 ali—

2480 3221 2665 3300 cujus
2697 3221 3041 3303 dupliciter
3074 3241 3087 3284 :
3125 3221 3355 3304 primo,
3392 3228 3460 3282 ut
3490 3221 3763 3303 subjecti
3804 3224 3979 3303 quod

2480 3320 2844 3398 ordinatur3
2878 3320 3181 3393 secundo,
3218 3327 3287 3380 ut
3318 3320 3580 3382 rationis
3621 3321 3977 3383 secundum

2480 3438 2672 3500 quam
2712 3419 2866 3480 ordo
2906 3419 3270 3481 attenditur.
3307 3419 3517 3481 Primo
3558 3420 3745 3482 modo
3787 3420 3850 3480 in
3882 3420 3979 3481 di-

2480 3517 2649 3578 vinis
2700 3535 2826 3578 non
2872 3525 2967 3578 est
3012 3517 3166 3578 ordo
3216 3524 3477 3587 naturae,
3522 3518 3632 3578 sed
3682 3535 3979 3598 persona-

2481 3635 2623 3677 rum
2675 3635 2816 3696 quae
2866 3614 3241 3676 ordinantur
3291 3615 3643 3676 secundum
3695 3616 3980 3697 proprie-

2484 3720 2673 3775 tatem
2706 3713 2989 3794 originis.
3029 3713 3319 3775 Secundo
3360 3713 3548 3775 modo
3578 3721 3672 3775 est
3706 3713 3793 3774 ibi
3826 3715 3983 3776 ordo

2482 3819 2743 3883 naturae,
2778 3811 2930 3892 quia
2960 3811 3311 3872 secundum
3356 3810 3706 3872 naturalem
3750 3813 3981 3893 produ-

2483 3910 2758 3972 ctionem
2791 3909 3167 3971 ordinantur
3208 3928 3511 3990 personae.
3548 3908 3756 3971 Primo
3792 3911 3981 3972 inodo

2482 4010 2635 4070 ordo
2678 4017 2918 4070 naturae
2964 4007 3239 4068 sumitur
3282 4007 3734 4075 orationaliter.
3777 4008 3840 4070 id
3882 4016 3981 4070 est

2483 4115 2551 4168 ut
2596 4107 2735 4168 duze
2780 4107 3112 4179 dictioneS‚
3156 4112 3219 4168 et
3260 4105 3581 4186 genitivus
3628 4105 3756 4178 ille,
3796 4113 3980 4168 natu-

872 4217 1034 4281 tura,
1078 4209 1198 4270 hoc
1246 4215 1362 4280 est,
1410 4215 1595 4287 prout
1635 4208 1869 4271 virtute
1911 4208 2049 4288 ejus
2092 4216 2189 4270 est
2232 4227 2371 4290 pro·
2403 4217 2449 4278 D
2481 4225 2587 4280 rae,
2641 4205 3030 4267 construitur
3079 4205 3145 4266 in
3205 4203 3579 4266 habitudine
3640 4205 3973 4267 materiali.

873 4307 1076 4369 cessio
1118 4323 1402 4387 personae
1432 4325 1468 4366 a
1507 4324 1778 4386 persona
1812 4325 1825 4367 :
1862 4307 2153 4387 quamvis
2194 4307 2367 4369 enim

873 4403 1149 4467 essentia
1181 4421 1306 4465 non
1337 4412 1593 4483 generet
1626 4424 1739 4484 per
1770 4425 1858 4477 se,
1883 4411 2159 4466 attamen
2192 4406 2370 4467 Pater

875 4510 1134 4584 generat
1163 4500 1398 4563 virtute
1438 4501 1728 4564 essentiae
1761 4510 1829 4563 ut
1860 4511 1956 4564 est
1991 4510 2231 4564 natura.
2270 4504 2371 4565 Di-

877 4603 964 4663 cit
1013 4618 1162 4680 ergo
1210 4601 1551 4662 essentiam
1605 4599 1668 4660 in
1721 4618 1988 4681 persona
2047 4618 2172 4663 non
2224 4601 2373 4663 sim-

877 4699 1151 4782 pliciter,
1185 4699 1294 4759 sed
1342 4699 1406 4759 in
1453 4705 1761 4780 quantum
1814 4706 2037 4760 natura
2081 4707 2193 4761 est.
2229 4700 2372 4762 Haec

876 4799 1190 4861 Albertus.

961 4897 1036 4958 Et
1075 4896 1416 4958 concordat
1452 4895 1801 4968 Udalricus,
1837 4895 2020 4974 cujus
2060 4895 2255 4957 verba
2298 4896 2375 4957 de

615 5020 849 5072 commi,
881 4997 1002 5058 ista
1043 4994 1306 5057 materia
1346 5013 1539 5076 supra
1579 5011 1746 5056 nona
1786 4993 2195 5056 distinctione
2230 5002 2378 5055 sunt

579 5099 622 5140 Ρ·
647 5083 800 5129 ⁴²³C'·
880 5095 1164 5175 allegata.

972 5193 1243 5255 Thomas
1295 5208 1552 5274 quoque
1601 5190 1702 5252 his
1753 5208 2106 5253 consonans
2145 5208 2158 5252 ε
2199 5189 2383 5264 Ord0‚

892 5288 1124 5372 inquit,
1158 5289 1224 5351 in
1256 5306 1370 5350 sua
1411 5289 1651 5351 ratione
1682 5288 1804 5350 tria
1844 5288 2134 5362 includit,
2167 5287 2389 5350 videli-

2484 4304 2772 4366 Secundo
2823 4303 3011 4364 modo
3068 4303 3344 4365 sumitur
3392 4303 3573 4383 quasi
3626 4303 3980 4366 dictionali-

2482 4411 2598 4474 ter,
2632 4410 2695 4462 et
2724 4401 3043 4481 genitivus
3075 4401 3467 4463 construitur
3498 4401 3561 4462 in
3605 4400 3979 4464 habitudine

2482 4501 2757 4574 formali,
2813 4509 2881 4562 ut
2930 4500 3013 4561 sit
3062 4520 3286 4562 sensus
3333 4518 3346 4561 :
3393 4501 3547 4562 ordo
3597 4508 3858 4573 naturae,
3915 4501 3981 4562 id

2484 4608 2579 4664 est
2628 4600 2781 4662 ordo
2831 4599 3157 4660 naturalis.
3208 4600 3349 4662 Haec
3399 4599 3637 4662 PetruS.
3682 4635 3763 4644 —
3802 4599 3979 4661 Idem

2484 4699 2853 4763 Richardus.

2582 4797 2886 4860 Praeterea
2954 4814 3095 4876 quae
3159 4813 3237 4856 ex
3300 4794 3653 4856 Alexandro
3723 4794 3985 4856 inducta

2487 4901 2657 4967 sunt,
2690 4894 3131 4955 Bonaven'tura
3173 4891 3293 4954 sub
3336 4892 3479 4954 aliis
3522 4892 3734 4954 verbis
3776 4893 3985 4974 expri-

2490 5011 2669 5054 mens
2724 5010 2737 5054 :
2790 4991 3065 5072 Triplex,
3117 4991 3226 5064 ait,
3278 4999 3375 5053 est
3431 4991 3606 5065 ord0,
3658 4991 3979 5066 videlicet,

2491 5090 2842 5154 secundum
2911 5089 3317 5171 positionem,
3384 5090 3736 5152 secundum
3802 5097 3985 5152 ante-

2494 5188 2872 5263 cessionem,
2924 5196 2987 5250 et
3039 5187 3393 5250 secundum
3445 5188 3777 5269 originem.
3821 5188 3990 5252 Ordo

2497 5287 2851 5350 secundum
2911 5285 3290 5367 positionem
3341 5285 3575 5349 dicitur
3624 5286 3989 5369 aliquorum
