4359 6250
833 477 951 543 154
1351 499 1416 545 m
1455 499 1678 545 mamm
1719 499 1740 543 1
1781 498 2265 545 sumamuncu.
2309 516 2391 526 —
2430 497 2583 543 msr.
2629 498 2784 544 xxm
2824 497 3075 559 summm
3118 497 3340 553 Quas-r.
3388 498 3407 543 1

1551 752 1634 815 Κ.
1683 756 1881 821 Quod
1923 768 2074 817 non
2119 754 2326 815 debet
2371 756 2520 815 dici
2565 756 2755 815 Deus
2799 755 3212 827 multiplex.

971 976 1055 1038 Et
1091 975 1262 1038 sicut
1308 976 1376 1037 in
1414 975 1732 1037 Trinitate
1782 990 1915 1037 non
1963 975 2062 1036 est
2095 973 2465 1053 diversitas,
2507 974 2599 1035 ita
2648 991 2767 1037 nec
2814 974 3270 1055 multiplicitas
3312 995 3325 1035 :
3371 976 3435 1037 et
3472 976 3618 1038 ideo
3664 992 3793 1038 non
3836 976 3963 1039 est

831 1092 1146 1155 dicendus
1182 1094 1363 1155 Deus
1401 1091 1773 1173 multipleX,
1807 1091 1920 1153 sed
1960 1090 2172 1153 trinus
2202 1092 2267 1153 et
2302 1089 2607 1171 simplex.
2649 1091 2830 1153 Unde
2868 1090 3261 1153 Ambrosius
3289 1091 3355 1154 in
3394 1093 3610 1173 primo
3648 1092 3813 1155 libro
3854 1092 3959 1155 de

577 1226 722 1269 Ambr.
750 1226 804 1269 «ιο
831 1207 1148 1270 Trinitate
1179 1208 1270 1269 ait
1303 1228 1318 1268 ε
1353 1209 1470 1270 Est
1500 1208 1562 1269 in
1595 1208 1788 1270 Patre
1826 1208 1891 1269 et
1927 1206 2097 1268 Filio
2137 1222 2269 1268 non
2300 1206 2699 1286 discrepans,
2733 1206 2845 1269 sed
2884 1224 3017 1269 una
3044 1207 3391 1287 divinitas3
3430 1225 3551 1271 nec
3584 1208 3955 1271 confusum
3994 1286 4005 1295 .

535 1287 806 1401 ξὶἶοᾟξῖῗζ
833 1326 1011 1406 quod
1061 1342 1270 1387 unum
1320 1326 1441 1403 est,
1482 1342 1601 1387 nec
1653 1323 2003 1406 multiplex
2052 1340 2194 1386 esse
2240 1324 2459 1404 potest
2505 1323 2683 1405 quod
2734 1323 3109 1388 indifferens
3156 1325 3274 1387 est.
3316 1324 3664 1407 Multiplex
3710 1325 3953 1406 itaque

537 1426 581 1455 ¹¹¹
602 1414 668 1455 '⁷'
831 1441 1011 1503 Deus
1057 1458 1189 1504 non
1237 1442 1356 1505 est.

1397 1730 1441 1792 S
1461 1728 1680 1791 UMM
1695 1726 1752 1789 Α
2354 1655 2403 1715 Α
2436 1658 2580 1721 dato
2613 1660 2781 1740 quod
2822 1659 2996 1720 nulla
3026 1666 3191 1721 esset
3222 1659 3547 1722 distinctio
3579 1661 3947 1742 personalis

862 1905 1462 1962 DISTINCTIONIS
1515 1903 1921 1957 vlCE81MAE
1976 1902 2286 1956 TERTIAE

953 2158 1358 2231 OSTQUAM
1410 2158 1475 2217 in
1523 2155 1870 2237 praehabita
1911 2153 2320 2216 distinctione

970 2263 1306 2317 tractatum
1357 2263 1454 2316 est
1495 2256 1573 2315 de
1621 2252 1934 2314 divisione
1985 2260 2048 2312 et
2095 2250 2319 2311 distin-

826 2356 1034 2419 ctione
1084 2354 1418 2418 nominum
1469 2352 1854 2425 divinorum,
1895 2351 2026 2430 jam
2077 2350 2318 2430 specia-

827 2455 970 2516 liter
1001 2460 1303 2514 tractatur
1332 2452 1408 2513 de
1453 2470 1572 2513 usu
1605 2457 1667 2511 et
1698 2448 2166 2529 significatione
2208 2465 2317 2508 no·

825 2553 1018 2614 minis
1068 2551 1282 2632 hujuS‚
1333 2567 1620 2631 persona,
1669 2548 1736 2609 in
1786 2547 2043 2618 divinis,
2091 2554 2154 2607 et
2206 2564 2319 2607 cur

824 2650 1128 2715 Catholici
1179 2657 1327 2711 sunt
1375 2648 1574 2711 coacti
1627 2646 1719 2708 uti
1770 2647 1890 2709 hoc
1942 2645 2201 2707 nomine
2254 2645 2317 2706 in

823 2750 1058 2813 divinis
1119 2749 1184 2809 in
1243 2747 1548 2828 singulari
1612 2764 1878 2807 numero
1935 2764 2008 2805 ac
2061 2744 2311 2825 plurali.

2435 1755 2500 1815 in
2552 1756 2699 1828 Deo,
2752 1758 2959 1819 adhuc
3010 1758 3269 1821 nomina
3328 1758 3447 1819 ista
3496 1767 3949 1840 compet-erent.

2432 1853 2515 1924 ei,
2541 1874 2658 1915 nec
2691 1854 2859 1915 idem
2892 1854 3327 1935 significarent
3360 1856 3526 1917 sicut
3555 1874 3939 1937 synonyma.

2434 1952 2737 2013 Praeterea
2767 1951 3134 2014 differentia
3173 1972 3284 2015 seu
3317 1954 3643 2015 distinctio
3672 1953 3779 2015 illa
3815 1972 3945 2016 no-

2435 2050 2682 2111 minum
2716 2051 2964 2123 horum,
2995 2059 3090 2112 est
3120 2052 3349 2132 partim
3384 2050 3559 2113 falsa.
3584 2052 3717 2114 Non
3750 2054 3941 2115 enim

2433 2148 2667 2209 dicitur
2726 2149 2890 2210 Deus
2940 2150 3217 2211 essentia
3266 2168 3339 2213 eo
3390 2152 3557 2231 quod
3608 2152 3707 2211 det
3760 2171 3939 2217 esse.

2434 2266 2549 2308 nec
2593 2248 2845 2328 sapiens
2886 2247 3035 2328 quia
3076 2249 3181 2309 dat
3223 2249 3637 2329 sapientiam;
3669 2251 3775 2311 sed
3824 2270 3947 2331 po-

2435 2346 2559 2406 tius
2610 2346 2984 2416 econtrario,
3039 2346 3340 2426 quoniam
3399 2346 3533 2428 ipse
3582 2348 3941 2410 essentiam

2431 2452 2493 2503 et
2544 2443 2919 2523 sapient-iam
2983 2444 3191 2513 habet,
3246 2444 3387 2505 aliis
3436 2445 3771 2507 essentiam
3838 2466 3945 2509 sa-

2433 2540 2868 2623 pientiamque
2901 2543 3352 2616 communicat,
3388 2544 3679 2625 quamvis
3710 2545 3945 2607 divina

2430 2640 2705 2701 essentia
2734 2659 2806 2701 ac
2838 2641 3149 2722 sapientia
3174 2641 3359 2705 nobis
3392 2642 3786 2705 innotescant
3816 2664 3945 2725 per

2432 2756 2570 2799 esse
2610 2746 2672 2799 et
2710 2740 3137 2820 cognitionem
3179 2749 3628 2802 creaturarum.
3663 2741 3789 2803 Nec
3824 2762 3942 2805 ve-

824 2849 1061 2911 Deinde
1101 2846 1378 2909 ostendit
1409 2844 1680 2926 qualiter
1711 2843 1910 2906 Graeci
1951 2860 2204 2924 quoque
2244 2842 2319 2903 fi·
2356 2838 2402 2899 B
2432 2854 2576 2897 rum
2620 2844 2715 2899 est
2759 2838 2927 2917 quod
2971 2838 3090 2900 hoc
3134 2856 3389 2911 nomen,
3434 2839 3815 2921 hypostasiS‚
3856 2841 3946 2902 si-

823 2946 995 3009 deles
1037 2942 1661 3027 proportionabiliter
1700 2942 1824 3003 sint
1867 2940 2179 3021 compulsi
2224 2940 2315 3001 uti

825 3044 1083 3107 nomine
1124 3043 1398 3124 quodam
1439 3038 1844 3121 singulariter
1879 3058 1952 3101 ac
1987 3038 2319 3119 pluraliter

825 3143 889 3204 in
936 3141 1190 3204 divinis.

1138 3465 1612 3540 QUAESTIO
1673 3465 2002 3527 PRIMA

973 3731 1034 3792 Ic
1080 3730 1385 3811 quaeritur
1425 3729 1654 3810 primo,
1699 3729 2060 3806 Qualiter
2105 3729 2317 3792 inter

989 3844 1072 3896 se
1116 3829 1716 3906 distinguantur
1763 3826 1933 3892 haec
1977 3828 2318 3906 quatuor

820 3929 1167 4008 nomina,
1184 3927 1548 4005 essentia,
1573 3924 2120 4003 subsistentia,
2138 3923 2317 3988 sub-

820 4028 1140 4105 stantia,
1174 4028 1256 4092 et
1297 4039 1654 4106 persona.

902 4126 992 4187 Ad
1025 4125 1144 4186 hoc
1175 4123 1442 4185 Thomas
1475 4122 1809 4203 respondet
1838 4139 1850 4182 :
1877 4122 2019 4182 Haec
2049 4128 2318 4202 quatuor

823 4223 1082 4287 nomina
1110 4222 1420 4283 differunt
1451 4219 2062 4300 significatione‚sed
2095 4235 2315 4280 eorum

822 4320 1187 4383 differentia
1215 4339 1252 4380 a
1280 4318 1548 4380 diversis
1588 4317 2013 4379 diversimode
2044 4316 2318 4395 assigna-

821 4429 942 4480 tur.
979 4419 1242 4492 Quidam
1289 4417 1461 4478 enim
1509 4422 1772 4476 sumunt
1823 4415 2048 4476 horum
2098 4413 2318 4474 distin-

821 4518 1097 4581 ctionem
1145 4535 1222 4578 ex
1273 4516 1392 4576 hoc
1443 4515 1612 4596 quod
1664 4513 1730 4574 in
1779 4512 2016 4574 divinis
2075 4511 2315 4592 aliquid

819 4625 915 4678 est
967 4632 1326 4684 commune,
1379 4620 1437 4674 et
1488 4611 1730 4692 aliquid
1791 4610 2185 4671 distinctum.
2242 4610 2317 4670 Et

821 4731 1160 4778 commune
1213 4711 1368 4773 illud
1421 4717 1628 4792 potest
1677 4707 2028 4788 significari
2080 4715 2149 4767 ut
2192 4727 2316 4785 quo

819 4824 936 4884 esc,
968 4820 1032 4875 et
1061 4812 1154 4873 sic
1185 4817 1280 4872 est
1311 4808 1622 4886 essentia;
1664 4807 1765 4868 vel
1806 4814 1875 4867 ut
1905 4809 2078 4885 quod
2107 4815 2222 4874 esc,
2255 4813 2318 4867 et

819 4913 911 4976 sic
961 4918 1057 4974 est
1107 4907 1538 4972 subsistentia.
1586 4905 1968 4968 Distinctum
2020 4903 2317 4966 similiter

820 5017 1026 5093 potest
1088 5005 1440 5088 significari
1501 5003 1883 5070 concretive,
1949 5009 2010 5063 et
2069 5002 2160 5062 sic
2222 5008 2317 5063 est

820 5125 1126 5192 persona3
1178 5105 1278 5167 vel
1327 5102 1730 5174 abstractive,
1776 5109 1838 5162 et
1888 5101 1974 5162 ita
2021 5109 2116 5162 est
2169 5100 2316 5161 sub-

2430 2935 2695 3015 gnificet
2729 2936 2789 2997 id
2823 2937 2991 3017 quod
3035 2938 3367 3018 proprium
3397 2946 3493 2999 est
3522 2938 3939 3001 abstractive.

2431 3034 2533 3095 Sic
2563 3034 2735 3095 enim
2770 3034 3173 3115 significatur
3205 3035 3461 3097 nomine
3494 3036 3939 3118 proprietatiS‚

2430 3133 2728 3195 videlicet
2759 3135 3177 3215 paternitatiS,
3198 3155 3340 3216 quae
3370 3135 3769 3216 significatur
3798 3157 3939 3201 non

2431 3239 2500 3292 ut
2558 3231 2938 3314 hypostasi8‚
3000 3234 3107 3294 sed
3172 3241 3242 3294 ut
3300 3233 3364 3294 in
3430 3234 3749 3316 hypostasi
3812 3255 3942 3299 ens

2429 3349 2540 3391 seu
2581 3331 2911 3392 exsistens.
2946 3367 3027 3375 —
3056 3331 3178 3392 Alii
3215 3351 3365 3412 ergo
3404 3341 3666 3394 sumunt
3702 3333 3941 3396 distin-

2428 3428 2706 3490 ctionem
2760 3429 2988 3492 horum
3038 3430 3372 3493 nominum
3428 3433 3779 3493 secundum
3832 3434 3939 3494 di-

2428 3527 2835 3589 stinctionem
2881 3528 3142 3590 rationis
3187 3549 3312 3607 quo
3354 3539 3445 3589 est
3488 3537 3551 3591 et
3592 3533 3763 3608 quod
3804 3543 3932 3594 esc.

2428 3626 2707 3698 Quorum
2767 3625 2965 3708 aliqui
3027 3627 3249 3688 dicunt
3297 3628 3464 3708 quod
3514 3628 3636 3689 tria
3692 3628 3935 3692 horum

2428 3723 2795 3803 significant
2844 3744 2969 3802 quo
3019 3733 3109 3784 est
3160 3724 3257 3786 vel
3310 3724 3726 3787 substantiam
3778 3747 3941 3808 snp-

2430 3821 2619 3902 positi
2664 3839 2677 3882 :
2724 3821 2809 3882 ita
2858 3823 3025 3902 quod
3074 3822 3351 3884 essentia
3401 3823 3722 3903 significat
3774 3825 3935 3886 sub-

2429 3920 2723 3981 stant-iam
2756 3939 2867 3981 scu
2902 3929 3190 3982 nat-uram
3222 3921 3938 4002 generis‚subsistentia

2354 4021 2398 4083 C
2430 4027 2717 4078 naturam
2768 4019 3027 4099 speciei,
3081 4020 3437 4101 hypostasis
3488 4028 3776 4082 naturam
3832 4021 3936 4083 in—

2429 4116 2854 4194 ‹lividualem3
2895 4125 2958 4178 et
3004 4126 3323 4198 quartum,
3366 4118 3665 4180 videlicet
3712 4138 3939 4200 perso—

2430 4233 2529 4281 na,
2564 4213 2840 4275 sumitur
2880 4216 3233 4276 secundum
3276 4215 3337 4276 id
3380 4216 3547 4296 quod
3589 4224 3704 4285 est,
3738 4224 3801 4278 et
3848 4219 3939 4279 si-

2427 4311 2691 4392 gnificat
2734 4312 3155 4374 substantiam
3190 4332 3330 4394 quae
3366 4321 3461 4375 est
3491 4315 3930 4396 suppositum.

2428 4409 2550 4471 Alii
2596 4411 2780 4472 aliter
2823 4412 3063 4472 dicunt.

2510 4509 2628 4570 Sed
2662 4508 2890 4570 melius
2924 4509 3175 4570 videtur
3202 4529 3340 4572 esse
3372 4511 3713 4572 dicendum
3741 4511 3941 4592 juxta

2428 4608 2738 4680 Boetium‚
2793 4608 2960 4688 quod
3010 4607 3377 4670 differentia
3428 4608 3759 4670 nominum
3812 4609 3935 4674 ho-

2428 4725 2595 4779 rum,
2624 4705 2918 4776 essentia,
2955 4704 3388 4773 subsistentia,
3423 4706 3792 4780 substantia,
3828 4729 3941 4772 su-

2430 4805 2659 4865 menda
2703 4804 2786 4864 sit
2830 4822 3024 4884 penes
3076 4804 3613 4884 significationem
3662 4813 3935 4872 act-uum

2428 4921 2463 4963 a
2494 4901 2731 4982 quibus
2765 4902 3182 4982 imponuntur
3216 4919 3229 4964 :
3264 4903 3372 4983 qui
3416 4910 3593 4964 actus
3625 4912 3792 4976 sunt,
3828 4925 3937 4968 es-

2430 5019 2517 5068 se,
2573 4999 2943 5071 subsistere,
2997 5007 3060 5061 et
3111 5000 3417 5062 substare.
3474 5001 3625 5063 Esse
3682 5003 3939 5086 quippe

2431 5115 2770 5160 commune
2833 5105 2949 5170 est,
3016 5117 3133 5159 nec
3199 5099 3575 5161 determinat
3644 5100 3937 5182 aliquem

823 5206 1054 5269 stantia
1091 5223 1203 5267 seu
1245 5200 1619 5284 hypostasis,
1656 5200 1775 5262 Sed
1818 5199 1936 5261 iste
1977 5217 2050 5260 ac
2086 5197 2318 5260 similis
2351 5197 2399 5258 D
2436 5197 2699 5259 modum
2747 5196 3035 5275 essendi3
3079 5197 3425 5260 subsistere
3470 5206 3683 5260 autem
3726 5201 3945 5264 dete-r-

833 5306 1057 5368 modus
1090 5320 1218 5365 non
1259 5299 1566 5362 satisfacit
1595 5298 1932 5380 quaestioni
1968 5317 1982 5361 :
2017 5296 2321 5378 quoniam
2435 5295 2637 5358 minat
2682 5295 2941 5357 modum
2987 5295 3261 5368 essendi,
3305 5303 3493 5376 prout
3536 5295 3779 5359 scilieet
3820 5301 3947 5363 ali-
