4359 6250
899 477 1020 543 418

1508 491 1570 540 m
1612 493 1833 538 LIBRUM
1875 493 1895 538 1
1937 488 2419 538 SENTENTIARUM.
2466 509 2545 518 —
2586 481 2737 537 Dl'sT.
2784 489 3011 554 xxxx-'13
3055 489 3278 547 QUAEST.
3325 487 3392 537 111

900 677 1078 730 extra
1119 686 1268 730 eum
1304 687 1318 730 :
1353 672 1416 726 et
1459 664 1601 739 hoc,
1635 663 1737 726 vel
1781 663 1987 745 quoad
2032 661 2398 724 differentia
2426 660 2475 722 A
2507 660 2983 742 Philosophum,
3020 680 3145 724 non
3179 667 3384 742 potest
3414 665 3832 740 augmentum
3868 675 4003 739 pro-

899 766 1134 848 specie,
1171 766 1236 828 in
1278 783 1404 847 quo
1447 782 1638 826 eursu
1677 763 1900 823 eodem
1947 768 2211 822 currunt
2253 758 2397 821 infi-

900 866 1066 926 nitas
1098 864 1383 927 idearum
1422 870 1612 944 atque
1653 859 1940 922 infinitas
1971 858 2393 939 cognitorum,

899 962 1022 1024 nisi
1065 961 1228 1024 forte
1265 961 1475 1043 quoad
1517 959 1761 1042 species
1803 976 2213 1020 numerorum
2237 975 2253 1036 3
2296 957 2394 1018 vel

901 1061 1107 1141 quoad
1139 1059 1572 1123 differentiam
1610 1075 2046 1128 numerorum,
2082 1056 2195 1117 ubi
2236 1055 2397 1118 forte

899 1165 1106 1240 potest
1144 1176 1284 1219 esse
1327 1155 1612 1219 infinitas
1657 1155 2077 1235 cognitorum,
2114 1154 2265 1236 quia
2310 1153 2399 1214 in-

899 1256 1158 1318 dividua
1193 1255 1480 1337 proprias
1519 1255 1688 1317 ideas
1722 1273 1846 1316 non
1883 1254 2116 1315 habent
2149 1254 2213 1314 in
2246 1253 2392 1314 Deo,

902 1354 1218 1428 Quantum
1257 1371 1406 1434 ergo
1444 1354 1522 1414 ad
1564 1353 1747 1414 istam
1789 1352 2065 1434 pertinet
2105 1351 2396 1432 quaestio-

897 1437 1074 1526 nem,
1109 1451 1455 1514 videndum
1499 1458 1594 1513 est
1643 1470 1721 1512 an
1773 1449 2077 1532 possibile
2128 1450 2211 1512 sit
2260 1467 2397 1510 esse

901 1550 1207 1612 essentias
1249 1557 1678 1612 creaturarum
1722 1548 2008 1611 infinitas
2049 1566 2187 1609 sese
2222 1565 2402 1608 exce-

901 1649 1121 1711 dentes
1153 1648 1506 1711 secundum
1545 1647 1776 1728 gradus
1813 1645 2223 1728 perfectionis
2259 1664 2398 1726 spe-

901 1747 1106 1810 cificae
1141 1765 1155 1808 ε
1191 1747 1340 1829 quia
1370 1747 1424 1808 si
1455 1746 1570 1820 sic,
1607 1745 1916 1827 ponendae
1947 1753 2096 1806 sunt
2127 1743 2398 1806 infinitae

2506 759 2729 820 cedere
2760 759 2827 820 in
2860 759 3212 832 infinitum,
3248 767 3507 841 propter
3547 765 3841 819 nat-uram
3883 755 4003 818 for-

2508 875 2658 936 mae3
2708 857 2863 920 alias
2924 865 3297 939 sequeretur
3346 875 3531 940 posse
3581 875 3720 919 esse
3774 873 4003 937 corpus

2507 955 2857 1019 infinitum.
2892 957 3019 1019 Nec
3059 965 3153 1019 est
3183 956 3283 1037 (ut
3313 956 3591 1036 videtur)
3622 957 3687 1017 in
3728 955 3849 1016 hoc
3886 953 4004 1015 dif-

2506 1055 2774 1118 serentia
2815 1055 2982 1117 inter
3014 1056 3520 1136 magnitudinem
3563 1055 3750 1117 molis
3782 1061 3847 1114 et
3878 1072 4003 1114 ma-

2506 1154 2907 1234 gnitudinem
2943 1153 3351 1236 perfectionis
3377 1172 3391 1215 z
3420 1153 3771 1236 praesertim
3805 1172 4001 1234 quum

2510 1253 2879 1332 magnitudo
2928 1252 3338 1334 perfectionis
3388 1253 3471 1314 sit
3508 1252 3873 1334 specierum
3912 1269 4005 1312 es-

2508 1351 2859 1413 sentialiter
2907 1352 2986 1412 ad
3032 1351 3309 1413 invicem
3368 1351 3826 1423 ordinatarum,
3880 1358 4009 1411 tan-

2509 1469 2701 1532 quam
2735 1448 3185 1531 principalium
3219 1449 3497 1531 partium
3528 1449 3837 1520 universi,
3868 1467 4007 1528 quae

2508 1548 2909 1610 essentialem
2964 1549 3129 1610 inter
3170 1567 3236 1610 se
3284 1549 3574 1611 ordinem
3626 1547 3901 1625 habent;
3944 1547 4006 1606 in

2509 1646 2932 1709 essentialiter
2990 1655 3203 1708 autem
3264 1647 3646 1710 coordinatis
3705 1663 3834 1708 non
3896 1663 4007 1727 po·-

2508 1751 2633 1807 test
2662 1763 2800 1807 esse
2832 1763 3165 1826 processus
3202 1745 3265 1807 in
3310 1745 3662 1816 infinitum,
3697 1744 4009 1806 sumendo

900 1845 1058 1908 ideae
1101 1845 1165 1908 in
1207 1846 1356 1920 De0,
1401 1863 1600 1928 quum
1643 1861 1781 1906 esse
1825 1862 2037 1905 rerum
2089 1842 2401 1924 quiddita-
2436 1843 2482 1904 B
2513 1863 2713 1906 unum
2747 1852 2887 1925 post
2918 1843 3088 1906 aliud
3123 1845 3222 1906 vel
3254 1852 3399 1906 ante
3430 1844 3625 1917 aliud,
3650 1843 3761 1905 sed
3792 1851 3884 1904 est
3921 1842 4007 1904 ibi

901 1944 1107 2006 tivum
1156 1962 1284 2006 non
1335 1943 1684 2024 dependeat
1727 1962 1763 2004 a
1807 1950 2115 2023 tempore,
2157 1941 2268 2003 sed
2318 1941 2400 2016 sit

901 2043 968 2105 in
1027 2042 1376 2106 {eternitate
1425 2061 1540 2124 per
1598 2041 1908 2103 rationem
1969 2039 2400 2122 exemplarem

900 2161 1090 2224 quam
1151 2141 1343 2202 habet
1405 2141 1472 2202 in
1534 2140 1660 2202 Deo
1726 2147 1982 2212 aetern0,
2047 2138 2399 2221 praesertim

899 2258 1100 2320 quum
1139 2239 1206 2300 in
1247 2237 1498 2300 aeternis
1539 2255 1664 2299 non
1708 2237 1962 2300 differat
2000 2255 2136 2298 esse
2169 2243 2232 2298 et
2264 2253 2402 2318 pos-

901 2355 1002 2416 se;
1036 2338 1136 2401 sin
1179 2345 1415 2412 autem,
1450 2355 1873 2419 nequaquam.

992 2437 1318 2518 Dependet
1374 2435 1568 2517 igitur
1630 2435 1970 2518 propositae
2030 2433 2400 2516 quaestionis

903 2536 1134 2598 solutio
1180 2535 1260 2597 ab
1307 2533 1568 2596 alterius
1621 2532 1992 2615 quaestionis
2039 2531 2401 2594 dissolutio·

902 2653 1006 2707 ne,
1039 2633 1358 2707 videlicet,
1392 2653 1472 2697 an
1514 2631 1818 2714 possibile
1860 2630 1942 2691 sit
1978 2629 2042 2692 in
2085 2637 2309 2692 natura
2339 2636 2403 2690 et

903 2731 1178 2794 essentia
1215 2737 1517 2793 creaturae
1559 2748 1794 2811 ponere
1834 2729 2002 2810 quod
2047 2727 2172 2789 alia
2212 2727 2402 2789 aliam

903 2831 1105 2913 possit
1151 2831 1454 2892 excedere
1505 2829 1857 2890 secundum
1915 2828 2146 2908 gradus
2198 2827 2402 2908 perfe-

905 2929 1212 3002 ctionum,
1254 2926 1562 2989 imitando
1609 2925 1892 2988 divinam
1940 2927 2283 2987 essentiam
2336 2926 2401 2986 in

2512 1942 2793 2024 primum
2836 1951 2900 2004 et
2945 1943 3244 2005 ultimum
3280 1963 3294 2006 :
3328 1943 3625 2005 similiter
3666 1943 3733 2004 in
3778 1941 4011 2004 haben-

2512 2041 2684 2103 tibus
2728 2041 2941 2103 situm.
2982 2042 3051 2102 ln
3095 2041 3467 2104 substantiis
3516 2042 3710 2103 etiam
3760 2059 4007 2122 separa·

2515 2139 2615 2212 tis,
2664 2141 3015 2201 secundum
3066 2141 3420 2202 doctrinam
3470 2141 3869 2214 Sanctorum,
3914 2146 4009 2200 est

2512 2238 2866 2300 essentialis
2897 2239 3051 2301 ordo
3083 2239 3147 2301 in
3179 2238 3510 2301 influendo
3538 2247 3729 2321 atque
3760 2257 4013 2300 moven-

2511 2337 2593 2398 do
2624 2355 2737 2418 per
2768 2336 3285 2399 illuminationes.
3304 2337 3365 2400 Si
3398 2356 3547 2418 ergo
3573 2336 3819 2418 aliquid
3844 2337 4011 2398 valet

2512 2435 2801 2497 doctrina
2856 2435 3245 2516 Philosophi,
3297 2435 3695 2516 impossibile
3752 2443 3849 2496 est
3908 2453 4015 2516 po-.

2513 2553 2663 2596 nere
2710 2533 2898 2595 talem
2950 2533 3337 2596 infinitatem
3382 2535 3449 2596 in
3494 2533 3832 2616 speciebus
3879 2535 4013 2596 uni-

2515 2633 2679 2694 versi
2714 2632 2778 2693 in
2822 2640 2965 2694 actu
3002 2649 3016 2694 ε
3051 2652 3247 2714 quare
3280 2652 3397 2695 nec
3430 2633 3491 2694 in
3525 2633 3829 2714 potentia,
3862 2633 4013 2714 quia

2515 2731 2581 2792 in
2631 2731 2750 2792 hoc
2798 2730 2975 2792 nulla
3020 2731 3253 2793 accidit
3300 2730 3709 2810 differentia3
3748 2731 3904 2813 quia
3948 2731 4011 2793 in

2514 2829 2633 2891 hoc
2676 2847 2801 2891 non
2842 2827 3151 2891 differunt
3186 2849 3323 2892 esse
3364 2837 3429 2890 et
3469 2848 3674 2911 posse,
3708 2829 4013 2912 quoniam

2516 2928 2885 2990 universum
2950 2928 3013 2990 in
3065 2928 3197 2990 suis
3258 2928 3595 3010 speciebus
3656 2928 4013 3010 perfectum

905 3025 1254 3088 infinitum.
1305 3026 1495 3087 Porro
1553 3024 1705 3106 quid
1757 3024 1833 3085 de
1885 3024 2002 3085 hac
2051 3024 2401 3106 quaestione
2441 3028 2483 3092 C
2514 3034 2627 3087 est.
2684 3027 2944 3109 Propter
3001 3027 3170 3109 quod
3230 3045 3651 3108 quaecumque
3709 3027 4013 3108 possibile

899 3126 984 3187 sit
1030 3124 1455 3197 sentiendum,
1488 3123 1834 3186 obscurum
1877 3131 1939 3184 et
1981 3121 2256 3185 multum
2308 3142 2400 3185 re-

908 3232 1154 3287 motum
1193 3229 1289 3285 est
1319 3241 1355 3284 a
1386 3221 1571 3284 nobis
1615 3228 1873 3304 propter
1915 3221 2402 3303 incomprehen-

903 3322 1280 3385 sibilitatem
1312 3319 1670 3383 infinitatis,
1705 3318 1999 3381 Attamen
2031 3327 2276 3381 certum
2308 3326 2404 3381 est

907 3419 1094 3482 nobis
1126 3420 1191 3481 in
1223 3420 1340 3481 hac
1373 3417 1742 3501 quaestione,
1777 3423 2087 3498 quantum
2119 3418 2200 3479 ad
2231 3416 2403 3479 ideas

907 3527 969 3580 et
1029 3518 1334 3581 essentias
1396 3536 1611 3579 rerum
1675 3515 2030 3577 secundum
2094 3516 2399 3597 speciem,

909 3617 1076 3701 quod
1109 3635 1442 3699 processus
1475 3616 1582 3678 ille
1613 3615 1966 3677 secundum
2004 3616 2235 3695 gradus
2268 3634 2405 3697 per-

906 3715 1224 3789 fectioniS,
1259 3715 1612 3777 secundum
1655 3714 1854 3795 magis
1898 3721 1962 3775 et
2006 3713 2220 3775 minus
2266 3714 2405 3775 imi-

905 3814 1096 3875 tando
1134 3813 1416 3875 divinam
1457 3820 1518 3873 et
1557 3811 1903 3874 increatam
1946 3810 2404 3894 perfectionem

908 3912 974 3973 in
1025 3911 1378 3984 infinitum,
1420 3918 1516 3972 est
1568 3928 1681 3990 per
1730 3909 2120 3971 additionem
2163 3910 2241 3972 ad
2283 3908 2407 3972 for-

907 4029 1100 4083 mam,
1135 4008 1286 4091 quia
1329 4007 1637 4089 perfectio
1681 4014 1776 4070 est
1818 4027 1856 4069 a
1897 4007 2098 4070 forma
2135 4025 2149 4069 ε
2186 4008 2405 4089 sicque

906 4108 1138 4189 gradus
1181 4107 1471 4188 superior
1515 4107 1581 4169 in
1627 4107 1956 4179 imitand0,
1990 4116 2085 4169 est
2124 4126 2159 4169 a
2200 4107 2407 4170 forma

910 4205 1294 4289 perfectiori.
1331 4206 1395 4269 Si
1425 4223 1574 4286 ergo
1605 4222 1938 4286 processus
1973 4205 2076 4267 ille
2110 4207 2405 4288 progredi
2436 4212 2484 4273 D
2517 4206 2686 4269 dicta
2734 4207 3101 4289 Philosophi
3148 4226 3163 4271 ε

911 4312 1125 4387 posset
1184 4304 1249 4365 in
1309 4303 1641 4365 infinitum
1702 4303 1766 4363 in
1816 4302 2040 4377 forma,
2093 4322 2243 4383 ergo
2294 4323 2407 4385 per

911 4401 1377 4485 appositionem
1439 4400 1848 4483 perfectionis
1910 4403 2250 4482 procedere
2302 4420 2407 4483 po-

913 4509 1033 4564 test
1063 4507 1476 4580 augmentum
1518 4499 1898 4579 simpliciter
1927 4507 1990 4561 et
2018 4500 2307 4563 absolute
2339 4500 2406 4563 in

912 4600 1243 4663 infinitum
1282 4598 1477 4679 (sicut
1524 4597 1756 4659 divisio
1805 4598 1871 4659 in
1922 4599 2271 4679 quantitate
2315 4620 2408 4662 se-

907 4698 1194 4761 cundum
1236 4694 1586 4767 materiam,
1624 4713 1735 4776 per
1767 4695 2146 4757 divisionem
2192 4715 2407 4778 proce-

909 4799 1060 4860 dere
1091 4803 1297 4879 potest
1327 4794 1396 4857 in
1427 4792 1826 4873 infinitum):
1863 4794 2029 4875 quod
2060 4802 2156 4856 est
2190 4803 2408 4858 contra

909 4895 1363 4976 Philosophum
1414 4891 1601 4956 tertio
1649 4892 2082 4974 Physicorum,
2126 4895 2407 4975 capitulo

910 4996 988 5058 de
1038 4993 1314 5056 infinito.
1363 4991 1804 5074 Multiplieatio
1855 4991 2113 5053 demum
2164 4994 2407 5073 specie-

910 5113 1054 5155 rum
1114 5091 1465 5154 secundum
1527 5091 1758 5171 gradus
1817 5088 2251 5172 perfectioniS,
2312 5099 2408 5153 est

913 5212 1028 5275 per
1065 5191 1360 5264 formam,
1394 5189 1559 5251 sicut
1591 5196 1686 5251 est
1714 5196 2127 5269 augmentum
2171 5189 2236 5251 in
2277 5210 2405 5252 ma-

912 5289 1246 5374 gnitudine
1307 5286 1616 5371 corporali
1670 5304 1684 5348 :
1737 5286 1801 5348 in
1851 5306 1999 5369 qua,
2053 5288 2407 5351 secundum

2512 3134 2609 3188 est
2639 3144 2776 3188 esse
2809 3126 2875 3187 in
2905 3126 3329 3187 essentialiter
3358 3126 3764 3199 coordinatiS‚
3798 3145 4014 3189 neees-

2514 3243 2581 3285 se
2612 3233 2708 3286 est
2739 3224 2849 3285 illa
2887 3242 3026 3285 esse
3057 3224 3122 3286 in
3162 3232 3327 3285 actu.
3362 3260 3443 3269 —
3470 3224 3629 3285 Hinc
3670 3242 3798 3287 non
3828 3226 4015 3288 video

2512 3323 2682 3405 quod
2732 3322 3021 3385 essentiae
3071 3330 3295 3385 creatae
3348 3322 3583 3385 imitari
3636 3332 3873 3404 queant
3922 3324 4015 3387 di-

2514 3422 2730 3485 vinam
2780 3419 3241 3503 perfectionem
3294 3422 3649 3484 secundum
3704 3422 3906 3503 magis
3952 3431 4015 3485 et

2516 3518 2729 3580 minus
2776 3518 2837 3579 in
2892 3517 3245 3592 infinitum,
3290 3518 3413 3579 nisi
3466 3538 3591 3581 una
3638 3536 3858 3579 earum
3908 3535 4019 3599 po-

2516 3625 2703 3679 natur
2735 3615 3005 3679 infinitae
3038 3614 3449 3698 perfectionis
3484 3636 3497 3680 :
3532 3616 3836 3698 quoniam
3868 3616 4017 3679 licet

2516 3716 2918 3797 procedendo
2964 3714 3264 3777 continue
3313 3714 3394 3776 ab
3440 3734 3564 3777 una
3612 3715 3677 3777 in
3726 3715 4013 3788 alteram,

2514 3834 2843 3896 nunquam
2891 3814 2973 3875 sit
3012 3814 3312 3876 devenire
3350 3814 3428 3875 ad
3471 3814 3753 3896 aliquam
3796 3813 4017 3877 infini-

2514 3922 2667 3987 tam,
2722 3932 2981 3975 necesse
3040 3919 3251 3975 tamen
3309 3920 3475 3975 esset
3534 3931 3792 3996 ponere,
3843 3913 4016 3995 quod

2516 4010 2904 4093 possibilitas
2952 4012 3018 4073 in
3061 4011 3265 4073 forma
3303 4019 3512 4074 creata
3549 4018 3715 4075 esset
3753 4012 3833 4073 ad
3880 4031 4019 4094 per-

2517 4109 2857 4171 fectionem
2892 4108 3235 4183 infinitam,
3270 4117 3336 4171 ut
3368 4110 3620 4172 videtur
3658 4111 4013 4173 secundum

3216 4208 3367 4289 quia
3412 4208 3466 4270 si
3516 4225 3645 4270 non
3690 4216 3809 4282 est,
3861 4217 4018 4272 tunc

2516 4313 2682 4367 esset
2713 4306 3013 4368 devenire
3043 4307 3121 4367 ad
3150 4307 3431 4387 aliquam
3468 4307 3633 4369 ultra
3662 4327 3855 4390 quam
3888 4328 4019 4371 non

2518 4414 2727 4486 posset
2777 4404 3119 4487 perfectior
3164 4423 3342 4485 esse;
3394 4406 3615 4489 sicque
3666 4424 3795 4469 non
3850 4417 4023 4471 esset

2518 4504 2781 4565 imitatio
2812 4504 3045 4566 divinae
3075 4503 3485 4586 perfectionis
3516 4506 3863 4568 secundum
3890 4525 4027 4586 gra·

2517 4602 2635 4663 dus
2681 4600 3090 4683 perfectionis
3136 4602 3201 4663 in
3249 4601 3595 4665 infinitum.
3632 4603 3709 4665 Et
3750 4604 3806 4666 si
3848 4616 4023 4668 esset

2515 4700 2595 4761 ad
2645 4699 2763 4761 hoc
2824 4699 3237 4781 possibilitaS,
3289 4709 3455 4762 esset
3502 4709 3566 4762 et
3612 4703 3946 4767 actualitas
4002 4723 4018 4768 :

2517 4798 2815 4879 quoniam
2862 4798 3077 4879 plures
3116 4799 3406 4862 essentiae
3449 4818 3662 4863 rerum
3702 4820 3843 4865 esse
3886 4822 4021 4867 non

2517 4896 2728 4958 valent
2760 4916 2951 4978 quam
2993 4904 3141 4959 sunt
3170 4898 3523 4959 secundum
3568 4899 3737 4963 ideas
3766 4922 3917 4965 suas
3948 4904 4019 4968 in

2518 4996 2662 5057 Deo.
2718 4995 2791 5057 Et
2843 4996 2929 5057 ita
2978 5003 3227 5077 oportet
3278 4996 3382 5057 hic
3432 5016 3683 5060 sumere
3734 4999 4023 5065 infinita-

2516 5102 2669 5167 tem,
2720 5112 2847 5155 non
2906 5094 3072 5155 sicut
3118 5094 3184 5155 in
3234 5096 3636 5169 successiviS‚
3689 5098 3800 5160 sed
3850 5102 4023 5165 sicut

2516 5192 2584 5253 in
2626 5192 3166 5273 permanentibus.

2598 5292 2815 5374 ltaque
2842 5291 3023 5372 juxta
3056 5292 3225 5355 hunc
3260 5294 3518 5358 modum
3561 5295 3614 5357 si
3646 5296 3793 5380 quis
3824 5298 4026 5365 vellet
