4359 6250
171 2087 240 2126 ¹51.
263 2087 298 2126 ³.

1279 523 1480 569 {mum
1521 521 1795 570 ANGELUS
1837 525 1930 569 Sl'l'
1970 523 2034 570 ΙΝ
2074 524 2224 572 Loco
2266 527 2609 576 DEFtNl‘rtvn

3371 499 3491 574 453

389 708 544 752 nam
589 699 900 772 punctum
943 701 1039 756 est
1085 693 1474 757 indivisibile
1528 695 1767 758 habens
1811 696 1893 758 si·
1924 693 1976 756 A
2007 699 2275 762 tationes
2313 700 2683 763 incidentes,
2725 702 2942 783 ltaque
2980 701 3333 764 secundum
3370 699 3490 762 hoc

386 795 530 850 tum
569 807 586 868 3
629 790 891 871 angelus
935 811 1086 855 vero
1127 802 1224 856 est
1271 794 1667 857 indivisibile
1717 803 1892 858 extra

383 907 590 968 genus
621 891 990 972 quantitatis
1019 900 1078 954 et
1111 894 1292 956 situs.
1317 893 1442 956 Nec
1476 902 1686 956 tamen
1716 912 1892 976 opor·

385 994 480 1048 tet
511 987 566 1050 si
595 989 858 1069 angelus
891 999 1098 1053 movet
1130 993 1388 1064 eoe1um,
1424 994 1590 1074 quod
1632 993 1716 1054 sit
1749 993 1886 1054 ubi-

383 1105 536 1167 que.
592 1087 822 1162 Primo,
879 1089 1029 1170 quia
1083 1108 1209 1152 non
1267 1090 1626 1172 applicatur
1680 1091 1883 1154 virtus

383 1184 532 1265 ejus
571 1186 696 1248 nisi
745 1187 822 1248 ad
875 1188 936 1249 id
987 1189 1156 1269 quod
1209 1190 1415 1270 primo
1466 1198 1756 1252 movetur
1803 1191 1884 1252 ab

382 1282 532 1364 ipso
563 1303 577 1347 :
611 1285 779 1366 quod
808 1293 900 1346 est
934 1305 1079 1368 pars
1109 1287 1391 1349 orientis.
1426 1288 1686 1369 Propter
1713 1290 1880 1370 quod

379 1389 612 1444 octavo
660 1382 1070 1464 physicorum
1119 1385 1412 1448 attribuit
1459 1385 1881 1468 Philosophus

379 1479 689 1542 virtutem
733 1483 1009 1545 coelestis
1055 1483 1316 1547 motoris
1359 1485 1522 1566 part-i
1565 1485 1876 1547 orientali.

379 1579 699 1653 SecundO,
742 1581 892 1661 quia
933 1600 1061 1643 non
1105 1583 1364 1664 ponitur
1403 1601 1440 1644 a
1484 1583 1880 1666 philosophis

380 1677 556 1758 quod
589 1695 714 1738 una
743 1677 1096 1741 substantia
1135 1688 1423 1762 separata
1462 1684 1712 1744 moveat
1751 1701 1881 1744 om-

381 1794 508 1836 nes
543 1775 728 1838 orbes
772 1775 1138 1840 immediate
1174 1798 1187 1842 :
1235 1778 1376 1841 ideo
1419 1797 1544 1840 non
1589 1781 1882 1861 sequitur

2003 796 2369 869 dicendum,
2414 800 2581 881 quod
2623 799 3017 882 impossibile
3057 807 3151 861 est.
3190 799 3359 861 idem
3399 817 3493 860 se-

2001 896 2285 958 eundum
2334 898 2503 960 idem
2554 900 2683 980 pati
2736 906 2796 961 et
2846 898 3086 962 moveri
3136 918 3173 960 a
3221 897 3489 960 diversis

1998 994 2355 1074 agentibuS,
2380 995 2435 1058 si
2469 998 2965 1079 unumquodque
2996 1013 3217 1059 eorum
3248 995 3331 1058 sit.
3360 1015 3496 1078 per-

2000 1091 2180 1154 fectae
2224 1093 2476 1155 virtutis
2520 1095 2597 1156 ad
2642 1095 3069 1157 inducendum
3110 1094 3291 1156 illum
3338 1093 3493 1156 effe·

1997 1198 2172 1251 ctum
2220 1207 2235 1251 :
2278 1191 2579 1272 quoniam
2629 1192 2707 1254 ab
2756 1200 2977 1274 agente
3027 1192 3308 1275 perfecto
3354 1212 3492 1273 per-

1997 1289 2254 1350 ducitur
2297 1290 2543 1370 patiens
2587 1290 2653 1352 in
2696 1299 2907 1353 actum
2954 1291 3329 1374 perfectum,
3363 1309 3493 1372 quo

1995 1386 2235 1461 habite,
2282 1405 2408 1449 non
2465 1395 2747 1451 remanet
2793 1389 2857 1450 in
2904 1389 3184 1470 potentia
3235 1389 3313 1458 ad
3357 1407 3491 1450 sus·

1995 1485 2363 1567 cipiendum
2398 1486 2543 1568 plus
2574 1487 2835 1569 aliquid.
2862 1489 3064 1562 Quum
3102 1487 3293 1568 igitur
3322 1507 3487 1549 unus

1993 1583 2279 1665 angeluS,
2327 1603 2518 1665 agens
2565 1586 2629 1647 in
2676 1586 2909 1648 virtute
2957 1585 3159 1647 divini
3204 1585 3482 1667 imperii,

1993 1681 2077 1743 sit
2123 1681 2507 1744 sufficientis
2550 1683 2805 1746 virtutis
2845 1685 2921 1745 ad
2975 1684 3375 1746 educendum
3421 1685 3484 1745 in

1993 1787 2204 1842 aetum
2250 1788 2449 1842 totum
2491 1782 2657 1862 quod
2699 1782 2914 1844 divina
2954 1783 3188 1844 virtute
3227 1801 3487 1864 operan-

380 1873 558 1954 quod
602 1874 683 1934 sit
721 1873 982 1956 ubique.
1017 1875 1160 1938 Haec
1201 1876 1288 1937 ibi
1331 1877 1409 1939 de
1454 1878 1575 1939 isto
1619 1887 1874 1960 puncto.
1917 1875 1964 1938 B
1995 1879 2146 1941 dum
2206 1887 2303 1941 est
2361 1880 2527 1942 circa
2586 1881 2841 1962 aliquod
2901 1899 3154 1962 corpuS,
3206 1899 3331 1943 non
3382 1899 3489 1963 po-

465 1972 756 2046 Demum,
778 1992 858 2034 an
891 1973 1104 2054 plures
1135 1975 1339 2055 angeli
1376 1975 1440 2036 in
1472 1994 1602 2038 uno
1633 1977 1882 2040 valeant

378 2089 524 2133 esse
556 2071 716 2138 loco,
751 2072 838 2134 ita
868 2072 1106 2134 ibidem
1137 2074 1516 2137 determinat
1551 2093 1566 2137 ε
1601 2077 1736 2138 Duo
1773 2096 1881 2138 an-

377 2169 510 2250 geli
547 2188 677 2233 non
721 2179 870 2232 sunt
913 2171 1107 2233 simul
1153 2171 1216 2234 in
1260 2173 1481 2235 eodem
1531 2174 1689 2247 1000,
1732 2176 1882 2256 quia

379 2269 784 2349 impossibile
815 2277 912 2331 est
941 2271 1110 2352 quod
1142 2271 1282 2334 duae
1311 2290 1516 2334 causae
1547 2273 1880 2354 completae

375 2367 510 2428 sint
541 2367 908 2430 immediate
939 2367 1130 2430 unius
1161 2376 1223 2430 et
1253 2369 1540 2449 ejusdem
1576 2371 1684 2432 rei.
1705 2371 1879 2444 Quod

377 2472 552 2547 patet
585 2465 649 2526 in
682 2467 856 2527 omni
887 2485 1120 2547 genere
1143 2461 1484 2530 ‘causarum
1512 2487 1525 2531 :
1550 2488 1677 2530 una
1709 2489 1882 2531 nam-

375 2583 505 2645 que
552 2572 646 2625 est
699 2564 988 2645 proxima
1036 2567 1124 2628 rei
1177 2565 1370 2628 unius
1431 2565 1634 2628 forma
1687 2575 1880 2649 atque

377 2662 667 2736 materia,
701 2670 763 2724 et
804 2682 1006 2725 unum
1047 2672 1138 2725 est
1182 2665 1544 2746 proximum
1594 2684 1876 2738 movenS,

378 2762 676 2843 quamvis
720 2762 967 2843 possint
1019 2782 1158 2824 esse
1205 2764 1420 2845 plures
1465 2772 1739 2827 motores
1784 2784 1881 2827 re-

377 2859 554 2921 moti.
609 2859 736 2922 Nec
787 2859 977 2921 habet
1026 2861 1392 2924 instantiam
1452 2863 1531 2925 de
1583 2863 1878 2944 pluribus

375 2977 608 3020 navem
639 2959 1054 3034 trahentibuS,
1081 2959 1384 3041 quoniam
1411 2961 1626 3023 nullus
1657 2979 1878 3023 eorum

1994 1983 2116 2039 test
2154 1997 2293 2039 esse
2334 1979 2501 2060 qnod
2546 1978 2715 2040 circa
2758 1978 2926 2041 idem
2969 1987 3299 2060 operatum
3340 1997 3488 2042 eon-

1993 2085 2252 2138 currant
2283 2076 2650 2139 immediate
2687 2077 3084 2159 operationes
3119 2078 3487 2159 angelorum

1992 2176 2285 2237 duorum.
2354 2176 2499 2237 Ideo
2560 2195 2675 2238 nec
2740 2177 2803 2237 in
2864 2177 3087 2239 eodem
3152 2175 3289 2239 loco
3350 2195 3489 2238 esse

1994 2280 2281 2354 possunt,
2308 2273 2457 2354 quia
2486 2272 2906 2355 superflueret
2943 2293 3125 2335 unus,
3147 2274 3321 2336 Unde
3353 2273 3489 2355 phi-

1993 2371 2241 2453 losophi
2272 2371 2382 2434 uni
2414 2371 2554 2434 orbi
2583 2389 2709 2434 non
2742 2373 3099 2434 attribuunt
3126 2372 3251 2434 nisi
3284 2391 3480 2434 unum

1991 2477 2322 2533 motorem.

2070 2569 2189 2631 Sed
2234 2568 2429 2650 objici
2474 2575 2678 2651 potest
2714 2588 2727 2633 :
2770 2571 2975 2632 Unum
3020 2588 3251 2650 corpus
3296 2589 3486 2632 unus-

1990 2687 2114 2750 que
2145 2668 2407 2748 angelus
2450 2676 2712 2749 possunt
2755 2687 2893 2730 esse
2934 2669 2997 2730 in
3041 2668 3177 2730 loco
3216 2668 3481 2730 eodem:

1989 2785 2140 2847 ergo
2176 2767 2323 2848 plus
2362 2766 2569 2846 angeli
2600 2765 2747 2838 duo,
2784 2785 2981 2847 quum
3012 2785 3213 2827 unum
3253 2783 3483 2848 corpus

1989 2867 2134 2949 plus
2173 2873 2443 2947 occupet
2483 2871 2545 2927 et
2590 2864 2851 2946 impleat
2894 2865 3102 2926 locum
3148 2883 3337 2945 quam
3380 2884 3487 2926 an-

1987 2964 2187 3045 geluS.
2239 3001 2319 3009 —
2367 2963 2678 3036 Secundo,
2740 2963 3002 3044 spiritus
3058 2963 3372 3025 increatus
3423 2969 3484 3024 et

377 3064 472 3118 est
525 3065 732 3119 motor
776 3057 1120 3140 perfectuS,
1168 3077 1368 3140 quum
1414 3059 1617 3121 virtus
1663 3059 1878 3141 cujus—
1909 3060 1954 3125 C
1989 3064 2251 3144 angelus
2297 3063 2361 3125 in
2408 3079 2536 3125 uno
2580 3069 2729 3125 sunt
2776 3061 2913 3124 loco
2948 3079 3145 3142 :ergo
3189 3061 3332 3144 plus
3377 3081 3485 3124 an-

376 3157 538 3219 libet
567 3156 652 3218 sit
682 3156 1086 3219 insufficiens
1115 3158 1192 3219 ad
1224 3158 1621 3221 trahendum.
1648 3159 1878 3231 Quum-

376 3274 506 3337 que
551 3256 816 3335 angelus
871 3256 955 3317 sit
1002 3256 1068 3317 in
1121 3256 1259 3319 loco
1308 3258 1659 3319 secundum
1709 3259 1876 3339 quod

375 3354 584 3415 virtus
614 3354 756 3433 ejus
781 3354 1148 3417 immediate
1176 3355 1501 3417 concernit
1529 3354 1737 3417 locum
1764 3374 1879 3437 per

377 3453 641 3515 modum
701 3452 1088 3515 continentis
1147 3453 1440 3535 perfecti,
1492 3471 1618 3516 non
1671 3462 1874 3535 potest

375 3550 504 3614 nisi
549 3570 718 3613 unus
761 3551 1022 3632 angelus
1065 3570 1202 3615 esse
1249 3552 1314 3613 in
1358 3570 1488 3615 uno
1535 3553 1688 3615 1000.
1733 3554 1875 3615 Haec

375 3649 492 3712 ibi.
1813 3638 1822 3647 ’

456 3750 548 3811 De
593 3748 714 3810 hoc
763 3766 1018 3830 quoque
1067 3748 1156 3811 ait
1205 3748 1270 3811 in
1321 3748 1569 3831 Scripto
1615 3766 1629 3811 :
1671 3749 1875 3812 Locus

373 3866 594 3910 rerum
635 3846 1067 3928 metaphorice
1106 3846 1340 3909 dicitur
1368 3848 1556 3921 DeuS,
1593 3848 1702 3929 qui
1743 3866 1874 3911 om-

373 3946 560 4008 nium
595 3946 770 4007 locus
803 3953 1084 4019 vocatur,
1110 3947 1410 4027 quoniam
1443 3946 1610 4009 intra
1637 3966 1705 4009 se
1737 3966 1876 4010 con-

374 4045 539 4107 tinet
586 4044 804 4107 omnia
851 4050 914 4105 et
964 4052 1342 4108 conservat:
1386 4045 1606 4126 sicque
1653 4062 1874 4108 omncs

373 4143 612 4225 angeli,
659 4142 791 4204 imo
831 4148 894 4203 et
936 4142 1109 4204 ent-ia
1151 4150 1399 4213 cuncta,
1448 4142 1514 4204 in
1556 4162 1686 4205 uno
1727 4153 1876 4206 sunt

1986 3162 2111 3242 geli
2143 3163 2288 3223 due.
2323 3196 2403 3207 —
2432 3160 2662 3233 TertiO,
2696 3162 2943 3223 daemon
2983 3168 3044 3221 et
3084 3160 3296 3222 anima
3337 3168 3485 3222 sunt

1989 3260 2054 3322 in
2094 3261 2318 3321 eodem
2350 3260 2509 3334 loco,
2543 3259 2841 3321 videlicet
2874 3259 2937 3320 in
2971 3276 3233 3340 corpore
3272 3259 3485 3321 obses-

1986 3359 2040 3420 si
2077 3376 2090 3419 :
2124 3376 2274 3439 ergo
2304 3366 2365 3420 et
2396 3358 2523 3419 duo
2562 3357 2770 3438 angeli
2813 3357 3004 3419 simul
3038 3376 3175 3419 esse
3216 3364 3476 3439 queunt.

2067 3457 2421 3518 Dicendum
2449 3456 2527 3517 ad
2559 3456 2862 3537 primum,
2898 3457 3065 3537 quod
3100 3455 3365 3537 repletio
3397 3455 3483 3517 lo-

1987 3554 2046 3617 ci
2087 3573 2212 3616 non
2255 3553 2522 3635 impedit
2564 3554 2721 3615 duos
2764 3552 3018 3633 angelos
3062 3571 3245 3634 posse
3288 3552 3483 3614 simul

1988 3673 2147 3726 esse,
2194 3653 2304 3715 sed
2347 3651 2638 3714 confusio
2681 3652 3087 3733 operationis.
3130 3686 3213 3695 —
3250 3650 3343 3711 Ad
3386 3669 3482 3711 se-

1988 3752 2271 3814 cundum
2313 3760 2377 3812 et
2420 3750 2677 3812 tertium
2733 3749 3265 3831 respondendum,
3312 3750 3481 3830 quod

1986 3850 2200 3913 anima
2240 3856 2336 3911 est
2378 3848 2444 3910 in
2490 3866 2751 3929 corpore
2795 3855 2866 3908 ut
2909 3847 3111 3909 forma
3154 3846 3479 3921 naturalis,

1988 3966 2113 4011 non
2143 3955 2356 4010 autem
2389 3948 2635 4010 daemon
2667 3953 2775 4007 aut
2804 3944 3065 4025 angelus
3096 3944 3332 4023 bonus3
3365 3963 3483 4006 nec

1988 4048 2262 4129 Spiritus
2293 4047 2610 4109 increatus
2652 4052 2715 4106 et
2754 4044 3017 4126 spiritus
3059 4050 3303 4105 creatus
3334 4050 3483 4105 sunt

1987 4147 2052 4208 in
2094 4163 2222 4207 uno
2265 4145 2401 4207 loco
2444 4144 2795 4206 secundum
2839 4143 3128 4205 eamdem
3170 4141 3479 4203 rationem

377 4242 542 4314 1000,
595 4238 895 4302 Videlicet
943 4240 1088 4301 Deo·
1144 4240 1264 4301 Sed
1313 4259 1484 4302 nunc
1552 4240 1876 4322 loquimur
1906 4248 1955 4309 D
1985 4251 2046 4307 et
2077 4244 2338 4305 modum
2374 4262 2388 4305 ε
2424 4242 2661 4304 idcirco
2689 4260 2766 4302 ex
2810 4240 2913 4302 tali
2956 4240 3321 4302 exsistentia
3353 4258 3479 4302 non

376 4340 458 4401 de
493 4339 630 4401 loco
661 4338 918 4419 proprie
949 4344 1228 4418 sumpto,
1262 4337 1507 4401 scilicet
1537 4340 1868 4420 corporali.

377 4438 452 4499 Et
495 4436 590 4498 sic
626 4435 810 4516 juxta
849 4453 1256 4497 communem
1299 4437 1442 4499 dico
1479 4437 1871 4518 opinionem,

375 4534 550 4617 quod
596 4534 814 4616 plures
861 4534 1069 4614 angeli
1121 4541 1447 4615 nequeunt
1495 4535 1688 4597 simul
1737 4555 1875 4598 esse

377 4634 442 4695 in
491 4650 621 4693 uno
663 4631 820 4694 loc0.
870 4630 1066 4711 Cujus
1111 4633 1418 4694 sumenda
1461 4640 1554 4694 est
1599 4633 1757 4695 ratio
1799 4652 1874 4695 ex

377 4737 558 4813 parte
602 4729 1012 4813 operationiS,
1059 4732 1412 4793 secundum
1456 4750 1645 4813 quam
1691 4751 1877 4812 ange·

381 4831 480 4891 lus
523 4836 620 4892 est
662 4828 728 4890 in
774 4828 913 4891 loco
956 4847 970 4891 :
1015 4827 1164 4910 quia
1207 4831 1556 4893 secundum
1602 4830 1877 4894 Philoso-

383 4928 582 5010 phum
653 4934 878 5009 quarto
943 4926 1376 5009 physicorum,
1438 4935 1590 4990 tunc
1650 4949 1878 4991 unum-

381 5026 682 5108 quodque
741 5026 1170 5107 pulcherrime
1237 5025 1566 5100 definitnr‚
1628 5030 1882 5109 quando

385 5142 502 5204 per
541 5121 989 5184 definitionem
1034 5122 1236 5203 ipsius
1281 5124 1768 5186 manifestantur
1809 5144 1882 5187 ac

389 5222 906 5284 demonstrantur
948 5237 1168 5283 omnes
1212 5222 1628 5303 proprietates
1672 5222 1881 5304 ipsum

393 5326 878 5402 consequenteS,
931 5326 995 5381 et
1047 5320 1380 5382 solvuntur
1425 5338 1647 5383 omnes
1702 5321 1886 5384 dubi·

1985 4341 2275 4423 sequitur
2304 4338 2743 4421 operationum
2787 4336 3095 4400 confusio.
3128 4373 3209 4381 —
3237 4338 3380 4399 Haec
3413 4337 3479 4400 in

1987 4440 2267 4502 Summa.
2311 4474 2389 4482 —
2434 4438 2503 4499 In
2555 4436 2654 4499 his
2703 4436 2915 4499 verbis
2965 4436 3219 4499 Thomae
3266 4437 3481 4518 aliqua

1987 4538 2394 4599 continentur
2430 4535 2507 4596 de
2548 4533 2783 4616 quibus
2824 4534 2978 4616 quid
3010 4535 3293 4597 veritatis
3334 4554 3480 4598 con-

1987 4636 2252 4707 tineant,
2287 4632 2451 4695 infra
2484 4633 2682 4712 magis
2716 4632 2975 4713 patebit.

2066 4734 2370 4796 Praeterea
2398 4732 2617 4794 Petrus
2648 4730 2845 4811 magis
2875 4730 3047 4811 sequi
3076 4730 3329 4793 videtur
3357 4732 3487 4814 opi-

1989 4834 2248 4895 nionem
2288 4830 2654 4902 secundam,
2689 4829 3040 4890 secundum
3080 4849 3270 4910 quam
3300 4850 3491 4911 ange-

1992 4931 2052 4993 lo
2083 4930 2351 4992 debetur
2380 4929 2557 4990 locus
2590 4927 2828 4989 ratione
2860 4945 2989 4988 suae
3018 4928 3309 4989 essentiae
3340 4929 3490 5009 quia

1993 5028 2178 5090 finita
2209 5035 2304 5089 est
2338 5044 2352 5087 ε
2387 5044 2577 5107 quam
2609 5023 2999 5106 opinionem,
3028 5022 3195 5085 sicut
3221 5024 3351 5105 jam
3386 5046 3490 5107 pa-

1997 5126 2136 5199 tuit,
2186 5122 2476 5205 reprobat
2522 5122 2810 5184 Thomas

2075 5225 2291 5304 Itaque
2340 5221 2557 5282 Petrus
2608 5218 2829 5281 scribit
2883 5237 2897 5281 ε
2952 5218 3306 5281 Secundam
3354 5221 3488 5301 opi-

1997 5322 2256 5384 nionem
2314 5317 2705 5391 sustinendo,
2758 5316 3099 5379 dicendum
3146 5325 3261 5391 est,
3316 5319 3485 5400 quod
