4359 6250
1038 488 1126 535 AN
1167 488 1358 534 FILIUS
1401 487 1493 533 sn·
1536 486 1714 531 PATRI
1758 486 2028 541 AEomms
2071 486 2133 530 ΙΝ
2176 485 2515 531 POTESTATE
2558 488 2630 531 ΕΤ
2672 487 3117 533 OMNIPOTENTIA

3514 468 3630 531 119

521 658 700 721 vinae
747 658 1044 739 potentia*¹
1103 675 1229 720 non
1283 658 1630 719 attenditur
1691 676 1804 738 per
1862 674 2029 717 com-
2059 655 2106 715 A
2143 655 2415 716 dicendi.
2464 657 2635 717 I'nus
2675 656 2764 735 (et
2814 658 2964 717 satis
3015 657 3468 739 superficialis)
3508 666 3625 729 est,

521 756 926 836 parationem
1000 758 1078 819 ad
1149 764 1362 817 actum
1434 754 1842 823 notionalem,
1917 754 2027 814 sed

520 854 960 927 essentialem,
993 862 1120 915 tam
1170 854 1558 927 interiorem,
1595 860 1662 913 ut
1705 858 1800 913 est
1845 851 2026 913 intel-

523 953 754 1033 ligere,
787 972 979 1034 quam
1010 953 1411 1023 exteriorem,
1449 959 1516 1012 ut
1546 969 1779 1012 creare.
1815 950 2027 1023 Quoad

521 1050 652 1113 hos
682 1057 893 1112 autem
925 1058 1102 1111 actus
1133 1049 1523 1121 essentialeS,
1559 1068 1684 1109 una
1713 1055 1773 1109 et
1805 1048 2025 1109 eadem

519 1156 726 1229 atque
763 1148 1024 1229 aequalis
1063 1156 1160 1209 est
1197 1148 1396 1209 Patris
1435 1146 1704 1227 Filiique
1748 1145 2028 1226 potentia

521 1246 702 1307 sicut
745 1246 1038 1308 essentia.
1075 1246 1219 1308 Haec
1261 1245 1498 1307 Petrus.

612 1344 788 1405 lde-m
817 1344 1190 1417 RicharduS,
1225 1343 1335 1426 qui
1369 1342 1546 1405 addit
1580 1360 1592 1403 :
1628 1343 1776 1405 Tres
1818 1359 2028 1424 perso-

521 1463 630 1506 nae
673 1444 946 1525 aequales
988 1451 1139 1504 sunt
1180 1443 1242 1504 in
1284 1442 1568 1523 potentia
1607 1450 1672 1503 et
1713 1450 2021 1523 quantum

520 1543 605 1604 ad
641 1542 1076 1605 extensionem
1106 1562 1220 1604 seu
1249 1541 1562 1603 ambitum
1594 1540 2022 1623 possibilium,

520 1650 588 1703 et
622 1648 934 1722 quantum
966 1641 1043 1702 ad
1079 1640 1501 1702 intensionem
1533 1639 1767 1719 vigoris
1808 1646 2025 1720 poten-

521 1741 654 1803 tiae.
689 1741 874 1802 Posse
911 1748 1125 1801 autem
1165 1757 1488 1820 generare,
1523 1756 1650 1801 non
1690 1746 1855 1800 esset
1886 1757 2024 1819 pos-

2140 754 2307 834 quod
2341 754 2801 835 omnipotentia
2830 754 3066 816 dicitur
3101 765 3391 837 respectu
3436 756 3630 837 possi-

2140 850 2367 911 bilium
2422 860 2688 923 tantum,
2734 861 2951 933 utpote
3001 872 3141 935 quae
3192 854 3631 917 contradictio-

2140 969 2288 1012 nem
2341 968 2466 1012 non
2518 948 2902 1031 implicant:
2947 970 3087 1032 quae
3136 952 3254 1013 etsi
3305 952 3449 1033 quis
3501 970 3627 1015 non

2140 1048 2361 1129 possit,
2397 1067 2524 1110 non
2554 1048 2635 1110 ob
2666 1050 2785 1111 1106
2818 1050 3029 1110 minus
3059 1050 3462 1131 omnipotens
3495 1070 3631 1132 per-

2139 1148 2413 1210 hibetur.
2452 1148 2681 1209 Filium
2722 1156 2933 1210 autem
2975 1168 3275 1229 generare
3318 1150 3625 1231 implicat,

2140 1255 2358 1328 utpote
2404 1247 2572 1328 quod
2618 1246 2699 1307 sit
2744 1246 3048 1309 Filius-et
3087 1265 3214 1309 non
3259 1248 3342 1309 sit
3380 1248 3623 1313 Filius:

2138 1346 2289 1427 quia
2327 1365 2527 1427 quum
2568 1345 2631 1406 in
2674 1345 2909 1407 divinis
2955 1356 3271 1428 nequeant
3309 1366 3446 1409 6556
3490 1349 3627 1430 plu-

2138 1462 2239 1505 res
2289 1450 2498 1525 patres
2555 1444 2849 1525 pluresve
2898 1443 3043 1517 filii,
3097 1446 3151 1506 si
3200 1446 3398 1507 Filius
3445 1464 3630 1526 gene-

2140 1549 2325 1615 raret,
2367 1542 2498 1622 36111
2549 1550 2715 1604 esset
2758 1543 2935 1605 Pater
2977 1550 3039 1604 et
3082 1561 3209 1605 non
3253 1544 3471 1617 Filius,
3503 1545 3629 1607 nisi

2139 1649 2526 1722 ponerentur
2585 1641 2799 1722 plures
2856 1641 3003 1715 filii,
3066 1641 3331 1704 scilicet.
3373 1644 3507 1724 ipse
3566 1651 3629 1706 et

2138 1746 2322 1801 natus
2354 1758 2431 1801 ex
2461 1758 2575 1802 eo:
2608 1740 2776 1821 quod
2808 1740 2931 1801 dici
2967 1758 3093 1802 non
3126 1747 3350 1821 potest.
3387 1742 3629 1804 Idcirco

519 1858 592 1899 se
640 1839 704 1900 in
751 1838 906 1901 Filio
941 1857 955 1901 :
990 1838 1142 1920 quia
1183 1856 1260 1901 ex
1299 1839 1419 1901 1106
1464 1844 1835 1919 sequeretur
1873 1856 2021 1899 eum
2061 1847 2108 1908 Β
2138 1838 2431 1918 quamvis
2482 1837 2677 1898 Filius
2730 1855 2855 1899 non
2904 1846 3183 1918 generet,
3236 1856 3364 1900 non
3415 1839 3628 1901 minus

521 1955 660 1999 non
699 1955 836 1999 esse
883 1935 1238 2017 perfectum
1283 1936 1537 2007 Filium,
1572 1944 1642 1997 ut
1686 1934 1886 2015 possit
1922 1935 2024 1997 de-

521 2035 754 2097 clarari
800 2054 914 2115 per
953 2052 1028 2095 ea
1069 2053 1210 2115 quae
1253 2034 1421 2097 dicta
1463 2042 1614 2095 sunt
1655 2052 1868 2114 supra,
1911 2032 2023 2094 ubi

523 2133 796 2215 probata
835 2141 929 2194 est
963 2133 1210 2195 trinitas
1254 2151 1690 2214 personarum.
1727 2132 1859 2193 lmo
1888 2138 2023 2192 tan-

523 2241 606 2296 tae
665 2230 964 2313 potentiae
1021 2239 1118 2292 est
1179 2230 1242 2291 in
1304 2230 1462 2292 Filio
1522 2249 1706 2311 posse
1765 2249 2022 2310 genera-

522 2332 605 2404 ri,
670 2331 836 2391 sicut
897 2329 964 2390 in
1022 2329 1200 2391 Patre
1259 2347 1444 2410 posse
1504 2347 1823 2409 generare.
1881 2328 2023 2391 Haec

519 2427 896 2491 RicharduS.

608 2527 680 2587 In
723 2525 822 2587 his
867 2543 1122 2607 quoque
1163 2523 1484 2597 AlbertuS,
1519 2524 1846 2586 Udalricus
1891 2523 2025 2585 alii-

518 2644 658 2706 que
705 2623 1110 2697 concordant‚
1157 2623 1326 2685 sicut
1373 2632 1436 2685 et
1486 2641 1679 2703 supra
1728 2630 1823 2683 est
1872 2622 2020 2685 alle-

515 2732 762 2804 gatum.

607 2822 784 2884 Unde
825 2828 890 2881 et
931 2821 1373 2882 Bonaventura
1423 2820 1527 2881 hic
1573 2818 1854 2900 loquitur
1897 2838 1911 2882 :
1956 2819 2019 2881 Si

521 2921 864 3001 loquamur
907 2917 984 2980 de
1033 2918 1316 2999 potentia
1358 2916 1702 2988 essentiali,
1737 2936 1878 2998 quae
1925 2925 2018 2977 est

2137 1935 2427 1998 consistit
2469 1936 2890 2016 omnipotens
2928 1937 3046 1999 Sed
3092 1938 3211 1999 ista
3251 1938 3481 2020 positio
3521 1938 3629 2000 fri-

2138 2035 2279 2097 vola
2318 2055 2456 2097 esse
2490 2036 2758 2097 videtur.
2794 2036 2949 2098 Nam
2995 2038 3141 2100 licet
3171 2056 3299 2101 11011
3340 2056 3525 2120 posse
3554 2057 3629 2101 ea

2136 2152 2278 2215 quae
2336 2134 2714 2214 simpliciter
2773 2134 3125 2216 implicant,
3186 2154 3314 2199 non
3373 2136 3629 2217 deroget

2135 2231 2649 2312 omnipotentiae3
2693 2239 2905 2293 tamen
2956 2244 3082 2295 non
3133 2252 3316 2315 posse
3365 2253 3437 2295 ea
3487 2253 3627 2315 quae

2136 2348 2263 2392 non
2311 2328 2643 2411 implicant
2692 2329 3093 2411 simpliciter,
3138 2333 3247 2394 sed
3289 2332 3495 2413 quoad
3546 2332 3626 2393 is-

2135 2435 2272 2489 tum
2306 2428 2405 2489 vel
2440 2427 2647 2501 illum,
2672 2428 2929 2508 derogat
2958 2430 3456 2510 omnipotentiae,
3482 2449 3631 2519 quo-

2136 2526 2309 2587 niam
2354 2525 2500 2588 talia
2530 2526 2765 2587 cadunt
2803 2526 3183 2608 simpliciter
3224 2527 3341 2589 sub
3384 2528 3627 2591 ratione

2137 2624 2461 2707 possibilis
2498 2642 2511 2685 z
2545 2623 2783 2705 alioqui
2816 2641 3004 2685 omne
3034 2644 3225 2705 agens
3258 2634 3470 2707 posset
3498 2628 3625 2689 dici

2135 2722 2559 2803 omnipotens
2595 2721 2932 2795 Quodlibet
2972 2721 3142 2784 enim
3184 2742 3375 2803 agens
3421 2733 3629 2805 potest

2138 2822 2204 2882 in
2232 2820 2455 2882 omnia
2496 2828 2916 2901 praeterquam
2952 2820 3017 2881 in
3050 2820 3157 2882 illa
3186 2839 3456 2902 quorum
3500 2840 3627 2885 non

2134 2919 2325 2980 habet
2359 2918 2705 3000 potentiam
2740 2936 2753 2979 :
2784 2938 2925 2999 quae
2957 2918 3288 3000 implicant
3316 2928 3625 3002 quantum

519 3024 820 3098 respectu
859 3025 1040 3078 actus
1079 3014 1436 3077 essentialis
1479 3034 1590 3076 seu
1629 3014 1902 3076 absoluti
1941 3016 2020 3077 ad
2059 3030 2102 3093 C
2132 3018 2211 3080 ad
2258 3018 2490 3099 ipsum.
2536 3018 2847 3081 Generare
2891 3026 3103 3080 autem
3149 3017 3379 3081 Filium
3426 3020 3491 3081 in
3535 3021 3628 3082 di-

519 3118 715 3189 intra,
759 3124 826 3177 ut
873 3114 1248 3195 intelligere,
1293 3134 1406 3176 seu
1458 3113 1894 3196 productionis
1943 3114 2020 3176 ad

515 3224 718 3291 extra,
734 3215 810 3276 ad
841 3213 1002 3275 nihil
1035 3233 1102 3275 56
1127 3213 1410 3275 extendit
1442 3213 1506 3273 in
1538 3213 1714 3274 Patre
1745 3212 1821 3274 ad
1852 3213 2020 3294 quod

517 3333 658 3377 non
697 3312 990 3375 extendat
1021 3330 1088 3373 56
1122 3312 1186 3372 111
1229 3311 1406 3373 Filio.
1443 3312 1589 3373 Ideo
1627 3312 1777 3392 quia
1815 3331 2020 3392 aequa-

519 3413 674 3474 litas
719 3427 1128 3492 personarum
1174 3409 1465 3471 consistit
1503 3408 1568 3469 in
1610 3409 1892 3490 potentia
1931 3428 2023 3470 es-

515 3509 801 3583 sentiali,
853 3507 1197 3570 dicendum
1259 3507 1428 3588 quod
1486 3507 1665 3568 Pater
1714 3514 1778 3568 et
1825 3507 2020 3568 Filius

515 3616 679 3672 sunt
733 3607 1192 3689 aequipotentes
1253 3612 1561 3686 quantum
1621 3605 1698 3666 ad
1759 3605 2024 3686 possibi-

521 3710 690 3770 lium
715 3705 1170 3768 extensionem.
1190 3705 1264 3766 Et
1293 3705 1460 3767 idem
1492 3705 1836 3767 tenendum
1869 3724 2027 3766 sem-

521 3825 643 3888 per
673 3805 748 3866 de
788 3803 1032 3885 Spiritu
1073 3803 1318 3864 Sancto.
1357 3803 1664 3865 Similiter
1704 3803 1769 3864 in
1811 3820 2022 3884 porso-

521 3905 626 3967 nis
662 3901 896 3965 divinis
928 3907 1024 3962 est
1055 3901 1340 3981 potentia
1369 3920 1547 3982 aeque
1580 3901 1847 3975 intensa,
1873 3901 2024 3983 quia

517 4021 704 4084 aeque
755 4017 1030 4072 summa,
1074 4017 1253 4080 aeque
1303 3998 1538 4061 nobilis
1581 4007 1644 4060 et
1688 4001 2019 4074 immensa,

519 4102 659 4163 imo
697 4107 758 4161 et
805 4115 1074 4159 numero
1119 4116 1261 4159 una.
1298 4097 1440 4160 Haec
1481 4098 1936 4160 Bonaventura.

2133 3116 2301 3179 vinis
2361 3135 2487 3178 non
2548 3116 2838 3197 implicat
2894 3116 3273 3198 simpliciter
3325 3134 3338 3179 :
3390 3118 3627 3201 alioqui

2135 3233 2251 3276 1166
2301 3214 2465 3276 Patri
2524 3219 2688 3276 eSset
2749 3214 3071 3296 possibile.
3125 3249 3208 3259 —
3253 3215 3430 3277 Alius
3478 3235 3629 3297 ergo

2137 3313 2361 3375 modus
2412 3312 2665 3375 dicendi
2716 3320 2833 3385 est,
2887 3313 3056 3394 quod
3118 3313 3396 3394 potentia
3445 3333 3629 3394 gene-

2136 3411 2314 3472 randi
2379 3428 2505 3473 non
2568 3417 2663 3472 est
2732 3411 2952 3473 relatio
3016 3430 3222 3492 neque
3286 3411 3627 3474 intrinsece

2135 3509 2507 3571 relationem
2574 3508 2930 3582 includenS,
2993 3509 3285 3590 quamvis
3345 3511 3628 3591 coexigat

2135 3626 2297 3680 eam,
2340 3607 2449 3669 sed
2500 3613 2597 3668 est
2644 3606 2861 3668 divina
2902 3607 3196 3681 essentia,
3240 3626 3381 3688 quae
3422 3615 3629 3688 potest

2137 3705 2204 3766 in
2235 3723 2422 3767 omne
2455 3706 2623 3787 quod
2657 3705 2966 3767 rationem
2999 3704 3325 3785 possibilis
3354 3713 3462 3766 aut
3493 3724 3629 3787 pro-

2136 3802 2463 3864 ductibilis
2507 3802 2733 3880 habet3
2767 3821 3093 3884 quumque
3138 3802 3203 3864 in
3248 3802 3449 3864 tribus
3492 3823 3629 3884 per-

2135 3902 2307 3964 sonis
2358 3903 2442 3964 sit
2492 3902 2713 3963 eadem
2772 3901 3067 3974 essentia,
3114 3909 3211 3962 est
3258 3920 3511 3984 quoque
3562 3903 3625 3963 in

2133 4001 2227 4062 eis
2267 4001 2486 4062 eadem
2528 3999 3008 4082 omnipotentia,
3055 3999 3201 4061 licet
3256 4019 3380 4062 non
3430 4000 3512 4062 sit
3561 4001 3627 4062 in

2135 4100 2227 4161 eis
2267 4098 2487 4161 relatio
2526 4099 2744 4161 eadem
2784 4119 2796 4161 :
2832 4106 2894 4160 et
2933 4106 3193 4181 propter
3231 4099 3395 4161 hanc
3430 4100 3630 4161 omni-

601 4199 911 4262 Praeterea
962 4195 1296 4257 Durandus
1348 4195 1451 4257 hic
1501 4196 1777 4258 scribit:
1817 4197 2022 4270 01111111
2055 4215 2104 4276 1)
2136 4198 2483 4280 potentiam
2543 4197 2844 4278 quaelibet
2902 4197 3119 4258 divina
3178 4215 3447 4278 persona
3506 4198 3629 4260 fer-

519 4295 810 4381 potentia
869 4294 1116 4356 dicatur
1176 4313 1290 4376 per
1349 4295 1886 4375 comparationem
1945 4296 2024 4357 ad

518 4403 763 4466 actum,
792 4392 1287 4473 divinorumque
1317 4401 1575 4454 actuum
1609 4393 1868 4474 quidam
1899 4394 2026 4455 sint

519 4492 896 4556 essentiales
939 4499 1050 4552 aut
1091 4498 1266 4552 extra
1311 4499 1732 4566 transeuntes,
1767 4492 2026 4573 quidam

523 4589 921 4668 notionales;
965 4589 1042 4650 de
1085 4589 1366 4670 potentia
1410 4609 1551 4670 quae
1595 4596 1691 4651 est
1734 4598 2028 4672 respectu

519 4699 786 4754 actuum
837 4687 1276 4750 essentialium
1326 4696 1434 4748 aut
1477 4695 1654 4749 extra
1706 4694 2029 4750 transeun-

522 4791 710 4858 tium,
748 4786 926 4851 nulla
965 4793 1064 4848 est
1105 4785 1418 4848 dubitatio
1462 4787 1620 4868 quin
1666 4804 1779 4869 per
1821 4806 2030 4868 respe-

524 4896 704 4950 ctum
729 4887 808 4948 ad
837 4884 984 4948 illos
1017 4901 1302 4965 personae
1327 4884 1559 4948 divinae
1589 4894 1737 4947 sunt
1759 4887 2036 4969 aequipo-

525 4994 752 5050 tentes
771 4985 925 5047 Tota
953 5001 1106 5045 vero
1135 4982 1485 5045 difficultas
1517 4991 1612 5046 est
1642 4984 1718 5046 de
1751 4985 2032 5066 potentia

529 5088 828 5164 respectu
881 5088 1142 5144 actuum
1195 5080 1639 5154 notionalium‚
1687 5101 1764 5143 an
1816 5103 2037 5146 secun-

2137 4305 2241 4358 tur
2289 4297 2713 4377 omnipotens,
2758 4297 3050 4376 quamvis
3099 4315 3228 4359 non
3280 4298 3479 4378 possit
3525 4316 3630 4378 ge-

2137 4414 2378 4457 nerare.
2413 4396 2548 4457 Non
2593 4395 2766 4457 enirn
2810 4415 2887 4457 cx
2931 4396 3051 4458 hoc
3096 4397 3328 4479 aliquis
3372 4405 3633 4459 vocatur

2138 4495 2541 4576 omnipotens
2587 4494 2653 4554 in
2700 4493 2959 4568 divinis,
2992 4495 3159 4576 quod
3208 4495 3435 4557 habeat
3473 4495 3631 4557 divi-

2139 4612 2285 4654 nam
2330 4592 2668 4655 essentiam
2721 4592 2840 4654 sub
2892 4593 3066 4654 omni.
3114 4602 3407 4676 respectu
3450 4593 3517 4654 in
3561 4613 3633 4655 ea

2141 4691 2457 4752 fundabili
2510 4709 2523 4752 :
2577 4691 2669 4752 sic
2720 4711 2995 4774 namque
3055 4693 3233 4754 Pater
3281 4710 3408 4755 non
3467 4699 3633 4754 esset

2141 4790 2568 4870 omnipotenS,
2589 4791 2699 4870 qui
2732 4809 2861 4852 non
2892 4790 3081 4853 habet
3112 4791 3395 4853 divinam
3426 4809 3635 4852 essen-

2142 4889 2296 4950 tiam
2330 4907 2475 4949 cum
2518 4887 2821 4950 relatione
2862 4889 3213 4952 filiationis.
3251 4889 3371 4951 Sed
3404 4907 3477 4950 ex
3514 4890 3632 4950 hoc

2145 4987 2279 5048 solo
2311 5004 2580 5067 persona
2608 4987 3012 5068 omnipotens
3044 4987 3299 5060 dicitur,
3333 4987 3634 5068 quoniam

2147 5084 2340 5148 habet
2397 5085 2678 5147 divinam
2740 5085 3101 5158 essentiam,
3154 5103 3295 5165 quae
3348 5091 3444 5146 est
3502 5085 3641 5167 ipsa

535 5182 695 5244 dum
737 5180 916 5243 illam
963 5180 1160 5242 Filius
1191 5199 1303 5242 seu
1347 5181 1620 5263 Spiritus
1653 5181 1916 5244 Sanctus
1957 5184 2041 5245 sit
2149 5183 2634 5266 omnipotentia.
2661 5184 2851 5245 Porro
2881 5179 3220 5263 generandi
3253 5182 3536 5265 potentia
3564 5185 3644 5246 ad

541 5279 943 5361 aequipotens
974 5277 1159 5340 Patri.
1196 5279 1500 5352 Quocirca
1537 5288 1684 5342 sunt
1715 5287 1840 5342 tres
1871 5281 2042 5343 modi
2157 5289 2373 5344 actum
2439 5279 2863 5361 generationis
2926 5278 3313 5359 explendum
3377 5280 3649 5362 coexigit
