4359 6250
1341 514 1516 560 unna
1559 517 1578 561 1
1620 516 2102 563 snm-nmmum.
2149 536 2231 545 --
2272 519 2425 564 msr.
2472 519 2577 565 xix
3430 500 3511 563 89

403 687 776 751 divinitatis
827 692 928 755 est
964 692 1030 754 in
1083 690 1274 753 Filio.
1311 691 1500 764 Quod
1554 693 1622 757 in
1668 691 1862 755 Patre
1900 694 2021 773 est,
2064 693 2191 757 hoc
2228 695 2293 757 et
2341 694 2409 756 in
2460 694 2630 758 Filio
2679 695 2813 775 est3
2860 695 3036 775 quod
3092 695 3162 757 in
3212 694 3512 775 Ingenito

402 805 526 882 est,
565 805 696 869 hoc
751 806 820 869 in
879 808 1158 890 Genito3
1209 808 1372 871 alter
1430 808 1512 871 ab
1566 810 1793 891 altero,
1846 812 1909 874 et
1961 812 2236 890 uterque
2288 828 2496 874 unum
2545 830 2559 871 ε
2607 812 2664 874 is
2724 812 2972 875 scilicet
3020 812 3135 892 qui
3192 813 3312 891 est,
3344 812 3512 873 nihil

401 920 654 985 habens
701 924 879 1002 quod
915 941 1050 987 non
1085 925 1173 987 sit
1209 925 1409 987 etiam
1455 925 1522 988 in
1569 944 1645 990 eo
1683 944 1722 989 a
1767 944 1900 1008 quo
1951 928 2070 990 est.
2105 926 2254 989 Non
2292 926 2423 989 duo
2473 944 2668 1006 unuS,
2701 927 2817 991 sed
2847 928 3017 991 alius
3054 928 3123 989 in
3160 928 3313 1007 alio,
3355 927 3512 1007 quia

399 1053 536 1099 non
573 1038 757 1101 aliud
794 1040 862 1101 in
899 1042 1178 1122 utroque
1221 1061 1236 1102 ε
1280 1043 1353 1103 ut
1389 1058 1597 1104 unum
1634 1042 1768 1106 sint
1804 1044 1872 1106 in
1901 1043 2029 1107 fide
2058 1021 2288 1105 nostra
2320 1045 2618 1124 uterque,
2641 1061 2775 1107 non
2804 1062 2998 1107 unus,
3036 1044 3172 1107 Nec
3200 1043 3506 1107 eumdem
3590 1058 3724 1133 μίξει.
3749 1059 3803 1102 de

403 1155 788 1235 utrumque,
829 1172 949 1218 nec
987 1156 1165 1219 aliud
1206 1157 1595 1221 confitemur
1629 1179 1642 1218 :
1679 1159 1834 1239 quia
1869 1159 2086 1222 Deum
2117 1176 2199 1221 ex
2227 1159 2366 1223 Deo
2398 1160 2652 1241 nat-um,
2683 1176 2803 1223 nec
2830 1160 3136 1223 eumdem
3173 1159 3504 1238 nativitaS,
3534 1121 3757 1235 ἶῗῃῖιῗιῗ

403 1287 526 1333 nec
583 1270 766 1334 aliud
813 1289 955 1336 &sse
1011 1274 1354 1354 permittit.
1407 1274 1728 1338 Eamdem
1783 1292 1934 1355 ergo
1995 1275 2064 1337 in
2120 1276 2399 1356 utroque
2456 1278 2520 1340 et
2573 1277 2837 1341 virtutis
2892 1276 3397 1339 similitudinem
3447 1277 3511 1338 et
3540 1293 3786 1343 mamea.

403 1387 673 1451 deitatis
718 1388 1196 1468 plenitudinem
1242 1390 1650 1470 confitemur,
1693 1391 1848 1471 quia
1876 1390 2135 1454 Veritas
2177 1391 2338 1453 dicit
2370 1413 2383 1453 :
2418 1394 2559 1473 Ego
2601 1394 2670 1456 in
2706 1395 2922 1473 Patre,
2965 1394 3029 1455 et
3070 1393 3265 1456 Pater
3292 1392 3361 1454 in
3404 1410 3511 1455 me

405 1504 528 1565 est.
571 1504 814 1567 Omnia
863 1506 1042 1568 enim
1077 1506 1290 1569 Filius
1325 1508 1576 1587 accepit
1612 1524 1649 1569 a
1690 1507 1904 1570 Patre.
1945 1507 2116 1570 Nam
2159 1508 2219 1571 si
2256 1510 2508 1588 partem
2547 1510 2841 1588 ejusdem
2880 1510 2993 1591 qui
3040 1511 3289 1589 genuit,
3330 1526 3512 1572 acce—
3559 1526 3783 1569 insama.

405 1618 530 1699 pit,
567 1623 802 1684 neuter
837 1638 990 1701 ergo
1041 1621 1369 1703 perfectus
1407 1624 1506 1686 est
1545 1643 1560 1684 ε
1602 1624 1856 1686 deesset
1903 1622 2080 1687 enim
2133 1625 2193 1687 ei
2244 1624 2417 1687 unde
2455 1625 2754 1706 decessit,
2786 1644 2905 1689 nec
2941 1626 3280 1707 plenitudo
3328 1627 3397 1687 in
3435 1643 3511 1689 eo

405 1735 534 1797 erit
571 1737 687 1815 qui
726 1754 808 1799 ex
844 1738 1143 1817 portione
1185 1738 1569 1801 constiterit.
1602 1738 1849 1802 Neuter
1889 1756 2042 1819 ergo
2081 1739 2410 1820 perfectus
2449 1742 2569 1819 est,
2603 1742 2658 1803 si
2704 1741 3178 1822 plenitudinem
3222 1759 3411 1805 suam
3450 1744 3515 1805 et

403 1850 523 1931 qui
562 1853 792 1932 genuit
827 1853 1094 1933 amittit,
1127 1870 1247 1917 nec
1285 1854 1400 1933 qui
1441 1856 1634 1917 natus
1675 1856 1775 1917 est
1811 1856 2255 1935 consequitur.
2298 1856 2651 1919 Fateamur
2679 1874 2830 1937 ergo
2866 1858 3042 1938 quod
3081 1859 3275 1921 Pater
3312 1861 3411 1921 est
3446 1860 3511 1919 in
3542 1875 3805 1924 ibim-11³9.

401 1967 605 2047 Filio,
647 1970 713 2030 et
747 1968 959 2032 Filius
1002 1970 1070 2031 in
1107 1970 1326 2049 Patre,
1367 1972 1431 2034 et
1471 1972 1650 2034 Deus
1686 1972 1754 2034 in
1793 1972 1958 2051 De0,
2000 1973 2075 2035 ut
2123 1973 2299 2036 idem
2336 1972 2632 2037 Hilarius
2675 1974 2767 2036 ait·
2804 1974 2869 2035 in
2909 1975 3190 2054 septimo
3229 1974 3395 2037 libro
3434 1974 3515 2037 de

402 2084 752 2165 Trinitate,
792 2102 926 2147 non
961 2103 1078 2166 per
1114 2086 1442 2167 duplicem
1483 2087 2015 2151 convenientium
2045 2106 2359 2169 generum
2399 2090 2951 2171 conjunctionem,
2991 2107 3110 2153 nec
3147 2108 3263 2171 per
3300 2090 3516 2152 insiti-

405 2219 566 2265 vam
588 2197 616 2223 *
653 2203 1012 2283 capacioris
1065 2203 1448 2267 substantiae
1505 2206 1832 2284 naturam,
1875 2205 1989 2267 sed
2037 2222 2154 2286 per
2208 2206 2458 2269 naturae
2515 2206 2769 2268 unitam
2824 2205 3350 2285 similitudinem,
3399 2224 3517 2286 per
3571 2218 3781 2263 wantiam

405 2318 825 2382 nativitatem
853 2296 1136 2381 viventis
1167 2337 1248 2382 ex
1277 2320 1537 2383 vivente
1566 2322 1800 2383 natura
1834 2342 1847 2381 :
1891 2322 2050 2384 dum
2089 2340 2192 2384 res
2233 2339 2365 2384 non
2405 2322 2651 2401 differt,
2689 2322 2846 2385 dum
2886 2322 3184 2384 naturam
3223 2321 3346 2384 Dei
3384 2339 3517 2384 non

406 2436 762 2516 degenerat
789 2436 1121 2515 nativitaS,
1162 2437 1323 2499 dum
1360 2455 1490 2499 non
1532 2437 1710 2499 aliud
1750 2438 1999 2518 aliquid
2038 2456 2118 2501 ex
2160 2439 2300 2501 Deo
2340 2456 2539 2519 quam
2582 2438 2761 2501 Deus
2796 2438 3121 2519 nascitur3
3152 2438 3310 2500 dum
3349 2438 3535 2513 nihil⁴

407 2552 480 2615 in
517 2552 625 2613 his
676 2569 922 2615 novum
977 2553 1097 2632 est,
1139 2551 1307 2614 nihil
1352 2552 1664 2631 alienum,
1711 2552 1877 2614 nihil
1929 2553 2310 2634 separabile.
2353 2555 2519 2616 Ecce
2565 2553 2671 2616 his
2708 2551 2946 2629 verbis,
2987 2553 3183 2633 prout
3228 2553 3521 2616 humana

405 2668 737 2749 permittit
794 2667 1164 2747 infirmitas,
1217 2668 1504 2750 aperitur
1564 2686 1647 2731 ex
1701 2687 1831 2749 quo
1889 2688 2087 2733 sensu
2131 2670 2432 2734 Christus
2482 2670 2723 2733 dixerit
2777 2686 2847 2731 se
2903 2686 3043 2732 esse
3091 2670 3159 2732 in
3207 2670 3399 2733 Patre
3454 2672 3521 2733 et

403 2786 672 2848 Patrem
717 2786 783 2848 in
811 2803 904 2849 se.
939 2787 1040 2849 Ex
1079 2786 1308 2850 eodem
1347 2786 1546 2848 etiam
1584 2803 1781 2848 sensu
1813 2785 2200 2867 intelligitur
2228 2788 2513 2867 Spiritus
2541 2787 2817 2850 Sanctus
2851 2804 2993 2849 esse
3023 2787 3090 2848 in
3121 2789 3421 2866 utroque,
3455 2788 3520 2849 et

403 2901 672 2981 singula
707 2918 1135 2981 personarum
1175 2902 1242 2963 in
1279 2900 1559 2981 singulis
1593 2921 1606 2960 :
1642 2901 1799 2981 quia
1831 2901 2081 2964 scilicet
2110 2902 2177 2963 in
2208 2903 2487 2983 singulis
2518 2904 2616 2965 est
2654 2902 2881 2966 eadem
2910 2902 3247 2983 plenitudo
3280 2902 3519 2964 divini-

407 3018 568 3080 tatis
601 3019 667 3081 et
703 3018 892 3080 unita
927 3017 1295 3081 similitudo
1327 3019 1578 3081 naturae
1613 3036 1627 3078 :
1664 3017 1819 3098 quia
1849 3035 1978 3079 non
2019 3020 2118 3080 est
2155 3018 2366 3099 major
2401 3019 2627 3081 divina
2662 3020 2897 3082 natura
2926 3019 2995 3080 in
3033 3018 3254 3099 aliqua
3283 3018 3515 3081 harum

413 3152 868 3216 personarum,
929 3135 1042 3198 sed
1105 3135 1306 3198 unius
1361 3136 1425 3198 et
1491 3134 1921 3198 indifferentis
1976 3136 2229 3198 naturae
2284 3136 2439 3197 sunt
2504 3135 2607 3198 hae
2661 3137 2795 3199 tres
2849 3152 3168 3216 personae.
3232 3135 3517 3215 Ideoque

412 3251 620 3314 altera
656 3252 728 3313 in
776 3251 980 3314 altera
1017 3268 1158 3315 esse
1204 3252 1467 3330 dicitur,
1510 3251 1582 3314 ut
1625 3251 2011 3332 praedictum
2053 3253 2171 3313 est.
2217 3251 2403 3314 Unde
2446 3251 2837 3314 Ambrosius
2874 3251 3338 3332 praedictorum
3366 3266 3517 3312 ver-

411 3367 653 3432 borum
690 3369 1084 3432 sententiam
1121 3367 1312 3431 nobis
1349 3367 1670 3449 aperienS,
1702 3380 1899 3448 super
1927 3367 2274 3448 epistolam
2315 3368 2666 3430 secundam
2706 3369 2788 3430 ad
2819 3368 3193 3430 Corinthios
3221 3367 3313 3429 ait
3345 3385 3359 3426 :
3394 3366 3520 3430 Per
3547 3387 3823 3462 ambrosian.

411 3485 540 3546 hoc
578 3483 970 3564 intelligitur
1004 3483 1198 3546 Pater
1234 3499 1376 3546 esse
1406 3483 1474 3544 in
1504 3483 1673 3545 Filio
1705 3483 1770 3546 et
1804 3482 2016 3546 Filius
2045 3483 2114 3544 in
2142 3483 2358 3561 Patre,
2386 3483 2541 3563 quia
2567 3501 2699 3545 una
2734 3485 2835 3546 est
2871 3500 3099 3546 eorum
3128 3482 3515 3546 substantia.
3548 3449 3809 3558 auem,

413 3599 515 3663 Ibi
564 3601 742 3663 enim
791 3601 892 3662 est
936 3599 1178 3681 unitaS,
1228 3599 1342 3662 ubi
1386 3598 1569 3661 nulla
1615 3601 1715 3662 est
1759 3599 2127 3662 diversitas.
3008 3673 3019 3682 .

549 3718 718 3780 Ecce
764 3716 978 3779 tribus
1033 3715 1392 3778 illustrium
1449 3717 1743 3778 virorum
1802 3714 2223 3794 testimoniiS,
2283 3715 2532 3778 scilicet
2576 3715 2956 3795 Augustini,
3010 3715 3271 3794 Hilarii,
3325 3717 3521 3794 atque

411 3832 778 3910 Ambrosii,
821 3834 888 3895 in
937 3831 1110 3894 idem
1161 3832 1696 3896 concurrentibus
1745 3831 2140 3895 revelatione
2190 3831 2475 3912 Spiritus
2518 3833 2737 3894 Sancti
2777 3832 2853 3894 in'
2891 3832 2986 3895 eis
3022 3832 3375 3912 loquentis,
3414 3831 3519 3912 pie

412 3949 678 4012 credere
725 3947 1100 4012 volentibus
1148 3948 1534 4028 ostenditur,
1575 3951 1796 4012 tamen
1833 3949 2022 4029 quasi
2067 3967 2183 4030 per
2228 3949 2570 4029 speculum
2617 3950 2682 4012 et
2731 3949 2801 4011 in
2838 3950 3208 4029 aenigmate,
3241 3948 3522 4028 qualiter
3568 3969 3811 4020 icomm,

411 4064 875 4145 accipiendum
917 4064 1006 4126 sit
1050 4080 1258 4145 quum
1304 4063 1542 4127 dicitur
1577 4063 1770 4128 Pater
1807 4065 1876 4126 in
1913 4063 2084 4127 Filio
2123 4083 2290 4142 esse,
2330 4064 2436 4127 vel
2481 4064 2692 4127 Filius
2732 4065 2801 4127 in
2842 4066 3057 4144 Patre,
3100 4064 3205 4127 vel
3235 4064 3520 4145 Spiritus
3552 4035 3615 4076 ¹²

415 4181 702 4244 Sanctus
748 4182 817 4243 in
862 4182 1164 4262 utroque.

555 4469 635 4532 F.
685 4472 796 4533 Aa
840 4472 917 4532 ia
959 4469 1516 4571 quoa-coeperat
1556 4470 1778 4544 redit,
1819 4472 2099 4533 scilicet
2141 4473 2226 4532 ut
2269 4471 2606 4534 ostendat
2650 4477 2837 4547 quod
2882 4473 3391 4550 maanitudine

1454 4589 1652 4649 alius
1699 4589 1937 4650 alium
1982 4603 2130 4651 non
2174 4589 2504 4660 superat.

555 4846 686 4910 Sed
715 4845 857 4927 jam
893 4862 1069 4908 nunc
1105 4845 1188 4908 ad
1225 4845 1637 4926 propositum
1667 4845 2032 4926 redeamuS,
2066 4847 2408 4926 coeptoque
2448 4845 2853 4926 insistamUS,
2896 4846 3309 4910 ostendentes
3346 4847 3523 4926 quod

417 4961 878 5044 magnitudine
945 4959 1128 5024 nulla
1185 4961 1385 5023 trium
1457 4978 1887 5041 personarum
1947 4962 2144 5024 aliam
2209 4964 2475 5042 superat
2536 4983 2549 5022 τ
2611 4963 2767 5043 quia
2828 4963 3007 5026 nulla
3068 4962 3280 5043 major
3345 4963 3515 5042 aliie,
3550 4985 3816 5040 Δαματρί-

415 5097 540 5144 nec
595 5078 816 5160 majus
866 5077 1118 5158 aliquid
1167 5079 1323 5140 sunt
1377 5078 1524 5141 duae
1587 5094 1786 5157 quam
1837 5094 1992 5158 una,
2048 5095 2166 5140 nec
2225 5079 2357 5141 tres
2409 5096 2610 5160 quam
2666 5080 2835 5159 duae,
2889 5097 3007 5142 nec
3068 5079 3278 5159 major
3340 5080 3519 5142 Deus
3547 5047 3814 5156 ῗξῗιὲῗέιὶξί

415 5211 626 5277 quam
661 5191 911 5275 singuli
953 5193 1213 5272 horum,
1247 5193 1404 5273 quia
1451 5193 1752 5274 singulus
1794 5193 2033 5256 horum
2072 5193 2399 5274 perfectus
2456 5197 2577 5275 est,
2624 5212 2742 5258 nec
2798 5197 2895 5258 est
2945 5211 3077 5274 quo
3126 5195 3371 5258 crescat
3406 5195 3521 5259 illa
3552 5176 3615 5215 ¹⁰·

413 5307 762 5394 perfectio.
