<?xml version="1.0" encoding="UTF-8"?>
<!DOCTYPE html PUBLIC "-//W3C//DTD XHTML 1.0 Transitional//EN"
    "http://www.w3.org/TR/xhtml1/DTD/xhtml1-transitional.dtd">
<html xmlns="http://www.w3.org/1999/xhtml" xml:lang="en" lang="en">
 <head>
  <title>
</title>
<meta http-equiv="Content-Type" content="text/html;charset=utf-8" />
  <meta name='ocr-system' content='tesseract 3.04.00' />
  <meta name='ocr-capabilities' content='ocr_page ocr_carea ocr_par ocr_line ocrx_word'/>
</head>
<body>
  <div class='ocr_page' id='page_1' title='image "./doctorisecstati11unkngoog_0127.png"; bbox 0 0 4359 6250; ppageno 0'>
   <div class='ocr_carea' id='block_1_1' title="bbox 1325 492 3485 561">
    <p class='ocr_par' dir='ltr' id='par_1_1' title="bbox 1325 492 3485 561">
     <span class='ocr_line' id='line_1_1' title="bbox 1325 492 3485 561; baseline -0.001 -1"><span class='ocrx_word' id='word_1_1' title='bbox 1325 514 1498 561; x_wconf 69' lang='lat' dir='ltr'><strong>Lmen</strong></span> <span class='ocrx_word' id='word_1_2' title='bbox 1541 516 1560 559; x_wconf 86' lang='lat'>1</span> <span class='ocrx_word' id='word_1_3' title='bbox 1603 512 2085 559; x_wconf 63' lang='lat' dir='ltr'><strong>SENTENTMRUM.</strong></span> <span class='ocrx_word' id='word_1_4' title='bbox 2131 532 2211 540; x_wconf 97' lang='lat'><strong>—</strong></span> <span class='ocrx_word' id='word_1_5' title='bbox 2255 516 2404 561; x_wconf 77' lang='lat' dir='ltr'><strong>nlsr.</strong></span> <span class='ocrx_word' id='word_1_6' title='bbox 2454 514 2536 557; x_wconf 82' lang='lat' dir='ltr'><strong>xx</strong></span> <span class='ocrx_word' id='word_1_7' title='bbox 3370 492 3485 557; x_wconf 64' lang='lat'><strong>11²3</strong></span> 
     </span>
    </p>
   </div>
   <div class='ocr_carea' id='block_1_2' title="bbox 369 686 3774 1348">
    <p class='ocr_par' dir='ltr' id='par_1_2' title="bbox 373 686 3483 771">
     <span class='ocr_line' id='line_1_2' title="bbox 373 686 3483 771; baseline 0 -23"><span class='ocrx_word' id='word_1_8' title='bbox 373 702 534 765; x_wconf 80' lang='lat' dir='ltr'><strong>quae</strong></span> <span class='ocrx_word' id='word_1_9' title='bbox 581 686 778 749; x_wconf 88' lang='lat' dir='ltr'><strong>habet</strong></span> <span class='ocrx_word' id='word_1_10' title='bbox 813 688 1028 753; x_wconf 87' lang='lat' dir='ltr'><strong>Pater.</strong></span> <span class='ocrx_word' id='word_1_11' title='bbox 1063 692 1190 754; x_wconf 91' lang='lat' dir='ltr'><strong>Sed</strong></span> <span class='ocrx_word' id='word_1_12' title='bbox 1236 691 1379 771; x_wconf 90' lang='lat' dir='ltr'><strong>ejus</strong></span> <span class='ocrx_word' id='word_1_13' title='bbox 1425 692 1581 754; x_wconf 89' lang='lat' dir='ltr'><strong>sunt</strong></span> <span class='ocrx_word' id='word_1_14' title='bbox 1618 689 1842 753; x_wconf 86' lang='lat' dir='ltr'><strong>omnia</strong></span> <span class='ocrx_word' id='word_1_15' title='bbox 1878 706 2026 769; x_wconf 88' lang='lat' dir='ltr'><strong>quae</strong></span> <span class='ocrx_word' id='word_1_16' title='bbox 2063 688 2259 751; x_wconf 86' lang='lat' dir='ltr'><strong>habet</strong></span> <span class='ocrx_word' id='word_1_17' title='bbox 2295 689 2488 751; x_wconf 86' lang='lat' dir='ltr'><strong>Pater</strong></span> <span class='ocrx_word' id='word_1_18' title='bbox 2533 708 2548 747; x_wconf 90' lang='lat'>:</span> <span class='ocrx_word' id='word_1_19' title='bbox 2589 688 2839 749; x_wconf 82' lang='lat' dir='ltr'><strong>tantam</strong></span> <span class='ocrx_word' id='word_1_20' title='bbox 2880 703 3033 768; x_wconf 89' lang='lat' dir='ltr'><strong>ergo</strong></span> <span class='ocrx_word' id='word_1_21' title='bbox 3071 686 3267 749; x_wconf 90' lang='lat' dir='ltr'><strong>habet</strong></span> <span class='ocrx_word' id='word_1_22' title='bbox 3302 687 3483 767; x_wconf 89' lang='lat' dir='ltr'><strong>pote-</strong></span> 
     </span>
    </p>

    <p class='ocr_par' dir='ltr' id='par_1_3' title="bbox 370 802 3482 887">
     <span class='ocr_line' id='line_1_3' title="bbox 370 802 3482 887; baseline 0.001 -25"><span class='ocrx_word' id='word_1_23' title='bbox 370 804 622 864; x_wconf 82' lang='lat' dir='ltr'><strong>statem</strong></span> <span class='ocrx_word' id='word_1_24' title='bbox 661 802 870 867; x_wconf 90' lang='lat' dir='ltr'><strong>Filius</strong></span> <span class='ocrx_word' id='word_1_25' title='bbox 916 808 1230 886; x_wconf 86' lang='lat' dir='ltr'><strong>quantam</strong></span> <span class='ocrx_word' id='word_1_26' title='bbox 1275 808 1491 870; x_wconf 90' lang='lat' dir='ltr'><strong>Pater.</strong></span> <span class='ocrx_word' id='word_1_27' title='bbox 1531 806 1836 887; x_wconf 84' lang='lat' dir='ltr'><strong>AEqualis</strong></span> <span class='ocrx_word' id='word_1_28' title='bbox 1879 822 2032 886; x_wconf 87' lang='lat' dir='ltr'><strong>ergo</strong></span> <span class='ocrx_word' id='word_1_29' title='bbox 2078 806 2178 869; x_wconf 87' lang='lat' dir='ltr'><strong>est</strong></span> <span class='ocrx_word' id='word_1_30' title='bbox 2223 804 2427 868; x_wconf 86' lang='lat' dir='ltr'><strong>Patri.</strong></span> <span class='ocrx_word' id='word_1_31' title='bbox 2466 804 2617 867; x_wconf 91' lang='lat' dir='ltr'><strong>Non</strong></span> <span class='ocrx_word' id='word_1_32' title='bbox 2659 803 2834 866; x_wconf 91' lang='lat' dir='ltr'><strong>enim</strong></span> <span class='ocrx_word' id='word_1_33' title='bbox 2882 804 3100 884; x_wconf 87' lang='lat' dir='ltr'><strong>potest</strong></span> <span class='ocrx_word' id='word_1_34' title='bbox 3143 803 3257 884; x_wconf 87' lang='lat' dir='ltr'><strong>qui</strong></span> <span class='ocrx_word' id='word_1_35' title='bbox 3302 819 3482 865; x_wconf 86' lang='lat' dir='ltr'><strong>acce-</strong></span> 
     </span>
    </p>

    <p class='ocr_par' dir='ltr' id='par_1_4' title="bbox 369 916 3774 1348">
     <span class='ocr_line' id='line_1_4' title="bbox 370 916 3773 1011; baseline 0 -33"><span class='ocrx_word' id='word_1_36' title='bbox 370 916 506 996; x_wconf 88' lang='lat' dir='ltr'><strong>pit,</strong></span> <span class='ocrx_word' id='word_1_37' title='bbox 548 919 893 999; x_wconf 86' lang='lat' dir='ltr'><strong>inaequalis</strong></span> <span class='ocrx_word' id='word_1_38' title='bbox 935 938 1077 985; x_wconf 88' lang='lat' dir='ltr'><strong>esse</strong></span> <span class='ocrx_word' id='word_1_39' title='bbox 1115 924 1176 985; x_wconf 91' lang='lat' dir='ltr'><strong>ei</strong></span> <span class='ocrx_word' id='word_1_40' title='bbox 1214 924 1328 1004; x_wconf 87' lang='lat' dir='ltr'><strong>qui</strong></span> <span class='ocrx_word' id='word_1_41' title='bbox 1367 922 1568 985; x_wconf 86' lang='lat' dir='ltr'><strong>dedit.</strong></span> <span class='ocrx_word' id='word_1_42' title='bbox 1601 922 1702 983; x_wconf 90' lang='lat' dir='ltr'><strong>Tu</strong></span> <span class='ocrx_word' id='word_1_43' title='bbox 1744 922 1966 984; x_wconf 86' lang='lat' dir='ltr'><strong>autem</strong></span> <span class='ocrx_word' id='word_1_44' title='bbox 2015 921 2139 984; x_wconf 91' lang='lat' dir='ltr'><strong>hoc</strong></span> <span class='ocrx_word' id='word_1_45' title='bbox 2190 921 2271 983; x_wconf 90' lang='lat' dir='ltr'><strong>de</strong></span> <span class='ocrx_word' id='word_1_46' title='bbox 2318 920 2609 1001; x_wconf 89' lang='lat' dir='ltr'><strong>potentia</strong></span> <span class='ocrx_word' id='word_1_47' title='bbox 2662 920 2863 1000; x_wconf 83' lang='lat' dir='ltr'><strong>sapiS,</strong></span> <span class='ocrx_word' id='word_1_48' title='bbox 2894 919 3074 1000; x_wconf 88' lang='lat' dir='ltr'><strong>quod</strong></span> <span class='ocrx_word' id='word_1_49' title='bbox 3117 920 3349 999; x_wconf 88' lang='lat' dir='ltr'><strong>potens</strong></span> <span class='ocrx_word' id='word_1_50' title='bbox 3394 918 3481 980; x_wconf 89' lang='lat' dir='ltr'><strong>sit</strong></span> <span class='ocrx_word' id='word_1_51' title='bbox 3534 936 3773 1011; x_wconf 48' lang='lat' dir='ltr'><strong>Auffcoq-</strong></span> 
     </span>
     <span class='ocr_line' id='line_1_5' title="bbox 369 998 3774 1116; baseline 0.003 -24"><span class='ocrx_word' id='word_1_52' title='bbox 369 1032 620 1113; x_wconf 83' lang='lat' dir='ltr'><strong>Filius,</strong></span> <span class='ocrx_word' id='word_1_53' title='bbox 671 1035 786 1099; x_wconf 91' lang='lat' dir='ltr'><strong>sed</strong></span> <span class='ocrx_word' id='word_1_54' title='bbox 840 1038 1170 1116; x_wconf 89' lang='lat' dir='ltr'><strong>potentior</strong></span> <span class='ocrx_word' id='word_1_55' title='bbox 1224 1040 1418 1103; x_wconf 87' lang='lat' dir='ltr'><strong>Pater</strong></span> <span class='ocrx_word' id='word_1_56' title='bbox 1472 1059 1485 1099; x_wconf 93' lang='lat'>:</span> <span class='ocrx_word' id='word_1_57' title='bbox 1539 1040 1612 1101; x_wconf 89' lang='lat' dir='ltr'><strong>ut</strong></span> <span class='ocrx_word' id='word_1_58' title='bbox 1666 1037 2030 1101; x_wconf 85' lang='lat' dir='ltr'><strong>secundum</strong></span> <span class='ocrx_word' id='word_1_59' title='bbox 2083 1037 2449 1099; x_wconf 85' lang='lat' dir='ltr'><strong>doctrinam</strong></span> <span class='ocrx_word' id='word_1_60' title='bbox 2510 1038 2818 1115; x_wconf 89' lang='lat' dir='ltr'><strong>vestram,</strong></span> <span class='ocrx_word' id='word_1_61' title='bbox 2860 1036 3093 1115; x_wconf 87' lang='lat' dir='ltr'><strong>potens</strong></span> <span class='ocrx_word' id='word_1_62' title='bbox 3147 1035 3479 1115; x_wconf 86' lang='lat' dir='ltr'><strong>potentem</strong></span> <span class='ocrx_word' id='word_1_63' title='bbox 3508 998 3774 1111; x_wconf 47' lang='grc' dir='ltr'><strong>ζῗιὲῗῑῗῗ,</strong></span> 
     </span>
     <span class='ocr_line' id='line_1_6' title="bbox 369 1124 3638 1236; baseline 0.001 -27"><span class='ocrx_word' id='word_1_64' title='bbox 369 1150 672 1228; x_wconf 86' lang='lat' dir='ltr'><strong>potuerit</strong></span> <span class='ocrx_word' id='word_1_65' title='bbox 707 1168 1014 1231; x_wconf 86' lang='lat' dir='ltr'><strong>generare</strong></span> <span class='ocrx_word' id='word_1_66' title='bbox 1053 1155 1154 1217; x_wconf 88' lang='lat' dir='ltr'><strong>vel</strong></span> <span class='ocrx_word' id='word_1_67' title='bbox 1193 1156 1481 1236; x_wconf 84' lang='lat' dir='ltr'>gignere,</span> <span class='ocrx_word' id='word_1_68' title='bbox 1523 1156 1588 1217; x_wconf 90' lang='lat' dir='ltr'><strong>et</strong></span> <span class='ocrx_word' id='word_1_69' title='bbox 1625 1171 1756 1217; x_wconf 89' lang='lat' dir='ltr'><strong>non</strong></span> <span class='ocrx_word' id='word_1_70' title='bbox 1805 1153 2225 1233; x_wconf 88' lang='lat' dir='ltr'><strong>omnipotens</strong></span> <span class='ocrx_word' id='word_1_71' title='bbox 2269 1154 2808 1234; x_wconf 90' lang='lat' dir='ltr'><strong>omnipotentem.</strong></span> <span class='ocrx_word' id='word_1_72' title='bbox 2851 1151 3066 1213; x_wconf 86' lang='lat' dir='ltr'><strong>Habet</strong></span> <span class='ocrx_word' id='word_1_73' title='bbox 3101 1168 3254 1231; x_wconf 86' lang='lat' dir='ltr'><strong>ergo</strong></span> <span class='ocrx_word' id='word_1_74' title='bbox 3290 1150 3484 1213; x_wconf 86' lang='lat' dir='ltr'><strong>Pater</strong></span> <span class='ocrx_word' id='word_1_75' title='bbox 3510 1135 3549 1165; x_wconf 76' lang='lat'><strong>⁰·</strong></span> <span class='ocrx_word' id='word_1_76' title='bbox 3574 1124 3638 1165; x_wconf 75' lang='lat'><strong>¹²·</strong></span> 
     </span>
     <span class='ocr_line' id='line_1_7' title="bbox 370 1252 3478 1348; baseline 0 -23"><span class='ocrx_word' id='word_1_77' title='bbox 370 1264 955 1347; x_wconf 88' lang='lat' dir='ltr'><strong>omnipotentiam,</strong></span> <span class='ocrx_word' id='word_1_78' title='bbox 996 1287 1196 1348; x_wconf 89' lang='lat' dir='ltr'><strong>quam</strong></span> <span class='ocrx_word' id='word_1_79' title='bbox 1233 1288 1367 1333; x_wconf 92' lang='lat' dir='ltr'><strong>non</strong></span> <span class='ocrx_word' id='word_1_80' title='bbox 1408 1269 1604 1333; x_wconf 81' lang='lat' dir='ltr'><strong>habet</strong></span> <span class='ocrx_word' id='word_1_81' title='bbox 1640 1269 1872 1332; x_wconf 89' lang='lat' dir='ltr'><strong>Filius.</strong></span> <span class='ocrx_word' id='word_1_82' title='bbox 1907 1270 1992 1331; x_wconf 87' lang='lat' dir='ltr'><strong>Et</strong></span> <span class='ocrx_word' id='word_1_83' title='bbox 2034 1269 2090 1330; x_wconf 91' lang='lat' dir='ltr'><strong>si</strong></span> <span class='ocrx_word' id='word_1_84' title='bbox 2130 1252 2271 1331; x_wconf 51' lang='lat' dir='ltr'><strong>hoc&#39;</strong></span> <span class='ocrx_word' id='word_1_85' title='bbox 2299 1270 2421 1347; x_wconf 89' lang='lat' dir='ltr'><strong>est,</strong></span> <span class='ocrx_word' id='word_1_86' title='bbox 2456 1267 2697 1331; x_wconf 87' lang='lat' dir='ltr'><strong>falsum</strong></span> <span class='ocrx_word' id='word_1_87' title='bbox 2736 1268 2836 1331; x_wconf 90' lang='lat' dir='ltr'><strong>est</strong></span> <span class='ocrx_word' id='word_1_88' title='bbox 2872 1266 3049 1346; x_wconf 87' lang='lat' dir='ltr'><strong>quod</strong></span> <span class='ocrx_word' id='word_1_89' title='bbox 3088 1266 3182 1329; x_wconf 84' lang='lat' dir='ltr'><strong>ait</strong></span> <span class='ocrx_word' id='word_1_90' title='bbox 3218 1266 3429 1328; x_wconf 86' lang='lat' dir='ltr'><strong>Filius</strong></span> <span class='ocrx_word' id='word_1_91' title='bbox 3464 1284 3478 1325; x_wconf 74' lang='grc' dir='ltr'>ε</span> 
     </span>
    </p>
   </div>
   <div class='ocr_carea' id='block_1_3' title="bbox 371 1380 1732 1464">
    <p class='ocr_par' dir='ltr' id='par_1_5' title="bbox 371 1380 1732 1464">
     <span class='ocr_line' id='line_1_8' title="bbox 371 1380 1732 1464; baseline 0.003 -21"><span class='ocrx_word' id='word_1_92' title='bbox 371 1380 624 1443; x_wconf 86' lang='lat' dir='ltr'><strong>Omnia</strong></span> <span class='ocrx_word' id='word_1_93' title='bbox 669 1398 818 1462; x_wconf 80' lang='lat' dir='ltr'><strong>quae</strong></span> <span class='ocrx_word' id='word_1_94' title='bbox 866 1384 1062 1447; x_wconf 87' lang='lat' dir='ltr'><strong>habet</strong></span> <span class='ocrx_word' id='word_1_95' title='bbox 1105 1384 1322 1464; x_wconf 89' lang='lat' dir='ltr'><strong>Pater,</strong></span> <span class='ocrx_word' id='word_1_96' title='bbox 1364 1403 1512 1449; x_wconf 86' lang='lat' dir='ltr'><strong>mea</strong></span> <span class='ocrx_word' id='word_1_97' title='bbox 1556 1388 1732 1448; x_wconf 90' lang='lat' dir='ltr'><strong>sunt.</strong></span> 
     </span>
    </p>
   </div>
   <div class='ocr_carea' id='block_1_4' title="bbox 555 1664 3310 1743">
    <p class='ocr_par' dir='ltr' id='par_1_6' title="bbox 555 1664 3310 1743">
     <span class='ocr_line' id='line_1_9' title="bbox 555 1664 3310 1743; baseline -0 -16"><span class='ocrx_word' id='word_1_98' title='bbox 555 1664 626 1727; x_wconf 86' lang='lat' dir='ltr'><strong>C.</strong></span> <span class='ocrx_word' id='word_1_99' title='bbox 669 1669 818 1728; x_wconf 83' lang='lat' dir='ltr'><strong>Hoc</strong></span> <span class='ocrx_word' id='word_1_100' title='bbox 855 1682 1114 1730; x_wconf 81' lang='lat' dir='ltr'><strong>verum</strong></span> <span class='ocrx_word' id='word_1_101' title='bbox 1145 1666 1527 1739; x_wconf 76' lang='lat' dir='ltr'><strong>fatebatur</strong></span> <span class='ocrx_word' id='word_1_102' title='bbox 1562 1669 1951 1731; x_wconf 65' lang='lat' dir='ltr'><strong>haereticus</strong></span> <span class='ocrx_word' id='word_1_103' title='bbox 1987 1682 2082 1729; x_wconf 74' lang='lat' dir='ltr'><strong>ex</strong></span> <span class='ocrx_word' id='word_1_104' title='bbox 2120 1682 2258 1743; x_wconf 79' lang='lat' dir='ltr'><strong>quo</strong></span> <span class='ocrx_word' id='word_1_105' title='bbox 2292 1668 2917 1743; x_wconf 63' lang='lat' dir='ltr'><strong>promediebatur</strong></span> <span class='ocrx_word' id='word_1_106' title='bbox 2957 1671 3055 1730; x_wconf 83' lang='lat' dir='ltr'><strong>ad</strong></span> <span class='ocrx_word' id='word_1_107' title='bbox 3086 1665 3310 1738; x_wconf 77' lang='lat' dir='ltr'><strong>falsa.</strong></span> 
     </span>
    </p>
   </div>
   <div class='ocr_carea' id='block_1_5' title="bbox 363 1914 3733 2461">
    <p class='ocr_par' dir='ltr' id='par_1_7' title="bbox 363 1914 3733 2461">
     <span class='ocr_line' id='line_1_10' title="bbox 515 1914 3733 1997; baseline -0.002 -18"><span class='ocrx_word' id='word_1_108' title='bbox 515 1915 668 1994; x_wconf 86' lang='lat' dir='ltr'><strong>Sed,</strong></span> <span class='ocrx_word' id='word_1_109' title='bbox 709 1916 954 1996; x_wconf 81' lang='lat' dir='ltr'><strong>inquiS,</strong></span> <span class='ocrx_word' id='word_1_110' title='bbox 987 1916 1182 1979; x_wconf 86' lang='lat' dir='ltr'><strong>Pater</strong></span> <span class='ocrx_word' id='word_1_111' title='bbox 1223 1934 1262 1979; x_wconf 87' lang='lat' dir='ltr'><strong>a</strong></span> <span class='ocrx_word' id='word_1_112' title='bbox 1297 1916 1560 1979; x_wconf 90' lang='lat' dir='ltr'><strong>nemine</strong></span> <span class='ocrx_word' id='word_1_113' title='bbox 1606 1916 1968 1997; x_wconf 87' lang='lat' dir='ltr'><strong>potentiam</strong></span> <span class='ocrx_word' id='word_1_114' title='bbox 2007 1917 2280 1997; x_wconf 89' lang='lat' dir='ltr'><strong>accepit,</strong></span> <span class='ocrx_word' id='word_1_115' title='bbox 2320 1916 2532 1978; x_wconf 89' lang='lat' dir='ltr'><strong>Filius</strong></span> <span class='ocrx_word' id='word_1_116' title='bbox 2578 1917 2797 1977; x_wconf 87' lang='lat' dir='ltr'><strong>autem</strong></span> <span class='ocrx_word' id='word_1_117' title='bbox 2840 1932 2881 1977; x_wconf 86' lang='lat' dir='ltr'><strong>a</strong></span> <span class='ocrx_word' id='word_1_118' title='bbox 2914 1915 3129 1978; x_wconf 88' lang='lat' dir='ltr'><strong>Patre.</strong></span> <span class='ocrx_word' id='word_1_119' title='bbox 3171 1914 3484 1979; x_wconf 88' lang='lat' dir='ltr'><strong>Fatemur</strong></span> <span class='ocrx_word' id='word_1_120' title='bbox 3557 1928 3733 1972; x_wconf 76' lang='lat' dir='ltr'><strong>[bidom.</strong></span> 
     </span>
     <span class='ocr_line' id='line_1_11' title="bbox 367 2031 3483 2113; baseline 0 -20"><span class='ocrx_word' id='word_1_121' title='bbox 367 2034 436 2094; x_wconf 92' lang='lat' dir='ltr'><strong>et</strong></span> <span class='ocrx_word' id='word_1_122' title='bbox 489 2048 616 2093; x_wconf 87' lang='lat' dir='ltr'><strong>nos</strong></span> <span class='ocrx_word' id='word_1_123' title='bbox 659 2031 906 2095; x_wconf 89' lang='lat' dir='ltr'><strong>Filium</strong></span> <span class='ocrx_word' id='word_1_124' title='bbox 961 2033 1289 2113; x_wconf 88' lang='lat' dir='ltr'><strong>accepisse</strong></span> <span class='ocrx_word' id='word_1_125' title='bbox 1346 2034 1707 2113; x_wconf 87' lang='lat' dir='ltr'><strong>potentiam</strong></span> <span class='ocrx_word' id='word_1_126' title='bbox 1757 2033 1839 2095; x_wconf 88' lang='lat' dir='ltr'><strong>ab</strong></span> <span class='ocrx_word' id='word_1_127' title='bbox 1891 2032 2004 2095; x_wconf 93' lang='lat' dir='ltr'><strong>illo</strong></span> <span class='ocrx_word' id='word_1_128' title='bbox 2057 2033 2136 2095; x_wconf 90' lang='lat' dir='ltr'><strong>de</strong></span> <span class='ocrx_word' id='word_1_129' title='bbox 2190 2050 2320 2113; x_wconf 88' lang='lat' dir='ltr'><strong>quo</strong></span> <span class='ocrx_word' id='word_1_130' title='bbox 2377 2034 2571 2094; x_wconf 89' lang='lat' dir='ltr'><strong>natus</strong></span> <span class='ocrx_word' id='word_1_131' title='bbox 2626 2033 2726 2093; x_wconf 89' lang='lat' dir='ltr'><strong>est</strong></span> <span class='ocrx_word' id='word_1_132' title='bbox 2771 2033 3038 2112; x_wconf 84' lang='lat' dir='ltr'><strong>potens;</strong></span> <span class='ocrx_word' id='word_1_133' title='bbox 3092 2032 3274 2095; x_wconf 90' lang='lat' dir='ltr'><strong>Patri</strong></span> <span class='ocrx_word' id='word_1_134' title='bbox 3328 2048 3483 2094; x_wconf 88' lang='lat' dir='ltr'><strong>vero</strong></span> 
     </span>
     <span class='ocr_line' id='line_1_12' title="bbox 363 2147 3486 2229; baseline -0.001 -19"><span class='ocrx_word' id='word_1_135' title='bbox 363 2149 744 2228; x_wconf 87' lang='lat' dir='ltr'><strong>potentiam</strong></span> <span class='ocrx_word' id='word_1_136' title='bbox 780 2148 1006 2211; x_wconf 91' lang='lat' dir='ltr'><strong>nullus</strong></span> <span class='ocrx_word' id='word_1_137' title='bbox 1039 2148 1243 2228; x_wconf 88' lang='lat' dir='ltr'><strong>dedit,</strong></span> <span class='ocrx_word' id='word_1_138' title='bbox 1271 2149 1428 2229; x_wconf 85' lang='lat' dir='ltr'><strong>quia</strong></span> <span class='ocrx_word' id='word_1_139' title='bbox 1469 2148 1692 2211; x_wconf 87' lang='lat' dir='ltr'><strong>nullus</strong></span> <span class='ocrx_word' id='word_1_140' title='bbox 1731 2166 1883 2211; x_wconf 91' lang='lat' dir='ltr'><strong>eum</strong></span> <span class='ocrx_word' id='word_1_141' title='bbox 1920 2149 2167 2229; x_wconf 87' lang='lat' dir='ltr'><strong>genuit.</strong></span> <span class='ocrx_word' id='word_1_142' title='bbox 2212 2148 2555 2228; x_wconf 88' lang='lat' dir='ltr'><strong>Gignendo</strong></span> <span class='ocrx_word' id='word_1_143' title='bbox 2594 2147 2770 2210; x_wconf 92' lang='lat' dir='ltr'><strong>enim</strong></span> <span class='ocrx_word' id='word_1_144' title='bbox 2811 2148 2991 2210; x_wconf 86' lang='lat' dir='ltr'><strong>dedit</strong></span> <span class='ocrx_word' id='word_1_145' title='bbox 3026 2147 3219 2211; x_wconf 89' lang='lat' dir='ltr'><strong>Pater</strong></span> <span class='ocrx_word' id='word_1_146' title='bbox 3256 2149 3486 2229; x_wconf 90' lang='lat' dir='ltr'><strong>poten-</strong></span> 
     </span>
     <span class='ocr_line' id='line_1_13' title="bbox 367 2264 3483 2346; baseline 0 -21"><span class='ocrx_word' id='word_1_147' title='bbox 367 2265 546 2327; x_wconf 88' lang='lat' dir='ltr'><strong>tiam</strong></span> <span class='ocrx_word' id='word_1_148' title='bbox 599 2264 794 2343; x_wconf 90' lang='lat' dir='ltr'><strong>Filio,</strong></span> <span class='ocrx_word' id='word_1_149' title='bbox 845 2266 1016 2328; x_wconf 88' lang='lat' dir='ltr'><strong>sicut</strong></span> <span class='ocrx_word' id='word_1_150' title='bbox 1071 2264 1296 2327; x_wconf 88' lang='lat' dir='ltr'><strong>omnia</strong></span> <span class='ocrx_word' id='word_1_151' title='bbox 1349 2282 1496 2346; x_wconf 82' lang='lat' dir='ltr'><strong>quae</strong></span> <span class='ocrx_word' id='word_1_152' title='bbox 1555 2264 1751 2327; x_wconf 88' lang='lat' dir='ltr'><strong>habet</strong></span> <span class='ocrx_word' id='word_1_153' title='bbox 1810 2266 1878 2327; x_wconf 93' lang='lat' dir='ltr'><strong>in</strong></span> <span class='ocrx_word' id='word_1_154' title='bbox 1933 2264 2302 2328; x_wconf 85' lang='lat' dir='ltr'><strong>substantia</strong></span> <span class='ocrx_word' id='word_1_155' title='bbox 2356 2280 2497 2343; x_wconf 85' lang='lat' dir='ltr'><strong>sua,</strong></span> <span class='ocrx_word' id='word_1_156' title='bbox 2558 2265 2883 2346; x_wconf 87' lang='lat' dir='ltr'><strong>gignendo</strong></span> <span class='ocrx_word' id='word_1_157' title='bbox 2942 2265 3122 2328; x_wconf 86' lang='lat' dir='ltr'><strong>dedit</strong></span> <span class='ocrx_word' id='word_1_158' title='bbox 3172 2265 3231 2329; x_wconf 92' lang='lat' dir='ltr'><strong>ei</strong></span> <span class='ocrx_word' id='word_1_159' title='bbox 3286 2280 3483 2345; x_wconf 88' lang='lat' dir='ltr'><strong>quem</strong></span> 
     </span>
     <span class='ocr_line' id='line_1_14' title="bbox 363 2379 1168 2461; baseline -0.001 -18"><span class='ocrx_word' id='word_1_160' title='bbox 363 2380 610 2461; x_wconf 85' lang='lat' dir='ltr'><strong>genuit</strong></span> <span class='ocrx_word' id='word_1_161' title='bbox 653 2379 736 2443; x_wconf 88' lang='lat' dir='ltr'><strong>de</strong></span> <span class='ocrx_word' id='word_1_162' title='bbox 779 2379 1168 2444; x_wconf 87' lang='lat' dir='ltr'><strong>substantia.</strong></span> 
     </span>
    </p>
   </div>
   <div class='ocr_carea' id='block_1_6' title="bbox 988 2658 2866 2737">
    <p class='ocr_par' dir='ltr' id='par_1_8' title="bbox 988 2658 2866 2737">
     <span class='ocr_line' id='line_1_15' title="bbox 988 2658 2866 2737; baseline -0.001 -15"><span class='ocrx_word' id='word_1_163' title='bbox 988 2658 1071 2722; x_wconf 92' lang='lat' dir='ltr'><strong>D.</strong></span> <span class='ocrx_word' id='word_1_164' title='bbox 1117 2662 1426 2727; x_wconf 74' lang='lat' dir='ltr'><strong>ouoestio</strong></span> <span class='ocrx_word' id='word_1_165' title='bbox 1471 2661 1881 2737; x_wconf 69' lang='lat' dir='ltr'><strong>Anam-tint,</strong></span> <span class='ocrx_word' id='word_1_166' title='bbox 1924 2676 2070 2736; x_wconf 79' lang='lat' dir='ltr'><strong>qua</strong></span> <span class='ocrx_word' id='word_1_167' title='bbox 2119 2661 2371 2723; x_wconf 77' lang='lat' dir='ltr'><strong>arctat</strong></span> <span class='ocrx_word' id='word_1_168' title='bbox 2414 2661 2866 2724; x_wconf 73' lang='lat' dir='ltr'><strong>hoereticum.</strong></span> 
     </span>
    </p>
   </div>
   <div class='ocr_carea' id='block_1_7' title="bbox 359 2909 3733 3576">
    <p class='ocr_par' dir='ltr' id='par_1_9' title="bbox 359 2909 3733 3576">
     <span class='ocr_line' id='line_1_16' title="bbox 509 2909 3733 2993; baseline -0.002 -19"><span class='ocrx_word' id='word_1_169' title='bbox 509 2910 643 2974; x_wconf 86' lang='lat' dir='ltr'><strong>Sed</strong></span> <span class='ocrx_word' id='word_1_170' title='bbox 672 2910 1011 2990; x_wconf 87' lang='lat' dir='ltr'><strong>quaeritur,</strong></span> <span class='ocrx_word' id='word_1_171' title='bbox 1042 2912 1268 2973; x_wconf 91' lang='lat' dir='ltr'><strong>utrum</strong></span> <span class='ocrx_word' id='word_1_172' title='bbox 1296 2911 1355 2974; x_wconf 89' lang='lat' dir='ltr'><strong>ei</strong></span> <span class='ocrx_word' id='word_1_173' title='bbox 1386 2913 1634 2975; x_wconf 85' lang='lat' dir='ltr'><strong>tantam</strong></span> <span class='ocrx_word' id='word_1_174' title='bbox 1672 2912 1916 2993; x_wconf 83' lang='lat' dir='ltr'><strong>quanta</strong></span> <span class='ocrx_word' id='word_1_175' title='bbox 1953 2911 2080 2992; x_wconf 87' lang='lat' dir='ltr'><strong>ipsi</strong></span> <span class='ocrx_word' id='word_1_176' title='bbox 2115 2912 2216 2973; x_wconf 92' lang='lat' dir='ltr'><strong>est</strong></span> <span class='ocrx_word' id='word_1_177' title='bbox 2252 2911 2611 2991; x_wconf 88' lang='lat' dir='ltr'><strong>potentiam</strong></span> <span class='ocrx_word' id='word_1_178' title='bbox 2653 2911 2847 2973; x_wconf 86' lang='lat' dir='ltr'><strong>Pater</strong></span> <span class='ocrx_word' id='word_1_179' title='bbox 2888 2909 3053 2971; x_wconf 86' lang='lat' dir='ltr'><strong>Filio</strong></span> <span class='ocrx_word' id='word_1_180' title='bbox 3092 2910 3365 2987; x_wconf 88' lang='lat' dir='ltr'><strong>dederit,</strong></span> <span class='ocrx_word' id='word_1_181' title='bbox 3399 2926 3482 2971; x_wconf 88' lang='lat' dir='ltr'><strong>an</strong></span> <span class='ocrx_word' id='word_1_182' title='bbox 3557 2926 3733 2970; x_wconf 70' lang='lat' dir='ltr'><strong>ibidem.</strong></span> 
     </span>
     <span class='ocr_line' id='line_1_17' title="bbox 363 3026 3483 3108; baseline -0 -19"><span class='ocrx_word' id='word_1_183' title='bbox 363 3028 734 3089; x_wconf 85' lang='lat' dir='ltr'><strong>minorem.</strong></span> <span class='ocrx_word' id='word_1_184' title='bbox 765 3026 836 3089; x_wconf 89' lang='lat' dir='ltr'><strong>Si</strong></span> <span class='ocrx_word' id='word_1_185' title='bbox 887 3028 1159 3106; x_wconf 85' lang='lat' dir='ltr'><strong>tantam,</strong></span> <span class='ocrx_word' id='word_1_186' title='bbox 1201 3044 1331 3089; x_wconf 91' lang='lat' dir='ltr'><strong>non</strong></span> <span class='ocrx_word' id='word_1_187' title='bbox 1384 3028 1602 3091; x_wconf 89' lang='lat' dir='ltr'><strong>solum</strong></span> <span class='ocrx_word' id='word_1_188' title='bbox 1649 3029 1984 3108; x_wconf 90' lang='lat' dir='ltr'><strong>potentem</strong></span> <span class='ocrx_word' id='word_1_189' title='bbox 2033 3028 2148 3091; x_wconf 90' lang='lat' dir='ltr'><strong>sed</strong></span> <span class='ocrx_word' id='word_1_190' title='bbox 2186 3027 2385 3091; x_wconf 89' lang='lat' dir='ltr'><strong>etiam</strong></span> <span class='ocrx_word' id='word_1_191' title='bbox 2424 3027 2943 3108; x_wconf 86' lang='lat' dir='ltr'><strong>omnipotentem</strong></span> <span class='ocrx_word' id='word_1_192' title='bbox 2995 3026 3301 3107; x_wconf 81' lang='lat' dir='ltr'><strong>genuisse</strong></span> <span class='ocrx_word' id='word_1_193' title='bbox 3341 3043 3483 3088; x_wconf 90' lang='lat' dir='ltr'><strong>om-</strong></span> 
     </span>
     <span class='ocr_line' id='line_1_18' title="bbox 361 3142 3484 3226; baseline -0.001 -20"><span class='ocrx_word' id='word_1_194' title='bbox 361 3145 688 3226; x_wconf 90' lang='lat' dir='ltr'><strong>nipotens</strong></span> <span class='ocrx_word' id='word_1_195' title='bbox 739 3143 1147 3224; x_wconf 84' lang='lat' dir='ltr'><strong>intelligitur.</strong></span> <span class='ocrx_word' id='word_1_196' title='bbox 1199 3144 1270 3208; x_wconf 84' lang='lat' dir='ltr'><strong>Si</strong></span> <span class='ocrx_word' id='word_1_197' title='bbox 1328 3162 1480 3209; x_wconf 86' lang='lat' dir='ltr'><strong>vero</strong></span> <span class='ocrx_word' id='word_1_198' title='bbox 1541 3145 1886 3224; x_wconf 87' lang='lat' dir='ltr'><strong>minorem,</strong></span> <span class='ocrx_word' id='word_1_199' title='bbox 1942 3144 2276 3225; x_wconf 87' lang='lat' dir='ltr'><strong>quomodo</strong></span> <span class='ocrx_word' id='word_1_200' title='bbox 2340 3144 2561 3206; x_wconf 88' lang='lat' dir='ltr'><strong>omnia</strong></span> <span class='ocrx_word' id='word_1_201' title='bbox 2624 3161 2771 3224; x_wconf 85' lang='lat' dir='ltr'><strong>quae</strong></span> <span class='ocrx_word' id='word_1_202' title='bbox 2829 3142 3028 3207; x_wconf 80' lang='lat' dir='ltr'><strong>hahet</strong></span> <span class='ocrx_word' id='word_1_203' title='bbox 3074 3144 3288 3223; x_wconf 86' lang='lat' dir='ltr'><strong>Pater,</strong></span> <span class='ocrx_word' id='word_1_204' title='bbox 3328 3142 3484 3205; x_wconf 88' lang='lat' dir='ltr'><strong>Filii</strong></span> 
     </span>
     <span class='ocr_line' id='line_1_19' title="bbox 361 3259 3485 3342; baseline -0.001 -18"><span class='ocrx_word' id='word_1_205' title='bbox 361 3260 586 3324; x_wconf 83' lang='lat' dir='ltr'><strong>sunt?</strong></span> <span class='ocrx_word' id='word_1_206' title='bbox 623 3261 693 3326; x_wconf 89' lang='lat' dir='ltr'><strong>Si</strong></span> <span class='ocrx_word' id='word_1_207' title='bbox 740 3261 958 3323; x_wconf 87' lang='lat' dir='ltr'><strong>Patris</strong></span> <span class='ocrx_word' id='word_1_208' title='bbox 1011 3261 1488 3342; x_wconf 87' lang='lat' dir='ltr'><strong>omnipotentia</strong></span> <span class='ocrx_word' id='word_1_209' title='bbox 1535 3260 1688 3322; x_wconf 91' lang='lat' dir='ltr'><strong>Filii</strong></span> <span class='ocrx_word' id='word_1_210' title='bbox 1742 3279 1874 3323; x_wconf 91' lang='lat' dir='ltr'><strong>non</strong></span> <span class='ocrx_word' id='word_1_211' title='bbox 1926 3262 2046 3340; x_wconf 89' lang='lat' dir='ltr'><strong>est,</strong></span> <span class='ocrx_word' id='word_1_212' title='bbox 2098 3277 2232 3322; x_wconf 93' lang='lat' dir='ltr'><strong>non</strong></span> <span class='ocrx_word' id='word_1_213' title='bbox 2280 3261 2502 3322; x_wconf 90' lang='lat' dir='ltr'><strong>omnia</strong></span> <span class='ocrx_word' id='word_1_214' title='bbox 2557 3260 2785 3340; x_wconf 89' lang='lat' dir='ltr'><strong>procul</strong></span> <span class='ocrx_word' id='word_1_215' title='bbox 2833 3260 3033 3324; x_wconf 89' lang='lat' dir='ltr'><strong>dubio</strong></span> <span class='ocrx_word' id='word_1_216' title='bbox 3086 3278 3233 3341; x_wconf 84' lang='lat' dir='ltr'><strong>quae</strong></span> <span class='ocrx_word' id='word_1_217' title='bbox 3289 3259 3485 3324; x_wconf 87' lang='lat' dir='ltr'><strong>habet</strong></span> 
     </span>
     <span class='ocr_line' id='line_1_20' title="bbox 359 3375 3485 3458; baseline -0.001 -18"><span class='ocrx_word' id='word_1_218' title='bbox 359 3379 598 3456; x_wconf 88' lang='lat' dir='ltr'><strong>Pater,</strong></span> <span class='ocrx_word' id='word_1_219' title='bbox 638 3377 792 3440; x_wconf 91' lang='lat' dir='ltr'><strong>Filii</strong></span> <span class='ocrx_word' id='word_1_220' title='bbox 838 3378 1017 3440; x_wconf 90' lang='lat' dir='ltr'><strong>sunt.</strong></span> <span class='ocrx_word' id='word_1_221' title='bbox 1049 3377 1138 3441; x_wconf 78' lang='lat' dir='ltr'><strong>At</strong></span> <span class='ocrx_word' id='word_1_222' title='bbox 1182 3379 1405 3441; x_wconf 90' lang='lat' dir='ltr'><strong>omnia</strong></span> <span class='ocrx_word' id='word_1_223' title='bbox 1440 3394 1588 3458; x_wconf 84' lang='lat' dir='ltr'><strong>quae</strong></span> <span class='ocrx_word' id='word_1_224' title='bbox 1635 3377 1830 3440; x_wconf 90' lang='lat' dir='ltr'><strong>habet</strong></span> <span class='ocrx_word' id='word_1_225' title='bbox 1866 3377 2084 3454; x_wconf 87' lang='lat' dir='ltr'><strong>Pater,</strong></span> <span class='ocrx_word' id='word_1_226' title='bbox 2127 3375 2282 3437; x_wconf 91' lang='lat' dir='ltr'><strong>Filii</strong></span> <span class='ocrx_word' id='word_1_227' title='bbox 2322 3377 2517 3439; x_wconf 89' lang='lat' dir='ltr'><strong>sunt:</strong></span> <span class='ocrx_word' id='word_1_228' title='bbox 2552 3376 3028 3457; x_wconf 87' lang='lat' dir='ltr'><strong>omnipotentia</strong></span> <span class='ocrx_word' id='word_1_229' title='bbox 3077 3393 3229 3457; x_wconf 84' lang='lat' dir='ltr'><strong>ergo</strong></span> <span class='ocrx_word' id='word_1_230' title='bbox 3268 3377 3485 3439; x_wconf 89' lang='lat' dir='ltr'><strong>Patris</strong></span> 
     </span>
     <span class='ocr_line' id='line_1_21' title="bbox 360 3491 2353 3576; baseline -0.002 -18"><span class='ocrx_word' id='word_1_231' title='bbox 360 3495 580 3558; x_wconf 87' lang='lat' dir='ltr'><strong>etiam</strong></span> <span class='ocrx_word' id='word_1_232' title='bbox 626 3497 727 3558; x_wconf 86' lang='lat' dir='ltr'><strong>est</strong></span> <span class='ocrx_word' id='word_1_233' title='bbox 772 3494 956 3560; x_wconf 85' lang='lat' dir='ltr'><strong>Filii.</strong></span> <span class='ocrx_word' id='word_1_234' title='bbox 997 3495 1145 3559; x_wconf 91' lang='lat' dir='ltr'><strong>Non</strong></span> <span class='ocrx_word' id='word_1_235' title='bbox 1192 3497 1291 3560; x_wconf 86' lang='lat' dir='ltr'><strong>est</strong></span> <span class='ocrx_word' id='word_1_236' title='bbox 1337 3512 1491 3576; x_wconf 89' lang='lat' dir='ltr'><strong>ergo</strong></span> <span class='ocrx_word' id='word_1_237' title='bbox 1539 3495 1734 3558; x_wconf 87' lang='lat' dir='ltr'><strong>Pater</strong></span> <span class='ocrx_word' id='word_1_238' title='bbox 1779 3495 2111 3576; x_wconf 87' lang='lat' dir='ltr'><strong>potentior</strong></span> <span class='ocrx_word' id='word_1_239' title='bbox 2155 3491 2353 3555; x_wconf 90' lang='lat' dir='ltr'><strong>Filio.</strong></span> 
     </span>
    </p>
   </div>
   <div class='ocr_carea' id='block_1_8' title="bbox 1091 3771 2779 3847">
    <p class='ocr_par' dir='ltr' id='par_1_10' title="bbox 1091 3771 2779 3847">
     <span class='ocr_line' id='line_1_22' title="bbox 1091 3771 2779 3847; baseline -0.002 -13"><span class='ocrx_word' id='word_1_240' title='bbox 1091 3771 1165 3834; x_wconf 90' lang='lat' dir='ltr'><strong>E.</strong></span> <span class='ocrx_word' id='word_1_241' title='bbox 1210 3773 1450 3834; x_wconf 78' lang='lat' dir='ltr'><strong>Aliter</strong></span> <span class='ocrx_word' id='word_1_242' title='bbox 1488 3773 1762 3846; x_wconf 75' lang='lat' dir='ltr'><strong>probat</strong></span> <span class='ocrx_word' id='word_1_243' title='bbox 1809 3773 2080 3834; x_wconf 75' lang='lat' dir='ltr'><strong>Filium</strong></span> <span class='ocrx_word' id='word_1_244' title='bbox 2123 3773 2487 3847; x_wconf 67' lang='lat' dir='ltr'><strong>aequalem</strong></span> <span class='ocrx_word' id='word_1_245' title='bbox 2534 3771 2779 3834; x_wconf 77' lang='lat' dir='ltr'><strong>Patri.</strong></span> 
     </span>
    </p>
   </div>
   <div class='ocr_carea' id='block_1_9' title="bbox 363 4017 3775 5261">
    <p class='ocr_par' dir='ltr' id='par_1_11' title="bbox 363 4017 3775 5261">
     <span class='ocr_line' id='line_1_23' title="bbox 513 4017 3761 4099; baseline 0 -15"><span class='ocrx_word' id='word_1_246' title='bbox 513 4021 686 4084; x_wconf 91' lang='lat' dir='ltr'><strong>Item</strong></span> <span class='ocrx_word' id='word_1_247' title='bbox 723 4020 854 4082; x_wconf 88' lang='lat' dir='ltr'><strong>alio</strong></span> <span class='ocrx_word' id='word_1_248' title='bbox 893 4019 1088 4082; x_wconf 90' lang='lat' dir='ltr'><strong>modo</strong></span> <span class='ocrx_word' id='word_1_249' title='bbox 1137 4017 1370 4099; x_wconf 88' lang='lat' dir='ltr'><strong>probat</strong></span> <span class='ocrx_word' id='word_1_250' title='bbox 1413 4019 1658 4081; x_wconf 92' lang='lat' dir='ltr'><strong>Filium</strong></span> <span class='ocrx_word' id='word_1_251' title='bbox 1698 4018 2019 4099; x_wconf 83' lang='lat' dir='ltr'><strong>aequalem</strong></span> <span class='ocrx_word' id='word_1_252' title='bbox 2071 4017 2253 4081; x_wconf 85' lang='lat' dir='ltr'><strong>Patri</strong></span> <span class='ocrx_word' id='word_1_253' title='bbox 2295 4020 2518 4081; x_wconf 90' lang='lat' dir='ltr'><strong>contra</strong></span> <span class='ocrx_word' id='word_1_254' title='bbox 2562 4017 3022 4098; x_wconf 82' lang='lat' dir='ltr'><strong>Maximinum,</strong></span> <span class='ocrx_word' id='word_1_255' title='bbox 3064 4019 3155 4081; x_wconf 90' lang='lat' dir='ltr'><strong>ita</strong></span> <span class='ocrx_word' id='word_1_256' title='bbox 3191 4017 3417 4084; x_wconf 91' lang='lat' dir='ltr'><strong>dicens</strong></span> <span class='ocrx_word' id='word_1_257' title='bbox 3460 4038 3475 4081; x_wconf 74' lang='grc' dir='ltr'><strong>ε</strong></span> <span class='ocrx_word' id='word_1_258' title='bbox 3531 4036 3639 4081; x_wconf 70' lang='lat' dir='ltr'><strong>nid.</strong></span> <span class='ocrx_word' id='word_1_259' title='bbox 3661 4049 3698 4080; x_wconf 72' lang='grc' dir='ltr'><strong>ο.</strong></span> <span class='ocrx_word' id='word_1_260' title='bbox 3720 4037 3761 4084; x_wconf 76' lang='lat'><strong>⁷.</strong></span> 
     </span>
     <span class='ocr_line' id='line_1_24' title="bbox 363 4132 3482 4218; baseline -0 -17"><span class='ocrx_word' id='word_1_261' title='bbox 363 4138 472 4201; x_wconf 88' lang='lat' dir='ltr'><strong>Tu</strong></span> <span class='ocrx_word' id='word_1_262' title='bbox 513 4137 707 4215; x_wconf 85' lang='lat' dir='ltr'><strong>dicis,</strong></span> <span class='ocrx_word' id='word_1_263' title='bbox 739 4135 920 4217; x_wconf 89' lang='lat' dir='ltr'><strong>quod</strong></span> <span class='ocrx_word' id='word_1_264' title='bbox 946 4136 1140 4199; x_wconf 86' lang='lat' dir='ltr'><strong>Pater</strong></span> <span class='ocrx_word' id='word_1_265' title='bbox 1175 4135 1403 4216; x_wconf 89' lang='lat' dir='ltr'><strong>genuit</strong></span> <span class='ocrx_word' id='word_1_266' title='bbox 1439 4135 1684 4197; x_wconf 89' lang='lat' dir='ltr'><strong>Filium</strong></span> <span class='ocrx_word' id='word_1_267' title='bbox 1722 4135 2046 4198; x_wconf 90' lang='lat' dir='ltr'><strong>minorem</strong></span> <span class='ocrx_word' id='word_1_268' title='bbox 2086 4152 2156 4197; x_wconf 92' lang='lat' dir='ltr'><strong>se</strong></span> <span class='ocrx_word' id='word_1_269' title='bbox 2197 4134 2341 4215; x_wconf 90' lang='lat' dir='ltr'><strong>ipso</strong></span> <span class='ocrx_word' id='word_1_270' title='bbox 2386 4154 2399 4194; x_wconf 75' lang='grc' dir='ltr'>ε</span> <span class='ocrx_word' id='word_1_271' title='bbox 2442 4135 2511 4196; x_wconf 92' lang='lat' dir='ltr'><strong>in</strong></span> <span class='ocrx_word' id='word_1_272' title='bbox 2548 4151 2679 4215; x_wconf 89' lang='lat' dir='ltr'><strong>quo</strong></span> <span class='ocrx_word' id='word_1_273' title='bbox 2719 4135 2783 4195; x_wconf 89' lang='lat' dir='ltr'><strong>et</strong></span> <span class='ocrx_word' id='word_1_274' title='bbox 2818 4132 2998 4195; x_wconf 90' lang='lat' dir='ltr'><strong>Patri</strong></span> <span class='ocrx_word' id='word_1_275' title='bbox 3036 4134 3331 4215; x_wconf 84' lang='lat' dir='ltr'><strong>derogas,</strong></span> <span class='ocrx_word' id='word_1_276' title='bbox 3365 4137 3482 4218; x_wconf 87' lang='lat' dir='ltr'><strong>qui</strong></span> 
     </span>
     <span class='ocr_line' id='line_1_25' title="bbox 363 4249 3479 4332; baseline 0 -15"><span class='ocrx_word' id='word_1_277' title='bbox 363 4255 424 4317; x_wconf 91' lang='lat' dir='ltr'><strong>si</strong></span> <span class='ocrx_word' id='word_1_278' title='bbox 455 4253 718 4316; x_wconf 88' lang='lat' dir='ltr'><strong>Filium</strong></span> <span class='ocrx_word' id='word_1_279' title='bbox 756 4252 1026 4315; x_wconf 89' lang='lat' dir='ltr'><strong>unicum</strong></span> <span class='ocrx_word' id='word_1_280' title='bbox 1056 4253 1380 4314; x_wconf 90' lang='lat' dir='ltr'><strong>minorem</strong></span> <span class='ocrx_word' id='word_1_281' title='bbox 1419 4251 1669 4332; x_wconf 90' lang='lat' dir='ltr'><strong>genuit,</strong></span> <span class='ocrx_word' id='word_1_282' title='bbox 1701 4254 1814 4313; x_wconf 88' lang='lat' dir='ltr'><strong>aut</strong></span> <span class='ocrx_word' id='word_1_283' title='bbox 1843 4269 1972 4312; x_wconf 91' lang='lat' dir='ltr'><strong>non</strong></span> <span class='ocrx_word' id='word_1_284' title='bbox 2013 4252 2251 4332; x_wconf 89' lang='lat' dir='ltr'><strong>potuit,</strong></span> <span class='ocrx_word' id='word_1_285' title='bbox 2285 4251 2399 4313; x_wconf 90' lang='lat' dir='ltr'><strong>aut</strong></span> <span class='ocrx_word' id='word_1_286' title='bbox 2426 4267 2557 4312; x_wconf 92' lang='lat' dir='ltr'><strong>non</strong></span> <span class='ocrx_word' id='word_1_287' title='bbox 2586 4250 2796 4314; x_wconf 89' lang='lat' dir='ltr'><strong>voluit</strong></span> <span class='ocrx_word' id='word_1_288' title='bbox 2832 4249 3095 4330; x_wconf 87' lang='lat' dir='ltr'><strong>gignere</strong></span> <span class='ocrx_word' id='word_1_289' title='bbox 3134 4251 3479 4332; x_wconf 85' lang='lat' dir='ltr'><strong>aequalem.</strong></span> 
     </span>
     <span class='ocr_line' id='line_1_26' title="bbox 365 4365 3488 4449; baseline -0.001 -15"><span class='ocrx_word' id='word_1_290' title='bbox 365 4371 438 4434; x_wconf 91' lang='lat' dir='ltr'><strong>Si</strong></span> <span class='ocrx_word' id='word_1_291' title='bbox 479 4368 658 4432; x_wconf 89' lang='lat' dir='ltr'><strong>dicis</strong></span> <span class='ocrx_word' id='word_1_292' title='bbox 704 4367 862 4449; x_wconf 88' lang='lat' dir='ltr'><strong>quia</strong></span> <span class='ocrx_word' id='word_1_293' title='bbox 901 4383 1032 4430; x_wconf 90' lang='lat' dir='ltr'><strong>non</strong></span> <span class='ocrx_word' id='word_1_294' title='bbox 1071 4367 1304 4446; x_wconf 87' lang='lat' dir='ltr'><strong>voluit,</strong></span> <span class='ocrx_word' id='word_1_295' title='bbox 1347 4383 1500 4430; x_wconf 88' lang='lat' dir='ltr'><strong>eum</strong></span> <span class='ocrx_word' id='word_1_296' title='bbox 1539 4365 1840 4428; x_wconf 90' lang='lat' dir='ltr'><strong>invidum</strong></span> <span class='ocrx_word' id='word_1_297' title='bbox 1891 4383 2032 4428; x_wconf 89' lang='lat' dir='ltr'><strong>esse</strong></span> <span class='ocrx_word' id='word_1_298' title='bbox 2081 4365 2331 4428; x_wconf 82' lang='lat' dir='ltr'><strong>dixisti.</strong></span> <span class='ocrx_word' id='word_1_299' title='bbox 2375 4366 2445 4428; x_wconf 89' lang='lat' dir='ltr'><strong>Si</strong></span> <span class='ocrx_word' id='word_1_300' title='bbox 2488 4366 2707 4428; x_wconf 87' lang='lat' dir='ltr'><strong>autem</strong></span> <span class='ocrx_word' id='word_1_301' title='bbox 2753 4382 2887 4428; x_wconf 91' lang='lat' dir='ltr'><strong>non</strong></span> <span class='ocrx_word' id='word_1_302' title='bbox 2936 4366 3176 4446; x_wconf 90' lang='lat' dir='ltr'><strong>potuit,</strong></span> <span class='ocrx_word' id='word_1_303' title='bbox 3222 4367 3336 4430; x_wconf 86' lang='lat' dir='ltr'><strong>ubi</strong></span> <span class='ocrx_word' id='word_1_304' title='bbox 3389 4371 3488 4432; x_wconf 91' lang='lat' dir='ltr'><strong>est</strong></span> 
     </span>
     <span class='ocr_line' id='line_1_27' title="bbox 366 4480 3489 4565; baseline -0.001 -17"><span class='ocrx_word' id='word_1_305' title='bbox 366 4483 864 4565; x_wconf 84' lang='lat' dir='ltr'><strong>omnipotentia</strong></span> <span class='ocrx_word' id='word_1_306' title='bbox 897 4483 1020 4546; x_wconf 93' lang='lat' dir='ltr'><strong>Dei</strong></span> <span class='ocrx_word' id='word_1_307' title='bbox 1061 4483 1279 4545; x_wconf 89' lang='lat' dir='ltr'><strong>Patris</strong></span> <span class='ocrx_word' id='word_1_308' title='bbox 1304 4481 1335 4544; x_wconf 65' lang='grc' dir='ltr'><strong>’ἔ</strong></span> <span class='ocrx_word' id='word_1_309' title='bbox 1378 4482 1660 4545; x_wconf 86' lang='lat' dir='ltr'><strong>Prorsus</strong></span> <span class='ocrx_word' id='word_1_310' title='bbox 1699 4481 1782 4544; x_wconf 88' lang='lat' dir='ltr'><strong>ad</strong></span> <span class='ocrx_word' id='word_1_311' title='bbox 1824 4481 2000 4543; x_wconf 91' lang='lat' dir='ltr'><strong>hunc</strong></span> <span class='ocrx_word' id='word_1_312' title='bbox 2041 4480 2392 4544; x_wconf 87' lang='lat' dir='ltr'><strong>articulum</strong></span> <span class='ocrx_word' id='word_1_313' title='bbox 2434 4498 2538 4544; x_wconf 90' lang='lat' dir='ltr'><strong>res</strong></span> <span class='ocrx_word' id='word_1_314' title='bbox 2576 4481 2928 4562; x_wconf 84' lang='lat' dir='ltr'><strong>colligitur,</strong></span> <span class='ocrx_word' id='word_1_315' title='bbox 2961 4483 3036 4545; x_wconf 90' lang='lat' dir='ltr'><strong>ut</strong></span> <span class='ocrx_word' id='word_1_316' title='bbox 3077 4483 3257 4548; x_wconf 89' lang='lat' dir='ltr'><strong>Deus</strong></span> <span class='ocrx_word' id='word_1_317' title='bbox 3293 4484 3489 4548; x_wconf 85' lang='lat' dir='ltr'><strong>Pater</strong></span> 
     </span>
     <span class='ocr_line' id='line_1_28' title="bbox 363 4597 3487 4683; baseline -0 -19"><span class='ocrx_word' id='word_1_318' title='bbox 363 4599 704 4683; x_wconf 79' lang='lat' dir='ltr'><strong>aequalem</strong></span> <span class='ocrx_word' id='word_1_319' title='bbox 751 4599 879 4662; x_wconf 85' lang='lat' dir='ltr'><strong>sibi</strong></span> <span class='ocrx_word' id='word_1_320' title='bbox 916 4599 1180 4679; x_wconf 86' lang='lat' dir='ltr'><strong>gignere</strong></span> <span class='ocrx_word' id='word_1_321' title='bbox 1226 4598 1478 4660; x_wconf 89' lang='lat' dir='ltr'><strong>Filium</strong></span> <span class='ocrx_word' id='word_1_322' title='bbox 1533 4599 1648 4660; x_wconf 90' lang='lat' dir='ltr'><strong>aut</strong></span> <span class='ocrx_word' id='word_1_323' title='bbox 1694 4614 1829 4661; x_wconf 93' lang='lat' dir='ltr'><strong>non</strong></span> <span class='ocrx_word' id='word_1_324' title='bbox 1867 4597 2177 4677; x_wconf 91' lang='lat' dir='ltr'><strong>potuerit,</strong></span> <span class='ocrx_word' id='word_1_325' title='bbox 2220 4599 2336 4659; x_wconf 84' lang='lat' dir='ltr'><strong>aut</strong></span> <span class='ocrx_word' id='word_1_326' title='bbox 2380 4597 2687 4660; x_wconf 90' lang='lat' dir='ltr'><strong>noluerit.</strong></span> <span class='ocrx_word' id='word_1_327' title='bbox 2728 4597 2799 4661; x_wconf 88' lang='lat' dir='ltr'><strong>Si</strong></span> <span class='ocrx_word' id='word_1_328' title='bbox 2845 4616 2977 4662; x_wconf 91' lang='lat' dir='ltr'><strong>non</strong></span> <span class='ocrx_word' id='word_1_329' title='bbox 3023 4600 3262 4680; x_wconf 89' lang='lat' dir='ltr'><strong>potuit,</strong></span> <span class='ocrx_word' id='word_1_330' title='bbox 3303 4600 3487 4663; x_wconf 85' lang='lat' dir='ltr'><strong>infir-</strong></span> 
     </span>
     <span class='ocr_line' id='line_1_29' title="bbox 363 4713 3488 4796; baseline -0 -16"><span class='ocrx_word' id='word_1_331' title='bbox 363 4735 568 4796; x_wconf 87' lang='lat' dir='ltr'><strong>mus;</strong></span> <span class='ocrx_word' id='word_1_332' title='bbox 608 4716 667 4779; x_wconf 90' lang='lat' dir='ltr'><strong>si</strong></span> <span class='ocrx_word' id='word_1_333' title='bbox 703 4714 940 4794; x_wconf 90' lang='lat' dir='ltr'><strong>noluit,</strong></span> <span class='ocrx_word' id='word_1_334' title='bbox 972 4714 1236 4778; x_wconf 84' lang='lat' dir='ltr'><strong>invidus</strong></span> <span class='ocrx_word' id='word_1_335' title='bbox 1273 4714 1634 4778; x_wconf 84' lang='lat' dir='ltr'><strong>invenitur.</strong></span> <span class='ocrx_word' id='word_1_336' title='bbox 1669 4713 1797 4777; x_wconf 88' lang='lat' dir='ltr'><strong>Sed</strong></span> <span class='ocrx_word' id='word_1_337' title='bbox 1834 4715 2191 4794; x_wconf 87' lang='lat' dir='ltr'><strong>utrumque</strong></span> <span class='ocrx_word' id='word_1_338' title='bbox 2232 4714 2356 4776; x_wconf 92' lang='lat' dir='ltr'><strong>hoc</strong></span> <span class='ocrx_word' id='word_1_339' title='bbox 2395 4713 2637 4776; x_wconf 86' lang='lat' dir='ltr'><strong>falsum</strong></span> <span class='ocrx_word' id='word_1_340' title='bbox 2676 4715 2775 4776; x_wconf 92' lang='lat' dir='ltr'><strong>est</strong></span> <span class='ocrx_word' id='word_1_341' title='bbox 2807 4734 2821 4775; x_wconf 74' lang='grc' dir='ltr'>ε</span> <span class='ocrx_word' id='word_1_342' title='bbox 2854 4714 3034 4777; x_wconf 87' lang='lat' dir='ltr'><strong>Patri</strong></span> <span class='ocrx_word' id='word_1_343' title='bbox 3078 4731 3231 4795; x_wconf 88' lang='lat' dir='ltr'><strong>ergo</strong></span> <span class='ocrx_word' id='word_1_344' title='bbox 3274 4715 3488 4779; x_wconf 89' lang='lat' dir='ltr'><strong>Filius</strong></span> 
     </span>
     <span class='ocr_line' id='line_1_30' title="bbox 365 4828 3486 4912; baseline -0.001 -18"><span class='ocrx_word' id='word_1_345' title='bbox 365 4851 578 4897; x_wconf 79' lang='lat' dir='ltr'><strong>verus</strong></span> <span class='ocrx_word' id='word_1_346' title='bbox 613 4831 890 4912; x_wconf 86' lang='lat' dir='ltr'><strong>aequalis</strong></span> <span class='ocrx_word' id='word_1_347' title='bbox 933 4831 1052 4894; x_wconf 90' lang='lat' dir='ltr'><strong>est.</strong></span> <span class='ocrx_word' id='word_1_348' title='bbox 1089 4830 1334 4894; x_wconf 88' lang='lat' dir='ltr'><strong>Genuit</strong></span> <span class='ocrx_word' id='word_1_349' title='bbox 1371 4847 1524 4911; x_wconf 88' lang='lat' dir='ltr'><strong>ergo</strong></span> <span class='ocrx_word' id='word_1_350' title='bbox 1562 4829 1758 4892; x_wconf 88' lang='lat' dir='ltr'><strong>Pater</strong></span> <span class='ocrx_word' id='word_1_351' title='bbox 1795 4828 1922 4892; x_wconf 89' lang='lat' dir='ltr'><strong>sibi</strong></span> <span class='ocrx_word' id='word_1_352' title='bbox 1965 4829 2287 4909; x_wconf 80' lang='lat' dir='ltr'><strong>aequalem</strong></span> <span class='ocrx_word' id='word_1_353' title='bbox 2330 4829 2600 4910; x_wconf 87' lang='lat' dir='ltr'><strong>Filium,</strong></span> <span class='ocrx_word' id='word_1_354' title='bbox 2645 4831 2709 4893; x_wconf 90' lang='lat' dir='ltr'><strong>et</strong></span> <span class='ocrx_word' id='word_1_355' title='bbox 2748 4829 2831 4892; x_wconf 89' lang='lat' dir='ltr'><strong>ab</strong></span> <span class='ocrx_word' id='word_1_356' title='bbox 2870 4832 3149 4912; x_wconf 88' lang='lat' dir='ltr'><strong>utroque</strong></span> <span class='ocrx_word' id='word_1_357' title='bbox 3191 4831 3486 4911; x_wconf 87' lang='lat' dir='ltr'><strong>procedit</strong></span> 
     </span>
     <span class='ocr_line' id='line_1_31' title="bbox 367 4945 3775 5030; baseline -0.001 -17"><span class='ocrx_word' id='word_1_358' title='bbox 367 4950 642 5030; x_wconf 87' lang='lat' dir='ltr'><strong>utrique</strong></span> <span class='ocrx_word' id='word_1_359' title='bbox 693 4947 967 5029; x_wconf 73' lang='lat' dir='ltr'><strong>aequalis</strong></span> <span class='ocrx_word' id='word_1_360' title='bbox 1003 4947 1288 5028; x_wconf 88' lang='lat' dir='ltr'><strong>Spiritus</strong></span> <span class='ocrx_word' id='word_1_361' title='bbox 1329 4947 1626 5010; x_wconf 80' lang='lat' dir='ltr'><strong>Sanctus,</strong></span> <span class='ocrx_word' id='word_1_362' title='bbox 1663 4947 1736 5010; x_wconf 93' lang='lat' dir='ltr'><strong>Si</strong></span> <span class='ocrx_word' id='word_1_363' title='bbox 1772 4945 1949 5009; x_wconf 91' lang='lat' dir='ltr'><strong>enim</strong></span> <span class='ocrx_word' id='word_1_364' title='bbox 1993 4945 2275 5009; x_wconf 86' lang='lat' dir='ltr'><strong>formam</strong></span> <span class='ocrx_word' id='word_1_365' title='bbox 2312 4964 2525 5026; x_wconf 89' lang='lat' dir='ltr'><strong>suam,</strong></span> <span class='ocrx_word' id='word_1_366' title='bbox 2567 4948 2641 5009; x_wconf 91' lang='lat' dir='ltr'><strong>ut</strong></span> <span class='ocrx_word' id='word_1_367' title='bbox 2682 4947 2775 5010; x_wconf 85' lang='lat' dir='ltr'><strong>ait</strong></span> <span class='ocrx_word' id='word_1_368' title='bbox 2810 4947 3221 5028; x_wconf 89' lang='lat' dir='ltr'><strong>Augustinus</strong></span> <span class='ocrx_word' id='word_1_369' title='bbox 3259 4949 3485 5010; x_wconf 90' lang='lat' dir='ltr'><strong>contra</strong></span> <span class='ocrx_word' id='word_1_370' title='bbox 3530 4968 3635 5012; x_wconf 77' lang='lat' dir='ltr'><strong>thid.</strong></span> <span class='ocrx_word' id='word_1_371' title='bbox 3654 4971 3775 5019; x_wconf 64' lang='grc' dir='ltr'><strong>ωε,</strong></span> 
     </span>
     <span class='ocr_line' id='line_1_32' title="bbox 364 5035 3615 5144; baseline -0.002 -15"><span class='ocrx_word' id='word_1_372' title='bbox 364 5063 713 5144; x_wconf 88' lang='lat' dir='ltr'><strong>eumdem,</strong></span> <span class='ocrx_word' id='word_1_373' title='bbox 755 5063 951 5126; x_wconf 87' lang='lat' dir='ltr'><strong>Pater</strong></span> <span class='ocrx_word' id='word_1_374' title='bbox 977 5063 1046 5125; x_wconf 92' lang='lat' dir='ltr'><strong>in</strong></span> <span class='ocrx_word' id='word_1_375' title='bbox 1083 5063 1276 5125; x_wconf 91' lang='lat' dir='ltr'><strong>unico</strong></span> <span class='ocrx_word' id='word_1_376' title='bbox 1307 5061 1477 5124; x_wconf 90' lang='lat' dir='ltr'><strong>Filio</strong></span> <span class='ocrx_word' id='word_1_377' title='bbox 1506 5062 1769 5143; x_wconf 86' lang='lat' dir='ltr'><strong>plenam</strong></span> <span class='ocrx_word' id='word_1_378' title='bbox 1807 5061 2072 5143; x_wconf 90' lang='lat' dir='ltr'><strong>gignere</strong></span> <span class='ocrx_word' id='word_1_379' title='bbox 2109 5060 2348 5142; x_wconf 90' lang='lat' dir='ltr'><strong>potuit,</strong></span> <span class='ocrx_word' id='word_1_380' title='bbox 2381 5078 2501 5124; x_wconf 92' lang='lat' dir='ltr'><strong>nec</strong></span> <span class='ocrx_word' id='word_1_381' title='bbox 2530 5063 2749 5124; x_wconf 85' lang='lat' dir='ltr'><strong>tamen</strong></span> <span class='ocrx_word' id='word_1_382' title='bbox 2787 5061 3047 5142; x_wconf 87' lang='lat' dir='ltr'><strong>plenam</strong></span> <span class='ocrx_word' id='word_1_383' title='bbox 3084 5061 3334 5142; x_wconf 90' lang='lat' dir='ltr'><strong>genuit,</strong></span> <span class='ocrx_word' id='word_1_384' title='bbox 3368 5061 3483 5125; x_wconf 92' lang='lat' dir='ltr'><strong>sed</strong></span> <span class='ocrx_word' id='word_1_385' title='bbox 3510 5044 3555 5072; x_wconf 73' lang='lat'><strong>&#39;⁸‘</strong></span> <span class='ocrx_word' id='word_1_386' title='bbox 3582 5035 3615 5074; x_wconf 74' lang='lat'><strong>¹²</strong></span> 
     </span>
     <span class='ocr_line' id='line_1_33' title="bbox 367 5175 3482 5261; baseline -0.002 -16"><span class='ocrx_word' id='word_1_387' title='bbox 367 5182 748 5261; x_wconf 83' lang='lat' dir='ltr'><strong>minorem3</strong></span> <span class='ocrx_word' id='word_1_388' title='bbox 789 5178 1103 5259; x_wconf 89' lang='lat' dir='ltr'><strong>cogimini</strong></span> <span class='ocrx_word' id='word_1_389' title='bbox 1151 5179 1413 5240; x_wconf 89' lang='lat' dir='ltr'><strong>Patrem</strong></span> <span class='ocrx_word' id='word_1_390' title='bbox 1463 5177 1762 5240; x_wconf 84' lang='lat' dir='ltr'><strong>invidum</strong></span> <span class='ocrx_word' id='word_1_391' title='bbox 1821 5177 2057 5240; x_wconf 90' lang='lat' dir='ltr'><strong>dicere.</strong></span> <span class='ocrx_word' id='word_1_392' title='bbox 2099 5176 2378 5240; x_wconf 88' lang='lat' dir='ltr'><strong>Plenum</strong></span> <span class='ocrx_word' id='word_1_393' title='bbox 2426 5194 2580 5258; x_wconf 89' lang='lat' dir='ltr'><strong>ergo</strong></span> <span class='ocrx_word' id='word_1_394' title='bbox 2618 5177 2830 5240; x_wconf 91' lang='lat' dir='ltr'><strong>Deum</strong></span> <span class='ocrx_word' id='word_1_395' title='bbox 2877 5177 2941 5238; x_wconf 91' lang='lat' dir='ltr'><strong>et</strong></span> <span class='ocrx_word' id='word_1_396' title='bbox 2986 5175 3307 5256; x_wconf 74' lang='lat' dir='ltr'><strong>aequalem</strong></span> <span class='ocrx_word' id='word_1_397' title='bbox 3355 5175 3482 5239; x_wconf 88' lang='lat' dir='ltr'><strong>sibi</strong></span> 
     </span>
    </p>
   </div>
   <div class='ocr_carea' id='block_1_10' title="bbox 361 5297 926 5381">
    <p class='ocr_par' dir='ltr' id='par_1_12' title="bbox 361 5297 926 5381">
     <span class='ocr_line' id='line_1_34' title="bbox 361 5297 926 5381; baseline -0.007 -18"><span class='ocrx_word' id='word_1_398' title='bbox 361 5298 609 5381; x_wconf 84' lang='lat' dir='ltr'><strong>genuit</strong></span> <span class='ocrx_word' id='word_1_399' title='bbox 651 5297 926 5360; x_wconf 89' lang='lat' dir='ltr'><strong>Filium.</strong></span> 
     </span>
    </p>
   </div>
  </div>
 </body>
</html>
