4359 6250
589 1866 718 1909 Rom.
741 1880 770 1915 1,
785 1867 853 1907 20.

892 473 1010 538 142
1525 494 1590 539 m
1631 494 1852 539 neuun
1894 494 1915 539 1
1957 493 2439 539 semiramiam.
2486 510 2567 521 -—
2607 495 2758 540 msr.
2806 496 2975 557 xxu3
3020 496 3243 551 QnAEsr.
3289 498 3358 543 111

885 660 1198 742 gnificant
1248 664 1528 745 speciem
1571 665 1636 725 in
1678 665 1942 727 materia
1979 673 2042 727 et
2087 664 2384 746 imperfe-
2410 665 2462 728 A
2494 666 2763 728 videtur.
2799 667 2891 729 Ad
2924 668 3043 730 hoc
3086 668 3403 750 pertinere
3433 668 3687 731 videtur
3717 668 3883 749 quod
3916 668 3991 729 in

888 759 1187 833 ctionem,
1213 769 1282 822 ut
1315 762 1432 832 leo,
1459 761 1640 844 lapiS‚
1666 763 2016 844 igniS,quae
2049 782 2162 844 per
2196 770 2389 825 trans·
2495 764 2657 827 libro
2705 766 2783 827 de
2826 765 3129 829 Trinitate
3173 767 3261 829 ait
3302 767 3577 829 Hilarius
3621 785 3635 829 :
3677 766 3812 829 Non
3854 786 3989 829 ser-

887 857 1188 921 lationem
1237 859 1539 922 dicuntur
1583 861 1660 922 de
1709 862 1855 923 Deo.
1891 861 2187 934 Quaedam
2235 878 2385 922 vero
2493 864 2667 926 moni
2718 884 2839 937 res,
2874 865 2986 926 sed
3028 865 3118 927 rei
3170 882 3379 927 sermo
3422 865 3612 928 debet
3653 884 3789 927 esse
3838 865 3991 927 sub-

885 964 1034 1017 sunt
1077 977 1218 1039 quae
1264 977 1392 1021 uno
1439 960 1626 1021 modo
1671 959 1926 1041 proprie
1965 959 2267 1020 dicuntur
2305 958 2383 1019 de
2490 962 2717 1041 jectus.
2755 963 2917 1044 Ergo
2944 963 3125 1043 juxta
3156 964 3540 1044 exigentiam
3572 963 3801 1025 divinae
3832 963 3989 1025 sim-

884 1055 1032 1127 De0,
1067 1055 1194 1118 alio
1239 1058 1427 1119 modo
1475 1058 1845 1139 improprie,
1883 1058 1945 1119 id
1986 1065 2081 1119 est
2122 1058 2382 1119 transla-

884 1154 1014 1215 tive
1049 1171 1063 1214 :
1099 1162 1169 1215 ut
1216 1155 1434 1217 omnia
1485 1155 1592 1217 illa
1636 1175 1778 1237 quae
1827 1154 2195 1235 significant
2243 1174 2381 1236 spe-

887 1252 1050 1313 ciem
1092 1270 1218 1314 non
1254 1252 1317 1314 in
1363 1254 1642 1327 materia,
1677 1262 1740 1315 et
1781 1254 2238 1335 perfectionem
2276 1272 2381 1314 na-

887 1358 1042 1413 turae
1085 1352 1185 1413 vel
1233 1352 1487 1413 virtutis
1537 1360 1646 1413 aut
1692 1352 2097 1434 operationis
2136 1352 2381 1433 Duplex

888 1468 1160 1530 namque
1192 1458 1286 1511 est
1317 1450 1421 1512 via
1453 1450 1868 1531 intelligendi,
1901 1451 1978 1512 ad
2011 1470 2199 1532 quam
2236 1468 2381 1512 eon-

885 1548 1175 1628 sequitur
1217 1548 1452 1629 duplex
1497 1549 1721 1611 modus
1766 1548 2014 1611 dicendi
2060 1568 2171 1611 seu
2227 1568 2381 1630 prae-

885 1646 1156 1708 dicandi.
1180 1647 1311 1709 Una
1340 1654 1670 1728 est,quum
1705 1648 2064 1709 intellectus
2096 1648 2381 1729 procedit

884 1744 964 1805 ab
1013 1744 1354 1808 effectibus
1406 1746 1484 1807 ad
1535 1748 2037 1827 cognoscendam
2097 1766 2374 1819 causam,

2493 1061 2797 1141 plicitatis
2828 1069 2891 1124 et
2921 1061 3203 1136 unitatiS,
3237 1062 3663 1126 nominandus
3692 1069 3787 1124 est
3816 1062 3989 1124 Deus

2494 1176 2620 1221 uno
2661 1167 2906 1221 tantum
2953 1180 3025 1222 ac
3066 1150 3346 1242 simplici
3390 1161 3669 1223 nomine.
3704 1195 3784 1207 —
3812 1162 3991 1222 Insu-

2493 1275 2626 1337 per,
2661 1258 2973 1339 quidquid
3016 1267 3110 1319 est
3155 1258 3217 1319 in
3265 1259 3414 1331 Deo,
3447 1267 3545 1320 est
3587 1259 3751 1320 Deus
3786 1276 3799 1319 τ
3834 1276 3989 1339 ergo

2491 1356 2747 1417 nomina
2797 1356 2904 1418 illa
2952 1356 3319 1418 viderentur
3366 1376 3735 1439 synonyma,
3782 1376 3987 1438 quum

2494 1453 2657 1514 idem
2705 1454 3107 1534 significent3
3142 1454 3401 1517 nomina
3442 1472 3594 1517 vero
3636 1472 3989 1537 synonyma

2492 1569 2606 1632 pro
2648 1552 2869 1613 eodem
2915 1559 3308 1633 reputantur.

2571 1651 2637 1711 In
2689 1650 3054 1732 oppositum
3101 1660 3197 1713 est
3240 1652 3579 1713 auctoritas
3632 1651 3986 1732 Scriptura-

2491 1769 2656 1823 rum,
2711 1750 2776 1811 in
2838 1750 3071 1831 quibus
3133 1752 3298 1813 Deus
3358 1750 3552 1813 variis
3610 1750 3985 1813 nominibus

883 1851 1196 1924 quatenus
1256 1863 1370 1926 per
1421 1853 1627 1907 creata
1678 1847 1973 1927 procedat
2021 1846 2099 1907 ad
2149 1863 2376 1927 cogno·
2412 1848 2461 1912 B
2490 1848 2872 1929 designatur.

884 1944 1182 2005 scendam
1213 1944 1512 2005 virtutem
1545 1945 2019 2026 sempiternam,
2043 1952 2233 2025 atque
2266 1964 2381 2026 per

885 2040 1060 2103 illam
1119 2051 1452 2123 cognoscat
1513 2043 1872 2105 Divinitatis
1931 2043 2373 2112 substantiam,

883 2147 951 2200 ut
1001 2140 1237 2201 dicitur
1280 2141 1355 2203 ad
1401 2142 1712 2205 Romanos
1759 2143 1982 2223 primo.
2024 2141 2097 2202 Et
2143 2141 2207 2201 in
2260 2142 2375 2202 hac

880 2238 984 2299 via
1028 2239 1080 2299 si
1127 2240 1400 2320 accipiat
1449 2242 1608 2302 ratio
1654 2258 1883 2303 nomen
1930 2239 2256 2322 sapientiae
2299 2240 2373 2301 ad

879 2336 1372 2417 significandum
1409 2340 1519 2401 Dei
1561 2338 1873 2410 notitiam,
1907 2346 1970 2400 et
2001 2356 2234 2401 nomen
2267 2338 2373 2401 bo-

877 2435 1097 2497 nitatis
1141 2436 1218 2498 ad
1271 2437 1767 2517 significandum
1819 2438 1928 2499 Dei
1981 2436 2371 2515 bonitatem3

877 2534 969 2595 sic
1013 2534 1132 2596 ista
1174 2536 1522 2617 improprie
1562 2536 1862 2597 dicuntur
1902 2537 1978 2597 de
2021 2535 2166 2607 De0,
2204 2535 2375 2596 vide-

878 2633 1025 2694 licet
1069 2634 1276 2714 quoad
1320 2634 1578 2695 modum
1619 2633 2048 2713 significandi,
2083 2641 2141 2693 et
2188 2640 2373 2714 prout

876 2730 942 2791 in
974 2730 1278 2791 creaturis
1309 2727 1732 2812 reperiuntur.
1765 2730 1905 2791 Alia
1936 2731 2037 2792 via
2065 2739 2183 2800 est,
2218 2732 2369 2792 dum

876 2828 1237 2891 intellectus
1286 2848 1323 2891 a
1373 2848 1562 2891 causa
1617 2830 1897 2910 procedit
1948 2829 2023 2891 ad
2067 2829 2366 2891 effectus.

877 2927 1051 2988 Unde
1111 2934 1262 2988 tunc
1315 2934 1610 3009 praetacta
1667 2927 1799 2989 haec
1850 2928 2110 2990 nomina
2158 2928 2371 2989 verius

2566 2044 2659 2105 Ad
2700 2044 2819 2106 hoc
2860 2044 3297 2106 Bonaventura
3336 2043 3675 2125 respondet
3710 2061 3723 2103 :
3760 2044 3824 2105 ln
3868 2060 3983 2105 no-

2488 2142 2659 2205 mine
2718 2143 2840 2204 tria
2898 2142 3398 2215 considerantur,
3452 2149 3671 2223 utpote
3720 2160 3862 2213 vox,
3913 2150 3979 2201 et

2484 2240 2890 2319 significatio,
2926 2248 2985 2301 et
3018 2240 3176 2302 ratio
3218 2240 3675 2302 innotescendi.
3712 2239 3882 2302 Unde
3914 2248 3980 2301 et

2485 2356 2717 2400 nomen
2763 2339 3206 2421 multipliciter
3249 2339 3540 2401 sumitur.
3591 2339 3981 2420 Quandoque

2486 2455 2600 2518 pro
2644 2456 2797 2499 voce
2847 2438 3249 2518 significante
3295 2456 3309 2499 :
3354 2445 3424 2498 ut
3473 2457 3672 2519 quum
3718 2437 3976 2505 dicitur,

2482 2536 2701 2597 Petrus
2760 2544 2854 2597 est
2913 2554 3147 2599 nomen
3206 2536 3494 2617 apostoli.
3561 2536 3789 2617 Sicque
3848 2534 3979 2597 Deo

2484 2634 2871 2696 conveniunt
2902 2635 3160 2697 nomina
3202 2634 3418 2695 multa.
3454 2634 3839 2715 Quandoque
3868 2652 3977 2693 ve-

2482 2750 2551 2794 ro
2603 2750 2717 2814 pro
2768 2752 2833 2795 re
2884 2732 3245 2814 significata
3288 2751 3302 2794 ε
3346 2740 3415 2794 ut
3465 2752 3665 2815 quum
3717 2731 3974 2805 dicitur,

2482 2831 2723 2892 Bonum
2775 2840 2837 2893 et
2887 2831 3223 2895 honestum
3276 2839 3423 2893 sunt
3470 2832 3638 2892 idem
3690 2830 3974 2892 nomine.

2483 2929 2557 2989 Et
2598 2930 2683 2991 ita
2725 2930 2851 2991 Deo
2890 2930 3356 3011 quodammodo
3397 2927 3695 2990 convenit
3738 2945 3975 2989 nomen

875 3026 1264 3087 conveniunt
1309 3027 1437 3087 Deo
1479 3045 1670 3107 quam
1715 3027 2016 3099 creaturis
2053 3044 2065 3087 :
2104 3028 2233 3089 imo
2278 3026 2369 3087 sic
2405 3029 2449 3092 C
2484 3047 2703 3101 unum,
2752 3026 3219 3109 quodammodo
3270 3026 3470 3088 multa
3512 3044 3525 3088 t
3570 3025 3720 3108 quia
3768 3026 3822 3086 si
3870 3043 3977 3085 res

875 3123 1146 3199 bonitaS,
1181 3125 1511 3206 sapientia,
1532 3126 1784 3198 veritaS,
1812 3126 2111 3207 potentia,
2137 3133 2200 3187 et
2231 3143 2373 3188 con·

875 3221 1130 3294 similia,
1167 3223 1231 3282 in
1277 3229 1523 3284 tantum
1567 3223 1710 3303 plus
1755 3224 2009 3304 proprie
2050 3225 2178 3286 Deo
2222 3240 2368 3285 con-

873 3321 1160 3387 veniunt.
1194 3321 1364 3402 quod
1399 3321 1460 3382 in
1496 3321 1634 3401 ipso
1665 3329 1810 3382 sunt
1859 3341 1970 3403 per
2000 3322 2365 3394 essentiam,

874 3418 940 3479 in
992 3419 1218 3480 ceteris
1267 3438 1383 3501 per
1432 3419 2004 3501 participationem.
2040 3421 2186 3483 Haec
2230 3421 2367 3481 Ale-

873 3517 1126 3580 xander.

954 3615 1196 3678 Solutio
1254 3633 1509 3697 quoque
1568 3615 2002 3697 objectionum
2055 3617 2243 3698 plana
2292 3636 2368 3678 ex

873 3713 1151 3776 inductis
1193 3722 1307 3776 est.

1291 4041 1762 4115 QUAESTIO
1832 4043 1956 4105 III

1003 4305 1174 4368 Ertio
1209 4305 1536 4387 quaeritur,
1571 4307 1698 4372 An
1737 4307 1900 4371 Deo
1939 4307 2368 4372 eonveniat

1017 4405 1340 4470 nomina
1379 4405 1636 4470 multa
1663 4403 2000 4484 habere;
2043 4406 2126 4469 et
2159 4404 2365 4470 unde

871 4505 1303 4582 consurgat
1350 4503 1912 4583 multiplicitas
1954 4504 2366 4570 nominum

871 4603 1360 4669 divinorum.

951 4702 1214 4763 Videtur
1242 4700 1411 4782 quod
1452 4717 1578 4761 non
1621 4699 1955 4762 conveniat
1988 4701 2115 4761 Deo
2153 4700 2367 4761 multi-

869 4801 1018 4882 plex
1059 4797 1429 4862 nominatio.
1466 4798 1706 4860 Nomen
1747 4797 1920 4860 enim
1962 4817 2028 4859 se
2070 4797 2259 4859 habet
2288 4799 2367 4859 ad

872 4918 1007 4962 rem
1051 4897 1478 4979 significatam
1521 4897 1687 4958 sicut
1731 4896 1984 4976 signum
2035 4897 2110 4957 ad
2162 4896 2369 4977 signa-

873 5006 1011 5060 tum
1057 5015 1070 5058 :
1116 4997 1257 5058 ideo
1306 4995 1494 5057 debet
1543 4994 1601 5057 ei
1654 4995 2165 5076 correspondere.
2208 4995 2368 5076 Ergo

873 5097 1040 5158 sicut
1070 5097 1236 5158 Deus
1268 5093 1332 5156 in
1365 5113 1432 5156 se
1465 5094 1605 5175 ipso
1634 5093 2150 5175 simplicissimus
2181 5101 2277 5154 est
2306 5101 2368 5154 et

876 5195 1152 5256 maxime
1205 5212 1371 5254 unus
1423 5199 1485 5254 et
1536 5190 1869 5265 indivisuS,
1923 5192 2014 5252 sic
2068 5209 2196 5253 non
2244 5191 2369 5253 nisi

877 5311 1004 5356 uno
1033 5300 1097 5355 et
1126 5290 1606 5375 simplicissimo
1645 5290 1902 5352 nomine
1943 5289 2368 5352 nominandus

2480 3127 2838 3208 significata
2876 3127 3122 3188 dicatur
3151 3125 3591 3198 essentialiter,
3626 3124 3719 3186 sic
3757 3123 3977 3186 omnia

2482 3244 2680 3286 unum
2732 3232 2915 3302 sunt3
2950 3225 3002 3286 si
3046 3243 3198 3287 vero
3238 3224 3485 3286 dicatur
3532 3222 3970 3306 personaliter,

2478 3323 2571 3384 sic
2622 3322 2837 3404 plures
2881 3330 3027 3384 sunt
3077 3331 3134 3384 et
3184 3323 3366 3404 plura
3410 3322 3669 3384 nomina
3718 3339 3973 3402 compe-

2478 3429 2619 3483 tunt
2669 3421 2781 3483 eiS.
2829 3457 2909 3466 —
2958 3422 3186 3494 Terti0,
3240 3438 3472 3483 nomen
3522 3420 3797 3482 sumitur
3857 3435 3975 3500 pro

2478 3521 2801 3583 notamine
2834 3540 2944 3582 seu
2986 3520 3227 3581 ratione
3269 3518 3705 3582 innotescendi
3742 3535 3755 3579 :
3790 3517 3975 3579 etita

2478 3638 2730 3701 quoque
2762 3619 3127 3692 dicendum,
3161 3618 3331 3699 quod
3362 3616 3828 3699 quodammodo
3860 3633 3973 3677 no-

2478 3737 2623 3778 men
2688 3737 2910 3788 unum,
2972 3716 3440 3797 quodammodo
3498 3716 3679 3797 plura
3744 3729 3973 3775 conve-

2475 3815 2662 3875 niunt
2711 3815 2853 3876 Deo.
2894 3815 2953 3876 Si
3007 3814 3179 3875 enim
3232 3812 3545 3895 accipitur
3587 3813 3745 3874 ratio
3791 3811 3971 3874 inno-

2477 3913 2755 3974 tescendi
2806 3932 2883 3974 ex
2928 3921 3104 3994 parte
3156 3911 3290 3986 Dei,
3325 3911 3417 3973 sic
3468 3910 3807 3973 innotescit
3858 3929 3973 3991 per

2474 4030 2655 4072 suam
2688 4011 3009 4084 virtutem,
3045 4031 3188 4092 quae
3220 4030 3345 4072 una
3376 4018 3436 4072 et
3470 4028 3697 4090 magna
3724 4016 3820 4070 est
3858 4025 3871 4068 :
3904 4016 3969 4069 et

2474 4110 2566 4171 sic
2600 4129 2799 4171 unum
2838 4127 3072 4171 nomen
3112 4109 3225 4172 Dei
3264 4116 3360 4170 est
3402 4126 3701 4189 magnum
3742 4114 3805 4168 et
3837 4125 3969 4168 ma-

2395 4217 2446 4279 D
2476 4209 2742 4280 ximum‚
2793 4207 2975 4288 juxta
3025 4208 3181 4269 illud
3228 4207 3537 4279 Jeremiae,
3590 4205 3849 4286 Magnus
3894 4223 3969 4266 es
4028 4229 4235 4278 Jer.x,‹·..

2477 4316 2564 4378 tu,
2599 4307 2885 4378 Domine,
2919 4313 2979 4367 et
3023 4324 3321 4385 magnum
3363 4322 3594 4366 nomen
3636 4311 3839 4375 tuum,
3874 4304 3967 4364 vi-

2476 4406 2701 4466 delicet
2743 4406 2949 4487 quoad
2982 4405 3281 4467 virtutem
3314 4422 3439 4486 qua
3478 4402 3835 4475 innotescit,
3872 4421 3970 4463 se-

2477 4505 2755 4564 cundum
2790 4503 2945 4565 illud
2989 4503 3053 4564 in
3094 4503 3341 4565 Psalmo
3375 4519 3389 4563 τ
3423 4501 3620 4564 Notus
3661 4503 3725 4561 in
3754 4501 3969 4562 Judaea
3998 4523 4257 4567 patus-,a

2476 4604 2661 4676 Deus,
2710 4602 2774 4662 in
2828 4601 3013 4664 lsrael
3068 4620 3368 4682 magnum
3418 4618 3651 4662 nomen
3700 4599 3859 4680 ejuS.
3899 4599 3968 4660 Si

2473 4709 2687 4762 autem
2750 4699 3099 4781 accipiatur
3162 4698 3320 4760 ratio
3389 4695 3824 4759 innotescendi
3886 4715 3967 4757 ex

2477 4807 2651 4880 parte
2695 4797 3045 4860 effectuum
3090 4817 3201 4859 seu
3248 4805 3702 4870 creaturarum,
3736 4796 3829 4858 sic
3871 4795 3966 4857 di—

2478 4916 2658 4959 versa
2688 4905 2834 4959 sunt
2866 4897 3123 4958 nomina
3156 4896 3287 4958 Dei.
3322 4897 3490 4958 Deus
3519 4895 3757 4957 etenim
3788 4894 3969 4956 inno-

2476 4995 2660 5056 tescit
2692 4995 2875 5057 nobis
2909 4994 3262 5075 tripliciter,
3286 4993 3531 5056 scilicet
3564 5012 3677 5075 per
3707 4993 3972 5056 causali-

2476 5101 2690 5165 tatem,
2711 5112 2824 5175 per
2853 5093 3258 5166 ablationem,
3278 5100 3340 5154 et
3373 5111 3486 5174 per
3516 5091 3967 5153 eminentiam:

2475 5197 2537 5252 et
2568 5191 2919 5252 secundum
2950 5190 3104 5264 haec,
3138 5198 3234 5252 est
3264 5190 3605 5253 multitudo
3634 5189 3971 5253 nominum

2476 5288 2861 5351 divinorum.
2908 5289 2971 5352 Si
3022 5289 3195 5351 enim
3245 5289 3611 5353 nominetur
3658 5307 3773 5371 per
3820 5307 3970 5350 cau-
