4359 6250
150 4224 237 4267 dist.
256 4226 392 4275 μῦ.

1260 501 1345 546 ΑΝ
1388 501 1579 546 mAGo
1621 501 1963 546 coNqulAT
2004 501 2135 546 som
2178 501 2334 546 FILIO
2377 502 2440 546 IN
2483 501 2709 546 mlels

3421 481 3541 545 279

438 676 676 741 mente,
711 670 822 731 sed
868 667 1173 731 Herculis.
1208 669 1335 731 Nec
1385 671 1620 732 dicitur
1664 669 1937 752 Spiritus
1969 666 2019 728 A
2046 668 2341 730 attribuit
2399 669 2726 749 unigenito
2785 668 2943 730 Filio
2999 687 3138 731 esse
3197 669 3538 749 imaginem

436 767 708 829 Sanctus
758 786 899 830 esse
949 768 1146 830 Patris
1197 769 1425 848 imago,
1464 768 1615 850 quia
1665 786 1792 830 non
1842 775 1937 830 est

434 866 923 946 expressissima
971 866 1325 929 similitudo
1384 867 1608 948 ipsiuS,
1661 866 1813 948 quia
1872 867 1934 928 in

436 964 595 1027 Filio
635 973 735 1026 est
776 965 1134 1046 expressior
1162 965 1535 1027 similitudo.
1569 1001 1650 1010 —
1678 965 1935 1046 Proprie

432 1080 694 1144 quoque
724 1080 853 1125 non
885 1063 1120 1124 dicitur
1150 1063 1359 1144 imago
1389 1063 1513 1125 nisi
1545 1063 1735 1125 unius
1766 1064 1938 1126 dum-

433 1167 625 1234 taxat,
654 1169 727 1222 ut
758 1161 967 1241 imago
994 1160 1259 1223 Achillis
1289 1179 1416 1224 non
1448 1169 1543 1223 est
1575 1153 1699 1223 nisi
1730 1160 1936 1223 Achil-

436 1259 531 1320 lis,
569 1260 791 1341 Itaque
823 1259 1020 1322 Filius
1059 1258 1319 1341 proprie
1360 1260 1595 1321 dicitur
1625 1260 1833 1340 imago
1872 1268 1934 1321 et

433 1357 795 1439 speculum,
831 1357 983 1439 quia
1012 1357 1079 1419 in
1118 1375 1195 1420 eo
1226 1357 1480 1420 videtur
1508 1358 1707 1431 Pater,
1740 1377 1933 1439 quem

434 1463 847 1537 repraesentat
873 1474 887 1517 :
913 1457 1079 1518 sicut
1108 1463 1172 1518 et
1197 1456 1476 1518 Verbum
1509 1456 1763 1530 dicitur,
1784 1457 1934 1537 quia

432 1554 683 1616 Patrem
723 1554 1031 1617 notificat.
1066 1590 1147 1600 —
1176 1555 1319 1618 Haec
1362 1554 1733 1617 Alexander.

508 1653 811 1715 Albertus
857 1653 1113 1715 demum
1162 1672 1275 1735 pro
1321 1660 1496 1735 parte
1535 1654 1670 1716 haec
1709 1654 1927 1716 eadem

430 1750 659 1812 scribit
694 1768 707 1810 :
740 1751 834 1813 Ad
880 1751 1277 1813 intellectum
1318 1751 1675 1832 (inquiens)
1720 1751 1933 1830 imagi-

2047 767 2267 840 Patris,
2302 767 2468 828 sicut
2497 775 2560 829 et
2589 786 2726 830 esse
2757 768 3035 829 Verbum
3077 767 3268 830 illius.
3306 768 3540 830 Secun-

2047 867 2148 940 do,
2184 866 2335 947 quia
2374 867 2660 929 doctores
2700 874 2761 928 et
2802 867 3002 928 sancti
3045 868 3254 928 Patres
3287 884 3540 930 concor-

2046 965 2211 1026 diter
2240 965 2461 1026 dicunt
2493 965 2724 1026 Filium
2767 965 3022 1047 proprie
3053 985 3124 1027 ac
3164 966 3370 1028 solum
3401 985 3539 1028 esse

2046 1063 2390 1143 imaginem
2436 1063 2656 1135 Patris,
2702 1063 2832 1125 imo
2873 1065 3042 1145 quod
3083 1064 3166 1124 sit
3207 1064 3536 1138 naturaliS,

2045 1159 2328 1242 perfecta
2369 1169 2433 1222 et
2477 1161 2667 1223 unica
2709 1162 2905 1224 Patris
2951 1162 3159 1242 imago
3193 1179 3204 1224 :
3240 1182 3380 1244 quae
3428 1181 3538 1224 au-

2044 1266 2172 1320 tem
2220 1259 2591 1320 naturaliter
2633 1267 2696 1321 et
2735 1259 3014 1340 perfecte
3053 1278 3125 1321 ac
3166 1260 3354 1322 unice
3393 1278 3537 1322 con-

2044 1357 2312 1418 veniunt
2351 1357 2584 1420 divinae
2625 1375 2932 1440 personae,
2967 1358 3354 1420 conveniunt
3381 1359 3442 1420 ei
3471 1367 3537 1421 et

2042 1455 2318 1536 proprie.
2355 1455 2585 1523 Tertio,
2621 1456 2773 1537 quia
2815 1476 3008 1538 super
3051 1457 3209 1518 illud
3251 1457 3530 1530 Joannis,

2041 1553 2170 1633 Ego
2201 1561 2263 1614 et
2292 1553 2471 1614 Pater
2502 1573 2700 1615 unum
2742 1573 2985 1628 sumuS,
3022 1554 3302 1636 loquitur
3328 1554 3535 1636 Augu-
3596 1573 3760 1618 Joann.
3783 1588 3825 1626 x,

2041 1652 2268 1724 stinuS‚
2304 1653 2472 1733 quod
2520 1653 2716 1714 Filius
2760 1653 2870 1715 Dei
2917 1653 3038 1715 hoc
3077 1653 3237 1715 dixit
3275 1661 3535 1736 propter
3563 1640 3628 1680 ³⁰·

2042 1750 2474 1812 omnimodam
2533 1751 3020 1813 similitudinem
3072 1771 3214 1833 quie
3271 1753 3330 1813 ei
3385 1771 3534 1813 cum

428 1849 529 1910 nis
560 1848 687 1910 tria
714 1849 815 1928 (ut
858 1849 1015 1910 mihi
1045 1849 1336 1930 apparet)
1366 1857 1770 1911 concurrunt.
1806 1849 1931 1910 Pri·
1966 1850 2013 1912 B
2042 1849 2220 1910 Patre
2262 1856 2378 1922 est,
2412 1857 2474 1910 et
2518 1849 2754 1911 diffuse
2799 1851 3207 1931 prosequitur
3248 1850 3335 1911 ibi
3383 1869 3534 1931 qua-

431 1965 557 2019 mo,
602 1948 774 2028 quod
820 1947 903 2008 sit
943 1946 1227 2018 alteriuS,
1270 1947 1573 2029 quoniam
1617 1947 1779 2007 nihil
1829 1949 1927 2008 sui

428 2045 633 2126 ipsius
681 2051 775 2106 est
827 2045 1037 2126 imago
1080 2045 1356 2126 proprie.
1404 2045 1714 2118 Secundo,
1758 2046 1927 2126 quod

427 2144 621 2205 ducat
662 2143 730 2205 in
770 2161 973 2204 unum
1017 2149 1261 2204 tantum
1297 2160 1312 2203 :
1346 2160 1472 2204 non
1514 2142 1688 2204 enim
1723 2151 1931 2223 potest

426 2253 567 2304 esse
609 2241 983 2303 immediata
1025 2241 1242 2304 ductio
1286 2240 1615 2321 imaginati
1658 2242 1723 2302 in
1769 2243 1926 2304 duos

426 2349 497 2401 ut
546 2341 677 2402 duo
720 2347 893 2414 sunt,
927 2339 1035 2402 sed
1081 2347 1288 2421 potest
1332 2358 1469 2401 esse
1515 2339 1806 2412 mediata,
1842 2340 1930 2401 ita

427 2438 597 2519 quod
628 2438 843 2519 primo
874 2437 1063 2499 ducat
1094 2438 1157 2499 in
1188 2437 1411 2512 alium,
1444 2444 1505 2498 et
1536 2455 1927 2519 consequen-

424 2544 522 2598 ter
566 2537 631 2598 in
684 2536 903 2598 alium.
942 2536 1222 2598 Tertium
1270 2543 1388 2608 est,
1428 2535 1597 2617 quod
1647 2534 1926 2616 perfecte

426 2634 693 2716 impleat
752 2633 1263 2714 repraesentando
1326 2641 1617 2695 naturam
1681 2650 1694 2693 ε
1757 2634 1925 2715 quod

424 2750 772 2816 commune
812 2740 910 2793 est
940 2731 1099 2793 Filio
1139 2738 1327 2812 atque
1368 2730 1633 2812 Spiritui
1675 2731 1923 2806 Sancto,

428 2831 579 2893 licet
638 2847 767 2893 non
818 2830 1040 2892 eadem
1099 2829 1360 2891 ratione.
1416 2829 1559 2892 Haec
1605 2828 1921 2891 AlbertuS.

507 2929 619 2991 His
670 2945 925 3010 quoque
977 2927 1313 2989 concordat
1364 2927 1669 3006 AEgidiuS,
1721 2926 1925 2988 decla—

424 3045 577 3088 rans
618 3035 747 3087 tres
788 3025 1063 3087 rationes
1102 3031 1431 3106 praetactas
1473 3032 1731 3106 propter
1770 3042 1927 3105 quas
1960 3027 2003 3089 C
2037 3041 2254 3096 nuem‚
2301 3022 2468 3085 sicut
2516 3024 2603 3085 ait
2651 3023 3010 3105 ApostoluS,
3052 3026 3230 3086 Pater
3277 3025 3530 3087 Domini
3561 3041 3824 3149 ifpssuan,

424 3126 709 3206 Spiritus
737 3124 1005 3186 Sanctus
1035 3124 1270 3185 dicitur
1298 3140 1424 3185 non
1453 3142 1592 3184 esse
1623 3123 1830 3205 imago
1861 3121 1926 3184 in

424 3223 692 3296 divinis„
738 3222 979 3284 validas
1024 3240 1180 3283 esse.

505 3320 591 3383 At
632 3337 785 3382 vero
832 3318 1165 3380 Durandus
1214 3318 1437 3379 scribit
1482 3318 1586 3380 hic
1635 3319 1925 3399 quaedam

424 3418 845 3501 praeinductis
882 3417 1218 3489 contraria,
1251 3417 1469 3479 dicens
1509 3417 1678 3497 quod
1720 3416 1927 3497 imago

422 3536 557 3579 non
600 3516 900 3579 convenit
940 3514 1195 3596 proprie
1226 3514 1291 3575 in
1332 3514 1589 3589 diviniS‚
1623 3514 1775 3595 quia
1809 3533 1925 3576 nec

422 3614 723 3677 essentiae
762 3632 881 3675 nec
922 3612 1209 3694 personis
1244 3630 1258 3673 :
1292 3612 1593 3693 quoniam
1624 3613 1701 3674 de
1741 3612 1926 3674 ratio-

422 3732 505 3775 ne
556 3712 854 3793 imaginis
899 3719 996 3773 est
1045 3710 1416 3771 similitudo,
1466 3711 1637 3772 Inter
1679 3710 1926 3773 divinas

420 3820 643 3873 autem
691 3827 993 3891 personas
1038 3826 1165 3870 non
1204 3816 1299 3870 est
1340 3808 1598 3890 propria
1635 3817 1697 3870 et
1741 3810 1927 3872 realis

420 3908 809 3981 similitudo,
857 3907 1157 3987 quoniam
1204 3906 1348 3967 talis
1398 3906 1751 3969 similitudo
1802 3925 1928 3969 non

420 4016 521 4068 est
575 4006 744 4067 inter
787 4004 1035 4066 divinas
1082 4022 1379 4085 personas
1427 4005 1633 4085 quoad
1682 4005 1929 4067 relatio-

422 4124 543 4166 nes
576 4102 843 4183 originis
870 4102 1062 4182 :quia
1096 4102 1447 4163 secundum
1478 4102 1925 4182 Augustinum,

2043 1945 2187 2007 liter
2236 1946 2432 2008 Filius
2475 1946 2585 2008 Dei
2633 1947 2716 2008 sit
2757 1947 2885 2008 Deo
2928 1947 3089 2008 Patri
3138 1947 3417 2028 perfecte
3461 1967 3535 2010 ac

2040 2063 2292 2106 summe
2351 2045 2738 2106 simillimus,
2801 2080 2882 2089 —
2937 2045 3097 2107 Hinc
3158 2044 3531 2118 Alexander,

2038 2140 2334 2203 Albertus
2389 2149 2452 2202 et
2503 2142 2612 2203 alii
2666 2142 2908 2216 dicunt,
2963 2143 3131 2224 quod
3185 2142 3381 2204 Filius
3439 2151 3534 2204 est

2038 2241 2522 2321 expressissima
2559 2241 2912 2303 similitudo
2949 2260 3022 2302 ac
3058 2241 3264 2322 imago
3292 2241 3532 2320 Patris3

2038 2339 2140 2399 vel
2181 2338 2232 2400 si
2275 2338 2395 2400 hoc
2432 2339 2643 2420 aptius
2684 2346 2884 2412 sonat,
2920 2340 3088 2420 quod
3129 2339 3196 2400 in
3238 2339 3396 2402 Filio
3439 2348 3535 2402 est

2040 2437 2523 2518 expressissima
2561 2437 2916 2499 similitudo
2948 2457 3094 2498 cum
3125 2437 3322 2499 Patre.
3357 2438 3531 2511 Quod

2039 2542 2252 2596 autem
2285 2542 2414 2596 tam
2456 2536 2990 2597 excellentissime
3021 2537 3320 2597 convenit
3350 2536 3529 2608 Filio,

2039 2633 2337 2694 convenit
2381 2633 2440 2694 ei
2479 2640 2540 2694 et
2584 2633 2861 2714 proprie,
2897 2633 3026 2694 imo
3068 2640 3132 2694 et
3171 2634 3532 2715 propriissi-

2040 2748 2161 2791 me.
2198 2728 2274 2790 Et
2313 2730 2480 2792 sicut
2519 2730 2864 2810 paternitas
2907 2749 2984 2792 ex
3024 2737 3248 2792 natura
3284 2731 3376 2793 rei
3418 2750 3532 2813 per

2041 2827 2218 2908 prius
2249 2827 2547 2889 convenit
2577 2828 2726 2901 Deo,
2748 2835 2812 2889 et
2841 2827 3145 2890 creaturis
3177 2846 3292 2909 per
3321 2847 3536 2909 quam·

2038 2924 2181 2986 dam
2243 2925 2793 3006 participationem
2849 2925 3398 3007 imitationemque
3447 2935 3534 2988 te-

2039 3123 2237 3184 nostri
2273 3123 2418 3185 Jesu
2452 3121 2704 3197 Christi,
2739 3142 2814 3185 ex
2856 3142 2983 3205 quo
3013 3124 3221 3185 omnis
3256 3126 3530 3206 paterni-

2036 3228 2131 3282 tas
2173 3220 2539 3283 nominatur
2577 3221 2644 3282 in
2685 3221 2847 3284 coelo
2887 3229 2950 3283 et
2989 3222 3056 3285 in
3095 3230 3298 3300 terra3
3330 3224 3424 3285 sic
3453 3224 3534 3286 si-

2040 3317 2336 3380 militudo
2374 3328 2438 3380 et
2469 3319 2676 3399 imago
2714 3338 2790 3381 ex
2826 3327 3050 3381 natura
3089 3320 3178 3381 rei
3212 3320 3422 3402 primo
3459 3339 3532 3383 ac

2040 3416 2478 3498 propriissime
2509 3424 2698 3498 atque
2739 3417 3110 3498 plenissime
3139 3418 3441 3480 dicuntur
3471 3426 3534 3481 et

2039 3522 2412 3596 competunt
2443 3514 2508 3575 in
2539 3515 2796 3588 diviniS,
2831 3523 2892 3576 et
2925 3515 2989 3576 in
3022 3516 3326 3577 creaturis
3357 3517 3533 3578 dum-

2040 3619 2208 3673 taxat
2250 3630 2364 3692 per
2405 3619 2662 3673 tenuem
2708 3612 3258 3693 participationem
3305 3613 3535 3695 imper-

2038 3710 2204 3772 fecte
2250 3709 2645 3771 imitativam.

2119 3810 2212 3872 Ad
2266 3808 2574 3871 motivum
2624 3825 2774 3888 ergo
2823 3808 3102 3870 Durandi
3156 3810 3529 3890 respondeo,

2041 3908 2211 3990 quod
2261 3908 2419 3969 Filio
2469 3906 2725 3988 proprie
2775 3906 3072 3968 convenit
3125 3925 3262 3969 esse
3313 3908 3532 3987 imagi-

2040 4025 2188 4068 nem
2228 4013 2356 4067 tam
2398 4004 2604 4086 quoad
2645 4005 2968 4067 notionem
3009 4024 3122 4066 seu
3161 4004 3531 4067 relationem

2041 4104 2328 4184 originiS‚
2362 4123 2504 4184 quae
2533 4112 2628 4164 est
2659 4103 3017 4164 communis
3049 4104 3332 4185 spiratio,
3367 4104 3532 4166 sicut

424 4204 581 4285 quis
630 4202 709 4263 de
753 4218 903 4282 qu0,
937 4217 1062 4261 non
1108 4208 1203 4261 est
1243 4200 1511 4280 quaestio
1553 4201 1928 4282 aequali'tatis
1961 4210 2010 4271 D
2036 4201 2170 4282 jam
2232 4200 2436 4281 patuit
2494 4220 2570 4261 ex
2629 4200 2939 4262 Richardo
2996 4201 3074 4263 de
3138 4201 3196 4263 S.
3254 4201 3528 4276 Victore,

426 4320 551 4364 nec
600 4298 1064 4361 similitudinis.
1120 4297 1377 4379 Oportet
1424 4316 1572 4378 ergo
1623 4301 1791 4380 quod
1840 4309 1928 4362 at-

424 4398 731 4461 tendatur
790 4396 1143 4457 secundum
1205 4395 1545 4457 essentiam
1604 4405 1928 4478 acceptam

421 4498 553 4561 sub
594 4497 837 4560 ratione
877 4495 1219 4578 qualitatis,
1255 4494 1497 4557 Divinae
1540 4504 1753 4557 autem
1794 4516 1931 4577 per-

420 4616 605 4659 sonae
635 4604 785 4657 sunt
814 4595 883 4656 in
911 4594 1187 4656 essentia
1217 4614 1417 4656 unum
1458 4602 1521 4655 et
1553 4594 1743 4668 idem,
1779 4612 1929 4675 ergo

418 4714 560 4758 non
592 4693 834 4755 similes
870 4692 935 4753 in
976 4692 1215 4753 eadem.
1252 4691 1617 4753 Similitudo
1653 4710 1928 4773 namque

418 4803 487 4855 et
521 4792 821 4853 identitas
863 4790 1364 4870 distinguuntur,
1398 4796 1460 4850 et
1499 4808 1697 4851 unum
1739 4808 1965 4871 super.

424 4890 607 4972 quod
655 4887 960 4950 fundatur
1007 4887 1382 4961 similitudO,
1415 4905 1542 4949 non
1584 4895 1681 4949 est
1730 4906 1931 4950 unum

428 5004 727 5059 numer0‚
774 4986 885 5047 sed
927 4984 1159 5067 specie.

512 5086 751 5146 Verum
810 5083 932 5145 ista
981 5083 1199 5165 opinio
1247 5083 1499 5145 videtur
1549 5102 1675 5145 non
1726 5083 1933 5146 solum

432 5201 727 5257 erronea,
760 5181 872 5244 sed
917 5181 1073 5242 item
1113 5182 1491 5262 periculosa.
1527 5182 1757 5252 Primo,
1790 5181 1940 5262 quia

438 5281 773 5363 Scriptura
823 5280 1132 5343 canonica
1180 5280 1495 5361 loquendo
1538 5279 1939 5362 simpliciter,

2039 4299 2414 4371 AlexandrO,
2467 4297 2746 4372 AlbertO,
2804 4298 3005 4371 Petro,
3056 4299 3350 4379 AEgidi03
3403 4308 3530 4362 tam

2040 4397 2246 4479 quoad
2294 4396 2635 4458 essentiam
2688 4416 2800 4477 per
2846 4397 3103 4458 modum
3151 4396 3370 4460 formae
3420 4417 3533 4460 seu

2040 4495 2365 4575 qualitatis
2411 4495 2510 4556 vel
2560 4495 2741 4575 quasi
2792 4494 3116 4576 qualitatis
3165 4496 3536 4576 significati-

2042 4612 2208 4665 vam,
2239 4593 2537 4655 videlicet
2567 4593 2775 4674 quoad
2806 4593 3020 4654 omnia
3049 4594 3353 4656 attributa
3381 4594 3537 4655 divi-

2040 4710 2140 4751 na.
2166 4727 2246 4735 -—
2266 4691 2598 4772 Quumque
2630 4690 2954 4769 objicitur,
2980 4691 3149 4772 quod
3180 4693 3530 4754 secundum

2042 4788 2488 4869 Augustinum,
2522 4788 2666 4869 quis
2697 4789 2775 4850 de
2804 4806 2953 4869 qu0,
2986 4806 3112 4851 non
3143 4796 3240 4849 est
3268 4790 3534 4870 quaestio

2044 4886 2422 4967 {equalitatis
2480 4892 2587 4947 aut
2645 4886 3122 4963 similitudinis3
3173 4886 3315 4948 dico
3364 4887 3533 4967 quod

2042 5003 2266 5046 verum
2325 4990 2422 5045 est
2479 4983 2795 5065 loquendo
2849 4982 3220 5056 formaliter,
3272 4984 3531 5058 directe,

2045 5089 2109 5144 et
2152 5081 2540 5153 immediate,
2584 5098 2711 5142 non
2755 5089 2966 5141 autem
3014 5081 3529 5143 concomitanter.

2048 5181 2288 5262 Nempe
2319 5179 2464 5261 quis
2494 5179 2571 5240 de
2602 5195 2751 5259 quo,
2785 5185 2881 5239 est
2920 5177 3186 5259 quaestio
3218 5179 3482 5260 originis
3517 5198 3531 5241 :

2056 5280 2166 5341 sed
2208 5278 2276 5340 in
2315 5276 2550 5339 divinis
2588 5276 2764 5357 origo
2795 5283 2891 5338 est
2927 5275 3062 5358 ipsa
3099 5276 3340 5351 relatiO,
3372 5277 3539 5340 sicut
