4359 6250
146 3146 180 3188 ll
195 3148 325 3193 Patr.
347 3166 380 3200 ι,

115 3212 174 3253 lO-

137 4030 288 4073 Beck.
315 4044 378 4081 ιι,

173 4100 196 4127 2

649 506 738 551 AN
779 507 950 554 HOMO
993 509 1130 556 snm
1169 507 1588 554 REVBLATloNE
1630 506 1800 554 scum
1844 505 2081 552 VALEAT
2123 506 2187 552 IN
2230 505 2352 552 ΗΑΒ
2396 506 2537 552 vrrA
2580 507 2651 552 81¹:
2694 507 2838 553 Essa
2880 507 2943 552 IN
2986 505 3283 552 GAMTATE

421 691 655 738 amoris
709 693 726 737 :

423 773 654 847 Tertia,
703 775 1096 856 Augustinus
1146 776 1234 838 ait
1282 777 1348 838 in
1397 775 1607 837 littera
1658 794 1672 840 :
1723 775 1916 856 Magis

423 871 598 934 novit
645 873 794 954 quis
836 874 1242 937 dilectionem
1283 894 1410 956 qua
1451 873 1679 955 diligit,
1721 893 1913 956 quam

421 968 682 1032 fratrem
722 990 916 1054 quem
956 972 1182 1053 diligit.
1213 973 1492 1034 Fratrem
1533 980 1747 1034 autem
1787 991 1916 1035 cer-

419 1068 847 1131 titudinaliter
893 1071 1116 1133 noscit.
1168 1106 1249 1116 —
1293 1071 1546 1146 Quart0,
1599 1071 1754 1134 certi
1813 1090 1913 1132 su-

420 1185 564 1228 mus
594 1168 766 1248 quod
799 1167 994 1231 fidem
1025 1177 1088 1230 et
1117 1187 1297 1250 spem
1335 1168 1682 1230 habeamus
1717 1187 1731 1230 :
1765 1186 1914 1250 ergo

417 1265 496 1326 de
557 1265 818 1328 caritate
877 1265 1044 1329 idem
1100 1266 1461 1328 dicendum.
1523 1301 1604 1312 ——-
1659 1267 1910 1340 Quinto,

419 1364 608 1427 multi
652 1363 920 1427 virtuosi
964 1365 1382 1446 experiuntur
1419 1373 1482 1426 et
1523 1365 1806 1426 sentiunt
1848 1366 1912 1427 in

415 1481 486 1523 se
526 1462 837 1544 quosdam
876 1471 1055 1525 actus
1091 1472 1154 1524 et
1194 1463 1465 1524 effectus
1503 1462 1804 1534 caritatis»,
1835 1463 1912 1524 ad

417 1579 578 1643 quos
621 1561 926 1624 naturalis
965 1561 1223 1624 dilectio
1261 1561 1370 1623 Dei
1414 1579 1538 1624 non
1570 1561 1736 1623 valet
1775 1580 1914 1643 per-

421 1659 664 1740 tingere
697 1677 712 1722 :
746 1659 912 1722 sicut
940 1661 1052 1743 qui
1092 1660 1306 1723 subito
1344 1660 1699 1743 rapiuntur,
1733 1668 1797 1723 et
1833 1660 1913 1723 ab

415 1758 842 1820 exterioribus
891 1759 1144 1840 penitus
1191 1758 1446 1820 alienati
1495 1758 1916 1821 absorbentur

3433 484 3515 550 25

777 643 934 759 ergo*
975 677 1328 740 certissime
1385 685 1620 739 norunt
1668 695 1796 740 eos,
1836 711 1918 721 -
1947 673 1998 737 A
2027 676 2227 738 multa
2268 675 2433 738 bona
2472 675 2782 752 fecerunt,
2814 685 2877 738 et
2906 675 3014 737 diu
3054 676 3346 757 estquod
3386 692 3513 738 non

2024 773 2285 836 fuerunt
2314 775 2379 836 in
2410 782 2555 836 actu
2586 783 2695 837 aut
2729 775 3053 857 proposito
3083 774 3324 855 peccati
3357 791 3515 836 mor-

2024 871 2205 950 talis;
2248 881 2460 936 tamen
2500 873 2708 935 adhuc
2746 874 3062 935 sustinent
3101 873 3341 954 primos
3380 889 3511 933 mo-

2027 979 2148 1044 tuS,
2212 971 2763 1053 imaginanturque
2828 972 3060 1053 turpia,
3119 990 3193 1032 ac
3256 971 3510 1052 patiun-

2023 1076 2127 1130 tur
2155 1070 2663 1150 inquietudinem
2700 1087 3060 1132 muscarum
3103 1069 3511 1131 morientium
3540 1080 3805 1130 aceto-xa.

2023 1186 2164 1248 quae
2226 1168 2502 1249 perdunt
2562 1168 2937 1229 suavitatem
3000 1167 3325 1248 unguenti.
3389 1167 3513 1229 Alii

2022 1265 2235 1326 sciunt
2272 1283 2339 1327 se
2378 1265 2610 1327 habere
2653 1266 2977 1328 caritatem
3014 1283 3027 1327 :
3061 1273 3131 1326 ut
3161 1266 3272 1347 qui
3306 1271 3515 1346 gusta-

2023 1372 2252 1425 verunt
2308 1363 2711 1426 dulcedinem
2770 1364 2902 1438 Dei,
2952 1372 3014 1426 et
3063 1363 3353 1427 fomitem
3412 1364 3515 1426 ha-

2023 1460 2175 1522 bent
2221 1461 2400 1542 quasi
2444 1462 2851 1534 exstinctum,
2886 1462 3051 1524 sicut
3096 1469 3238 1544 post
3282 1461 3515 1524 multos

2022 1559 2215 1621 fletus
2264 1559 2387 1622 fuit
2434 1561 2499 1622 in
2547 1561 2737 1623 Maria
2785 1561 3166 1642 Magdalene,
3220 1561 3284 1622 in
3332 1562 3513 1644 „Egy-

2025 1657 2233 1739 ptiaca
2281 1676 2533 1740 quoque
2582 1659 2790 1721 Maria.
2832 1695 2912 1704 —
2949 1660 3253 1722 Praeterea
3298 1659 3515 1721 adver-

2027 1757 2289 1817 tendum
2322 1757 2491 1839 quod
2522 1758 2757 1839 duplex
2796 1765 2891 1820 est
2922 1758 3207 1832 scientia,
3243 1766 3460 1840 utpote
3495 1777 3508 1822 ε

417 1857 482 1918 in
533 1857 759 1930 Deum,
791 1876 866 1918 ac
909 1857 1088 1939 quasi
1129 1859 1336 1939 sopita
1375 1857 1621 1921 arbitrii
1666 1853 1915 1920 liberta·
1949 1856 1995 1919 B
2024 1855 2291 1917 scientia
2336 1856 2777 1938 experimenti,
2820 1876 2961 1938 quae
3002 1865 3097 1919 est
3143 1876 3255 1939 per
3302 1857 3511 1938 signa3

415 1964 499 2025 te,
535 1955 602 2016 in
634 1955 890 2017 divitias
929 1956 1144 2036 gloriae
1174 1956 1284 2018 Dei
1325 1964 1586 2037 repente
1619 1974 1912 2037 mergun-

414 2063 540 2126 tur,
597 2054 684 2116 ita
741 2062 812 2114 ut
871 2054 1164 2116 resistere
1221 2061 1561 2137 nequeant,
1607 2055 1685 2116 ad
1743 2055 1912 2136 quod

411 2153 608 2212 etiam
648 2151 792 2213 aliis
835 2152 1006 2214 horis
1048 2153 1403 2234 pertingere
1443 2169 1570 2214 non
1607 2152 1910 2226 valerent,

411 2250 712 2331 quamvis
753 2268 822 2311 se
861 2249 1083 2312 darent
1120 2249 1198 2312 ad
1243 2249 1363 2313 hoc
1397 2267 1410 2312 :
1452 2251 1621 2332 quod
1664 2251 1916 2312 videtur

413 2366 544 2411 non
586 2366 774 2430 posse
804 2348 973 2422 fieri,
1005 2349 1057 2411 si
1089 2349 1290 2411 solam
1331 2349 1682 2411 naturalem
1724 2349 1914 2411 habe-

414 2456 560 2508 rent
605 2447 1040 2522 dilectionem,
1079 2448 1432 2529 praesertim
1483 2467 1684 2530 quum
1735 2456 1911 2510 natu-

411 2546 533 2608 rali
573 2545 798 2608 habitu
837 2553 1094 2607 utamur
1121 2545 1273 2607 dum
1307 2545 1621 2608 volumuS.
1655 2580 1736 2591 —
1765 2545 1912 2608 Sex-

413 2653 502 2715 to,
554 2644 619 2706 hi
671 2644 782 2726 qui
840 2643 1096 2706 assidue
1147 2643 1479 2726 mysticam
1531 2643 1912 2724 theologiam

409 2743 838 2824 experiuntur
875 2743 942 2804 in
981 2761 1070 2816 se,
1104 2742 1402 2804 videntur
1441 2742 1597 2804 certi
1641 2742 1719 2803 de
1760 2741 1914 2803 cari-

411 2849 564 2914 tate,
606 2859 809 2922 quum
852 2840 1008 2903 unio
1047 2840 1156 2902 illa
1199 2857 1324 2902 non
1369 2840 1494 2902 nisi
1539 2858 1652 2921 per
1693 2840 1915 2902 arden-

409 2939 735 3002 tissimum
788 2937 904 3000 siat
949 2956 1255 3012 amorem,
1299 2938 1464 3000 sicut
1513 2937 1578 2999 in
1629 2937 1792 3001 libro
1834 2938 1910 2999 de

2020 1954 2146 2016 alia
2174 1963 2269 2016 est
2300 1955 2433 2016 veri
2474 1955 2751 2018 nominis
2790 1957 3075 2030 scientia,
3109 1976 3250 2039 quae
3279 1965 3375 2018 est
3402 1957 3513 2018 ali-

2023 2053 2209 2133 cujus
2252 2071 2366 2134 per
2408 2071 2475 2114 se
2516 2054 2647 2116 noti
2688 2062 2798 2115 aut
2836 2073 2913 2115 ex
2954 2073 3066 2136 per
3108 2073 3175 2116 se
3216 2063 3367 2118 noto
3409 2055 3513 2116 de-

2022 2151 2218 2212 ducti.
2273 2150 2481 2213 Primo
2532 2152 2720 2214 modo
2782 2160 2988 2234 potest
3036 2154 3179 2234 quis
3236 2153 3400 2215 scire
3446 2173 3513 2216 se

2023 2250 2349 2311 caritatem
2381 2249 2635 2324 habere,
2672 2259 2823 2331 puta
2854 2269 2968 2332 per
2998 2252 3194 2332 signa.
3229 2250 3306 2313 Et
3334 2251 3515 2332 signa

2023 2347 2132 2409 illa
2191 2356 2339 2409 sunt
2395 2349 2517 2410 tria
2578 2365 2591 2410 ε
2658 2349 2938 2430 primum
2998 2359 3093 2410 est
3146 2350 3513 2430 jucunditas

2025 2446 2255 2508 mentis
2286 2447 2351 2507 in
2392 2445 2609 2525 bonis3
2656 2448 3028 2522 secundum,
3061 2447 3372 2510 desideria
3410 2446 3515 2510 bo-

2023 2562 2134 2622 na3
2167 2545 2449 2618 tertium,
2483 2563 2675 2626 opera
2706 2545 2870 2608 bona
2897 2565 3009 2608 seu
3052 2555 3511 2628 praeceptorum

2021 2643 2529 2724 adimpletioneS,
2570 2644 2793 2706 saltem
2836 2644 3185 2706 secundum
3227 2645 3517 2707 substan-

2024 2742 2176 2803 tiam
2219 2740 2388 2803 facti.
2424 2742 2714 2805 Secundo
2754 2744 2939 2805 modo
2976 2742 3189 2805 nullus
3228 2761 3365 2805 sese
3394 2743 3515 2804 scit

2022 2857 2159 2901 esse
2192 2841 2257 2901 in
2289 2841 2571 2914 caritate,
2598 2841 2719 2902 nisi
2752 2860 2827 2903 ex
2860 2842 3260 2903 revelatione.
3287 2841 3513 2904 Tribus

2021 2946 2235 2999 autem
2267 2957 2343 2999 ex
2376 2938 2585 3000 causis
2616 2939 2817 3002 voluit
2848 2941 3012 3002 Deus
3054 2940 3199 3002 inde
3230 2958 3345 3003 nos
3375 2959 3513 3002 esse

411 3037 678 3120 Hystica
746 3037 1063 3118 theologia
1121 3037 1401 3100 docetur.
1462 3072 1542 3081 —
1604 3036 1908 3118 Septimo,
1948 3032 1991 3094 C
2019 3036 2237 3117 aliquo
2270 3036 2457 3099 modo
2497 3037 2770 3100 incertos
2803 3046 2866 3099 et
2896 3037 3256 3120 aliqualiter
3285 3046 3508 3102 certos

413 3137 720 3219 princeps
763 3136 1208 3217 Apostolorum
1245 3154 1260 3197 ε
1293 3136 1408 3198 Per
1452 3133 1617 3197 bona
1648 3135 1913 3216 (inquit)

411 3254 610 3317 opera
639 3243 878 3297 certam
909 3234 1155 3297 faciatis
1186 3233 1581 3297 vocationem
1613 3242 1906 3296 vestram.

414 3335 580 3415 Ergo
619 3334 784 3396 bene
813 3334 1059 3414 agendo
1097 3332 1174 3394 rit
1204 3332 1396 3395 homo
1435 3339 1644 3394 certus
1676 3351 1743 3395 se
1772 3351 1912 3394 esse

413 3434 482 3495 in
529 3439 701 3495 statu
750 3431 992 3493 salutis.
1037 3465 1118 3476 —
1165 3430 1419 3504 Octavo,
1466 3430 1618 3512 quia
1665 3430 1724 3493 S.
1772 3430 1914 3493 Ber-

411 3531 654 3594 nardus
697 3538 964 3593 testatur
1005 3546 1020 3591 ε
1061 3530 1266 3602 Quum
1308 3528 1542 3591 videris
1588 3528 1912 3592 hominem

413 3630 480 3691 in
531 3628 838 3711 operibus
885 3627 1071 3690 bonis
1117 3627 1391 3690 alacrem
1433 3636 1497 3689 et
1537 3626 1909 3701 ferventem,

409 3748 496 3791 ne
545 3728 802 3790 dubites
848 3744 999 3789 eum
1048 3726 1466 3809 spiritualiter
1512 3746 1651 3788 esse
1701 3727 1916 3789 viven-

407 3836 546 3889 tem
579 3844 694 3908 per
722 3826 1068 3887 caritatem.
1087 3824 1162 3887 Et
1195 3825 1394 3887 multa
1424 3824 1660 3887 similia
1689 3826 1914 3887 asserit

407 3926 684 4009 Sanctus
726 3922 854 3984 ille.

494 4024 566 4085 ln
609 4022 978 4103 oppositum
1019 4029 1115 4082 est
1160 4020 1319 4082 illud
1365 4021 1718 4083 Salomonis
1755 4039 1766 4083 :
1801 4022 1915 4084 Ne-

407 4122 536 4184 scit
575 4121 770 4182 homo
815 4140 896 4181 an
946 4119 1030 4182 sit
1072 4119 1302 4199 dignus
1342 4137 1557 4182 amore
1599 4119 1699 4181 vel
1743 4120 1908 4191 odi0‚

2019 3136 2351 3199 Nescimus
2405 3136 2577 3198 enim
2625 3156 2638 3200 :
2694 3138 2922 3218 primo,
2975 3146 3045 3199 ut
3093 3140 3402 3202 cautiores
3450 3147 3514 3200 et

2021 3235 2223 3315 magis
2254 3235 2510 3298 solliciti
2542 3236 2619 3298 de
2649 3245 2863 3298 nostra
2900 3236 3101 3299 salute
3138 3237 3509 3317 reddamur3

2021 3332 2322 3407 secundo,
2367 3342 2435 3394 ut
2476 3333 2674 3415 magis
2722 3334 3159 3407 humiliemur,
3202 3353 3317 3396 nec
3356 3334 3512 3396 alios

2020 3449 2474 3512 aspernemur3
2514 3432 2722 3506 terti0,
2757 3441 2827 3494 ut
2856 3451 3109 3514 semper
3137 3432 3215 3495 ad
3252 3432 3515 3494 meliora
3542 3445 3804 3495 aeonum.

2021 3547 2094 3590 ac
2151 3529 2463 3593 viciniora
2525 3531 2713 3592 saluti
2780 3531 3079 3593 nitamur.
3142 3530 3517 3613 Aliqualiter

2022 3644 2172 3690 vero
2204 3628 2444 3692 scimus
2484 3649 2497 3692 ε
2534 3629 2763 3711 primo,
2798 3637 2870 3690 ut
2908 3630 2973 3690 in
3016 3630 3342 3710 praesentis
3372 3629 3519 3691 vitae

2024 3726 2300 3789 miseriis
2341 3726 2705 3809 aliqualiter
2745 3727 3181 3805 consolemur3
3215 3727 3515 3799 secund0‚

2024 3832 2094 3886 ut
2142 3826 2271 3887 Deo
2329 3825 2561 3904 gratias
2618 3824 3002 3903 referamus3
3057 3825 3262 3899 t-erti0,
3315 3833 3385 3886 ut
3440 3826 3519 3887 ad

2024 3922 2187 3984 bene
2247 3923 2593 3985 vivendum
2650 3922 2889 4004 jugiter
2944 3923 3385 3985 accendamur.
3440 3958 3521 3967 —

2025 4021 2369 4083 Sciendum
2421 4040 2675 4104 quoque
2724 4022 2891 4105 quod
2942 4022 3107 4084 sicut
3150 4020 3383 4102 duplex
3426 4029 3521 4083 est

2024 4118 2210 4192 rides,
2265 4119 2559 4181 informis
2611 4119 2909 4182 videlicet
2955 4128 3017 4182 et
3076 4119 3383 4198 formata3
3435 4120 3523 4182 ita

405 4220 522 4283 sed
553 4217 770 4281 omnia
801 4218 866 4279 in
897 4216 1184 4279 futurum
1217 4226 1620 4280 reservantur
1651 4218 1906 4281 incerta.
1941 4220 1992 4283 D
2020 4226 2116 4279 est
2163 4218 2400 4299 duplex
2444 4218 2703 4281 dilectio
2745 4219 2879 4292 Dei,
2922 4219 3167 4280 scilicet
3212 4218 3518 4281 naturalis

507 4417 603 4479 Ad
635 4416 800 4477 hanc
828 4414 1241 4495 quaestionem
1278 4415 1616 4495 respondet
1643 4415 1910 4478 Antisio-

401 4514 701 4578 dorensis
737 4514 804 4575 in
835 4514 1098 4575 Summa
1135 4532 1270 4585 sua,
1307 4512 1470 4575 libro
1499 4513 1686 4575 tertio
1720 4532 1733 4576 :
1767 4514 1910 4587 Qui-

399 4614 557 4676 dam
585 4610 944 4693 (inquiens)
973 4609 1198 4671 dicunt
1239 4610 1411 4692 quod
1455 4611 1654 4692 aliqui
1698 4612 1909 4673 sciunt

399 4730 474 4775 se
515 4727 644 4773 non
693 4726 833 4771 esse
885 4708 952 4769 in
1001 4708 1261 4769 caritate
1307 4724 1320 4769 :
1365 4716 1436 4769 ut
1481 4709 1592 4790 qui
1642 4717 1791 4771 sunt
1841 4710 1905 4771 in

397 4818 552 4872 actu
609 4814 722 4868 aut
780 4804 1104 4888 proposito
1163 4806 1470 4887 peccandi
1534 4807 1900 4869 mortaliter.

397 4906 622 4987 Aliqui
673 4922 825 4967 vero
872 4901 1168 4965 dubitant
1225 4904 1394 4977 inde,
1446 4905 1746 4986 quoniam
1805 4906 1908 4967 ha-

399 5006 563 5067 bent
595 5003 870 5065 rationes
914 5018 1030 5081 pro
1061 5008 1328 5082 utraque
1362 5009 1540 5082 parte
1569 5021 1748 5083 aeque
1780 5001 1904 5066 sor·

401 5112 502 5165 tes
535 5118 550 5163 :
590 5108 660 5163 ut
689 5100 803 5182 qui
842 5099 1164 5180 incipiunt
1192 5099 1402 5161 facere
1442 5100 1612 5181 quod
1651 5100 1716 5162 in
1749 5101 1904 5183 ipsis

396 5209 523 5274 est,
569 5216 688 5261 nec
728 5197 1008 5280 amplius
1051 5206 1418 5278 proponunt
1461 5215 1742 5279 peccare.
1781 5200 1902 5264 Alii

397 5304 636 5381 putant
681 5314 750 5358 se
792 5294 1120 5357 caritatem
1167 5292 1400 5357 habere
1445 5314 1460 5358 :
1505 5304 1574 5357 ut
1614 5297 1726 5378 qui
1770 5296 1903 5378 jam

2020 4326 2211 4399 atque
2245 4317 2519 4398 gratuita
2553 4336 2567 4379 :
2601 4336 2745 4399 quae
2773 4316 3009 4379 habent
3038 4324 3276 4381 tantam
3307 4318 3519 4383 affini-

2023 4424 2215 4478 tatem
2246 4424 2309 4479 et
2338 4414 2827 4479 similitudinem
2870 4416 3035 4478 inter
3063 4436 3152 4492 se,
3186 4419 3355 4499 quod
3386 4437 3513 4481 non

2019 4522 2228 4596 potest
2271 4515 2461 4577 homo
2500 4532 2616 4595 pro
2656 4522 2827 4577 certo
2870 4514 3231 4579 discernere
3272 4536 3354 4579 an
3398 4537 3512 4580 sua

2017 4613 2275 4675 dilectio
2305 4614 2387 4675 sit
2414 4620 2592 4673 actus
2622 4612 2857 4675 amoris
2891 4614 3217 4689 naturaliS‚
3237 4635 3316 4678 an
3347 4635 3515 4680 amo-

2018 4711 2104 4773 ris
2132 4710 2411 4792 gratuiti.
2446 4710 2601 4773 Nam
2634 4717 2698 4771 et
2726 4711 2803 4771 de
2834 4711 3126 4775 Lucifero
3157 4715 3406 4795 legitur,
3438 4716 3506 4776 ln
3584 4732 3767 4839 Εεεοιῧ

3592 4810 3680 4847 vm,
3773 4825 3784 4838 .

2017 4809 2264 4873 deliciis
2296 4809 2569 4892 paradisi
2602 4809 2710 4871 Dei
2744 4808 2921 4871 fuisti
2957 4827 2970 4871 :
3004 4819 3067 4872 et
3096 4818 3307 4875 tamen
3348 4834 3506 4876 nun·
3536 4810 3589 4839 ¹¹

2015 4927 2210 4990 quam
2250 4906 2375 4969 suit
2401 4909 2501 4987 (ut
2529 4907 2759 4987 fertur)
2790 4909 2856 4969 in
2889 4909 3167 4971 caritate.
3202 4911 3335 4983 Quo
3365 4928 3508 4974 con-

2016 5013 2158 5080 stat,
2194 5005 2365 5087 quod
2396 5013 2459 5067 et
2494 5006 2798 5068 naturalis
2838 5006 3095 5070 dilectio
3135 5008 3324 5071 habet
3361 5028 3507 5071 suas

2015 5102 2275 5165 delicias
2319 5103 2929 5187 delectationemque
2967 5104 3266 5186 aliquam.

2095 5201 2217 5263 Sed
2267 5220 2487 5263 rursus
2536 5200 2714 5281 argui
2776 5208 3001 5282 potest,
3056 5203 3226 5283 quod
3274 5203 3507 5287 aliquis

2015 5298 2369 5361 certissime
2400 5298 2556 5361 sciat
2587 5317 2653 5361 se
2685 5298 3011 5362 caritatem
3042 5298 3275 5364 habere
3311 5319 3325 5364 ε
3358 5303 3508 5385 quia
