4359 6250
834 475 955 539 284

1491 497 1553 540 ΙΝ
1596 496 1815 541 LIBRUM
1860 497 1880 541 1
1924 467 2407 541 SENTERTIARUM.
2453 515 2534 525 —
2573 498 2726 542 DIST.
2772 499 2960 560 xx1x;
3006 499 3228 554 QUAEST.
3275 500 3296 544 1

839 664 1253 746 principium,
1289 665 1354 727 in
1394 664 1629 727 divinis
1668 663 2005 746 tripliciter
2036 665 2328 726 sumitur.
2363 665 2414 727 A
2444 673 2696 728 notatur
2742 686 2778 728 a
2825 685 2952 749 quo
2998 667 3183 740 alius,
3230 667 3712 748 insinuaturque
3761 667 3948 729 notio

838 763 994 824 Nam
1037 764 1243 844 primo
1283 765 1461 825 Pater
1491 763 1725 825 dicitur
1765 763 2155 845 principium
2193 763 2333 825 Filii

839 880 953 942 per
999 862 1493 942 generationem.
1536 862 1825 924 Secundo
1875 862 2051 923 Pater
2099 862 2334 924 dicitur

838 978 985 1020 cum
1026 959 1183 1021 Filio
1224 960 1610 1042 principium
1656 960 1929 1041 Spiritus
1969 961 2178 1022 Sancti
2223 979 2335 1042 per

836 1057 1269 1138 spirationem.
1334 1058 1542 1120 Tertio
1604 1058 1783 1120 Pater
1842 1077 1986 1119 cum
2052 1058 2213 1120 Filio
2271 1065 2334 1119 et

838 1156 1075 1237 Spiritu
1125 1157 1352 1219 Sancto
1396 1165 1658 1219 vocatur
1698 1157 2122 1219 communiter
2163 1157 2334 1238 prin-

814 1253 1072 1337 'cipium
1105 1254 1417 1317 universae
1449 1263 1752 1318 creaturae
1783 1273 1897 1338 per
1928 1255 2324 1317 creationem.

835 1353 1044 1415 Primo
1089 1353 1277 1416 modo
1320 1372 1552 1416 nomen
1595 1353 1894 1435 principii
1941 1354 2057 1416 soli
2108 1372 2333 1416 conve-

837 1452 933 1513 nit
980 1452 1181 1530 Patri3
1228 1453 1507 1514 secundo
1560 1453 1767 1527 modu,
1815 1452 1977 1514 Patri
2028 1460 2089 1514 et
2132 1452 2330 1531 Fili03

836 1549 1023 1612 tertio
1082 1551 1289 1624 modo,
1351 1551 1696 1631 unicuique
1755 1550 1987 1612 divinae
2046 1569 2332 1632 superes-

837 1648 1087 1710 sentiali
1132 1656 1193 1709 et
1235 1657 1662 1729 supersanctae
1706 1666 2009 1730 personae.
2048 1649 2122 1710 Et
2165 1649 2331 1710 sicut

836 1746 1225 1826 Augustinus
1271 1753 1554 1820 testatur,
1587 1746 1766 1808 Pater
1804 1755 1899 1808 est
1939 1746 2326 1828 principium

2443 765 2861 845 paternitatis,
2918 767 3025 828 sed
3089 766 3456 844 indistincte
3512 784 3548 826 a
3607 766 3943 827 communi

2443 863 2721 936 notione,
2769 884 2911 944 quae
2960 871 3054 925 est
3103 864 3311 925 activa
3359 863 3639 946 spiratio.
3689 863 3947 926 Dicitur

2442 978 2590 1041 ergo
2633 961 2813 1022 Pater
2855 961 3246 1042 principium
3291 963 3428 1024 sine
3478 960 3796 1043 principio
3841 979 3945 1022 se-

2444 1060 2725 1121 cundum
2791 1060 3078 1122 notiones
3145 1061 3324 1132 duas,
3387 1078 3512 1122 non
3581 1061 3944 1122 secundum

2445 1176 2636 1219 unam
2678 1159 3024 1231 dumtaxat,
3057 1165 3335 1221 attamen
3377 1158 3639 1221 confuse
3678 1166 3740 1220 et
3773 1159 3946 1220 indi-

2443 1256 2691 1318 stincte.
2718 1292 2798 1300 —
2823 1256 3129 1320 Similiter
3159 1258 3310 1319 dum
3343 1257 3539 1319 Filius
3571 1257 3948 1319 nominatur

2444 1355 2836 1437 principium
2892 1356 2968 1417 de
3025 1356 3363 1437 principio,
3417 1356 3771 1418 secundum
3823 1373 3945 1418 no-

2443 1453 2646 1516 tiones
2707 1453 2922 1535 plures
2971 1461 3034 1515 et
3092 1454 3460 1516 indistincte
3508 1454 3628 1516 hoc
3676 1454 3939 1515 dicitur.

2443 1553 2647 1625 Quum
2707 1553 2881 1613 enim
2939 1552 3194 1625 dicitur,
3247 1553 3325 1614 de
3385 1552 3724 1634 principiO,
3777 1552 3948 1614 desi-

2442 1658 2671 1731 gnatur
2700 1669 2838 1713 6336
2876 1651 2956 1712 ab
2987 1651 3133 1724 alio,
3173 1651 3392 1733 sicque
3432 1651 3660 1713 filiatio
3702 1651 3944 1732 impor-

2443 1755 2632 1822 tatur,
2668 1748 2777 1810 sed
2818 1749 3222 1827 indistincte3
3256 1769 3454 1831 quum
3487 1767 3638 1812 vero
3676 1750 3940 1824 dicitur,

838 1843 973 1904 sine
1016 1843 1354 1925 principio,
1390 1844 1585 1905 Filius
1626 1862 1776 1906 vero
1817 1844 2210 1926 principium
2252 1846 2328 1906 de
2367 1847 2414 1909 B
2447 1847 2859 1928 principium,
2912 1855 3165 1910 notatur
3214 1849 3383 1929 quod
3442 1847 3675 1929 aliquis
3724 1849 3805 1909 sit
3856 1849 3943 1910 ab

838 1943 1176 2024 principiO,
1210 1943 1483 2024 Spiritus
1516 1943 1781 2005 Sanctus
1812 1943 2202 2024 principium
2234 1952 2329 2005 est

837 2041 914 2102 de
946 2050 1236 2123 utroque,
1270 2050 1459 2123 atque
1492 2060 1639 2102 cum
1670 2042 1848 2104 Patre
1877 2049 1941 2104 et
1970 2042 2127 2104 Filio
2160 2043 2330 2124 prin-

838 2139 1080 2221 cipium
1122 2148 1218 2202 est
1262 2141 1452 2201 totius
1497 2148 1817 2203 creaturae.

929 2239 1241 2312 Quaeritur
1281 2257 1430 2319 ergo
1472 2258 1671 2320 quum
1717 2239 1971 2314 dicitur,
2015 2241 2194 2302 Pater
2235 2248 2332 2302 est

837 2337 1226 2418 principium
1273 2337 1409 2398 sine
1456 2337 1796 2418 principio,
1833 2345 2047 2399 utrum
2094 2337 2328 2419 princi-

838 2435 1016 2516 pium
1067 2435 1313 2496 dicatur
1360 2435 1803 2509 essentialiter,
1853 2455 1933 2496 an
1996 2436 2326 2498 notionali-

836 2541 948 2594 ter.
984 2534 1246 2594 Videtur
1295 2535 1462 2615 quod
1514 2552 1640 2596 non
1689 2535 2131 2609 essentialiter,
2177 2535 2329 2616 quia

835 2632 1108 2694 essentia
1138 2650 1263 2694 non
1294 2639 1387 2694 est
1420 2631 1809 2714 principium
1842 2633 1984 2694 Filii
2021 2651 2034 2694 ε
2070 2652 2187 2694 nec
2219 2650 2328 2694 no-

836 2730 1174 2804 tionaliter,
1208 2730 1359 2811 quia
1396 2747 1523 2791 non
1560 2730 1839 2791 sumitur
1870 2730 1960 2791 ibi
2001 2748 2117 2812 pro
2158 2731 2330 2792 inna-

836 2829 1199 2904 scibilitate,
1233 2849 1375 2911 quse
1412 2847 1539 2892 non
1578 2830 1813 2891 dicitur
1842 2831 2079 2892 directe
2119 2849 2330 2912 respe-

837 2927 1427 3009 ctive,principium
1454 2935 1653 2989 autem
1684 2929 2037 3009 respective
2068 2929 2328 3007 dicitur-3

2443 1963 2539 2019 e0,
2573 1945 2792 2027 sicque
2837 1947 3010 2008 notio
3054 1946 3416 2028 spirationis
3460 1946 3682 2010 activae
3726 1945 3944 2008 innui-

2444 2050 2546 2104 tur
2579 2044 2962 2106 indistincte.
2997 2045 3242 2107 Dicitur
3280 2063 3429 2126 ergo
3469 2045 3664 2107 Filius
3704 2045 3946 2127 princi·

2444 2142 2622 2224 pium
2665 2144 2741 2204 de
2784 2143 3101 2225 principio
3140 2143 3546 2206 notionaliter
3581 2145 3942 2207 secundum

2444 2241 2658 2322 plures
2707 2241 3032 2321 (videlicet
3085 2242 3270 2322 duas)
3318 2242 3606 2305 notiones
3659 2250 3722 2303 et
3776 2241 3944 2304 indi-

2443 2339 2691 2400 stincte.
2743 2373 2824 2382 —
2872 2339 3061 2402 Porro
3119 2359 3318 2421 quum
3379 2340 3614 2401 dicitur
3661 2339 3943 2421 Spiritus

2444 2439 2708 2499 Sanctus
2755 2438 3145 2519 principium
3186 2438 3264 2498 de
3311 2447 3600 2519 utroque,
3635 2438 3948 2520 principi-

2445 2556 2553 2597 um
2589 2535 2744 2597 dicit
2774 2537 3137 2610 essentiam,
3173 2537 3281 2598 sed
3318 2537 3623 2617 supponit
3653 2555 3768 2617 pro
3799 2556 3948 2618 per-

2445 2652 2597 2696 sona
2656 2634 2928 2715 Spiritus
2990 2635 3201 2697 Sancti
3255 2643 3516 2717 propter
3561 2635 3944 2716 adjunctum

2444 2733 2624 2807 illud,
2649 2733 2726 2794 de
2758 2739 3047 2814 utroque,
3067 2732 3232 2794 sicut
3262 2752 3462 2814 quum
3497 2733 3751 2806 dicitur,
3773 2734 3946 2795 Deus

2444 2831 2520 2893 de
2569 2831 2714 2892 Deo,
2751 2830 2861 2892 Vel
2911 2831 3275 2904 dicendum,
3313 2831 3483 2912 quod
3534 2849 3736 2912 quum
3781 2829 3945 2893 dici-

2443 2937 2568 3002 tur,
2612 2928 3005 3010 principium
3049 2929 3127 2990 de
3170 2927 3461 3010 utroque,
3497 2929 3732 3010 duplex
3782 2929 3946 2991 ordo

837 3043 954 3086 nec
1014 3043 1127 3106 pro
1184 3025 1581 3106 paternitate,
1633 3045 1775 3107 quae
1834 3026 2068 3087 dicitur
2120 3027 2326 3089 solum
2370 3035 2412 3098 C
2444 3034 2698 3089 notatur
2728 3045 2841 3108 per
2868 3026 2989 3088 hoc
3021 3045 3275 3099 nomen,
3308 3027 3700 3108 principium
3735 3045 3751 3088 :
3785 3026 3948 3108 quia

836 3132 1130 3205 respectu
1200 3124 1364 3197 Filii,
1427 3125 1818 3206 principium
1882 3143 2032 3188 vero
2094 3127 2331 3189 dicitur

836 3240 963 3283 non
1006 3222 1211 3284 solum
1253 3230 1543 3304 respectu
1585 3224 1749 3297 Filii,
1784 3224 1893 3285 sed
1933 3232 1994 3285 et
2031 3231 2327 3306 respectu

838 3320 1111 3401 Spiritus
1155 3321 1405 3399 Sancti;
1446 3340 1563 3382 nec
1608 3340 1723 3403 pro
1767 3323 2090 3383 communi
2131 3323 2329 3403 spira-

837 3420 1029 3492 tione,
1063 3438 1261 3500 quum
1309 3418 1418 3481 illa
1462 3420 1795 3482 conveniat.
1838 3420 2017 3495 Filio,
2052 3422 2156 3483 cui
2202 3440 2327 3483 non

838 3517 1135 3579 convenit
1177 3536 1314 3579 6336
1361 3518 1748 3600 principium
1800 3518 1937 3580 sine
1988 3520 2325 3601 principio.

835 3652 915 3661 ——
957 3616 1262 3678 Similiter
1311 3617 1635 3698 quaeritur,
1681 3637 1879 3699 quum
1931 3618 2126 3680 Filius
2176 3619 2332 3681 dici-

838 3723 940 3777 tur
969 3734 1107 3777 esse
1145 3715 1533 3797 principium
1570 3717 1646 3778 de
1687 3716 2026 3798 principio,
2060 3717 2333 3798 qualiter

838 3821 1125 3875 sumatur
1173 3813 1264 3874 ibi
1316 3814 1726 3895 principium.
1780 3850 1861 3860 —
1911 3814 2333 3877 conformiter

838 3931 1037 3993 quum
1079 3912 1353 3993 Spiritus
1394 3912 1659 3974 Sanctus
1704 3913 1940 3975 dicitur
1977 3932 2117 3975 esse
2158 3914 2332 3995 prin-

840 4011 1083 4092 cipium
1127 4010 1204 4071 de
1248 4017 1536 4092 utroque,
1571 4012 1770 4092 quaeri
1812 4019 2018 4093 potest
2060 4013 2334 4094 qualiter

840 4109 1190 4191 accipiatur
1234 4109 1322 4171 ibi
1368 4110 1778 4192 principium.

2445 3126 2796 3188 secundum
2836 3144 3069 3189 nomen
3111 3146 3298 3187 suum
3336 3126 3493 3188 dicit
3532 3126 3816 3189 ordinem
3859 3128 3946 3188 ad

2445 3232 2673 3299 creata,
2705 3225 2816 3286 sed
2847 3224 3080 3286 virtute
3119 3223 3585 3305 praepositionis
3624 3224 3946 3305 adjunctae

2445 3324 2600 3385 dicit
2631 3324 2918 3385 ordinem
2951 3322 3133 3403 quasi
3162 3323 3239 3384 ad
3270 3323 3472 3404 priuS,
3505 3323 3724 3405 sicque
3765 3330 3947 3385 notat

2445 3422 2734 3485 ordinem
2764 3422 2874 3503 qui
2907 3428 3001 3483 est
3032 3422 3352 3502 processio
3381 3440 3495 3484 seu
3537 3422 3786 3503 passiva
3813 3422 3949 3504 spi-

2445 3521 2623 3582 ratio.
2658 3556 2738 3564 —
2767 3519 2911 3582 Haec
2940 3518 3312 3581 Alexander.

2529 3618 2707 3681 Circa
2755 3618 2886 3680 haec
2932 3617 3019 3678 ait
3062 3618 3549 3680 Bonaventura:
3592 3618 3660 3678 In
3705 3617 3947 3679 divinis

2447 3724 2544 3779 est
2590 3736 2741 3778 vera
2796 3724 2860 3778 et
2907 3716 3407 3797 completissima
3463 3715 3779 3778 emanatio
3827 3736 3944 3778 seu

2447 3814 2640 3895 origo.
2676 3814 2768 3876 Ad
2810 3815 2928 3877 hoc
2968 3821 3183 3877 autem
3222 3815 3391 3895 quod
3433 3816 3516 3877 sit
3560 3814 3950 3895 perfectissi-

2450 3933 2572 3987 ma,
2590 3921 2687 3975 est
2716 3932 2973 3975 necesse
3003 3914 3171 3995 quod
3203 3932 3505 3975 emanans
3535 3912 3764 3975 habeat
3793 3931 3946 3974 cum

2448 4012 2836 4094 producente
2893 4012 3320 4093 aequalitatem
3381 4012 3810 4073 omnimodam
3869 4030 3949 4073 ac

2449 4112 2512 4173 in
2559 4111 2914 4172 substantia
2963 4110 3293 4183 unitatem,
3327 4110 3479 4191 quia
3527 4109 3690 4171 nihil
3737 4117 3951 4191 potest

920 4208 996 4269 Et
1054 4209 1591 4291 respondendum,
1643 4211 1813 4291 quod
1872 4212 2161 4273 notiones
2220 4231 2330 4273 seu
2369 4216 2416 4277 D
2448 4211 2576 4272 Deo
2625 4208 2858 4290 aequari
2919 4208 3044 4270 nisi
3091 4209 3276 4270 Deus.
3331 4209 3409 4271 Ut
3455 4226 3604 4289 ergo
3656 4208 3832 4289 origo
3881 4216 3950 4270 et

840 4308 1257 4389 proprietates
1301 4307 1402 4369 vel
1452 4308 1789 4371 relationes
1838 4310 2181 4391 aliquando
2230 4312 2334 4373 de-

839 4406 1168 4486 signantur
1199 4405 1516 4479 distincte‚
1551 4407 1718 4468 sicut
1746 4409 1897 4470 dum
1941 4408 2196 4485 dicitur,
2232 4430 2336 4491 pa-

841 4503 1121 4577 ternitaS‚
1165 4503 1415 4578 filiatio,
1461 4506 1815 4586 processi03
1854 4507 2196 4588 aliquando
2245 4510 2336 4571 in-

839 4602 1158 4680 distincte,
1212 4610 1281 4663 ut
1338 4622 1538 4684 quum
1598 4602 1853 4677 dicitur,
1917 4606 2330 4687 principium,

840 4701 1037 4781 orig0,
1100 4700 1308 4761 simile
1369 4700 1468 4762 vel
1530 4702 1789 4782 aequale.
1854 4702 2059 4775 Quum
2120 4704 2334 4785 itaque

840 4799 1097 4873 dicitur,
1129 4800 1308 4862 Pater
1346 4807 1442 4861 est
1484 4799 1875 4881 principium
1920 4801 2056 4862 sine
2102 4802 2338 4883 princi-

842 4898 969 4980 pio,
1005 4898 1490 4960 circumlocutio
1541 4897 1647 4959 illa
1690 4898 1847 4960 dicit
1892 4900 2336 4981 paternitatem

841 5004 904 5057 et
937 4996 1523 5068 innascibilitatem,
1560 5004 1771 5058 tamen
1814 4998 2096 5060 confuse.
2134 4999 2339 5071 Quum

844 5095 1079 5157 etenim
1122 5094 1375 5181 dicitur,
1410 5094 1547 5155 sine
1586 5094 1925 5176 principiO,
1962 5096 2341 5177 importatur

846 5193 1022 5256 notio
1074 5192 1611 5267 innascibilitatiS,
1665 5212 1791 5274 qua
1850 5194 2027 5255 Pater
2074 5202 2167 5255 est
2221 5213 2344 5257 uon

857 5290 936 5353 ab
987 5291 1149 5369 alio;
1182 5310 1379 5372 quum
1430 5309 1581 5354 vero
1631 5291 1885 5367 dicitur,
1930 5290 2345 5374 principium,

2447 4307 2764 4370 emanatio
2823 4308 2941 4368 ista
2996 4307 3448 4369 convenienter
3495 4314 3686 4387 atque
3735 4306 3952 4369 catho-

2451 4407 2568 4467 lice
2618 4406 3033 4487 exprimatur,
3074 4406 3438 4487 recipienda
3487 4414 3635 4467 sunt
3685 4406 3954 4467 nomina

2448 4504 2872 4586 exprimentia
2929 4504 3193 4583 originis
3251 4504 3606 4577 veritatem,
3657 4512 3719 4567 et
3777 4503 3950 4565 refu-

2449 4605 2638 4665 tanda
2687 4612 2835 4665 sunt
2885 4604 3145 4666 nomina
3200 4602 3594 4683 designantia
3648 4602 3954 4685 imperfe-

2450 4703 2748 4775 ctionem,
2812 4703 3243 4764 diversitatem
3303 4709 3367 4763 et
3427 4701 3948 4783 inaequalitatem.

2450 4801 2757 4874 Quoniam
2791 4818 2940 4881 ergo
2972 4800 3364 4883 principium
3393 4808 3457 4863 et
3489 4800 3952 4882 principiatum

2452 4899 2674 4961 dicunt
2713 4899 2977 4980 originis
3017 4899 3372 4973 veritatem,
3407 4907 3749 4979 utrumque
3788 4900 3954 4960 reci-

2454 4998 2628 5079 pitur
2679 4998 2741 5059 in
2802 4998 3058 5072 divinis,
3111 4997 3463 5079 praesert-im
3514 4996 3956 5079 principium;

2456 5115 2581 5159 non
2625 5103 2838 5157 autem
2872 5098 3220 5172 posterius,
3253 5097 3422 5177 quod
3462 5096 3614 5158 dicit
3657 5096 3964 5178 imperfe-

2457 5196 2766 5266 ctionem3
2799 5214 3006 5276 neque
3040 5195 3316 5269 initium,
3341 5196 3508 5277 quod
3542 5194 3694 5257 dicit
3728 5194 3964 5276 imper-

2459 5293 2690 5355 sectam
2724 5293 3145 5368 durationem,
3165 5301 3318 5376 puta
3349 5294 3810 5376 inceptionem,
3833 5313 3964 5357 nec
