4359 6250
844 473 964 544 46ss

1445 493 1510 544 IN
1550 495 1772 544 LIBRUM
1813 497 1832 542 1
1875 491 2356 543 SENTENTIARUM.
2403 513 2483 523 ·-·
2523 491 2675 541 ῘΠδΤ.
2724 493 2975 556 xxxvt13
3017 491 3242 550 QUAEST.
3287 490 3350 540 lv

845 669 923 731 de
965 667 1105 731 loco
1143 668 1220 730 ad
1263 667 1496 741 locum,
1532 667 1596 729 in
1629 675 1759 730 toto
1790 675 2074 748 tempore
2114 683 2347 749 praeee-
2375 664 2424 727 Α
2456 683 2620 739 cere,
2654 666 2824 748 quod
2871 665 2933 726 in
2978 673 3109 727 toto
3158 672 3444 748 tempore
3486 663 3568 725 sit
3617 663 3681 724 in
3730 662 3957 744 aliquo

843 767 1014 830 denti
1059 767 1141 830 sit
1183 767 1247 829 in
1288 767 1560 830 termino
1600 786 1636 829 a
1675 785 1822 849 qu0,
1859 767 1922 828 in
1969 766 2199 828 ultimo
2236 785 2344 828 au·

843 873 974 927 tem
1008 865 1262 928 termini
1294 866 1466 927 illius
1502 865 1584 928 sit
1616 865 1682 927 in
1715 864 1986 926 termino
2015 865 2094 926 ad
2125 883 2339 946 quem.

844 965 972 1026 Nec
1017 971 1264 1046 oportet
1314 965 1598 1026 medium
1641 983 1779 1027 esse
1827 964 1991 1026 inter
2030 964 2189 1026 duos
2230 963 2343 1025 hos

843 1063 1173 1136 termium,
1207 1064 1371 1125 sicut
1402 1082 1520 1148 nec
1552 1063 1834 1125 medium
1866 1070 1961 1125 est
1992 1062 2156 1124 inter
2189 1068 2343 1123 tem-

747 1222 749 1225 .
843 1182 964 1244 pus
1004 1169 1066 1224 et
1099 1162 1445 1224 terminum
1488 1161 1830 1244 temporis3
1872 1162 2035 1223 inter
2073 1161 2200 1223 duo
2240 1179 2346 1222 au-

843 1268 973 1322 tem
1018 1273 1204 1322 nunc
1237 1261 1563 1343 temporiS,
1599 1269 1852 1342 tempus
1896 1266 1989 1322 est
2035 1259 2339 1321 medium.

845 1360 1020 1422 Unde
1062 1359 1303 1432 dicunt,
1338 1360 1507 1441 quod
1551 1377 1676 1421 non
1719 1367 1814 1420 est
1853 1359 2002 1420 dare
2042 1357 2342 1419 ultimum

843 1477 1020 1517 nunc
1053 1456 1119 1518 in
1158 1475 1284 1539 quo
1324 1455 1446 1518 ruit
1487 1456 1552 1518 in
1584 1457 1858 1518 termino
1896 1475 1932 1518 a
1971 1474 2096 1538 quo
2131 1473 2145 1517 ε
2179 1456 2346 1517 sicut

842 1554 909 1615 in
950 1554 1112 1617 aeris
1153 1553 1618 1616 illuminatione
1659 1561 1719 1616 et
1757 1555 2162 1635 generatione
2202 1554 2347 1615 sub-

843 1653 1142 1727 stantiali,
1177 1671 1303 1715 non
1352 1652 1524 1714 enim
1573 1660 1667 1714 est
1711 1653 1859 1715 dare
1905 1652 2204 1714 ultimum
2257 1652 2348 1714 in-

842 1759 1014 1813 stans
1047 1751 1113 1812 in
1142 1769 1268 1833 quo
1300 1749 1424 1812 ruit
1449 1769 1558 1812 aer
1589 1749 2085 1824 tenebrosuS,vel
2120 1751 2185 1812 in
2218 1768 2346 1832 quo

2456 765 2614 839 loco,
2655 772 2718 826 et
2763 765 2827 826 in
2874 764 3101 826 ultimo
3144 783 3323 824 nunc
3362 764 3447 824 sit
3490 763 3555 824 in
3600 762 3725 825 alio
3771 762 3957 840 loco;

2455 865 2564 926 sed
2604 865 2923 945 assignare
2963 869 3213 945 oportet
3242 882 3420 923 nunc
3448 862 3513 923 in
3555 879 3681 943 quo
3722 861 3963 924 ultimo

2453 963 2578 1026 fuit
2627 965 2692 1026 in
2742 964 2881 1026 loco
2930 963 3331 1046 praecedenti.
3377 961 3490 1024 Ubi
3543 968 3753 1023 autem
3802 967 3963 1022 sunt

2456 1063 2657 1125 multa
2703 1083 2903 1132 mmo,
2955 1061 3042 1124 ibi
3101 1061 3459 1124 necessario
3519 1067 3771 1141 tempus
3828 1067 3957 1132 est,

2456 1180 2655 1244 quum
2688 1169 2939 1242 tempus
2971 1178 3097 1223 non
3130 1159 3213 1222 sit
3242 1158 3367 1222 nisi
3401 1158 3756 1222 numeratio
3788 1157 3961 1240 prio-

2455 1261 2542 1322 ris
2580 1267 2642 1322 et
2681 1260 3051 1342 posterioris
3092 1259 3157 1321 in
3200 1267 3395 1321 motu.
3431 1259 3605 1320 Unde
3644 1256 3959 1338 relinqui-

2455 1364 2558 1417 tur
2599 1357 2767 1438 quod
2807 1364 3017 1418 motus
3057 1355 3265 1436 angeli
3304 1355 3387 1417 sit
3418 1355 3483 1418 in
3514 1361 3800 1435 tempore
3835 1371 3848 1414 ε
3886 1353 3959 1414 in

2456 1454 2780 1528 continue,
2816 1455 3099 1536 inquam,
3134 1462 3438 1536 tempore,
3472 1453 3527 1514 si
3569 1459 3777 1515 motus
3810 1450 3961 1531 ejus

2456 1554 2539 1615 sit
2584 1553 2960 1632 continuus3
3001 1561 3191 1634 atque
3238 1553 3304 1615 in
3353 1570 3480 1616 non
3528 1550 3852 1623 continuo,
3900 1549 3959 1610 si

2459 1656 2666 1711 motus
2724 1649 2864 1728 ejus
2924 1648 3263 1711 continuus
3324 1665 3452 1710 non
3511 1647 3613 1709 sit.
3675 1647 3960 1727 Utroque

2456 1746 2691 1809 etenim
2722 1746 2909 1808 modo
2938 1745 3251 1827 contingit
3279 1765 3417 1808 esse
3448 1744 3654 1826 angeli
3687 1752 3958 1817 motum,

843 1849 1105 1912 materia
1151 1849 1272 1911 tuit
1312 1849 1431 1910 sub
1478 1849 1832 1931 privatione
1877 1848 2098 1912 formae
2139 1849 2341 1931 ignis;
2380 1852 2428 1914 B
2460 1853 2528 1907 ut
2556 1845 2798 1908 dictum
2830 1853 2943 1908 est.
2980 1843 3374 1907 continuitas
3406 1851 3618 1906 autem
3648 1844 3962 1925 temporis

843 1948 952 2010 sed
1001 1955 1098 2010 est
1145 1948 1292 2009 dare
1351 1946 1651 2009 ultimum
1702 1956 1976 2029 tempuS,
2030 1948 2116 2010 ita
2173 1949 2343 2030 quod

845 2046 910 2108 in
955 2045 1230 2108 termino
1273 2046 1579 2129 temporis
1625 2045 1800 2108 illius
1843 2054 1940 2108 est
1980 2047 2079 2109 vel
2128 2047 2344 2109 lumen

845 2146 912 2208 in
955 2164 1121 2220 aere,
1164 2145 1266 2208 vel
1311 2145 1516 2208 forma
1561 2146 1726 2226 ignis
1767 2146 1833 2207 in
1881 2146 2140 2207 materia
2175 2165 2190 2209 ε
2226 2145 2343 2207 sic-

845 2264 969 2326 que
1012 2245 1398 2307 illuminatio
1436 2252 1498 2306 et
1537 2245 1858 2326 generatio
1909 2243 2345 2306 substantialis

845 2343 1146 2406 dicuntur
1175 2351 1386 2406 motus
1427 2343 1491 2404 in
1529 2343 1810 2405 instanti.
1843 2378 1924 2388 —
1952 2344 2185 2404 Verum
2224 2343 2345 2404 hoc

843 2461 972 2505 non
1012 2441 1202 2505 habet
1243 2443 1453 2507 locum
1496 2441 1562 2504 in
1603 2442 1946 2524 proposito.
1980 2442 2067 2504 De
2103 2440 2345 2504 ratione

843 2560 1118 2623 namque
1159 2541 1392 2623 quietis
1425 2549 1542 2616 est,
1578 2542 1746 2624 quod
1787 2541 2122 2624 quiescens
2167 2539 2345 2601 simi-

843 2639 990 2702 liter
1037 2659 1104 2702 se
1157 2638 1385 2701 habeat
1441 2659 1611 2702 nunc
1664 2648 1728 2702 et
1777 2640 1956 2722 prius
2009 2659 2023 2703 :
2078 2638 2220 2701 ideo
2279 2639 2344 2701 in

844 2739 1131 2820 quolibet
1161 2758 1331 2800 nunc
1363 2739 1668 2820 temporis
1709 2737 2135 2800 mensurantis
2168 2737 2344 2819 quie-

846 2845 997 2910 tem,
1030 2837 1365 2919 quiescens
1404 2845 1501 2899 est
1541 2837 1604 2898 in
1645 2838 1891 2910 eodem,
1926 2837 1992 2899 in
2033 2836 2243 2918 primo
2282 2843 2345 2898 et

847 2935 1058 2998 medio
1088 2954 1160 2997 ac
1193 2935 1435 2998 ultimo.
1473 2935 1592 2997 Sed
1633 2935 1784 3017 quia
1819 2936 1896 2997 de
1927 2935 2169 2997 ratione
2211 2952 2343 2996 mo-

2456 1967 2534 2010 ex
2579 1947 2995 2010 continuitate
3044 1954 3141 2009 est
3190 1954 3417 2009 motus.
3463 1947 3539 2008 Et
3580 1955 3835 2028 tempus
3884 1946 3961 2007 il-

2457 2046 2589 2120 lud,
2623 2045 2757 2108 sive
2793 2045 2875 2108 sit
2906 2045 3306 2118 continuum,
3341 2045 3475 2108 sive
3510 2062 3658 2119 non,
3692 2062 3819 2108 non
3858 2050 3961 2107 est

2456 2145 2626 2207 idem
2686 2163 2833 2206 cum
2892 2152 3177 2226 tempore
3241 2151 3648 2206 mensurante
3708 2151 3959 2205 motum

2457 2243 2601 2306 coeli
2651 2250 2715 2305 et
2766 2243 3087 2317 inferiora,
3135 2242 3438 2325 quoniam
3489 2251 3697 2305 motus
3744 2241 3960 2322 angeli

2456 2361 2582 2404 non
2625 2343 2939 2424 dependet
2968 2360 3045 2404 ex
3078 2349 3254 2403 motu
3297 2341 3463 2405 coeli.
3496 2341 3639 2404 Haec
3676 2341 3844 2403 idem
3888 2341 3962 2404 in

2456 2442 2735 2504 Summa.

2535 2636 2831 2700 Albertus
2880 2656 3135 2720 quoque
3180 2655 3194 2700 ε
3236 2638 3461 2719 Angeli
3508 2638 3776 2720 (inquit)
3824 2655 3963 2703 mo·

2455 2744 2703 2810 ventur,
2750 2744 2820 2798 ut
2862 2736 3083 2799 dicunt
3126 2737 3362 2810 Sancti,
3402 2738 3594 2799 etiam
3646 2739 3960 2813 localiter,

2455 2835 2769 2917 quidquid
2820 2835 3143 2916 contingat
3191 2836 3268 2898 de
3311 2835 3501 2898 dictis
3550 2835 3967 2919 philosopho-

2456 2952 2617 2994 rum.
2654 2933 2731 2994 Et
2768 2934 2887 2996 hoc
2936 2934 3234 2996 convenit
3270 2933 3497 3015 angelo
3534 2934 3601 2996 in
3644 2944 3961 3017 quantum

803 3041 948 3123 'tus
997 3041 1113 3108 est,
1156 3034 1326 3115 quod
1377 3033 1439 3095 id
1487 3034 1656 3114 quod
1705 3041 1995 3095 movetur
2044 3033 2229 3094 aliter
2276 3050 2344 3094 se
2384 3035 2549 3099 Cest
2596 3031 2950 3094 substantia
3010 3031 3385 3114 spiritualis,
3437 3032 3623 3114 eujus
3673 3034 3963 3115 potentia

845 3134 1076 3196 habeat
1133 3152 1304 3196 nunc
1361 3140 1424 3194 et
1483 3133 1681 3214 prius,
1735 3133 1875 3195 ideo
1933 3132 1999 3194 in
2057 3132 2345 3215 quolibet

847 3251 1021 3294 nunc
1069 3230 1374 3313 temporis
1425 3231 1848 3293 mensurantis
1899 3238 2167 3305 motum,
2213 3251 2346 3297 mo-

849 3326 978 3390 bile
1017 3346 1082 3389 se
1122 3327 1312 3389 habet
1352 3327 1415 3389 in
1457 3327 1578 3388 alia
1617 3334 1679 3387 et
1715 3324 1838 3388 alia
1875 3326 2291 3408 dispositione
2326 3345 2340 3389 :

849 3426 1016 3488 unde
1055 3433 1305 3507 oportet
1339 3425 1507 3506 quod
1548 3425 1610 3487 in
1653 3424 1880 3487 ultimo
1911 3446 2088 3485 nunc
2116 3426 2345 3489 habeat

847 3523 1118 3587 formam
1179 3542 1370 3606 quam
1429 3530 1574 3585 ante
1633 3541 1758 3585 non
1818 3523 2058 3586 habuit.
2113 3525 2343 3607 Sicque

848 3629 1020 3706 patet
1058 3622 1227 3705 quod
1268 3622 1595 3704 quiescere
1635 3630 1766 3685 toto
1806 3631 2090 3705 tempore
2132 3623 2197 3685 in
2236 3623 2346 3685 ali-

847 3739 995 3803 qu0,
1031 3729 1183 3803 puta
1228 3721 1292 3783 in
1335 3720 1652 3795 albedine,
1684 3728 1780 3783 est
1823 3740 1960 3784 esse
2005 3722 2071 3783 in
2124 3722 2234 3784 illo
2279 3722 2344 3784 in

848 3820 1134 3902 quolibet
1163 3820 1469 3901 temporis
1504 3820 1678 3882 illius
1708 3820 1989 3882 instanti.
2011 3821 2185 3883 Unde
2217 3838 2344 3883 non

846 3928 942 3983 est
990 3918 1294 4003 possibile
1346 3927 1414 3981 ut
1460 3918 1702 4000 aliquid
1765 3919 1829 3981 in
1881 3927 2010 3982 toto
2061 3928 2345 4001 tempore

848 4019 1244 4101 praecedente
1301 4018 1586 4100 quiescat
1635 4017 1700 4079 in
1763 4036 1888 4080 uno
1940 4018 2233 4093 termino,
2286 4026 2348 4080 et

851 4124 1068 4199 postea
1119 4117 1183 4179 in
1238 4116 1466 4178 ultimo
1510 4116 1770 4178 instanti
1825 4115 1996 4179 illius
2043 4118 2346 4199 temporis

2456 3131 2672 3193 vincit
2713 3148 2901 3193 omne
2961 3131 3329 3213 prohibens,
3368 3139 3612 3194 motum
3637 3150 3655 3211 3
3706 3133 3961 3215 hocque

2454 3237 2632 3292 vocat
2662 3230 3079 3292 Damascenus
3109 3230 3506 3293 velocitatem
3538 3239 3773 3295 naturae
3800 3232 3957 3312 ejus

2454 3329 2665 3391 Vincit:
2705 3330 2945 3412 quippe
2992 3328 3358 3392 distantiam
3401 3330 3612 3411 spatii,
3655 3330 3742 3393 ita
3782 3332 3959 3413 quod

2458 3436 2665 3490 motus
2702 3448 2855 3489 suus
2891 3446 3015 3490 non
3048 3435 3144 3489 est
3172 3428 3378 3510 spatio
3408 3430 3957 3510 proportionatus;

2455 3534 2519 3588 et
2576 3526 2777 3588 vincit
2834 3527 3198 3589 distantiam
3256 3527 3589 3609 temporiS,
3640 3527 3725 3591 ita
3782 3530 3957 3610 quod

2458 3632 2667 3687 motus
2710 3645 2863 3687 suus
2913 3643 3037 3687 non
3088 3632 3185 3687 est·
3233 3625 3747 3709 proportionatus
3797 3636 3960 3690 tem-

2458 3724 2619 3806 pori,
2667 3742 2785 3786 nec
2830 3732 3114 3805 tempore
3161 3734 3599 3805 mensuratum
3643 3735 3706 3789 et
3754 3726 3961 3789 vincit

2456 3822 2771 3885 obsistens
2811 3822 3089 3905 spissum
3131 3830 3193 3885 et
3222 3843 3458 3899 rarum,
3494 3825 3580 3888 ita
3616 3826 3785 3906 quod
3824 3844 3962 3888 mo·

2458 3928 2560 3983 tus
2594 3920 2734 4001 ejus
2774 3928 2868 3983 est
2900 3940 3013 4003 per
3043 3939 3232 3984 omne
3263 3922 3550 4005 plenum,
3583 3924 3861 4005 spissum
3892 3932 3963 3987 et

2458 4038 2694 4091 rarum,
2734 4038 2807 4081 ac
2848 4019 2900 4081 si
2942 4038 3215 4082 vacuum
3256 4028 3443 4095 esset,
3486 4039 3613 4083 non
3654 4022 3961 4085 resistens

2462 4119 2740 4180 moventi
2783 4136 2901 4180 nec
2948 4125 3137 4181 moto.
3175 4118 3251 4180 Et
3294 4118 3466 4181 hunc
3516 4127 3759 4183 motum
3802 4120 3965 4182 dici-

852 4216 934 4277 sit
980 4215 1045 4277 in
1088 4215 1212 4277 alio
1252 4214 1544 4276 termin0.
1587 4214 1706 4276 Sed
1747 4214 1866 4276 hoc
1909 4214 2214 4295 possibile
2252 4223 2347 4278 est
2382 4226 2431 4287 D
2464 4236 2605 4279 mus
2648 4235 2785 4279 esse
2829 4235 3021 4299 supra
3062 4224 3377 4293 naturam,
3420 4236 3547 4281 non
3592 4226 3808 4281 contra
3852 4218 3963 4281 vel

855 4313 920 4375 in
966 4320 1164 4387 motu,
1198 4312 1348 4394 quia
1386 4312 1628 4375 moveri
1667 4312 1734 4373 in
1771 4312 1986 4394 aliquo
2027 4320 2156 4375 toto
2190 4322 2349 4377 tem-

855 4429 1031 4493 pore,
1072 4429 1199 4474 non
1236 4416 1332 4473 est
1373 4429 1512 4472 esse
1561 4410 1627 4472 in
1675 4411 1897 4473 eodem
1949 4411 2014 4472 in
2064 4412 2350 4492 quolibet

854 4509 1128 4571 instante
1168 4508 1476 4589 temporis
1525 4508 1717 4570 illius
1761 4507 1990 4571 Omnes
2039 4527 2191 4591 ergo
2238 4510 2351 4572 hu-

849 4608 1130 4690 jusmodi
1183 4615 1392 4670 motus
1451 4607 1831 4669 instantanei
1892 4617 2040 4671 sunt
2091 4609 2349 4671 termini

852 4716 1062 4771 motus
1111 4706 1398 4771 continui
1441 4726 1455 4771 ε
1499 4706 1662 4768 sicut
1711 4708 2035 4787 generatio
2082 4716 2177 4770 est
2226 4716 2349 4771 ter-

852 4808 1066 4869 minus
1105 4804 1494 4868 alterationis
1539 4804 1839 4879 materiae,
1872 4811 1933 4866 et
1963 4805 2351 4869 illuminatio

851 4914 948 4969 est
990 4906 1300 4967 terminus
1349 4911 1558 4965 motus
1609 4902 1826 4965 localis
1877 4904 2161 4986 corporis
2212 4905 2351 4968 illu-

853 5004 1174 5067 minantis.
1210 5004 1412 5065 Motus
1455 5009 1666 5064 autem
1713 5001 1931 5064 localis
1975 5002 2183 5083 angeli
2224 5021 2350 5065 non

852 5112 947 5167 est
991 5102 1300 5165 terminus
1338 5100 1612 5181 alicujus
1652 5100 1914 5163 alterius
1955 5108 2162 5164 motus
2204 5119 2351 5163 con-

853 5201 1040 5276 tinui,
1083 5201 1192 5264 sed
1240 5206 1336 5263 est
1379 5218 1494 5281 per
1537 5217 1604 5260 se
1651 5199 1885 5280 ipsum,
1928 5218 1965 5261 a
2006 5200 2187 5262 nullo
2226 5200 2352 5263 alio

856 5308 1034 5364 motu
1072 5299 1457 5383 dependens.
1491 5298 1650 5359 Hinc
1693 5298 2091 5381 impossibile
2132 5306 2230 5361 est
2258 5299 2352 5361 di-

2465 4314 2631 4377 inl'ra
2677 4323 2987 4390 naturam.
3036 4316 3179 4379 Haec
3226 4324 3438 4379 autem
3490 4323 3764 4398 potestas
3810 4317 3965 4381 data

2463 4420 2556 4474 est
2605 4413 2829 4494 angelo
2879 4414 2943 4475 in
3004 4414 3321 4477 creatione
3380 4435 3511 4479 suae
3568 4423 3822 4479 naturae.
3880 4415 3967 4478 Et.

2464 4510 2631 4573 sicut
2688 4511 2753 4572 in
2808 4512 3066 4575 animali
3126 4513 3341 4576 anima
3394 4520 3489 4575 est
3548 4533 3830 4588 movenS,
3895 4522 3965 4579 et

2465 4627 2695 4691 corpus
2737 4618 3017 4691 motum;
3056 4612 3143 4673 ita
3179 4611 3246 4673 in
3286 4612 3511 4693 angelo
3542 4613 3831 4675 voluntas
3858 4622 3969 4677 est

2465 4726 2749 4782 movenS‚
2784 4716 2847 4770 et
2876 4710 3135 4792 angelus
3177 4710 3315 4792 ipse
3354 4718 3449 4774 est
3483 4720 3747 4775 motum.
3778 4746 3865 4757 -
3890 4712 3969 4776 Si

2462 4815 2675 4869 autem
2709 4816 3047 4889 quaeratur,
3080 4829 3160 4871 an
3200 4817 3594 4892 pertranseat
3634 4810 3966 4888 medium;

2464 4906 2814 4989 respondeo
2862 4906 2999 4969 sine
3050 4908 3443 4989 praejudicio,
3500 4909 3668 4990 quod
3727 4909 3843 4982 sic,
3896 4920 3969 4973 et

2464 5007 2631 5087 quod
2674 5005 2955 5067 medium
2986 5014 3081 5067 est
3110 5006 3429 5081 distantia,
3456 5006 3568 5069 sed
3607 5025 3731 5071 non
3770 5027 3973 5091 ange-

2464 5104 2546 5178 lo,
2590 5104 2742 5186 quia
2784 5103 3018 5167 virtute
3068 5105 3364 5167 movendi
3415 5104 3579 5169 hanc
3621 5106 3841 5169 vincit.
3890 5108 3977 5173 Et

2463 5201 2583 5264 hoc
2617 5219 2957 5283 possumus
2998 5201 3398 5265 considerare
3439 5222 3555 5285 per
3592 5203 3825 5266 simile.
3862 5205 3977 5267 Di-

2467 5299 2552 5361 cit
2609 5318 2885 5381 namque
2949 5300 3367 5383 Philosophus
3430 5310 3609 5365 sexto
3669 5302 3979 5387 physico-
