4359 6250
1333 498 1506 545 mnan
1546 500 1566 545 1
1609 497 2090 544 saman-runnu.
2138 516 2219 525 —
2257 497 2409 543 msr.
2456 497 2563 542 xxx
3419 468 3493 535 91

391 768 482 831 Η.
541 770 773 837 Quum-
828 770 1143 830 dicimus
1199 769 1352 830 tres
1401 782 1769 842 personas
1825 780 1981 829 esse
2032 781 2265 831 unam
2323 766 2747 840 essentiam,
2800 780 2932 829 nec
2990 764 3074 827 ut
3128 778 3357 839 oenus
3414 767 3502 826 de

527 888 927 960 speciebus,
989 900 1124 948 nec
1181 889 1264 949 ut
1319 887 1636 959 speciem
1695 889 1782 947 de
1846 886 2244 947 individuis
2299 886 2801 957 praedicamus
2860 902 2885 941 .·
2942 884 3116 958 quia
3184 895 3333 945 non
3394 882 3503 944 est

529 1003 852 1065 essentia
909 1016 1162 1077 oenus,
1212 1004 1284 1064 et
1333 1016 1660 1074 persona
1724 1003 2002 1075 species
2033 1022 2063 1077 ,·
2129 1003 2244 1062 vec
2307 1000 2625 1063 essentia
2690 1001 2992 1074 species,
3044 998 3116 1059 et
3171 1011 3497 1069 persona

528 1120 1010 1183 individuum.

529 1340 658 1402 Hic
703 1338 1146 1420 adjiciendum
1192 1340 1316 1418 est,
1356 1339 1535 1419 quod
1581 1339 1762 1401 tanta
1807 1340 1906 1402 est
1953 1338 2295 1419 aequalitas
2344 1337 2548 1401 trium
2592 1354 3019 1419 personarum
3070 1338 3265 1418 atque
3302 1338 3501 1401 indis-2

391 1458 614 1520 ferens
667 1456 1076 1536 magnitudo,
1131 1454 1308 1535 quod
1367 1472 1574 1535 quum
1622 1454 1921 1519 dicamus
1981 1456 2112 1517 tres
2171 1471 2486 1535 personas
2540 1470 2736 1518 unam
2795 1472 2937 1518 esse
2999 1455 3350 1517 essentiam
3396 1454 3497 1517 vel

389 1572 858 1651 substantiam,
897 1588 1110 1652 neque
1147 1572 1222 1635 ut
1256 1589 1464 1652 genus
1501 1572 1582 1635 de
1619 1571 1984 1653 speciebuS,
2016 1588 2228 1652 neque
2280 1573 2354 1634 ut
2398 1573 2686 1654 speciem
2732 1573 2812 1634 de
2858 1571 3219 1633 individuis
3256 1571 3500 1652 praedi-

391 1706 646 1751 camus.
689 1688 840 1750 Non
876 1688 1052 1751 enim
1098 1687 1382 1750 essentia
1427 1686 1652 1750 divina
1686 1704 1894 1768 genus
1943 1688 2064 1764 est,
2105 1688 2172 1750 et
2207 1689 2340 1750 tres
2387 1706 2683 1768 personae
2728 1687 3015 1769 species;
3064 1686 3167 1750 vel
3219 1687 3502 1749 essentia

389 1804 621 1866 divina
655 1804 931 1884 species,
973 1806 1038 1866 et
1074 1804 1206 1866 tres
1246 1820 1542 1883 personae
1584 1803 1944 1866 individua.
1979 1803 2168 1876 Quod
2201 1802 2613 1883 Augustinus
2645 1801 3009 1865 rationibus
3050 1801 3500 1883 probabilibus

390 1922 592 2000 atque
638 1919 1196 2001 irrefragabilibus
1233 1919 1452 2000 aperte
1489 1919 1896 1982 demonstrat
1939 1920 2004 1981 in
2057 1918 2223 1981 libro
2274 1919 2555 2000 septimo
2604 1919 2683 1981 de
2714 1918 3053 1999 Trinitate,
3094 1919 3318 1981 dicens
3364 1938 3378 1979 :
3426 1918 3494 1982 Si
3526 1934 3793 2008 Apgaerri-

389 2037 679 2101 essentia
724 2053 932 2117 genus
977 2038 1098 2117 est,
1140 2036 1394 2117 species
1440 2036 1660 2099 autem
1697 2052 1998 2117 persona,
2039 2038 2114 2098 ut
2162 2035 2463 2099 nonnulli
2518 2036 2831 2114 sentiunt,
2878 2036 3134 2115 oportet
3182 2034 3495 2116 appellari
3526 1997 3788 2111 effffief'b'

387 2155 526 2216 tres
571 2152 974 2216 substantias
993 2148 1042 2232 *‚
1091 2154 1169 2215 ut
1221 2152 1634 2234 appellantur
1683 2154 1816 2215 tres
1861 2169 2156 2232 personae
2202 2172 2215 2211 :
2258 2152 2430 2215 sicut
2476 2169 2682 2232 quum
2732 2152 2819 2214 sit
2864 2150 3109 2213 animal
3158 2168 3387 2231 genuS,
3432 2153 3497 2214 et
3537 2167 3778 2211 umuli„

389 2288 604 2351 equus
653 2269 929 2350 specieS,
971 2269 1385 2351 appellantur
1419 2270 1552 2333 tres
1589 2270 1765 2349 equi,
1800 2268 2132 2349 iidemque
2172 2268 2297 2333 tria
2332 2268 2664 2331 animalia.
2706 2268 2855 2330 Non
2892 2267 3067 2330 enim
3115 2266 3207 2329 ibi
3244 2268 3497 2348 species

389 2385 735 2468 pluraliter
799 2386 1061 2465 dicitur,
1120 2387 1185 2449 et
1245 2402 1454 2466 genus
1515 2384 1954 2465 singulariter,
2009 2386 2080 2448 ut
2137 2385 2195 2447 si
2254 2384 2599 2461 diceretur,
2650 2383 2809 2446 Tres
2864 2384 3017 2463 equi
3073 2385 3229 2446 sunt
3287 2401 3495 2446 unum

386 2502 676 2584 animal;
709 2502 826 2565 sed
862 2502 1034 2565 sicut
1061 2503 1192 2565 tres
1221 2502 1375 2582 equi
1403 2502 1670 2583 speciali
1699 2502 1989 2581 nomine,
2023 2502 2116 2563 ita
2142 2501 2269 2563 tria
2296 2500 2605 2563 animalia
2638 2500 2905 2563 nomine
2944 2500 3227 2580 generali
3257 2501 3493 2563 dicun-

383 2621 518 2682 tur.
553 2618 778 2692 Quum
821 2635 975 2699 ergo
1017 2619 1150 2681 tres
1194 2635 1509 2699 personas
1545 2636 1746 2680 unam
1795 2616 2117 2681 fateamur
2154 2634 2297 2680 esse
2334 2617 2710 2695 essentiam,
2750 2632 2883 2678 non
2918 2616 3051 2679 tres
3093 2634 3233 2679 esse
3271 2634 3495 2679 essen-

381 2736 539 2815 tiaS,
581 2751 791 2815 quum
829 2736 962 2797 tres
991 2734 1143 2816 equi
1171 2734 1298 2796 tria
1336 2734 1647 2797 animalia
1684 2734 2005 2813 dicantur,
2044 2751 2176 2797 non
2217 2750 2461 2813 unum3
2500 2734 2680 2813 patet
2719 2734 2987 2796 nomine
3025 2733 3323 2796 essentiae
3362 2749 3494 2796 non

381 2850 742 2931 significari
791 2867 1022 2931 genuS,
1069 2867 1189 2914 nec
1235 2850 1503 2914 nomine
1549 2866 1845 2931 personae
1892 2851 2201 2932 speciem.

505 3101 560 3164 Ι.
609 3104 749 3166 Hic
787 3104 1064 3178 probat
1109 3105 1576 3180 Auoustinus,
1629 3106 1819 3180 quod
1861 3116 2010 3166 non
2056 3103 2332 3166 dicitur·
2374 3103 2457 3164 ut
2500 3104 2778 3175 speeies
2824 3106 2910 3164 de
2955 3104 3373 3165 individuis.

523 3335 597 3399 Si
643 3351 800 3398 vero
847 3334 1097 3416 dicunt,
1146 3336 1415 3398 nomine
1453 3352 1750 3416 personae
1785 3352 1920 3397 non
1971 3334 2259 3415 speciem
2296 3334 2672 3415 significari,
2712 3334 2831 3398 sed
2868 3335 3119 3415 aliquid
3164 3336 3493 3416 singulare

381 3455 586 3537 atque
631 3451 1077 3531 individuum,
1118 3453 1184 3516 et
1237 3451 1504 3515 nomine
1561 3452 1860 3515 essentiae
1907 3451 2196 3532 speciem
2255 3449 2557 3531 intelligi,
2599 3453 2672 3513 ut
2716 3469 3010 3546 ,persona
3055 3469 3186 3515 non
3239 3453 3492 3516 dicatur
3566 3471 3739 3514 midam.

379 3573 560 3636 sicut
597 3571 824 3648 home,
855 3568 974 3632 sed
1009 3569 1343 3648 quomodo
1381 3568 1644 3645 dicitur,
1678 3569 1782 3631 hic
1821 3568 2046 3646 hom0,
2078 3565 2261 3630 velut
2297 3565 2653 3647 Abraham,
2692 3568 2896 3645 Isaac,
2936 3567 3163 3648 Jacob,
3195 3567 3299 3630 vel
3341 3570 3491 3649 quis

380 3688 557 3751 alius
602 3686 716 3766 qui
773 3685 974 3748 etiam
1019 3684 1226 3764 digito
1277 3702 1567 3764 praesens
1621 3683 2052 3747 demonstrari
2100 3683 2347 3763 possit3
2388 3683 2484 3745 sic
2538 3700 2800 3764 quoque
2846 3685 2997 3746 illos
3048 3684 3275 3748 eadem
3323 3685 3489 3747 ratio

381 3801 774 3867 contutabit.
817 3800 1002 3864 Sicut
1059 3801 1235 3863 enim
1296 3800 1606 3864 dicuntur
1650 3799 2006 3878 Abraham,
2065 3798 2272 3878 Isaac,
2330 3798 2556 3878 Jacob,
2610 3800 2735 3862 tria
2791 3800 3155 3880 individua,
3215 3800 3309 3862 ita
3358 3802 3490 3864 tres

379 3918 690 3982 hominos
719 3918 785 3980 et
811 3916 938 3978 tria
966 3915 1278 3978 animalia
1297 3911 1342 3978 *.
1377 3916 1508 3979 Cur
1535 3933 1689 3998 ergo
1718 3917 1914 3979 Pater
1949 3916 2015 3978 et
2049 3914 2261 3977 Filius
2296 3917 2362 3977 et
2398 3914 2682 3994 Spiritus
2718 3915 3017 3996 Sanctus,
3041 3917 3099 3979 si
3127 3917 3490 3980 secundum
3519 3938 3787 3981 ‘uosmimae

379 4053 594 4118 genus
630 4033 696 4097 et
731 4031 1022 4114 speciem
1058 4034 1123 4095 et
1174 4031 1587 4096 individuum
1630 4033 1756 4095 ista
1793 4031 2204 4110 disserimus,
2244 4045 2375 4093 non
2422 4031 2515 4092 ita
2551 4031 2859 4094 dicuntur
2902 4033 3035 4095 tres
3080 4032 3381 4096 essentiae
3416 4034 3493 4095 ut

384 4153 519 4216 tres
563 4147 911 4232 personae?

1359 4371 1443 4434 K.
1498 4374 1662 4435 Alio
1711 4377 1927 4436 modo
1967 4375 2245 4446 probat
2292 4375 2511 4436 idem.

517 4597 672 4660 Alio
709 4612 973 4678 quoque
1023 4595 1220 4658 modo
1273 4594 1449 4658 idem
1498 4593 1732 4675 probat
1766 4592 2202 4674 AugustinuS,
2243 4594 2493 4658 scilicet
2528 4595 2706 4675 quod
2756 4597 3039 4659 essentia
3084 4597 3307 4660 divina
3358 4617 3487 4664 non

377 4716 484 4780 est
535 4730 768 4794 genus,
810 4729 928 4775 nec
974 4727 1271 4792 personae
1327 4711 1620 4792 species;
1660 4711 1766 4774 vel
1814 4711 2095 4774 essentia
2148 4727 2283 4773 non
2328 4712 2427 4774 est
2474 4712 2748 4791 species,
2800 4729 2918 4775 nec
2973 4730 3269 4793 personae
3322 4716 3488 4778 indi-

375 4831 603 4894 vidua.
663 4829 812 4891 Una
865 4825 1136 4908 (inquit)
1190 4828 1473 4890 essentia
1528 4843 1660 4889 non
1713 4826 1911 4889 habet
1963 4827 2238 4907 specieS,
2300 4827 2471 4890 sicut
2535 4844 2741 4890 unum
2798 4829 3043 4891 animal
3103 4846 3235 4892 non
3292 4830 3485 4894 habet
3558 4852 3733 4896 ibidem.

375 4947 656 5028 species.
695 4943 890 5006 Pater
927 4959 1081 5023 ergo
1121 4943 1186 5004 et
1211 4942 1424 5005 Filius
1461 4944 1525 5005 et
1562 4942 1848 5024 Spiritus
1885 4941 2184 5020 SanctuS,
2215 4959 2349 5004 non
2386 4945 2541 5005 sunt
2578 4945 2710 5006 tres
2738 4943 2989 5024 species
3030 4946 3227 5007 unius
3266 4962 3486 5009 essen—

373 5063 514 5126 tiae.
567 5059 814 5124 Divina
853 5075 1012 5138 ergo
1058 5059 1340 5122 essentia
1388 5075 1596 5138 genus
1641 5074 1773 5120 non
1823 5059 1940 5120 est.
1985 5057 2111 5121 Sed
2159 5075 2278 5122 nec
2332 5059 2583 5138 species
2630 5061 2729 5122 est
2784 5059 3066 5122 essentia
3118 5060 3363 5140 divina,
3424 5064 3488 5125 et

373 5194 678 5261 personae
738 5175 1104 5254 individua,
1144 5173 1317 5238 sicut
1373 5175 1575 5238 homo
1622 5175 1874 5255 species
1928 5176 2050 5253 est,
2101 5175 2441 5237 individua
2495 5177 2738 5254 autem,
2779 5175 3134 5256 Abraham,
3189 5178 3371 5240 Isaac
3425 5181 3491 5243 et

371 5292 608 5360 Jacob.
649 5292 724 5358 Si
774 5291 954 5356 enim
999 5290 1282 5355 essentia
1331 5291 1583 5372 species
1632 5292 1731 5355 est
1779 5293 1856 5354 ut
1904 5291 2129 5372 homo,
2170 5291 2343 5354 sicut
2398 5308 2530 5355 non
2576 5291 2819 5354 dicitur
2866 5309 3040 5357 unus
3093 5294 3293 5358 homo
3346 5311 3488 5360 esse
