4359 6250
1306 498 1479 543 Lmen
1520 498 1539 543 1
1582 496 2062 544 smrssmmnuu.
2107 517 2188 526 —
2228 498 2380 544 msr.
2425 498 2612 544 xnvm
3388 478 3511 544 649

410 676 593 737 Deus
622 674 907 753 nolebat,
934 673 1184 737 scilicet
1222 673 1513 736 occidere
1544 673 1879 736 Christum
1919 692 1933 733 :
1972 673 2151 752 quod
2193 672 2321 735 fuit
2357 672 2530 735 mala
2567 674 2735 736 actio
2765 675 2830 739 et
2865 674 3228 755 peccatum.
3266 671 3509 737 Actum

409 791 657 871 quippe
685 790 1071 854 Judaeorum
1108 807 1240 851 non
1278 789 1488 853 voluit
1524 790 1725 869 Deus,
1756 789 2132 870 passionem
2180 807 2335 853 vero
2373 790 2617 853 Christi
2653 791 2886 871 voluit,
2937 790 3108 853 sicut
3144 792 3210 853 et
3255 790 3323 852 in
3364 792 3508 871 ipso

408 906 677 969 Psalmo
721 906 1021 969 Christus
1068 906 1151 968 ad
1198 906 1461 969 Patrem
1514 905 1627 985 ait,
1672 906 1771 968 Tu
1822 905 2188 985 cognovisti
2249 907 2609 970 sessionem
2660 924 2900 987 meam,
2954 907 3024 970 id
3071 909 3192 987 est,
3237 908 3508 971 voluisti
3536 936 3666 979 μω

410 1024 477 1086 et
526 1022 903 1104 approbasti
952 1023 1329 1104 passionem
1380 1039 1619 1101 meam,
1665 1022 1786 1085 tibi
1838 1022 2016 1085 enim
2066 1022 2335 1104 placuit.
2378 1022 2608 1086 Voluit
2657 1023 2878 1105 itaque
2921 1024 3060 1086 tota
3099 1024 3386 1087 Trinitas
3436 1026 3511 1087 ut
3537 1000 3581 1042 ²⁰

410 1140 715 1203 Christus
772 1141 1125 1222 pateretur,
1179 1157 1298 1203 nec
1354 1140 1573 1202 tamen
1634 1138 1845 1203 voluit
1895 1140 1969 1201 ut
2020 1139 2238 1203 Judaei
2295 1139 2662 1204 occiderent
2713 1160 2728 1201 :
2784 1141 2941 1220 quia
2986 1140 3200 1204 voluit
3247 1159 3511 1223 poenam

410 1256 682 1335 Christi,
723 1255 837 1319 sed
879 1273 1012 1329 non
1058 1255 1270 1319 voluit
1307 1255 1569 1336 culpam
1609 1255 2041 1336 Judoeorum3
2089 1272 2211 1319 neo
2256 1257 2475 1319 tamen
2525 1256 2740 1319 noluit
2781 1277 2795 1318 :
2843 1257 2900 1319 si
2945 1256 3120 1321 enim
3163 1257 3507 1337 noluisset,

407 1390 532 1437 nec
582 1371 840 1436 fuisset.

1698 1620 1770 1684 C.
1819 1623 2212 1696 oppositio.

548 1864 673 1929 Sed
724 1865 808 1927 ad
844 1866 969 1928 hoc
1008 1864 1363 1946 opponitur
1399 1864 1495 1926 sic
1538 1884 1552 1924 :
1596 1864 1665 1927 Si
1716 1861 1927 1924 voluit
1962 1862 2143 1925 Deus
2190 1862 2264 1924 ut
2300 1861 2600 1925 Christus
2637 1862 2989 1943 pateretur,
3024 1861 3234 1926 voluit
3284 1864 3512 1946 utique

413 1982 489 2043 ut
530 1981 861 2061 pateretur
902 1998 941 2043 a
975 1980 1249 2060 Judaeis,
1286 1980 1393 2043 vel
1421 1997 1575 2043 non.
1616 1979 1687 2043 Si
1732 1977 1940 2041 voluit
1978 1978 2055 2040 ut
2091 1994 2220 2040 non
2262 1978 2595 2058 pateretur
2637 1996 2676 2039 a
2711 1978 2984 2058 Judaeis,
3027 1997 3230 2060 quum
3278 1998 3514 2061 passus

413 2098 524 2177 sit,
572 2098 821 2160 factum
874 2098 973 2161 est
1030 2097 1249 2177 itaque
1300 2097 1479 2177 quod
1534 2095 1744 2159 voluit
1790 2096 1972 2157 Deus
2020 2112 2152 2156 non
2199 2093 2364 2157 fieri.
2419 2074 2488 2157 Si
2538 2097 2758 2157 autem
2809 2095 3020 2158 voluit
3075 2114 3226 2159 eum
3285 2099 3421 2179 pati
3475 2118 3514 2161 a

413 2213 689 2292 Judaeis,
731 2230 885 2293 ergo
924 2213 1132 2274 voluit
1181 2230 1331 2275 eum
1383 2212 1592 2275 occidi
1630 2228 1668 2273 a
1693 2211 1946 2274 Judaeis
1978 2230 1993 2271 ε
2027 2210 2241 2273 voluit
2278 2192 2498 2291 itaque
2537 2213 2612 2274 ut
2653 2210 2868 2275 Judaei
2918 2211 3287 2275 occiderent
3333 2231 3508 2276 eum.

411 2364 503 2374 ——
538 2328 644 2391 Ad
682 2328 858 2408 quod
894 2327 1361 2409 respondentes
1397 2327 1703 2407 dicimus,
1736 2326 2123 2407 simpliciter
2152 2326 2639 2389 concedendum
2680 2344 2844 2407 esse,
2878 2328 3054 2407 quod
3083 2328 3264 2391 Deus
3301 2328 3513 2392 voluit

3669 949 3812 991 xxvuq

415 2444 755 2507 Christum
785 2443 921 2524 pati
950 2443 1015 2507 et
1044 2443 1213 2505 mori
1248 2462 1263 2505 ε
1297 2444 1455 2523 quia
1490 2442 1636 2523 ejus
1677 2442 1897 2524 passio
1934 2442 2185 2504 bonum
2224 2441 2352 2504 fuit
2387 2442 2453 2504 et
2491 2460 2686 2504 causa
2727 2443 2968 2505 nostrae
2998 2443 3253 2506 salutis.
3287 2444 3509 2517 Quum
3571 2464 3803 2517 mmmm,

414 2560 637 2623 autem
688 2559 950 2639 dicitur,
983 2559 1262 2622 Volebat
1312 2577 1464 2623 eum
1514 2559 1651 2640 pati
1697 2558 1801 2621 vel
1852 2558 2061 2619 occidi
2108 2575 2147 2619 a
2192 2558 2485 2639 Judaeis;
2527 2558 2636 2621 hic
2681 2559 3220 2639 distinguendum
3275 2561 3394 2622 est.
3438 2558 3509 2624 Si
3539 2530 3604 2570 δι”

416 2677 593 2739 enim
632 2677 1023 2757 intelligitur
1048 2677 1166 2756 sic,
1200 2676 1476 2739 Volebat
1508 2694 1658 2738 eum
1698 2676 2019 2739 sustinere
2058 2676 2432 2757 passionem
2476 2676 2615 2739 sive
2656 2676 3148 2739 crucifixionem
3186 2693 3226 2737 a
3260 2676 3510 2739 Judaeis

413 2794 713 2873 illatam3
762 2811 957 2856 verus
1012 2792 1111 2856 est
1164 2810 1419 2856 sensus,
1477 2793 1547 2857 Si
1604 2810 1759 2855 vero
1816 2791 2205 2872 intelligitur
2259 2791 2378 2871 sic,
2425 2791 2698 2855 Volebat
2752 2795 2828 2855 ut
2879 2792 3095 2856 Judaei
3145 2792 3512 2855 occiderent

415 2927 611 2990 eum3
666 2909 907 2972 falsum
963 2910 1082 2973 est.
1134 2910 1283 2972 Non
1332 2909 1505 2973 enim
1555 2908 1815 2972 volebat
1856 2909 2037 2971 Deus
2092 2908 2416 2971 actionem
2460 2908 2868 2989 Judaeorum,
2921 2925 3069 2989 quae
3119 2908 3293 2972 mala
3348 2910 3506 2989 erat,

417 3028 533 3090 sed
571 3026 834 3090 volebat
878 3025 1254 3107 passionem
1302 3025 1587 3105 bonam3
1640 3025 1704 3087 et
1748 3025 1890 3089 haec
1943 3025 2248 3088 voluntas
2294 3043 2411 3107 per
2456 3025 2665 3088 malas
2709 3026 3092 3089 Judaeorum
3141 3026 3512 3089 voluntates

419 3144 693 3225 impleta
742 3144 861 3208 est.

552 3261 739 3324 Unde
785 3259 1199 3340 Augustinus
1246 3259 1315 3320 in
1364 3258 1739 3321 Euchiridio
1775 3277 1788 3318 :
1822 3259 2003 3322 Deus
2050 3259 2369 3339 quasdam
2411 3260 2783 3328 voluntates
2829 3279 2983 3324 suas
3030 3261 3257 3342 utique
3306 3260 3512 3324 bonas
3539 3282 3806 3340 AugAEnchi-

415 3378 647 3458 implet
682 3395 799 3458 per
837 3376 1160 3439 malorum
1197 3374 1547 3438 hominum
1585 3375 1957 3439 voluntates
1998 3377 2229 3455 malaS,
2271 3376 2443 3439 sicut
2484 3394 2600 3457 per
2636 3377 2998 3441 malevolos
3036 3378 3306 3442 Judaeos
3339 3377 3514 3440 bona

412 3494 751 3556 voluntate
805 3492 1023 3555 Patris
1078 3491 1380 3556 Christus
1433 3510 1551 3572 pro
1612 3492 1804 3554 nobis
1863 3492 2119 3555 occisus
2183 3492 2306 3554 est.
2369 3492 2561 3564 Quod
2616 3493 2875 3554 tantum
2932 3493 3180 3556 bonum
3237 3493 3386 3571 suit,
3439 3494 3512 3555 ut

3538 3345 3619 3388 rid.
3640 3349 3795 3388 (3.101.

412 3609 751 3690 apostolus
781 3609 1018 3672 Petrus
1055 3607 1317 3688 quando
1358 3607 1425 3670 id
1467 3607 1606 3672 fieri
1644 3606 1928 3686 nolebat,
1968 3608 2229 3670 satanas
2272 3608 2354 3669 ab
2387 3608 2532 3687 ipso
2572 3607 2687 3688 qui
2727 3608 2982 3670 occisus
3020 3609 3120 3671 est
3162 3609 3504 3671 diceretur.
3541 3631 3802 3682 Mantum,

408 3761 497 3772 ——-
539 3727 708 3789 'Ecce
763 3723 1109 3787 manifeste
1164 3723 1390 3803 habeS,
1440 3741 1755 3804 magnum
1803 3723 2050 3787 bonum
2100 3722 2328 3802 fuisse,
2371 3724 2549 3804 quod
2601 3723 2903 3794 Christus
2958 3724 3214 3788 occisus
3260 3725 3403 3806 est;
3447 3726 3512 3788 et
3539 3695 3606 3736 ²³·

410 3843 535 3906 hoc
582 3843 831 3906 bonum
881 3841 1037 3921 quia
1080 3841 1318 3903 Petrus
1364 3839 1648 3919 nolebat,
1696 3838 1840 3902 ideo
1880 3839 2268 3919 redargutus
2314 3839 2434 3902 est.

410 4124 493 4186 D.
549 4123 812 4186 Utrum
857 4123 1235 4197 placuerit
1290 4123 1476 4182 viris
1543 4123 1774 4193 bonis,
1836 4125 2026 4196 quod
2088 4121 2418 4183 Christus
2473 4120 2868 4194 pateretur
2925 4121 2998 4182 et
3055 4123 3504 4185 moreretur.
3637 4133 3642 4140 ·

546 4240 837 4304 Placuit
864 4241 1156 4315 quidem
1187 4238 1461 4300 intuitu
1482 4238 1758 4300 nostroe
1786 4238 2340 4311 redemptionis,
2373 4241 2499 4299 sed
2533 4251 2684 4300 non
2717 4240 2949 4310 ipsius
2975 4239 3373 4302 cruciatus.

544 4481 647 4544 Ex
684 4497 817 4560 quo
860 4479 1143 4543 solvitur
1178 4481 1456 4560 quaestio
1497 4497 1627 4560 qua
1673 4481 1879 4560 quaeri
1929 4480 2119 4560 solet,
2162 4480 2382 4543 utrum
2415 4480 2577 4543 viris
2613 4480 2858 4544 sanctis
2887 4479 3142 4561 placere
3188 4481 3507 4562 debuerit,

412 4597 589 4679 quod
630 4595 931 4660 Christus
985 4596 1317 4676 pateretur
1369 4595 1471 4659 vel
1525 4596 1948 4659 occideretur.
1992 4595 2237 4660 Debuit
2293 4597 2470 4659 enim
2527 4597 2622 4660 eis
2669 4595 2924 4677 placere
2977 4596 3222 4660 intuitu
3268 4600 3510 4663 nostrae

410 4713 817 4776 liberationis
864 4712 968 4776 vel
1016 4711 1510 4793 redemptionis,
1558 4712 1674 4776 sed
1720 4728 1852 4773 non
1892 4712 2136 4775 intuitu
2189 4713 2400 4794 ipsius
2438 4712 2786 4776 cruciatus.
2829 4711 3198 4775 Voluerunt
3245 4731 3398 4794 ergo
3436 4732 3511 4777 ac

412 4829 829 4892 vehementer
878 4828 1222 4910 cupierunt
1276 4827 1609 4891 Christum
1671 4829 1840 4890 mori
1888 4831 2154 4909 propter
2201 4829 2655 4891 liberationem
2711 4828 3004 4891 hominis
3059 4828 3126 4889 et
3178 4828 3511 4909 impletio-

409 4962 560 5009 nem
589 4944 832 5008 divinae
870 4944 1252 5023 voluntatiS‚
1294 4945 1409 5007 sed
1446 4961 1579 5006 non
1620 4943 1968 5006 voluerunt
1997 4944 2426 5007 delectatione
2461 4943 2671 5024 ipsius
2711 4943 3106 5006 afflictionis.
3141 4944 3238 5006 De
3276 4944 3508 5007 eodem

412 5078 563 5141 ergo
594 5054 1029 5125 laetabantur*
1058 5062 1121 5123 et
1162 5059 1751 5140 contristabantur3
1793 5059 1908 5122 sed
1948 5059 2032 5122 ob
2068 5059 2248 5122 aliud
2288 5058 2680 5140 gaudebant,
2713 5059 2778 5122 et
2813 5059 3079 5139 propter
3114 5058 3294 5121 aliud
3331 5059 3510 5122 dole·
3581 5089 3598 5110 ·
3624 5087 3804 5131 fldem.

413 5176 589 5240 bant.
632 5175 956 5240 Volebant
993 5193 1145 5257 ergo
1190 5175 1528 5239 Christum
1572 5175 1740 5237 mori
1782 5192 1900 5256 pro
1949 5174 2241 5237 hominis
2287 5174 2757 5255 redemptione,
2799 5175 2864 5237 et
2903 5175 3118 5237 tamen
3168 5175 3249 5237 de
3298 5176 3508 5238 morte
3536 5151 3707 5195 ''⁸⁰²⁸‘'

418 5291 629 5372 ipsius
671 5292 951 5357 diversis
994 5293 1075 5356 de
1120 5291 1336 5356 causis
1382 5291 1577 5382 corda
1623 5308 1852 5354 eorum
1900 5291 2077 5354 varie
2122 5290 2575 5353 movebantur.
