4359 6250
584 2523 696 2579 Sap.
711 2536 770 2576 ιι,
781 2526 826 2568 2¹
837 2556 850 2570 .

891 449 1012 520 420

1499 469 1564 518 IN
1606 468 1827 518 Limum
1871 471 1891 516 1
1932 467 2419 517 SENTENTIARUM.
2464 488 2545 498 --
2587 467 2738 516 DtsT.
2785 467 3015 534 XXXVI}
3058 467 3285 527 QUAEST.
3332 469 3395 516 IV

974 644 1156 706 Nunc
1199 644 1277 706 ad
1321 641 1571 723 objecta
1619 643 1684 704 in
1729 641 2050 724 principio
2094 641 2259 703 facta
2300 649 2395 703 est
2423 641 2476 703 A
2506 639 2710 704 forma
2748 641 2825 702 ad
2866 641 3051 723 cujus
3095 641 3514 704 imitationem
3552 640 3722 703 facta
3762 647 4001 703 suntet

893 741 1434 824 respondendum,
1478 741 1631 822 quia
1672 741 2025 802 secundum
2070 739 2396 802 diversita-

894 847 1024 902 tem
1081 847 1521 922 praetactarum
1582 839 1978 921 opinionum,
2029 839 2105 900 ad
2167 857 2242 900 ea
2298 857 2393 899 re-

894 939 1339 1020 spondendum
1382 938 1809 999 diversimode
1853 944 2019 1000 esset
2061 957 2075 1000 :
2121 938 2251 999 imo
2295 955 2391 999 so-

891 1035 1024 1097 luta
1064 1043 1230 1098 sunt.
1268 1036 1388 1098 Sed
1430 1036 1580 1118 quia
1625 1035 1829 1116 maior
1875 1055 2018 1116 pars
2057 1037 2389 1097 doctorum

890 1135 1182 1196 concedit
1229 1134 1514 1196 infinitas
1563 1134 1756 1207 ideaS,
1799 1134 1899 1196 vel
1939 1134 2162 1196 saltem
2206 1135 2391 1196 ratio-

887 1251 1023 1305 neS,
1057 1233 1302 1314 species
1333 1242 1442 1294 aut
1473 1232 1925 1294 similitudines
1955 1240 2386 1294 creaturarum

887 1340 993 1393 aut
1040 1331 1438 1404 creabilium,
1481 1331 1581 1392 vel
1629 1330 1984 1393 futurarum
2033 1331 2388 1394 individua-

889 1429 1047 1491 lium
1077 1429 1422 1514 actionum,
1449 1429 1816 1510 passionum
1848 1449 1959 1491 seu
1993 1449 2229 1504 rerum,
2249 1448 2388 1492 esse

887 1529 953 1589 in
1002 1528 1165 1607 Deo;
1216 1527 1559 1589 dicendum
1611 1528 1689 1589 ad
1741 1527 2022 1608 primum
2075 1528 2138 1588 in
2190 1545 2386 1610 oppo-

886 1627 1080 1687 situm
1101 1625 1299 1708 (quod
1331 1635 1545 1688 tamen
1576 1644 1654 1687 ex
1687 1626 1896 1687 verbis
1927 1625 2385 1688 Bonaventurae

885 1724 1163 1786 solutum
1208 1725 1351 1804 est),
1393 1725 1563 1806 quod
1608 1724 1956 1787 Richardus
1998 1724 2088 1786 sic
2133 1725 2322 1787 solvit
2363 1743 2377 1786 :

2503 740 2880 813 consistunt,
2923 759 3113 802 causa
3157 758 3411 822 quoque
3454 739 3743 822 ratioque
3787 738 4003 801 finalis

2504 844 2763 918 propter
2810 857 3000 919 quam
3052 845 3202 900 sunt
3242 846 3307 900 et
3347 838 3426 900 ad
3475 857 3667 920 quam
3718 836 4003 900 finaliter

2503 936 2789 998 tendunt.
2825 936 2968 998 Haec
3002 937 3122 998 tria
3160 937 3249 998 ita
3286 936 3451 998 inter
3490 955 3557 998 se
3597 935 3999 1016 distinguun-

2502 1040 2626 1108 tur,
2678 1035 2848 1115 quod
2908 1036 3233 1118 exemplar
3278 1043 3376 1098 est
3422 1054 3623 1097 unum
3686 1043 3931 1098 tantum
3980 1056 3996 1100 :

2500 1132 2651 1212 quia
2680 1133 3005 1213 exemplar
3035 1141 3333 1196 connotat
3364 1134 3835 1212 causalitatem3
3858 1153 4002 1196 cau-

2500 1237 2632 1291 sata
2680 1249 2829 1293 vero
2878 1232 2942 1292 in
2994 1250 3183 1294 causa
3231 1241 3378 1294 sunt
3429 1253 3650 1294 unum.
3703 1232 3999 1295 Rationes

2500 1347 2649 1391 vero
2696 1336 2760 1390 et
2806 1330 2964 1391 ideae
3014 1337 3163 1391 sunt
3211 1331 3449 1412 plureS‚
3502 1331 3655 1412 quia
3701 1339 3997 1412 respectu

2499 1445 2711 1488 rerum
2762 1428 3081 1490 dicuntur.
3137 1431 3296 1492 Ideae
3347 1446 3601 1511 quoque
3650 1437 3995 1491 connotant

2498 1526 2963 1606 cognitionem3
3008 1527 3464 1608 cognoscibilia
3510 1537 3725 1590 autem
3771 1528 3996 1590 distin-

2496 1631 2777 1703 guuntur
2827 1625 2893 1686 in
2954 1634 3391 1706 cognoscente.
3445 1626 3741 1689 Rationes
3802 1627 3995 1688 etiam

2498 1722 2711 1802 plures
2742 1732 3069 1798 vocantur,
3104 1724 3406 1806 quoniam
3437 1724 3685 1805 singula
3716 1725 3994 1807 propriis

883 1823 1200 1904 Quidquid
1236 1823 1818 1904 comprehenditur,
1843 1823 2382 1905 comprehenden-
2417 1820 2464 1883 Β
2495 1820 2845 1883 rationibus
2875 1831 3023 1884 sunt
3052 1821 3479 1886 formata.Alii
3510 1823 3771 1905 quidam
3800 1823 3991 1885 aliam

880 1923 964 1983 tis
1009 1921 1367 2002 cognitione
1410 1921 1658 1996 finitur,
1702 1921 1764 1982 id
1809 1929 1926 1996 est,
1971 1921 2056 1984 ita
2098 1921 2381 2003 perfecte

883 2020 1132 2102 capitur
1173 2040 1247 2083 ac
1292 2021 1344 2083 si
1389 2020 2055 2103 comprehenderetur,
2102 2029 2165 2084 et
2214 2021 2381 2082 sicut

880 2119 1130 2200 capitur
1183 2120 1353 2202 quod
1411 2120 1669 2182 finitum
1733 2127 1828 2180 est
1875 2139 1912 2180 a
1957 2119 2197 2184 sciente
2252 2138 2265 2182 :
2318 2127 2381 2180 et

879 2216 1118 2279 dicitur
1146 2217 1714 2300 comprehensione
1747 2217 2260 2298 finiri,quoniam
2294 2218 2382 2279 ni-

880 2315 970 2376 hil
1029 2316 1230 2398 ipsius
1287 2315 1518 2397 effugit
1565 2316 2162 2397 comprehendentis
2223 2317 2381 2378 noti-

877 2413 1054 2475 tiam.
1077 2450 1158 2459 —
1187 2414 1280 2476 Ad
1325 2415 1702 2488 secundum,
1738 2415 1906 2496 quod
1948 2414 2112 2476 Deus
2156 2415 2379 2477 asseri·

877 2519 984 2573 tur
1011 2513 1226 2575 omnia
1256 2513 1321 2574 in
1353 2530 1643 2587 numero,
1677 2513 1956 2594 pondere
1985 2521 2048 2573 et
2078 2531 2377 2575 mensura

879 2611 1304 2686 constituisse,
1340 2629 1466 2674 non
1499 2612 1667 2693 quod
1709 2611 1790 2673 sit
1819 2610 1972 2673 finis
2013 2619 2122 2673 aut
2157 2629 2377 2673 nume-

877 2729 985 2772 rus
1027 2711 1340 2772 rationum
1375 2729 1504 2772 suae
1535 2710 1994 2790 dispositioniS,
2029 2709 2152 2772 nisi
2186 2711 2375 2772 modo

871 2807 1004 2886 jam
1035 2815 1223 2882 tacto,
1259 2808 1368 2870 sed
1408 2807 1559 2889 quia
1593 2806 1862 2870 effectus
1903 2825 2050 2869 suos
2091 2808 2373 2869 decrevit

871 2913 934 2967 et
965 2906 1168 2968 voluit
1196 2906 1264 2967 in
1295 2913 1466 2967 certo
1499 2905 1848 2986 producere
1877 2924 2373 2988 numero,quan-

2492 1920 2765 1994 reddunt
2814 1939 3069 1982 causam
3121 1941 3234 1984 cur
3282 1940 3409 1984 non
3456 1922 3750 1985 dicantur
3808 1922 3995 2004 plura

2490 2017 2879 2100 exemplaria
2908 2037 3045 2082 esse
3078 2019 3145 2080 in
3177 2020 3305 2083 Deo
3334 2021 3500 2082 sicut
3532 2021 3747 2102 plures
3779 2021 3938 2083 ideae
3971 2040 3985 2084 :

2490 2116 2641 2196 quia
2689 2117 2788 2195 (ut
2839 2117 3090 2198 dicunt)
3139 2118 3466 2200 exemplar
3523 2118 3759 2180 dicitur
3806 2119 3988 2201 quasi

2491 2213 2819 2277 collective
2873 2223 3003 2277 'tota
3058 2217 3219 2279 ratio
3277 2217 3659 2299 exemplaris
3708 2225 3771 2278 et
3822 2217 3989 2279 idea-

2490 2312 2567 2373 lis
2612 2322 2987 2375 cunctorum
3032 2315 3407 2386 effectuum,
3454 2317 3621 2378 sicut
3664 2317 3729 2378 in
3777 2317 3988 2396 sigillo

2488 2419 2637 2472 sunt
2688 2412 2903 2476 multae
2952 2412 3177 2494 figurae
3224 2422 3287 2476 et
3330 2415 3812 2496 protractioneS,
3845 2435 3987 2497 quae

2486 2511 2701 2572 omnia
2742 2511 2935 2574 simul
2976 2520 3231 2595 sumpta
3270 2522 3576 2576 vocantur
3616 2533 3742 2576 una
3781 2513 3987 2577 forma

2485 2609 2699 2690 sigilli.

2560 2707 2795 2771 Verum
2846 2709 2947 2772 his
2998 2710 3254 2773 obviare
3297 2711 3569 2786 videtur,
3614 2713 3783 2793 quod
3828 2713 3988 2776 divi-

2484 2826 2604 2868 nus
2636 2807 2972 2890 Dionysius
3014 2809 3240 2891 quinto
3270 2810 3551 2892 capitulo
3592 2810 3736 2872 libri
3771 2811 3851 2873 de
3882 2811 3985 2873 Di-

2480 2905 2647 2966 vinis
2708 2906 3077 2968 nominibus
3136 2908 3378 2988 pluries
3426 2909 3585 2989 (imo
3632 2909 3786 2971 hinc
3836 2909 3984 2972 inde

874 3012 1011 3065 tum
1050 3003 1127 3065 ad
1169 3022 1236 3065 se
1275 3010 1338 3064 et
1368 3011 1677 3084 quantum
1715 3004 1794 3065 ad
1835 3005 2079 3084 species
2119 3022 2368 3084 rerum;
2407 3000 2450 3068 C
2482 3004 2874 3086 frequenter)
2904 3013 3170 3068 testatur
3206 3008 3593 3089 exemplaria
3631 3026 3849 3070 rerum
3888 3027 3985 3070 es-

870 3101 972 3164 vel
1015 3102 1122 3177 ita,
1156 3101 1326 3184 quod
1366 3119 1695 3183 nunquam
1739 3101 2122 3184 pertingitur
2158 3103 2234 3166 ad
2280 3103 2371 3165 in-

870 3201 1131 3263 finitum
1183 3202 1248 3263 in
1299 3218 1566 3263 numero
1624 3208 1786 3263 actu.
1839 3238 1920 3247 —
1965 3201 2058 3264 Ad
2108 3204 2369 3266 tertium

871 3301 1062 3383 paulo
1109 3307 1253 3382 post
1301 3298 1544 3381 patebit
1595 3299 1660 3360 in
1711 3301 1971 3382 speciali
2019 3302 2368 3384 quaestione

871 3399 1222 3481 responsio.

1305 3652 1783 3728 QUAESTIO
1841 3654 1935 3717 IV

993 3890 1269 3953 Raeterea
1317 3890 1518 3973 quaeri
1572 3899 1798 3972 potest,
1841 3894 1971 3958 An
2016 3893 2229 3959 Siout
2275 3896 2362 3962 111

1021 3991 1184 4056 Deo
1227 3993 1631 4071 ponuntur
1673 3991 1944 4071 plures
1984 3993 2205 4074 ideae,
2244 3992 2362 4060 sic

865 4090 1123 4268 ffiagca
1166 4091 1524 4170 ponenda
1583 4090 1750 4155 sint:
1813 4090 2046 4171 plura
2104 4106 2363 4158 exem-

849 4316 854 4321 ·
945 4285 1210 4347 Videtur
1239 4285 1405 4367 quod
1446 4284 1556 4346 sic.
1591 4286 1822 4359 Primo,
1858 4285 2008 4367 quia
2037 4288 2362 4370 exemplar

866 4384 1022 4445 dicit
1051 4390 1410 4464 respectum
1440 4383 1518 4445 ad
1550 4385 2002 4465 exemplatum,
2026 4385 2193 4447 sicut
2222 4388 2361 4449 idea

865 4482 943 4544 ad
991 4481 1290 4543 ideatum.
1323 4514 1405 4525 ——
1444 4482 1755 4557 Secundo,
1793 4482 1944 4564 quia
1982 4484 2048 4545 in
2090 4484 2217 4546 Deo
2258 4502 2363 4566 po-

867 4586 1109 4641 nuntur
1151 4579 1366 4662 plures
1409 4580 1704 4653 rationeS‚
1745 4582 1990 4663 species
2034 4590 2097 4644 et
2138 4583 2362 4645 simili-

867 4678 1119 4741 tudines
1159 4695 1396 4753 rerum,
1431 4696 1579 4758 ergo
1619 4687 1684 4740 et
1723 4681 2110 4763 exemplaria
2151 4683 2354 4764 plura.

942 4778 1036 4840 Ad
1094 4776 1215 4839 hoc
1276 4777 1546 4839 Thomas
1603 4778 1680 4840 de
1729 4779 2070 4859 Argentina
2129 4789 2192 4843 ct
2248 4781 2359 4843 alii

862 4876 1120 4959 quidam
1151 4864 1536 4957 respondent
1565 4894 1578 4939 :
1613 4876 1755 4938 Idea
1786 4878 2073 4957 designat
2101 4898 2356 4941 causam

860 4974 1252 5038 efficientem
1283 4974 1546 5037 effectui
1579 4975 1677 5037 sui
1709 4976 2124 5052 conformem,
2149 4997 2358 5040 exem-

862 5074 999 5154 plar
1028 5093 1283 5136 causam
1322 5072 1680 5147 formalem,
1717 5074 1874 5135 ratio
1905 5093 2160 5136 causam
2202 5076 2360 5138 fina-

862 5171 987 5233 lem
1022 5191 1036 5235 :
1071 5172 1372 5253 quoniam
1414 5171 1580 5232 Deus
1611 5178 1706 5233 est.
1737 5172 2178 5236 universorum
2214 5194 2357 5237 cau-

859 5270 990 5331 sale
1018 5269 1408 5352 principium
1441 5288 1476 5330 a
1508 5288 1634 5351 quo
1675 5277 1846 5345 sunt,
1879 5278 1942 5332 et
1974 5271 2356 5354 exemplaris

2480 3121 2547 3165 se
2586 3103 2653 3166 in
2702 3104 2849 3167 Dec.
2886 3104 3008 3167 Sed
3066 3105 3200 3169 haec
3250 3126 3364 3189 per
3411 3106 3727 3170 diversam
3774 3109 3984 3170 nomi-

2464 3202 2578 3264 ·nis
2608 3202 2825 3284 hujuS,
2855 3205 3201 3287 exemplar,
3236 3207 3673 3289 acceptionem
3704 3205 3985 3269 faciliter

2477 3301 2961 3377 concordantur,
2982 3304 3152 3384 quod
3183 3322 3220 3365 a
3250 3304 3519 3367 diversis
3549 3305 3983 3368 diversimode

2476 3399 2752 3461 sumitur
2786 3419 2799 3463 :
2835 3401 3005 3482 quod
3046 3408 3110 3463 et
3138 3421 3331 3484 supra
3371 3402 3436 3464 in
3476 3403 3690 3466 verbis
3721 3404 3983 3468 Thomae

2475 3505 2539 3559 et
2566 3498 3025 3562 Bonaventurae
3064 3500 3249 3563 aliter
3288 3509 3619 3583 sumptum
3658 3511 3753 3565 est
3782 3522 3981 3585 quam

2474 3615 2665 3658 nunc.
2701 3596 2815 3659 Hic
2853 3616 3003 3678 ergo
3043 3615 3169 3661 non
3210 3607 3305 3661 est
3346 3598 3838 3663 immorandum.
3875 3600 3979 3663 Al-

2473 3693 2691 3757 bertus
2750 3713 3003 3778 quoque
3060 3696 3217 3759 dicit
3277 3698 3341 3759 in
3402 3698 3529 3761 Deo
3586 3700 3979 3783 exemplaria

2473 3812 2687 3856 rerum
2730 3813 2887 3857 esse.

2552 3992 2845 4075 Amplius
2906 3994 3345 4058 Bonaventura
3402 3997 3629 4078 quaerit
3686 3994 3815 4073 hic,
3876 3998 3973 4061 Au

2473 4090 2637 4153 inter
2683 4092 2853 4154 ideas
2900 4093 2982 4153 sit
3025 4094 3178 4156 ordo
3220 4103 3329 4157 aut
3370 4095 3704 4159 ordinatio.

2392 4189 2441 4250 D
2550 4190 2813 4252 Videtur
2860 4192 3029 4271 quod
3079 4192 3191 4266 sic,
3243 4193 3393 4274 quia
3444 4194 3599 4256 alias
3646 4195 3976 4259 videretur

2474 4288 2537 4350 in
2570 4289 2698 4350 Deo
2740 4290 3050 4352 confusio.
3088 4292 3267 4365 Item,
3301 4292 3370 4353 in
3400 4294 3707 4355 creaturis
3746 4303 3845 4357 est
3872 4314 3973 4357 or·

2471 4387 2551 4449 do
2591 4387 2987 4470 exemplatus
3022 4407 3035 4451 :
3070 4407 3220 4469 ergo
3260 4390 3325 4451 in
3358 4390 3649 4455 Creatore
3688 4401 3786 4455 est
3814 4395 3971 4457 ordo

2471 4486 2875 4567 exemplaris,
2910 4487 2971 4548 id
3012 4495 3109 4549 est
3148 4489 3539 4570 sapientialis
3579 4498 3641 4553 et
3680 4492 3971 4556 ordinata

2472 4584 2629 4646 ratio
2668 4592 2859 4665 atque
2900 4586 3041 4647 idea
3080 4586 3321 4649 ordinis
3366 4587 3433 4650 in
3478 4589 3669 4652 rebus
3712 4590 3963 4671 digesti.

2468 4717 2549 4727 ——
2585 4684 2654 4745 In
2699 4684 3083 4746 contrarium
3134 4693 3250 4760 est,
3292 4687 3447 4769 quia
3494 4687 3604 4749 ubi
3654 4690 3831 4765 ord0,
3875 4690 3965 4754 ibi

2470 4780 2647 4862 prius
2690 4790 2753 4843 et
2798 4784 3133 4864 posteriuS,
3177 4804 3319 4866 quae
3364 4804 3490 4848 non
3536 4787 3853 4851 exsistunt
3899 4791 3965 4852 in

2468 4880 2613 4942 Dec.

2544 4979 2639 5041 Ad
2672 4980 2791 5041 hoc
2824 4982 3162 5062 respondet
3186 4998 3199 5044 :
3226 4983 3295 5044 In
3328 4982 3487 5045 ideis
3516 4992 3581 5047 et
3609 4985 3963 5050 rationibus

2467 5079 2886 5157 cognoscendi
2931 5098 3059 5142 non
3102 5088 3199 5143 est
3242 5081 3417 5156 ordo,
3450 5082 3603 5163 quia
3644 5102 3765 5146 nec
3810 5086 3963 5147 ordo

2466 5175 2813 5255 dignitatiS,
2850 5196 3056 5259 neque
3100 5178 3388 5259 originiS,
3429 5199 3547 5242 nec
3591 5182 3957 5263 prioritatis.

2466 5274 2602 5336 Non
2661 5275 2833 5337 enim
2896 5296 3019 5338 una
3077 5285 3173 5339 est
3232 5278 3509 5341 nobilior
3554 5288 3667 5342 aut
3714 5282 3961 5363 dignior
