4359 6250
1347 513 1431 559 AN
1473 513 1688 560 DlleA
1730 513 2022 558 ESSENTIA
2064 514 2155 558 SIT
2199 512 2470 558 PERSONA

3343 490 3462 554 373

363 679 637 742 stincti0.
672 682 961 763 Insuper,
995 683 1251 764 quando
1290 682 1573 763 intelligo
1611 683 1855 745 Patrem
1892 681 1941 743 Α
1973 681 2412 763 propriissime
2443 690 2506 743 et
2545 680 3007 763 perfectissime
3048 679 3360 762 reperitur
3397 681 3463 742 in

365 777 737 859 producere,
793 779 1079 859 intelligo
1126 798 1274 841 eum
1324 798 1390 841 se
1441 780 1581 860 ipso
1628 780 1858 860 produ-

366 893 527 950 cere,
560 875 730 938 sicut
766 884 829 937 et
865 897 1066 958 quum
1108 878 1393 958 intelligo
1436 877 1856 940 substantiam

364 973 645 1036 divinam
698 976 1069 1056 producere,
1111 977 1377 1058 parique
1428 977 1669 1038 ratione
1714 975 1859 1038 Fili-

368 1092 471 1134 um
514 1091 583 1134 se
614 1073 756 1156 ipso
787 1074 1055 1155 produci
1090 1095 1102 1138 :
1136 1092 1286 1156 ergo
1325 1075 1661 1158 productio
1698 1075 1858 1136 nihil

367 1171 557 1244 addit,
612 1191 732 1234 nec
777 1171 1057 1254 aliquam
1112 1175 1639 1257 compositionem
1691 1174 1860 1236 circa

370 1270 595 1331 Filium
637 1270 835 1352 ponit.
871 1272 1205 1353 Quumque
1234 1292 1385 1335 vera
1423 1272 1503 1334 sit
1535 1273 1859 1335 distinctio

371 1367 475 1428 ubi
517 1387 672 1430 vera
712 1369 909 1450 orig0‚
943 1378 1007 1431 et
1043 1369 1221 1450 origo
1263 1370 1345 1431 sit
1389 1370 1452 1431 in
1498 1370 1733 1432 divinis
1777 1370 1857 1432 si—

370 1485 443 1528 ne
487 1466 835 1541 additione,
878 1476 941 1529 et
983 1468 1309 1531 distinctio
1358 1469 1493 1530 sine
1538 1469 1859 1531 additione

370 1564 747 1650 intelligitur
793 1566 883 1628 ibi
934 1585 1091 1628 esse.
1137 1567 1213 1629 Et
1254 1568 1547 1648 quamvis
1589 1585 1859 1649 persona

370 1681 487 1726 non
544 1683 617 1725 se
667 1663 897 1726 habeat
952 1665 1031 1726 ad
1088 1672 1377 1727 naturam
1439 1684 1553 1747 per
1596 1664 1859 1727 additio-

372 1770 764 1836 nem‚tamen
794 1762 995 1826 nihilo
1025 1764 1237 1824 minus
1268 1762 1486 1826 differt
1509 1763 1860 1825 secundum

1972 781 2119 854 Deo,
2173 779 2325 862 quia
2383 779 2447 840 in
2508 780 2645 862 ipso
2694 787 2790 841 est
2836 798 3086 842 summa
3144 779 3460 841 identitas,

1971 879 2117 941 Ideo
2155 896 2378 941 omnes
2419 879 2768 941 locutiones
2810 879 3223 960 importantes
3262 877 3464 939 unita-

1972 986 2123 1052 tem,
2157 977 2508 1040 verissimae
2546 985 2695 1039 sunt
2724 978 2803 1039 de
2831 995 2926 1039 eo.
2961 977 3324 1039 Praedicatio
3359 994 3466 1038 au-

1971 1084 2099 1139 tem
2133 1094 2248 1158 per
2279 1075 2715 1138 inhaerentiam
2749 1076 3009 1158 ponitur
3038 1074 3127 1137 ibi
3159 1093 3236 1137 ex
3266 1075 3466 1138 nostri

1972 1174 2334 1237 intellectus
2379 1174 2752 1237 infirmitate
2788 1193 2801 1236 :
2833 1174 3134 1256 quoniam
3175 1174 3466 1255 quamvis

1970 1281 2149 1335 actus
2209 1275 2274 1334 in
2323 1273 2556 1334 divinis
2605 1273 2687 1335 sit
2736 1273 2872 1355 ipsa
2920 1273 3030 1334 Dei
3091 1272 3462 1346 substantia,

1972 1371 2268 1434 similiter
2317 1371 2454 1453 ipsa
2503 1371 2878 1452 proprietaS,
2919 1379 3197 1433 attamen
3246 1371 3470 1452 quoni-

1971 1490 2071 1532 am
2135 1470 2494 1532 intellectus
2557 1477 2770 1532 noster
2827 1469 3124 1550 intelligit
3171 1488 3284 1551 per
3331 1470 3466 1532 haec

1973 1568 2296 1642 inferiora,
2333 1575 2395 1630 et
2428 1587 2541 1650 per
2581 1585 2801 1630 eorum
2833 1568 3142 1630 vocabula
3178 1568 3467 1630 enuntiat

1972 1668 2141 1750 quod
2189 1667 2533 1748 cognoscit,
2569 1668 2710 1729 ideo
2754 1675 2926 1729 tenet
2969 1668 3228 1730 modum
3272 1686 3464 1749 quem

1972 1766 2144 1829 videt
2191 1766 2256 1827 in
2301 1766 2630 1839 creaturiS,
2674 1765 3073 1848 praedicando
3115 1783 3231 1846 per
3272 1765 3464 1827 inhae-

372 1861 675 1923 rationem
723 1880 737 1923 :
778 1861 1017 1942 alioqui
1064 1879 1190 1923 non
1240 1870 1407 1923 esset
1454 1861 1856 1942 intelligibile
1897 1863 1943 1924 B
1973 1865 2192 1927 rentiae
2241 1865 2524 1938 modum,
2577 1865 2870 1946 quamvis
2919 1865 2984 1926 in
3034 1866 3162 1927 Deo
3210 1881 3336 1926 non
3383 1864 3468 1926 sit

372 1959 529 2040 quod
581 1959 1059 2041 plurificaretur
1108 1977 1395 2040 persona,
1449 1968 1859 2041 permanente

371 2057 641 2120 essentia
673 2075 815 2118 una.
851 2056 1225 2120 Differentia
1262 2065 1473 2120 autem
1505 2059 1857 2120 secundum

372 2157 674 2218 rationem
714 2162 830 2230 est,
862 2156 1014 2237 quia
1051 2155 1327 2218 essentia
1369 2174 1495 2219 non
1536 2157 1738 2219 oritur
1779 2157 1859 2218 ab

371 2255 661 2326 essentia,
694 2271 811 2315 nec
857 2272 982 2316 una
1024 2253 1297 2316 refertur
1344 2256 1423 2317 ad
1473 2255 1705 2334 aliam3
1748 2255 1857 2317 sed

372 2370 637 2434 persona
691 2371 819 2414 una
872 2352 1227 2433 originatur
1280 2353 1361 2415 ab
1417 2353 1560 2427 alia,
1614 2362 1676 2415 et
1734 2373 1861 2416 una

372 2451 639 2513 refertur
675 2452 752 2512 ad
791 2450 1001 2512 aliam.
1038 2451 1100 2514 Si
1143 2453 1455 2515 rationem
1493 2471 1736 2534 quaeras
1778 2453 1858 2514 is-

370 2550 513 2624 tius,
564 2550 707 2612 dico
765 2550 935 2632 quod
995 2551 1205 2612 unitas
1251 2559 1314 2612 et
1363 2550 1660 2613 nobilitas
1718 2569 1857 2612 esse

372 2648 566 2710 divini
606 2665 734 2710 non
771 2647 1051 2710 admittit
1083 2647 1621 2730 plurificationem
1652 2667 1860 2711 essen-

372 2747 468 2810 tiae.
496 2747 665 2810 sicut
693 2764 980 2828 personae
1014 2764 1030 2808 ε
1064 2747 1249 2827 cujus
1282 2748 1440 2809 ratio
1472 2755 1673 2809 exstat
1703 2767 1857 2829 prae-

371 2845 597 2907 habita.
644 2844 953 2918 Quoniam
1001 2862 1152 2926 ergo
1197 2846 1423 2908 modus
1467 2864 1535 2907 se
1584 2844 1857 2907 habendi

370 2944 443 3005 ad
496 2944 695 3006 alium
744 2952 809 3005 et
855 2944 1099 3005 oriendi
1157 2943 1238 3005 ab
1295 2943 1442 3018 alio,
1495 2962 1622 3007 non
1681 2943 1860 3026 ponit

1973 1963 2347 2025 inhaerentia
2383 1962 2569 2025 realis
2610 1981 2726 2025 nec
2755 1962 3068 2025 accidens
3102 1963 3466 2024 Intellectus

1972 2071 2181 2125 tamen
2233 2062 2352 2124 iste
2402 2079 2529 2124 non
2581 2069 2676 2124 est
2725 2061 2943 2137 falsuS,
2994 2061 3160 2123 sicut
3207 2079 3324 2123 nec
3373 2062 3465 2123 in-

1970 2162 2263 2223 tellectus
2303 2161 2831 2235 abstrahentium,
2866 2160 3167 2242 quoniam
3205 2160 3464 2222 modum

1971 2259 2157 2320 illum
2187 2276 2315 2320 non
2347 2258 2528 2341 ponit
2559 2259 2728 2320 circa
2759 2277 2916 2331 rem,
2935 2258 3046 2319 sed
3076 2257 3246 2319 circa
3276 2278 3464 2320 suum

1969 2357 2325 2438 intelligere
2371 2373 2384 2418 τ
2429 2358 2521 2418 sic
2567 2365 2629 2418 et
2679 2357 2742 2418 in
2793 2356 3026 2418 divinis
3086 2357 3468 2437 complexio-

1970 2474 2116 2518 nem
2167 2473 2294 2518 non
2346 2455 2525 2536 ponit
2574 2454 2742 2516 circa
2793 2473 2949 2527 rem,
2997 2454 3108 2515 sed
3158 2454 3326 2515 circa
3375 2455 3467 2516 in—

1967 2554 2254 2634 telligere
2303 2571 2492 2614 suum
2536 2559 2596 2613 et
2639 2551 2808 2613 circa
2851 2570 3037 2612 suum
3082 2551 3458 2632 exprimere.

1968 2651 2126 2714 Nam
2170 2649 2465 2732 quamvis
2514 2650 2578 2711 in
2623 2650 2750 2711 Deo
2800 2649 2882 2710 sit
2925 2667 3175 2710 summa
3223 2649 3465 2731 simpli-

1970 2751 2148 2823 citaS,
2189 2757 2400 2810 tamen
2449 2749 2612 2810 hanc
2661 2748 3019 2830 exprimere
3063 2747 3285 2829 nequit
3326 2748 3463 2810 sine

1970 2847 2430 2930 complexione.
2466 2847 2626 2909 Hine
2665 2847 2828 2909 bene
2866 2846 3137 2908 asseruit
3173 2845 3466 2927 Augusti-

1970 2965 2112 3020 nuS,
2140 2946 2309 3027 quod
2343 2946 2508 3008 Deus
2538 2945 2751 3007 verius
2781 2953 2878 3006 est
2908 2963 3100 3026 quam
3130 2945 3461 3025 cogitatur,

372 3041 890 3124 compositionem
924 3043 990 3103 in
1022 3059 1291 3125 persona
1319 3043 1668 3104 secundum
1697 3061 1853 3115 rem,
1897 3040 1941 3104 C
1971 3051 2033 3107 et
2075 3045 2290 3107 verius
2336 3044 2646 3126 cogitatur
2686 3063 2880 3126 quam
2928 3043 3180 3105 dicitur.
3224 3043 3465 3127 Nempe

370 3130 473 3203 sed
502 3141 979 3203 distinctionem
1011 3141 1245 3203 realem
1276 3141 1356 3203 ab
1386 3142 1511 3203 alia
1540 3159 1807 3222 persona
1840 3159 1854 3204 :

372 3240 508 3302 ideo
546 3240 773 3302 modus
816 3239 925 3301 ille
965 3247 1365 3321 comparatus
1402 3240 1482 3301 ad
1520 3240 1858 3301 essentiam

372 3339 464 3401 vel
514 3356 851 3420 personam
905 3338 1090 3418 cujus
1138 3345 1255 3411 est,
1308 3345 1403 3400 est
1453 3338 1678 3400 modus
1727 3347 1859 3401 tan-

371 3444 540 3516 tum3
585 3443 989 3517 comparatus
1021 3453 1171 3498 vero
1208 3437 1288 3498 ad
1327 3436 1511 3497 illum
1550 3436 1628 3497 ad
1669 3455 1859 3518 quem

372 3543 481 3607 cst,
514 3553 715 3616 quum
758 3533 949 3596 faciat
990 3534 1462 3597 distinctionem
1507 3535 1858 3597 secundum

374 3653 523 3707 rem,
556 3652 706 3695 vere
746 3642 841 3695 est
872 3651 971 3695 res
1007 3651 1022 3695 :
1055 3632 1274 3714 sicque
1314 3651 1441 3695 uno
1483 3633 1671 3696 modo
1710 3632 1861 3695 facit

372 3731 651 3805 differre,
672 3731 800 3793 alio
832 3731 1021 3794 modo
1048 3748 1195 3794 non.
1221 3731 1379 3793 Hinc
1409 3732 1704 3812 quamvis
1735 3751 1861 3792 una

374 3847 636 3910 persona
683 3846 812 3892 non
862 3828 945 3891 sit
993 3828 1137 3903 alia,
1188 3837 1399 3891 tamen
1451 3847 1720 3910 persona
1766 3837 1862 3891 est

374 3935 609 3989 natura.
642 3927 817 3989 Patet
854 3943 1005 4007 ergo
1045 3927 1215 4007 quod
1253 3926 1371 3989 ista
1410 3926 1539 3988 sint
1576 3945 1863 4009 compos-

374 4025 601 4101 sibilia,
652 4026 821 4107 quod
874 4043 1143 4107 persona
1192 4025 1274 4086 sit
1323 4026 1618 4106 simplex,
1670 4026 1860 4087 nihil-

373 4144 491 4206 que
544 4124 733 4187 addat
780 4143 973 4206 supra
1030 4132 1342 4197 naturam,
1385 4142 1511 4203 vnec
1559 4122 1860 4186 differant

1970 3144 2089 3205 etsi
2112 3143 2492 3205 intellectus
2533 3150 2746 3205 noster
2783 3143 2998 3225 aliquo
3030 3143 3216 3205 modo
3253 3160 3466 3204 ascen-

1970 3244 2077 3305 dat
2119 3242 2197 3303 ad
2239 3242 2472 3304 divinae
2519 3240 2946 3323 simplicitatis
2988 3241 3365 3315 contuitum,
3401 3241 3464 3303 id

1968 3350 2184 3404 tamen
2219 3341 2387 3422 quod
2429 3340 2576 3401 inde
2607 3340 2925 3421 intelligit,
2959 3357 3088 3402 non
3127 3348 3332 3421 potest
3358 3358 3464 3401 ex-

1971 3440 2248 3521 primere
2279 3438 2557 3520 simplici
2589 3438 2700 3499 sed
2731 3438 3082 3520 composita
3112 3455 3284 3500 voce.
3319 3438 3463 3501 Haec

1967 3539 2425 3600 Bonaventura.

2051 3635 2167 3708 Qui
2228 3635 2293 3696 in
2351 3634 2454 3696 his
2501 3634 2712 3697 verbis
2771 3634 3044 3697 intendit
3091 3634 3457 3710 concedere,

1970 3733 2139 3814 quod
2181 3731 2398 3794 divina
2436 3732 2710 3794 essentia
2748 3731 2829 3793 sit
2869 3749 3138 3813 persona
3174 3740 3238 3793 et
3275 3749 3458 3793 econ-

1971 3829 2203 3895 verso:
2238 3849 2365 3893 non
2402 3831 2571 3911 quod
2611 3830 2884 3892 essentia
2921 3830 3031 3892 Dei
3072 3831 3154 3892 sit
3192 3848 3461 3911 persona

1972 3930 2063 3992 sic
2094 3930 2264 4011 quod
2305 3930 2463 3991 ratio
2504 3946 2786 4009 personae
2817 3928 2876 3990 ei
2907 3928 3242 3992 conveniat
3272 3938 3461 4010 prout

1973 4046 2241 4110 persona
2270 4027 2503 4089 dicitur
2532 4027 2595 4087 in
2628 4026 2862 4088 divinis
2894 4027 3043 4109 quid
3077 4028 3459 4109 proprietate

1972 4126 2369 4198 distinctum,
2393 4125 2503 4186 sed
2534 4123 2704 4205 quod
2735 4125 2954 4185 eadem
2985 4126 3212 4187 entitas
3243 4134 3306 4188 et
3336 4146 3462 4188 una

373 4224 491 4285 nisi
520 4223 878 4285 secundum
917 4223 1261 4299 rationem;
1302 4229 1363 4283 et
1394 4229 1605 4283 tamen
1638 4230 1861 4284 natura
1892 4227 1941 4288 D
1972 4245 2045 4287 ac
2087 4226 2307 4287 eadem
2352 4242 2450 4285 res
2495 4224 2560 4285 in
2610 4224 2737 4285 Deo
2779 4223 2860 4285 sit
2903 4224 3176 4285 essentia
3217 4233 3280 4286 et
3321 4242 3463 4307 per-

374 4330 463 4383 est
504 4320 1083 4393 communicabiliS,
1126 4338 1395 4402 persona
1442 4320 1864 4382 incommuni-

376 4420 613 4482 cabilis
644 4455 727 4464 —
756 4419 901 4481 Haec
942 4420 1397 4482 Bonaventura.

438 4518 911 4600 consequenter
939 4517 1107 4578 idem
1131 4518 1359 4580 Doctor
1383 4518 1675 4591 declarat,
1692 4518 1859 4599 quod

380 4636 639 4699 persona
678 4616 1059 4699 praedicetur
1088 4616 1167 4678 de
1196 4616 1411 4678 divina
1445 4617 1739 4689 essentia,
1773 4616 1863 4677 di-

378 4735 519 4777 cens
564 4733 578 4777 ε
622 4716 731 4777 Est
771 4714 1138 4797 praedicatio
1181 4714 1469 4795 quaedam
1514 4734 1626 4797 per
1670 4715 1861 4777 inhae-

376 4815 740 4889 rentiam,et
768 4821 868 4876 est
896 4813 1259 4895 praedicatio
1289 4830 1405 4893 per
1433 4813 1860 4893 identitatem3

376 4922 435 4973 et
481 4920 750 4993 utraque
810 4911 1126 4993 reperitur
1183 4910 1248 4971 in
1297 4911 1445 4984 Deo,
1498 4911 1795 4972 videlicet
1846 4929 1859 4973 :

379 5010 739 5091 praedicatio
769 5029 883 5092 per
912 5007 1581 5091 inhaerentiam‚quum
1610 5010 1863 5085 dicitur,

378 5108 550 5171 Pater
580 5116 859 5189 generat,
895 5109 1061 5172 Deus
1092 5114 1297 5185 creat3
1331 5126 1445 5189 per
1476 5107 1867 5169 identitatem

381 5225 659 5289 quoque,
699 5226 898 5289 quum
948 5206 1206 5281 dicitur,
1247 5208 1426 5269 Pater
1472 5214 1567 5268 est
1615 5225 1873 5287 genera-

385 5307 471 5369 tio
498 5307 723 5369 activa.
758 5308 889 5369 lmo
930 5306 1293 5388 praedicatio
1327 5324 1441 5388 per
1481 5304 1872 5367 identitatem

1972 4342 2143 4385 sona.
2198 4324 2331 4385 Imo
2380 4321 2656 4383 essentia
2705 4329 2767 4382 et
2814 4321 2955 4383 duae
3002 4339 3287 4403 personae
3334 4341 3463 4385 rea-

1974 4422 2119 4483 liter
2164 4421 2332 4483 idem
2378 4427 2548 4493 sunt,
2582 4419 2877 4482 similiter
2919 4421 3193 4483 essentia
3235 4430 3298 4483 et
3339 4421 3466 4483 Tri-

1976 4520 2136 4580 nitas
2174 4520 2346 4600 ipsa3
2378 4518 2916 4600 quemadmodum
2955 4519 3147 4581 etiam
3186 4520 3366 4582 Pater
3401 4528 3464 4583 et

1974 4617 2170 4679 Filius
2220 4626 2369 4679 sunt
2414 4636 2578 4678 unus
2628 4618 2816 4691 DeuS,
2860 4618 3139 4699 itemque
3182 4620 3360 4682 Pater
3401 4629 3465 4682 et

1975 4716 2171 4779 Filius
2208 4735 2282 4777 ae
2313 4715 2586 4797 Spiritus
2619 4715 2884 4778 Sanctus
2918 4736 3030 4779 seu
3060 4718 3331 4781 Trinitas
3363 4738 3465 4780 su-

1977 4823 2329 4897 persancta‚
2372 4823 2468 4876 est
2509 4835 2676 4876 unus
2718 4834 2908 4878 verus
2952 4816 3465 4899 simplicissimus

1976 4914 2165 4985 DeuS,
2197 4912 2308 4994 qui
2349 4919 2444 4974 est
2473 4913 2611 4994 ipsa
2648 4915 2944 4987 essentia,
2975 4915 3138 4976 sicut
3177 4916 3468 4997 Magister

1977 5010 2256 5072 declarat
2296 5019 2358 5072 et
2402 5010 2626 5091 probat
2664 5011 2728 5073 in
2767 5011 2993 5073 littera.
3029 5012 3332 5085 Quocirca
3371 5032 3468 5075 er-

1978 5109 2143 5170 ravit
2169 5108 2450 5171 Joachim
2483 5108 2878 5183 abbaS‚sicut
2901 5110 3323 5191 praehabitum
3351 5120 3460 5174 est.
3522 5138 3566 5179 p.
3588 5122 3742 5167 anx.

2064 5207 2244 5271 Circa
2291 5190 2424 5269 haec
2468 5206 2749 5288 loquitur
2788 5208 3141 5271 Alexander
3183 5226 3197 5271 :
3239 5210 3472 5273 Secun-

1988 5306 2141 5368 dum
2193 5304 2695 5385 Praepositivum,
2738 5306 3075 5387 tripliciter
3115 5308 3355 5390 aliquid
3407 5310 3471 5371 in
