4359 6250
151 2078 286 2121 Em.
304 2092 364 2129 m,

119 2144 132 2181 Ι
142 2144 176 2181 ὁ.

1524 511 1608 555 ΑΝ
1651 510 1805 556 DEUS
1849 510 1940 556 st'r
1981 510 2373 558 NOMINABILts

3386 493 3505 558 135

395 681 480 743 ad
531 682 674 752 hoc,
729 682 918 743 habet
971 682 1224 744 modum
1279 681 1626 762 qualitatiS,
1674 699 1897 741 sccun-
1929 678 1978 740 A
2011 698 2256 740 namuS.
2287 680 2554 743 Nomina
2584 702 2733 745 vero
2764 704 2905 765 quae
2936 685 3063 746 Deo
3093 684 3500 746 attribuimus

397 782 556 842 dum
603 782 770 861 quod
817 781 1088 863 qualitas
1135 800 1246 841 seu
1289 780 1492 842 forma
1531 787 1623 841 est
1667 780 1898 861 princi-

399 880 586 960 pium
641 879 1060 959 cognoscendi
1111 898 1264 940 rem.
1315 878 1490 941 Unde
1545 878 1896 939 secundum

395 977 860 1057 Philosophum
908 977 1133 1059 quinto
1183 977 1643 1060 Metaphysicae‚
1695 976 1899 1039 forma

397 1075 840 1138 substantialis
901 1093 1028 1139 uno
1077 1077 1264 1138 modo
1321 1076 1555 1138 dicitur
1605 1076 1892 1157 qualitas.

396 1174 528 1236 Nec
563 1174 758 1237 refert
798 1183 1108 1256 quantum
1149 1176 1226 1235 ad
1268 1174 1546 1237 nominis
1578 1174 1897 1253 significa—

397 1273 668 1347 tionem,
725 1292 804 1335 an
869 1274 1258 1355 principium
1323 1274 1756 1335 innotescendi
1818 1274 1897 1335 sit

398 1371 574 1433 idem
621 1392 688 1433 re
738 1392 884 1433 cum
937 1390 1013 1433 eo
1060 1372 1228 1452 quod
1276 1372 1534 1433 nomine
1579 1372 1900 1451 significa-

399 1478 528 1542 tur,
563 1477 635 1530 ut
677 1470 743 1531 in
784 1469 1138 1531 abstractis,
1176 1470 1253 1531 Et
1291 1470 1593 1551 quoniam
1632 1471 1797 1531 Deus
1831 1490 1899 1531 se

401 1571 546 1650 ipso
577 1568 1004 1649 cognoscitur,
1029 1575 1237 1650 potest
1265 1568 1619 1648 significari
1651 1588 1764 1649 per
1793 1588 1900 1632 no-

401 1686 552 1729 men
604 1667 772 1747 quod
821 1666 1012 1729 habet
1052 1667 1421 1748 qualitatem
1467 1675 1776 1748 quantum
1821 1667 1895 1729 ad

399 1766 714 1828 rationem
747 1784 784 1827 a
813 1784 940 1846 qua
979 1783 1212 1827 nomen
1254 1765 1626 1846 imponitur,
1659 1774 1720 1827 et
1752 1766 1898 1826 sub-

2009 778 2128 839 hoc
2163 780 2371 850 modo,
2396 780 2763 860 significant
2792 783 3143 844 secundum
3176 784 3344 864 quod
3378 801 3504 843 ma-

2010 876 2339 939 terialibus
2388 881 2680 942 convenit
2729 882 3055 955 creaturis,
3090 901 3359 963 quarum
3400 900 3501 944 co-

2007 975 2210 1055 gnitio
2261 976 2443 1038 nobis
2495 986 2586 1038 est
2633 979 3079 1041 connaturalis.
3117 980 3193 1041 Et
3237 980 3388 1060 quia
3436 979 3501 1040 in

2011 1072 2377 1153 hujusmodi
2411 1076 2717 1137 creaturis
2751 1076 3030 1157 perfecta
3058 1086 3122 1139 et
3152 1077 3499 1139 subsisten-

2011 1170 2097 1231 tia
2126 1179 2276 1233 sunt
2308 1174 2677 1254 composita,
2712 1174 2915 1237 forma
2945 1193 3093 1237 vero
3124 1194 3341 1237 earum
3372 1194 3499 1237 non

2010 1277 2106 1329 est
2135 1270 2291 1350 quid
2332 1272 2719 1351 completum
2762 1272 3138 1346 subsistenS,
3170 1273 3278 1334 sed
3311 1281 3405 1335 est
3437 1274 3499 1335 id

2010 1386 2136 1448 quo
2188 1368 2430 1449 aliquid
2480 1377 2575 1430 est
2629 1388 2642 1431 ε
2698 1371 2846 1431 hinc
2896 1372 3110 1433 omnia
3161 1372 3419 1434 nomina
3465 1392 3502 1433 a

2011 1466 2195 1527 nobis
2248 1468 2546 1549 imposita
2594 1470 2671 1529 ad
2717 1469 3211 1549 significandum
3259 1470 3502 1551 aliquid

2012 1565 2404 1646 completum
2445 1567 2821 1641 subsistens,
2856 1567 3223 1648 significant
3263 1569 3327 1630 in
3360 1587 3505 1630 con-

2012 1664 2314 1734 cretione,
2352 1673 2538 1745 prout
2583 1667 2951 1747 compositis
2997 1667 3329 1745 convenit3
3362 1686 3504 1748 quae

2012 1768 2225 1824 autem
2260 1762 2676 1844 imponuntur
2714 1764 2791 1825 ad
2832 1764 3327 1844 significandum
3358 1765 3505 1825 sim-

397 1865 702 1927 stantiam
745 1872 1058 1945 quantum
1108 1865 1186 1925 ad
1237 1865 1299 1926 id
1349 1865 1453 1926 cui
1501 1882 1734 1927 nomen
1786 1864 1900 1926 im-
1937 1865 1983 1926 B
2012 1860 2212 1942 plices
2264 1860 2520 1934 formaS,
2556 1862 2921 1942 significant
2969 1862 3212 1944 aliquid
3263 1880 3391 1925 non
3436 1870 3507 1923 ut

398 1964 682 2045 ponitur.
719 1962 1026 2025 Similiter
1057 1981 1170 2043 per
1201 1979 1549 2044 pronomen
1583 1970 1788 2044 potest
1817 1964 1899 2026 si-

393 2063 721 2144 gnificari,
775 2063 942 2123 sicut
991 2063 1057 2124 in
1109 2062 1322 2125 Exodo
1371 2062 1458 2124 ait
1511 2081 1525 2124 ε
1579 2063 1708 2142 Ego
1755 2082 1898 2124 sum

395 2162 514 2243 qui
576 2180 740 2223 sum.
807 2160 882 2222 Et
941 2160 1234 2242 quamvis
1295 2160 1711 2222 demonstrari
1771 2178 1898 2223 non

393 2267 594 2342 queat
645 2260 724 2321 ad
782 2277 1066 2330 sensum,
1119 2267 1323 2339 potest
1375 2268 1586 2321 tamen
1641 2259 1898 2321 demon-

393 2359 590 2420 strari
623 2358 700 2419 ad
733 2356 1128 2419 intellectum
1165 2364 1474 2438 quantum
1515 2359 1590 2419 ad
1626 2358 1688 2419 id
1730 2359 1898 2438 quod

395 2457 767 2519 intellectus
817 2456 896 2517 de
946 2456 1086 2537 ipso
1137 2456 1649 2536 apprehenderit..
1695 2457 1896 2536 Signi·

391 2556 586 2618 ficari
635 2556 826 2617 etiam
873 2561 1081 2635 potest
1133 2573 1246 2635 per
1289 2572 1638 2634 pronomen
1691 2556 1898 2617 relati-

391 2674 578 2725 vum,
614 2672 814 2734 quum
855 2651 1258 2731 significetur
1287 2672 1398 2733 per
1439 2670 1693 2725 nomen,
1729 2656 1898 2735 quod

391 2752 742 2814 relativum
793 2758 1001 2832 potest
1049 2749 1302 2811 referre.
1350 2751 1464 2812 Per
1507 2750 1700 2812 verba
1749 2770 1900 2833 quo-

391 2870 526 2933 que
566 2857 758 2931 atque
799 2849 1136 2931 participia
1177 2857 1382 2930 potest
1422 2850 1795 2929 significari,
1830 2860 1900 2914 ut

389 2949 700 3021 dicimuS‚
735 2947 1056 3028 lntelligit,
1093 2954 1283 3018 creat,
1316 2948 1647 3028 gubernat,
1682 2958 1778 3011 est
1811 2950 1900 3011 in-

2011 1958 2389 2033 subsistenS,
2413 1960 2522 2020 sed
2555 1968 2622 2021 ut
2654 1979 2780 2041 quo
2809 1960 3050 2041 aliquid
3082 1969 3198 2030 est,
3224 1960 3390 2023 sicut
3417 1960 3503 2022 al-

2011 2056 2174 2119 bedo
2215 2057 2538 2137 significat
2580 2067 2645 2119 ut
2678 2077 2805 2139 quo
2843 2059 3087 2140 aliquid
3127 2067 3223 2121 est
3260 2058 3499 2121 album.

2009 2155 2213 2228 Quum
2242 2174 2390 2235 ergo
2422 2156 2586 2217 Deus
2618 2156 2700 2217 sit
2731 2156 2999 2237 simplex
3030 2164 3092 2218 et
3122 2156 3502 2231 subsistenS‚

2007 2252 2419 2315 attribuimus
2451 2254 2509 2315 ei
2542 2254 2801 2316 nomina
2832 2255 3151 2337 simplicia
3180 2263 3243 2316 et
3271 2254 3506 2316 abst-ra-

2010 2360 2110 2413 cta
2163 2351 2241 2412 ad
2296 2352 2756 2433 designandum
2818 2354 3295 2434 simplicitatem
3352 2354 3503 2435 ipsi-

2010 2470 2106 2523 us,
2139 2459 2204 2512 et
2254 2451 2513 2512 nomina
2562 2460 2874 2523 concreta,
2914 2453 2992 2513 ad
3041 2453 3503 2533 designandum

2010 2548 2487 2611 subsistentiam
2536 2548 3121 2631 perfectionemque
3166 2550 3324 2632 ejus.
3360 2550 3503 2613 Haec

2013 2646 2075 2708 in
2111 2647 2317 2728 prima
2349 2654 2525 2728 parte
2556 2649 2850 2710 Summae.
2886 2684 2967 2693 --
2994 2648 3103 2710 His
3148 2668 3259 2729 per
3289 2649 3504 2711 omnia

2010 2753 2314 2808 consonat
2358 2746 2687 2826 responsio
2729 2746 3201 2808 Bonaventurae.

2089 2843 2439 2905 Richardus
2472 2861 2725 2925 quoque
2761 2863 2773 2907 :
2809 2845 3374 2920 Quemadmodum,
3410 2846 3501 2907 in-

2009 2942 2168 3024 quit,
2207 2942 2369 3003 Deus
2410 2961 2487 3003 ex
2529 2963 2641 3003 sua
2682 2952 2907 3005 natura
2946 2952 3043 3005 est.
3081 2944 3355 3006 maxime
3402 2962 3504 3007 co-

389 3047 694 3128 telligens
730 3064 742 3108 :
780 3064 904 3108 non
951 3046 1304 3107 secundum
1348 3045 1516 3127 quod
1559 3054 1901 3108 connotant
1937 3046 1980 3108 C
2009 3039 2401 3121 gnoscibilis‚
2456 3040 2543 3101 ita
2599 3048 2660 3102 et
2721 3040 3165 3119 nominabilis;
3217 3050 3280 3104 et
3338 3042 3504 3104 sicut

390 3155 680 3227 tempuS,
733 3145 826 3206 sic
874 3143 1048 3205 enim
1099 3162 1134 3204 a
1185 3144 1740 3224 repraesentatione
1789 3145 1898 3206 Dei

387 3243 762 3318 deficiunt3
815 3241 925 3302 sed
975 3248 1165 3322 prout
1221 3247 1433 3301 actum
1487 3241 1901 3322 perfectiona-

391 3344 526 3405 lem
571 3340 926 3420 designant.
961 3338 1104 3401 Haec
1146 3338 1415 3400 Thomas
1459 3339 1525 3401 in
1569 3341 1836 3422 Scripto.

481 3439 718 3500 Eadem
761 3436 985 3499 scribit
1026 3437 1092 3497 in
1134 3436 1342 3517 prima
1383 3445 1558 3517 parte
1599 3439 1897 3512 Summa),

389 3537 754 3620 quaestione
784 3534 1241 3608 tertiadecima,
1277 3543 1338 3596 et
1369 3536 1544 3597 addit
1579 3555 1592 3597 ε
1627 3538 1794 3599 Deus
1837 3538 1903 3599 in

391 3637 520 3697 hac
573 3635 704 3696 vita
762 3651 892 3695 non
952 3639 1158 3714 potest
1207 3652 1244 3694 a
1293 3633 1478 3696 nobis
1529 3635 1728 3696 videri
1791 3654 1903 3717 per

391 3753 586 3795 suam
633 3732 999 3802 essentiam,
1040 3731 1149 3792 sed
1196 3733 1597 3811 cognoscitur
1640 3752 1676 3794 a
1720 3733 1902 3795 nobis

392 3851 476 3894 ex
512 3831 822 3894 creaturis
863 3830 1216 3892 secundum
1259 3829 1697 3893 habitudinem
1730 3833 1902 3912 prin-

393 3931 581 4012 cipii,
615 3937 679 3991 et
712 3947 826 4010 per
867 3928 1128 3989 modum
1168 3928 1559 3990 excellentia·
1590 3937 1778 4011 atque
1811 3950 1901 3992 re-

397 4027 726 4090 motionis.
753 4027 856 4088 Sic
888 4043 1038 4106 ergo
1069 4034 1272 4107 potest
1307 4027 1622 4089 nominari
1652 4047 1687 4089 a
1720 4028 1902 4090 nobis

390 4147 476 4189 ex
519 4125 830 4188 creaturis
868 4142 880 4186 :
918 4142 1042 4186 non
1075 4125 1169 4185 sic
1209 4126 1377 4206 quod
1422 4144 1653 4187 nornen
1692 4126 1898 4207 ipsum

2009 3158 2124 3203 nos
2155 3139 2236 3200 ab
2277 3139 2416 3219 ejus
2458 3139 2837 3220 cognitione,
2875 3141 2959 3201 ita
2996 3148 3059 3202 et
3098 3141 3177 3203 ab
3217 3141 3359 3222 ejus
3394 3160 3503 3205 no-

2013 3237 2359 3299 minatione
2406 3256 2484 3299 ex
2534 3246 2749 3300 nostra
2799 3239 3235 3300 imbecillitate
3285 3238 3502 3302 defici-

2013 3356 2174 3398 muS.
2210 3336 2469 3416 Propter
2518 3337 2687 3416 quod
2733 3337 2940 3418 primo
2989 3338 3065 3399 de
3111 3337 3355 3400 Divinis
3399 3356 3506 3401 no-

2013 3434 2295 3497 minibus
2346 3434 2627 3515 capitulo
2672 3436 2739 3497 B.
2784 3436 3121 3519 Dionysius
3174 3437 3500 3517 loquitur:

2011 3533 2309 3614 Theologi
2342 3541 2641 3614 tanquam
2685 3533 3209 3596 innominabilem
3250 3535 3508 3597 laudant

2012 3632 2231 3694 Deum.
2268 3632 2574 3712 Apuleius
2620 3632 2809 3693 etiam
2859 3632 2922 3693 in
2970 3631 3132 3695 libro
3178 3632 3384 3713 primo
3428 3635 3505 3695 de

2012 3730 2313 3809 Dogmate
2356 3727 2628 3790 Platonis
2671 3729 2863 3790 refert
2896 3729 3216 3791 Platonem
3258 3731 3506 3792 docuis-

2013 3847 2101 3899 sc,
2137 3828 2337 3888 Deum
2370 3833 2432 3888 ct
2477 3826 3000 3888 innominabilem
3040 3827 3182 3906 ejus
3214 3835 3504 3889 naturam

2015 3925 2302 3986 invenire
2336 3923 2622 3986 difficile.
2660 3924 2818 3986 Hinc
2851 3925 3296 4005 Trismegistus
3338 3927 3402 3986 in
3436 3926 3507 3987 li-

2014 4023 2128 4085 bro
2169 4024 2246 4084 de
2279 4023 2617 4084 Divinitate
2659 4023 2736 4084 ad
2766 4023 3132 4104 Asclepium
3176 4024 3455 4105 loquitur
3488 4042 3502 4086 ε

2013 4122 2148 4184 Non
2192 4139 2376 4202 spero
2417 4121 2609 4183 totius
2652 4121 2998 4202 majestatis
3039 4121 3409 4185 effectorem
3444 4132 3507 4185 et

389 4223 776 4304 significans
835 4221 1152 4302 exprimat
1213 4222 1496 4284 divinam
1562 4224 1900 4285 essentiam
1937 4227 1984 4288 D
2013 4219 2303 4282 omnium
2340 4237 2551 4280 rerum
2594 4227 2837 4300 patrem
2883 4239 2956 4280 ac
3001 4219 3333 4283 dominum
3381 4240 3507 4285 uno

391 4320 758 4384 secundum
811 4319 979 4400 quod
1030 4326 1125 4380 cst
1174 4319 1236 4380 in
1287 4338 1376 4392 se,
1417 4319 1583 4381 sicut
1628 4322 1744 4383 hoc
1799 4340 1904 4383 no-

395 4439 576 4492 men,
633 4417 846 4488 homo,
900 4417 1202 4498 exprimit
1261 4437 1376 4478 sua
1433 4418 1900 4498 significatione

391 4517 746 4582 essentiam
787 4515 1066 4578 hominis
1107 4515 1456 4578 secundum
1499 4517 1668 4597 quod
1710 4517 1902 4579 estin

393 4637 488 4679 se.
510 4614 672 4676 -Si
705 4621 1010 4696 praeterea
1038 4621 1416 4694 opponatur,
1442 4615 1741 4695 quoniam
1774 4634 1905 4678 om-

395 4733 482 4776 ne
525 4731 762 4775 nomen
803 4711 904 4773 vel
945 4711 1333 4773 abstractum
1377 4719 1472 4772 est
1511 4712 1610 4773 vel
1649 4732 1903 4775 concre-

395 4822 540 4874 tum
567 4829 582 4873 ε
612 4817 908 4873 concreta
937 4816 1152 4870 autem
1192 4827 1317 4871 non
1350 4817 1719 4891 competunt
1751 4812 1900 4884 De0‚

394 4929 608 4993 quum
671 4909 808 4990 ipse
867 4908 950 4969 sit
1007 4907 1326 4988 simplex;
1391 4927 1506 4969 nec
1567 4907 1900 4981 abstracta,

397 5008 560 5090 quia
601 5023 728 5069 non
769 5005 1142 5086 significant
1171 5005 1324 5085 quid
1367 5005 1720 5086 perfectum
1763 5006 1908 5068 sub-

397 5108 642 5169 sistens
687 5122 702 5165 :
748 5121 898 5183 ergo
941 5103 1192 5164 nullum
1243 5121 1474 5165 nomen
1525 5111 1731 5185 potest
1780 5105 1906 5166 dici

401 5206 490 5267 de
541 5204 690 5265 De0.
728 5200 1107 5274 Dicendum,
1143 5201 1310 5282 quod
1361 5221 1438 5262 ex
1489 5203 1792 5263 creaturis
1843 5204 1907 5264 in

403 5301 528 5366 Dei
581 5298 1014 5380 cognitionem
1059 5298 1352 5361 venimus
1397 5318 1672 5380 eumque
1716 5300 1914 5363 nomi-

2017 4337 2201 4399 posse
2234 4317 2489 4380 nominc
2533 4317 2912 4398 nuncupari,
2948 4319 3241 4399 quamvis
3277 4338 3311 4380 e
3346 4320 3507 4381 mul-

2014 4416 2094 4478 tis
2143 4415 2498 4496 composito
2540 4422 2647 4476 aut
2691 4416 2910 4477 electo.
2946 4416 3087 4478 Haec
3137 4417 3503 4481 Richardus.

2109 4515 2268 4576 Hinc
2326 4514 2862 4576 Antisiodorensis
2925 4515 2988 4575 in
3049 4515 3311 4578 Summa
3372 4537 3506 4590 sua,

2017 4613 2225 4694 primo
2266 4612 2449 4684 libro,
2486 4620 2627 4692 post
2672 4613 2949 4693 plurima
2985 4622 3357 4693 argumenta
3395 4635 3511 4697 pro

2017 4719 2277 4792 utraque
2308 4718 2484 4792 parte
2517 4710 2785 4782 inducta,
2806 4712 3174 4792 respondet:
3196 4713 3356 4775 Deus
3386 4714 3506 4776 sibi

2019 4809 2138 4891 ipsi
2183 4807 2589 4870 nominabilis
2629 4815 2741 4868 est..
2780 4809 2917 4889 lpse
2958 4810 3129 4870 enim
3169 4811 3268 4871 sui
3309 4811 3509 4891 ipsius

2017 4916 2112 4968 est
2144 4907 2458 4968 maximus
2492 4907 2969 4987 contemplator,
3005 4909 3318 4970 maximus
3348 4929 3511 4972 ama-

2019 5015 2136 5077 tor,
2170 5012 2234 5066 et
2287 5005 2598 5066 maximus
2648 5005 3007 5066 delectator.
3052 5006 3225 5067 Unde
3276 5025 3507 5070 nomen

2019 5121 2207 5166 suum
2266 5102 2627 5164 manifestat
2679 5102 3065 5175 hominibuS‚
3121 5104 3383 5184 loquens
3431 5107 3509 5168 ad

2023 5203 2277 5284 Moysen
2321 5220 2334 5262 z
2378 5201 2520 5262 Haec
2573 5200 2743 5261 dices
2792 5199 2946 5261 filiis
2996 5201 3205 5275 lsrael,
3252 5203 3367 5276 Qui
3417 5213 3514 5266 est
3568 5231 3801 5280 gnam,

2031 5300 2205 5363 misit
2252 5318 2354 5361 me
2398 5299 2474 5360 ad
2518 5316 2649 5362 vos.
2684 5297 2876 5360 Nobis
2918 5307 3131 5362 autem
3175 5309 3271 5363 est
3318 5303 3518 5366 nomi·
3544 5301 3609 5341 ¹⁴·
