4359 6250
807 477 930 543 508
1731 493 1904 542 mnan
1961 493 1982 539 1
2035 491 2518 540 samua-unum.
2578 511 2659 521 —
2713 491 2865 538 msr.
2923 491 3001 537 xt.

1811 895 2643 1008 DISTINCTIO
2729 895 2913 1006 XL

1110 1247 1190 1311 A.
1248 1252 1430 1318 Quid
1474 1250 1574 1312 sit
1613 1247 2204 1324 praedestinatio,
2254 1246 2325 1308 et
2372 1249 2451 1310 in
2495 1260 2634 1322 Quo
2682 1244 2987 1318 differat
3023 1259 3071 1308 a
3111 1246 3616 1319 praescientia.

1081 1591 1169 1654 Ut
1207 1590 1385 1654 enim
1432 1589 1527 1652 ait
1568 1587 1982 1669 Augustinus
2023 1587 2092 1650 in
2143 1585 2311 1649 libro
2351 1585 2431 1649 de
2476 1583 3059 1649 Praedestinatione
3110 1585 3525 1666 Sanctorum,
3556 1583 3925 1650 Praedesti-

1077 1707 1256 1772 natio
1305 1707 1405 1770 est
1457 1704 1684 1786 gratiae
1734 1703 2146 1786 praeparatio,
2190 1719 2337 1784 quae
2384 1701 2555 1765 sine‘
2576 1701 2989 1783 praescientia
3033 1719 3177 1765 6556
3224 1718 3357 1763 non
3408 1701 3645 1782 potest.
3685 1703 3925 1767 Potest

813 1827 1036 1890 autem
1067 1824 1210 1887 sine
1238 1821 1812 1905 praedestinatione
1851 1837 1993 1884 esse
2029 1817 2463 1900 praescientia.
2505 1817 3089 1881 Praedestinatione
3127 1818 3371 1900 quippe
3412 1818 3596 1881 Deus
3632 1835 3708 1882 ea
3742 1836 3923 1900 prae-

813 1941 1010 2006 scivit
1053 1958 1202 2022 quae
1244 1938 1456 2002 fuerat
1501 1937 1642 2018 ipse
1689 1937 2021 2016 facturus3
2061 1935 2177 1999 sed
2223 1934 2555 2016 praescivit
2592 1951 2668 1997 ea
2705 1934 2886 1998 Deus
2934 1935 3129 1998 etiam
3179 1951 3327 2015 quae
3377 1951 3510 1997 non
3552 1936 3725 1998 esset
3774 1935 3925 2017 ipse

816 2059 1131 2136 facturuS,
1174 2056 1242 2119 id
1293 2056 1395 2119 est-
1439 2055 1662 2118 omnia
1702 2053 1898 2116 mala.
1930 2051 2434 2116 Praedestinavit
2488 2067 2602 2115 eos
2651 2069 2821 2132 quos
2860 2051 3095 2134 elegit3
3149 2051 3439 2133 reliquos
3487 2065 3641 2116 vero
3691 2069 3925 2134 repro-

817 2173 1021 2254 bavit,
1064 2173 1131 2236 id
1171 2174 1292 2253 est,
1329 2171 1411 2236 ad
1440 2172 1720 2235 mortem
1751 2172 2061 2235 aeternam
2099 2168 2433 2252 praescivit
2466 2168 2872 2251 peccaturos.

818 1472 1717 1774 PRAEDESTINATIO
1755 1489 1911 1536 vero
1959 1471 2040 1535 de
2089 1470 2284 1535 bonis
2320 1468 2718 1534 salutaribus
2758 1471 2880 1550 est,
2921 1471 2987 1532 et
3022 1462 3104 1533 de
3132 1468 3515 1534 hominibus
3554 1470 3921 1536 salvandis,

1335 2413 1411 2477 B.
1475 2417 1584 2480 An
1637 2417 1912 2492 aliquis
1957 2413 2666 2489 praedestinatorum
2711 2413 2947 2485 possit
3000 2415 3383 2486 damnari,

1857 2536 1973 2595 vel
2015 2532 2511 2606 reproborum
2553 2531 2867 2594 salvari.

951 2734 1574 2821 Praedestinatorum
1627 2754 1852 2818 nullus
1887 2753 2147 2818 videtur
2196 2768 2391 2835 posse
2438 2749 2759 2830 damnari,
2798 2767 2916 2813 nec
2966 2750 3395 2833 reproborum
3445 2751 3689 2833 aliquis
3722 2770 3927 2834 posse

549 2891 681 2936 idae
693 2892 790 2935 cor-
821 2873 1082 2940 salvari.
1127 2871 1313 2935 Unde
1354 2870 1768 2952 Augustinus
1802 2871 1870 2934 in
1910 2869 2076 2935 libro
2109 2869 2191 2934 de
2222 2867 2645 2950 Correptione
2682 2869 2749 2931 et
2788 2867 2996 2949 gratia
3030 2889 3045 2930 ε
3087 2868 3165 2932 In
3203 2867 3603 2951 Apocalypsi
3644 2867 3925 2951 (inquit)

525 2959 794 3068 ssfft'ffffi]
822 2990 1062 3054 dicitur
1097 3007 1112 3049 ε
1146 2987 1320 3052 Tene
1358 2988 1537 3068 quod
1574 2987 1798 3067 habea,
1838 3004 1920 3050 ne
1968 2985 2138 3049 alius
2177 2983 2455 3067 accipiat
2490 3000 2799 3047 coronam
2836 2984 3043 3048 tuam.
3088 2984 3158 3048 Si
3196 2983 3367 3048 alius
3406 3002 3539 3048 non
3592 2985 3693 3047 est
3736 3001 3926 3048 acce—

525 3083 702 3200 ”ffgffi
733 3156 792 3195 m,
822 3108 1057 3190 pturus
1093 3103 1221 3168 nisi
1261 3104 1384 3168 iste
1425 3101 1803 3186 perdiderit,
1837 3101 2053 3165 certus
2086 3101 2186 3165 est
2228 3099 2586 3164 electorum
2624 3115 2965 3179 numerus,
3004 3099 3071 3162 id
3111 3100 3233 3181 est,
3272 3116 3406 3163 non
3443 3099 3661 3182 potest
3695 3101 3925 3181 augeri

531 3210 596 3250 ¹¹·
823 3224 929 3287 vel
979 3223 1212 3287 minui.

958 3338 1061 3402 Ad
1111 3339 1236 3402 hoc
1282 3338 1504 3401 autem
1555 3335 1877 3418 objiciunt
1926 3336 2197 3417 quidam
2242 3332 2551 3419 (nitentes
2597 3332 2873 3416 probare
2921 3350 3272 3397 numerum
3318 3332 3677 3396 electorum
3724 3350 3925 3415 posse

825 3455 1047 3539 augeri
1087 3455 1151 3519 et
1180 3452 1420 3537 minui)
1459 3454 1554 3517 sic
1597 3473 1610 3515 :
1653 3453 1888 3517 Posset
1921 3453 2103 3516 Deus
2133 3468 2265 3514 non
2302 3467 2628 3532 apponere
2666 3450 2945 3530 gratiam
2987 3448 3228 3530 quibus
3263 3448 3560 3530 apponit,
3593 3450 3658 3513 et
3697 3452 3928 3532 posset

581 3586 600 3607 ¹·
624 3584 745 3628 fleret
824 3573 1205 3638 subtrahere
1246 3570 1488 3652 quibus
1538 3588 1673 3635 non
1727 3568 2054 3633 subtrahit
2095 3589 2110 3629 :
2153 3568 2332 3649 quod
2380 3567 2438 3630 si
2488 3566 2727 3630 faceret
2746 3562 2794 3646 *,
2837 3566 3066 3647 utique
3111 3564 3597 3628 damnarentur.
3640 3565 3928 3631 Possent

823 3708 976 3771 ergo
1014 3688 1312 3752 damnari
1349 3688 1484 3767 isti,
1516 3687 1631 3769 qui
1675 3688 1888 3750 tamen
1927 3684 2376 3748 salvabuntur.
2418 3683 2651 3747 Posset
2687 3684 2906 3764 itaque
2943 3682 3153 3745 minui
3182 3681 3539 3745 electorum
3576 3699 3921 3747 numeruS.

821 3808 920 3869 Ita
957 3806 1156 3869 etiam
1193 3804 1417 3886 posset
1453 3803 1702 3884 augeri,
1744 3802 1900 3883 quia
1935 3802 2159 3883 posset
2196 3800 2440 3882 apponi
2477 3799 2687 3881 gratia
2723 3798 2965 3879 quibus
3000 3815 3132 3860 non
3169 3797 3544 3879 apponitur,
3576 3815 3694 3879 per
3720 3816 3929 3880 quam

819 3923 1229 3989 salvarentur
1269 3941 1283 3983 :
1325 3920 1596 4001 possent
1635 3936 1790 3999 ergo
1840 3916 2078 3981 salvari
2115 3914 2340 3979 habita
2394 3916 2625 3998 gratia,
2664 3915 2777 3996 qui
2826 3916 3048 3978 tamen
3093 3916 3235 3978 sine
3288 3931 3364 3978 ea
3410 3914 3923 3980 damnabuntur.

820 4040 1055 4104 Posset
1099 4039 1321 4120 itaque
1377 4036 1601 4118 augeri
1657 4052 1973 4099 numerus
2020 4034 2401 4097 electorum.
2442 4068 2531 4078 —
2568 4032 2824 4106 Quibus
2878 4031 3375 4114 respondemuS,
3416 4050 3499 4095 ex
3546 4048 3624 4095 ea
3670 4033 3929 4099 ratione

821 4157 1072 4220 dictum
1123 4172 1266 4219 esse
1309 4154 1375 4217 et
1417 4169 1647 4216 verum
1695 4170 1859 4231 esse,
1901 4167 2251 4215 numerum
2295 4149 2653 4213 electorum
2690 4166 2822 4211 non
2859 4166 3052 4231 posse
3092 4148 3316 4229 augeri
3344 4147 3449 4212 vel
3488 4149 3725 4229 minui,
3767 4150 3932 4231 quia

821 4290 956 4337 non
1001 4270 1217 4353 potest
1260 4271 1616 4350 utrumque
1665 4268 1864 4332 simul
1909 4286 2074 4345 esse,
2115 4267 2388 4348 scilicet,
2427 4268 2505 4340 ,ut
2545 4265 2786 4347 aliquis
2832 4265 3122 4329 salvetur
3162 4265 3228 4328 et
3272 4282 3404 4328 non
3453 4265 3543 4328 sit
3586 4266 3931 4347 praedesti-

822 4390 1040 4466 natus,
1079 4387 1184 4451 vel
1222 4388 1298 4449 ut
1332 4385 1575 4466 aliquis
1619 4384 2122 4466 praedestinatus
2169 4384 2255 4447 sit
2304 4385 2369 4448 et
2410 4383 2776 4447 damnetur.
2819 4380 3259 4462 Intelligentia
3300 4382 3474 4443 enim
3525 4381 3928 4447 conditionis

823 4503 1187 4587 implicitae,
1219 4500 1563 4565 veritatem
1604 4499 1760 4563 facit
1795 4500 1863 4562 in
1902 4499 2101 4580 dicte,
2134 4499 2202 4563 et
2238 4497 2837 4579 impossibilitatem
2888 4496 2956 4559 in
3004 4512 3182 4559 vere.
3224 4495 3294 4559 Si
3336 4513 3489 4560 vero
3534 4496 3929 4580 simpliciter

823 4620 1250 4701 intelligatur,
1281 4616 1784 4700 impossibilitas
1819 4633 1952 4680 non
2002 4614 2375 4679 admittitur
2416 4634 2431 4675 ι
2472 4615 2548 4676 ut
2591 4631 2799 4695 quum
2850 4612 3113 4692 dicitur,
3153 4612 3667 4676 Praedestinatus
3703 4614 3929 4695 potest

824 4738 929 4801 vel
966 4752 1096 4799 non
1130 4734 1347 4816 potest
1374 4732 1695 4811 damnari,
1724 4731 1790 4795 et
1833 4730 2149 4812 reprobus
2179 4732 2397 4813 potest
2438 4729 2699 4793 salvari.
2736 4730 2811 4792 In
2848 4727 2955 4793 his
2997 4728 3171 4792 enim
3212 4729 3277 4791 et
3313 4727 3697 4810 hujusmodi
3734 4728 3928 4794 locu-

825 4851 1141 4932 tionibuS,
1174 4869 1257 4915 ex
1294 4850 1544 4914 ratione
1581 4848 1740 4912 dicti
1777 4848 2199 4929 dijudicanda
2236 4848 2335 4911 est
2372 4848 2696 4912 sententia
2730 4848 3060 4912 dictionis.
3102 4847 3254 4911 Alia
3288 4863 3573 4927 namque
3610 4846 3684 4911 fit
3733 4848 3933 4913 intel-

825 4970 1095 5053 ligentia
1123 4968 1179 5031 si
1210 4985 1327 5050 per
1350 4965 1879 5046 conjunctionem
1910 4965 2051 5029 haec
2075 4964 2479 5046 accipiantur
2510 4964 2707 5045 dicta,
2749 4966 2944 5045 atque
2976 4964 3128 5045 alia,
3154 4964 3211 5028 si
3244 4981 3362 5045 per
3391 4962 3929 5045 disjunctionem,

589 5102 662 5157 cf.
693 5104 798 5147 dist.
827 5088 901 5149 ut
946 5102 1145 5166 supra
1196 5099 1406 5164 quum
1461 5081 1543 5145 de
1599 5079 2010 5163 praescientia
2058 5078 2392 5161 agebatur,
2450 5080 2885 5162 praetaxatum
2940 5080 3060 5143 aet.
3112 5078 3182 5143 Si
3239 5054 3415 5142 enim
3462 5094 3673 5158 quum
3737 5079 3929 5157 diciS‚

533 5166 748 5212 mvmss’
825 5200 1340 5266 Praedestinatus
1403 5215 1536 5263 non
1595 5197 1812 5280 potest
1875 5196 2199 5278 damnari,
2258 5197 2586 5279 intelligas
2655 5196 2769 5276 ita,
2828 5196 2898 5258 id
2962 5196 3085 5277 est,
3150 5212 3285 5259 non
3349 5196 3569 5277 potest
3638 5210 3785 5259 esse
3857 5196 3934 5258 ut

827 5316 1332 5400 praedestinatus
1385 5315 1474 5379 sit
1527 5317 1592 5379 et
1637 5314 1986 5378 damnetur
2031 5334 2045 5376 :
2093 5331 2325 5378 verum
2372 5314 2562 5395 dicis»,
2602 5314 2757 5397 quia
2812 5311 3217 5395 conjunctim
3272 5311 3631 5395 intelligis3
3684 5310 3931 5377 falsum
