4359 6250
1379 500 1555 547 mum
1597 502 1618 546 1
1659 501 2142 548 sssmnNrunuu.
2190 519 2271 532 -
2309 503 2464 550 msr.
2512 503 2639 548 xvn
3522 480 3558 544 7

457 670 692 734 caritas
731 671 856 735 Dei
887 690 965 738 eo
1002 674 1179 755 quod
1214 674 1396 738 Deus
1438 692 1560 739 nos
1601 693 1676 739 ea
1713 675 1950 756 diligit,
1985 676 2099 738 sed
2139 694 2216 738 eo
2254 677 2434 758 quod
2469 693 2590 739 nos
2628 694 2703 739 ea
2739 676 2845 739 sui
2883 676 3228 740 dilectores
3267 677 3443 741 facit.
3478 679 3563 740 Et

456 787 636 868 quod
673 805 751 852 ea
785 789 1039 855 ratione
1079 792 1292 872 possit
1332 792 1460 855 dici
1499 793 1734 856 caritas
1771 793 1918 872 Dei,
1959 793 2115 873 quia
2159 811 2282 856 nos
2320 810 2395 856 ea
2442 793 2712 873 diligere
2752 793 2928 874 facit,
2962 811 3045 857 ex
3080 794 3285 857 simili
3327 811 3561 874 genere

457 903 812 970 locutionis
843 907 1210 972 ostenditur
1249 928 1262 971 :
1307 909 1479 972 sicut
1512 909 1752 972 dicitur
1781 908 2042 990 justitia
2077 909 2225 989 Dei,
2258 927 2389 990 qua
2414 926 2538 972 nos
2567 908 2922 991 justificat3
2963 911 3028 974 et
3055 910 3325 974 Domini
3355 911 3556 991 saluS,

457 1038 590 1102 qua
632 1040 756 1088 nos
802 1023 1052 1105 salvat3
1099 1025 1165 1090 et
1207 1025 1372 1090 fides
1421 1025 1688 1105 Christi,
1740 1042 1870 1106 qua
1914 1042 2037 1090 nos
2082 1026 2309 1090 fideles
2357 1026 2532 1089 facit.

1464 1268 1543 1333 O.
1596 1272 2134 1335 Determinatio
2181 1276 2538 1336 secundae.

591 1482 912 1546 Similiter
961 1485 1026 1547 θῖ
1084 1483 1284 1547 aliam
1332 1484 1726 1565 exponimus
1781 1484 2261 1564 auctoritatem,
2308 1483 2420 1548 ubi
2466 1485 2560 1548 ait
2612 1485 3034 1549 dilectionem
3087 1485 3211 1548 Dei
3269 1502 3561 1549 comme-

457 1601 726 1680 morari,
767 1616 900 1663 non
948 1618 1079 1682 qua
1126 1617 1250 1664 nos
1299 1618 1477 1681 eum,
1527 1601 1643 1664 sed
1690 1618 1822 1682 qua
1867 1601 2009 1682 ipse
2059 1601 2294 1665 dilexit
2342 1619 2512 1665 nos:
2546 1618 2622 1664 ac
2658 1601 2717 1664 si
2765 1601 3031 1680 diceret,
3072 1591 3563 1665 Commemornt

457 1715 877 1780 dilectionem
919 1717 1045 1780 Dei
1079 1734 1212 1780 non
1263 1716 1623 1781 secundum
1667 1716 1844 1798 quod
1883 1733 1960 1780 ea
1994 1734 2117 1780 nos
2153 1717 2495 1799 diligimus
2530 1717 2770 1797 Deum,
2816 1715 2933 1780 sed
2982 1716 3342 1781 secundum
3383 1717 3562 1797 quod

458 1831 598 1914 ipse
645 1849 724 1896 ea
769 1833 987 1914 diligit
1032 1849 1174 1897 nos

1611 2056 1688 2119 P.
1741 2060 1961 2122 Aliud
2006 2059 2391 2132 objiciunt.

587 2279 716 2344 Sed
755 2277 938 2343 aliud
973 2281 1094 2358 est,
1141 2279 1472 2359 inquiunt,
1513 2279 1690 2359 quod
1732 2281 1944 2360 magis
1980 2282 2191 2361 urget.
2234 2280 2422 2344 Dixit
2454 2280 2632 2343 enim
2672 2296 2871 2361 supra
2908 2279 3343 2361 AugustinuS,
3382 2279 3559 2361 quod
3588 2293 3856 2367 tumes-pi-

451 2396 718 2459 dilectio
749 2396 849 2458 est
886 2411 924 2456 a
966 2394 1216 2474 Spiritu
1252 2394 1513 2474 Sancto,
1546 2411 1586 2456 a
1622 2410 1752 2475 quo
1791 2393 1974 2458 fides.
2018 2396 2205 2460 Sicut
2240 2412 2393 2477 ergo
2431 2394 2595 2460 fides
2636 2412 2769 2458 non
2799 2397 2898 2458 est
2934 2395 3220 2477 Spiritus
3256 2394 3557 2475 SanctuS,
3586 2359 3747 2463 2¹¹3?
3772 2356 3855 2400 hu*

453 2529 492 2574 a
527 2529 662 2593 quo
692 2511 815 2591 est,
858 2511 950 2573 ita
985 2527 1104 2574 nec
1143 2511 1398 2573 caritas.
1434 2509 1782 2583 Quomodo
1825 2527 1978 2592 ergo
2017 2511 2304 2593 Spiritus
2341 2511 2620 2576 Sanctus
2662 2511 2783 2590 est,
2816 2512 2872 2574 si
2911 2511 2994 2574 ab
3029 2511 3175 2592 ipso
3213 2509 3361 2574 est?
3388 2510 3559 2573 Nam

452 2629 509 2692 si
548 2628 634 2691 ab
671 2629 818 2709 ipso
855 2629 977 2706 θεῖ,
1019 2628 1084 2690 θῖ
1119 2627 1261 2707 ipse
1308 2627 1428 2706 est,
1471 2642 1624 2706 ergo
1671 2627 1958 2707 Spiritus
2000 2627 2279 2692 Sanctus
2315 2643 2355 2690 a
2390 2645 2462 2690 se
2500 2627 2644 2708 ipso
2694 2627 2813 2691 est.
2858 2627 2961 2690 Ad
3005 2626 3182 2708 quod
3218 2625 3503 2689 dicimus
3539 2647 3553 2686 ε

453 2745 742 2826 Spiritus
789 2743 1068 2808 Sanctus
1115 2742 1384 2824 quidem
1419 2760 1459 2805 a
1495 2763 1566 2808 se
1612 2743 1757 2824 ipso
1802 2761 1936 2807 non
1985 2744 2106 2824 θεῖ,
2145 2743 2263 2807 sed
2316 2745 2536 2809 tamen
2588 2763 2628 2808 a
2678 2763 2749 2809 se
2797 2747 2942 2827 ipso
2989 2743 3183 2807 datur
3228 2740 3444 2823 nobiS‚
3484 2744 3560 2807 ut

451 2879 653 2943 supra
703 2861 957 2924 dictum
1012 2863 1131 2924 est.
1173 2861 1304 2924 Dat
1347 2861 1526 2924 enim
1584 2879 1656 2925 se
1711 2861 1931 2942 ipsum
1988 2859 2179 2924 nobis
2229 2861 2516 2942 Spiritus
2569 2863 2870 2926 Sanctus.
2912 2862 2998 2923 Et
3042 2877 3126 2924 ex
3179 2859 3306 2921 hoc
3360 2875 3559 2923 sensu

449 2978 704 3040 dictum
741 2977 864 3056 est,
910 2976 1089 3057 quod
1127 2976 1362 3040 caritas
1399 2976 1482 3039 ab
1517 2978 1662 3058 ipso
1712 2978 1813 3041 est
1861 2978 1930 3040 in
1969 2977 2183 3058 nobiS,
2231 2979 2296 3043 et
2332 2981 2554 3043 tamen
2602 2979 2747 3062 ipsa
2792 2979 3078 3060 Spiritus
3115 2976 3393 3041 Sanctus
3431 2976 3551 3039 est.

449 3094 648 3158 Fides
685 3093 909 3157 autem
958 3093 1058 3156 est
1106 3109 1145 3155 a
1199 3092 1452 3175 Spiritu
1491 3093 1752 3173 Sancto,
1786 3095 1851 3158 et
1895 3112 2030 3159 non
2082 3096 2180 3160 θεῖ
2235 3096 2522 3179 Spiritus
2568 3097 2847 3162 Sanctus
2888 3115 2903 3159 ε
2946 3095 3103 3178 quia
3154 3093 3405 3158 donum
3450 3092 3555 3157 vel

447 3211 679 3273 datum
719 3209 1147 3275 solummodo
1194 3211 1316 3291 est,
1367 3227 1499 3275 non
1543 3210 1726 3274 Deus
1769 3211 1954 3275 dans.

534 3445 614 3519 Q.
673 3447 874 3513 Quod
919 3448 1121 3509 alias
1163 3447 1519 3509 inducunt
1558 3447 1897 3510 rationes
1939 3448 2012 3509 et
2058 3448 2548 3511 auctoritates
2593 3452 2693 3511 act
2737 3450 2933 3511 idem
2970 3449 3461 3523 probandum.

581 3668 770 3731 Alias
808 3684 1071 3749 quoque
1108 3666 1430 3731 inducunt
1464 3667 1748 3732 rationes
1786 3668 1868 3731 ad
1905 3669 2080 3733 idem
2124 3670 2626 3752 ostendendum,
2668 3671 2917 3735 scilicet
2943 3670 3121 3752 quod
3158 3670 3394 3733 caritas
3419 3687 3553 3737 non

449 3786 536 3849 sit
591 3785 881 3868 Spiritus
935 3784 1214 3849 Sanctus
1269 3804 1284 3844 :
1336 3783 1493 3864 quia
1548 3784 1783 3847 caritas
1833 3785 2088 3848 affectio
2143 3786 2385 3850 mentis
2440 3787 2541 3850 est
2590 3789 2656 3851 et
2705 3786 2927 3850 motus
2982 3786 3229 3866 animi3
3270 3784 3555 3867 Spiritus

446 3903 728 3967 Sanctus
778 3918 933 3965 vero
981 3917 1114 3963 non
1162 3902 1262 3963 est
1297 3900 1553 3964 affectio
1601 3900 1808 3964 animi
1854 3902 1960 3966 vel
2008 3903 2231 3966 motus
2278 3904 2541 3985 mentis,
2574 3904 2731 3985 quia
2780 3903 3065 3985 Spiritus
3112 3902 3390 3967 Sanctus
3426 3901 3554 3964 im-

447 4016 789 4082 mutabilis
836 4019 936 4082 est
981 4020 1048 4083 θῖ
1091 4018 1419 4082 increatus
1460 4038 1474 4078 :
1527 4035 1658 4081 non
1705 4020 1804 4082 est
1849 4036 2001 4100 ergo
2049 4020 2307 4083 caritas

1037 4258 1120 4323 R.
1179 4262 1376 4329 Quod
1421 4262 1710 4324 caritas
1756 4262 1866 4324 est
1907 4261 2154 4323 motus
2198 4264 2313 4323 vel
2359 4260 2649 4333 affectio
2698 4263 2959 4325 animi.

584 4474 779 4550 Quod
829 4475 1048 4538 autem
1100 4472 1334 4537 caritas
1381 4472 1469 4535 sit
1515 4473 1772 4537 affectio
1824 4472 2030 4535 animi
2076 4473 2141 4535 et
2195 4472 2417 4536 motus
2463 4473 2728 4555 mentis,
2770 4475 3269 4541 auctoritatibus
3317 4478 3553 4541 confir-

448 4594 652 4657 mant.
696 4590 876 4654 Dicit
911 4589 1088 4654 enim
1119 4588 1530 4670 Augustinus
1561 4589 1628 4651 in
1666 4589 1858 4652 tertio
1897 4588 2064 4651 libro
2102 4589 2183 4651 de
2222 4589 2535 4651 Doctrina
2571 4589 2925 4654 christiana
2958 4612 2971 4653 :
3006 4590 3358 4657 Caritatem
3388 4612 3551 4658 voco
3630 4616 3745 4660 mom
3789 4616 3845 4660 «ιο
3896 4594 3919 4617 ⁰

447 4710 707 4773 motum
757 4706 962 4769 animi
999 4704 1082 4768 ad
1130 4703 1481 4768 fruendum
1531 4704 1670 4767 Deo
1723 4706 1989 4785 propter
2024 4705 2270 4785 ipsum,
2316 4705 2379 4767 et
2416 4722 2487 4768 se
2534 4722 2610 4768 ac
2660 4708 2964 4787 proximo
3007 4710 3273 4789 propter
3307 4710 3546 4774 Deum.
3578 4678 3853 4791 ssffifss‘ssf’

446 4826 633 4889 Idem
681 4823 754 4886 in
795 4820 963 4885 libro
1001 4820 1082 4884 de
1127 4820 1422 4883 Moribus
1457 4820 1768 4883 Ecclesiae
1809 4820 2171 4900 catholicae,
2214 4822 2499 4885 tractans
2535 4822 2701 4885 illud
2738 4822 3012 4887 verbum
3049 4824 3375 4906 Apostoli,
3415 4827 3552 4891 Nec
3606 4850 3735 4894 nom.
3756 4864 3844 4903 vm,

446 4958 630 5005 mors
683 4956 808 5003 nec
863 4938 999 5001 vita
1045 4937 1288 5019 poterit
1333 4954 1456 5001 nos
1497 4954 1797 5017 separare
1851 4954 1890 4999 a
1936 4938 2205 5001 caritate
2245 4938 2367 5001 Dei
2417 4958 2430 5000 :
2474 4937 2724 5003 Caritas
2772 4940 2919 5020 Dei,
2952 4940 3189 5021 inquit,
3229 4942 3405 5005 dicta
3452 4945 3552 5007 est
3578 4916 3745 5032 ἵξῃ,
3758 4976 3845 5020 uo.

445 5060 662 5122 virtus
697 5074 848 5138 quae
900 5056 1105 5119 animi
1153 5057 1360 5119 nostri
1410 5056 1776 5119 rectissima
1814 5054 2071 5119 affectio
2110 5059 2232 5137 est,
2273 5074 2421 5138 quae
2468 5058 2811 5139 conjungit
2847 5075 2972 5122 nos
3016 5057 3181 5140 De0,
3221 5076 3351 5140 qua
3397 5078 3549 5124 eum
3577 5038 3842 5153 ἷξξζξξῗιῖῗζ

447 5174 816 5256 diligimus.
858 5173 1025 5237 Ecce
1067 5172 1174 5236 his
1211 5170 1428 5236 verbis
1472 5173 1886 5254 exprimitur,
1928 5173 2106 5254 quod
2149 5175 2387 5238 caritas
2414 5176 2516 5239 est
2549 5174 2806 5238 affectio
2847 5175 2913 5238 et
2947 5176 3168 5239 motus
3208 5176 3436 5257 animi,
3476 5194 3551 5241 ac
3576 5178 3622 5207 ¹¹·
3648 5168 3708 5208 ¹⁹·

448 5308 568 5374 per
611 5291 742 5355 hoc
787 5306 922 5355 non
969 5289 1231 5354 videtur
1275 5306 1416 5354 esse
1462 5289 1747 5371 Spiritus
1793 5290 2092 5355 Sanctus.
