4359 6250
904 451 1021 515 128
1489 473 1553 518 m
1595 473 1816 517 unnim
1856 472 1878 516 1
1922 470 2404 516 sariram-mauu.
2450 488 2531 497 —
2572 471 2723 515 ms‘r.
2772 471 2918 531 xx13
2962 471 3184 526 QUAEsr.
3232 470 3417 517 Unica

898 659 984 703 rae
1014 649 1078 703 et
1109 640 1492 704 conditionis
1523 660 1671 703 eum
1704 641 1844 723 ipso
1871 659 1885 701 ε
1919 640 2086 701 sicut
2115 640 2392 701 dicimus
2421 639 2473 702 A
2504 641 2759 721 proprie
2808 640 3140 721 dispositio
3184 640 3343 722 ejus.
3378 641 3594 722 Itaque
3638 641 3998 702 secundum

896 739 1178 820 aliquem
1237 740 1563 802 hominem
1613 758 1752 801 esse
1802 739 2010 801 solum
2061 739 2126 800 in
2176 739 2391 811 domo,

897 838 1190 918 quamvis
1224 837 1312 899 ibi
1345 838 1472 899 sint
1507 838 1707 899 multa
1745 837 2046 898 animalia
2080 836 2239 915 alia;
2273 836 2393 897 sic-

899 954 1023 1015 que
1054 936 1326 998 dicimus
1367 936 1648 1017 aliquem
1689 936 2058 1016 religiosum
2099 934 2393 995 incedere

899 1032 1128 1109 solum,
1165 1035 1318 1096 dum
1371 1035 1508 1097 sine
1551 1033 1794 1097 ordinis
1838 1033 1937 1095 sui
1981 1032 2155 1095 socio
2196 1031 2390 1106 vadit,

897 1132 1189 1212 quamvis
1237 1134 1350 1194 alii
1409 1133 1593 1195 multi
1643 1132 1935 1194 homines
1985 1150 2203 1193 secum
2257 1148 2394 1212 per-

897 1238 1064 1309 gant.
1088 1231 1164 1292 Et
1195 1231 1286 1293 sic
1318 1236 1490 1291 solus
1520 1231 1688 1292 idem
1719 1237 1815 1291 est
1845 1230 2015 1311 quod
2045 1229 2388 1303 solitarius,

896 1335 1118 1408 estque
1149 1328 1343 1392 dictio
1373 1328 1913 1409 categorematica‚
1936 1327 2272 1407 implicans
2302 1344 2395 1387 so-

899 1426 1236 1489 litudinem
1269 1428 1438 1490 circa
1467 1428 1850 1508 subjectum.
1887 1427 1964 1487 Et
2004 1426 2096 1487 sic
2128 1425 2392 1486 nullate-

897 1544 1016 1587 nus
1066 1527 1424 1588 admittitur
1475 1528 1538 1588 in
1589 1526 1822 1588 divinis
1861 1525 2214 1606 :quoniam
2266 1542 2391 1585 una

895 1642 1165 1705 persona
1195 1644 1448 1708 semper
1479 1625 1670 1687 habet
1700 1624 2091 1686 consortium
2125 1622 2388 1684 alterius

894 1742 1181 1803 personae
1226 1724 1654 1787 connaturalis
1699 1742 1772 1785 ac
1819 1723 2048 1784 similis
2093 1722 2237 1784 sibi.
2274 1722 2387 1783 Ve-

2503 739 2623 800 hoc
2670 738 2869 820 aliqui
2919 739 3162 811 dicunt,
3214 740 3383 820 quod
3436 738 3569 801 haec
3614 746 3709 800 est
3759 738 4001 820 impro-

2505 837 2662 918 pria,
2696 838 2967 899 Trinitas
3009 845 3103 899 cst
3144 838 3315 899 solus
3357 838 3521 899 Deus
3556 855 3571 898 :
3606 837 3903 919 quoniam
3938 836 3999 897 si

2504 935 2567 1017 ly
2595 935 2766 997 solus
2800 936 3055 1016 proprie
3093 943 3365 1010 tenetur,
3398 954 3525 997 non
3554 936 3807 997 additur
3836 952 3999 1015 prae-

2501 1033 2743 1111 dicato;
2777 1034 2831 1095 si
2872 1042 3085 1095 autem
3130 1041 3419 1095 teneatur
3459 1051 3576 1116 pro
3617 1033 3678 1115 ly
3721 1040 3995 1105 tantum,

2502 1131 2829 1213 superflue
2872 1132 3127 1194 additur
3166 1131 3505 1213 praedicato
3546 1130 3886 1205 essentiali,
3920 1137 4001 1191 ut

2502 1230 2555 1290 si
2600 1230 2939 1303 diceretur,
2988 1232 3274 1294 Socrates
3319 1238 3414 1293 est
3457 1238 3706 1293 tantum
3750 1229 3940 1291 homo
3978 1246 3993 1290 :

2501 1329 2651 1409 quia
2683 1348 2797 1410 per
2826 1329 3171 1392 dictionem
3203 1329 3595 1392 exclusivam
3628 1347 3755 1390 non
3786 1334 3998 1410 potest

2500 1427 2752 1490 excludi
2812 1429 2935 1490 nisi
2997 1436 3222 1490 natura
3276 1437 3575 1489 extranea
3621 1427 3703 1489 ab
3751 1444 3825 1488 eo
3884 1426 3995 1487 cui

2499 1526 2769 1588 additur.
2808 1526 2883 1587 Et
2922 1527 3041 1588 hoc
3085 1526 3461 1607 intelligitur
3499 1526 3691 1588 etiam
3732 1544 3809 1586 ex
3849 1524 3996 1605 ipso

2501 1624 2839 1705 praedicato
2898 1624 3319 1687 substantiali.
3384 1625 3475 1686 Ex
3535 1624 3655 1686 hoc
3714 1641 3995 1703 namque

2498 1722 2669 1803 quod
2718 1722 2973 1797 dicitur,
3023 1723 3307 1785 Socrates
3356 1730 3452 1785 est
3502 1722 3713 1795 hom0‚
3758 1720 3995 1783 intelli-

895 1840 1035 1882 rum
1081 1823 1135 1884 si
1175 1824 1468 1885 excludat
1508 1823 1898 1885 consortium
1942 1828 2235 1903 respectu
2274 1818 2387 1881 ali·
2424 1818 2470 1879 B
2498 1820 2670 1900 gitur
2714 1822 2883 1903 quod
2928 1840 3055 1883 non
3099 1830 3195 1884 est
3234 1841 3437 1904 equus
3476 1830 3584 1883 aut
3622 1822 3858 1883 asinus.
3894 1820 3994 1882 Si-

892 1920 1078 2001 cujus
1137 1922 1562 1993 determinati,
1617 1921 1709 1982 sic
1766 1928 1861 1982 θεῖ
1917 1920 2113 1982 dictio
2167 1936 2389 2001 synca-

892 2020 1358 2099 tegorematica‚
1421 2020 1712 2082 ordinem
1771 2025 1880 2079 aut
1945 2016 2388 2078 habitudinem

890 2117 1231 2198 quamdam
1266 2119 1456 2179 unius
1487 2117 1566 2179 ad
1595 2117 1869 2179 alterum
1911 2116 2262 2197 importans
2294 2132 2389 2175 ra-

890 2216 1064 2277 tione
1124 2216 1474 2298 negationis
1537 2215 1884 2296 implicitae‚
1941 2214 2139 2295 magis
2194 2231 2387 2295 quam

891 2314 1231 2395 implicans
1281 2315 1560 2396 aliquam
1613 2314 1903 2377 formam.
1961 2313 2193 2394 Sicque
2244 2330 2387 2394 pro-

889 2414 1122 2493 positio
1154 2414 1292 2487 ista,
1329 2414 1510 2476 Solus
1544 2414 1708 2476 Deus
1740 2420 1931 2487 creat,
1966 2412 2155 2474 habet
2187 2411 2391 2493 dupli-

890 2530 1027 2573 cem
1061 2531 1318 2574 sensum
1341 2513 1526 2594 :quia
1557 2512 1656 2575 vel
1688 2519 1967 2573 removet
1998 2511 2388 2573 consortium

887 2609 1148 2672 alterius
1178 2629 1214 2672 a
1245 2610 1449 2673 forma
1480 2610 1778 2691 subjecti,
1799 2609 2245 2671 subintellecta
2276 2608 2387 2670 im·

889 2708 1230 2789 plicatione
1277 2712 1450 2789 quod
1492 2719 1608 2778 esc,
1639 2709 1740 2771 vel
1793 2710 1912 2787 qui
1957 2718 2068 2767 est.
2105 2707 2180 2768 Et
2233 2714 2384 2768 tunc

886 2814 983 2867 est
1031 2826 1255 2869 sensus
1301 2824 1314 2868 :
1359 2807 1542 2869 Solus
1593 2806 1780 2879 DeuS‚
1832 2806 1896 2867 id
1943 2814 2059 2879 est,
2113 2805 2221 2867 ille
2270 2804 2383 2886 qui

886 2913 982 2967 est
1012 2906 1098 2967 ita
1128 2906 1292 2967 Deus
1324 2906 1494 2987 quod
1526 2912 1752 2987 praeter
1783 2924 1929 2967 eum
1972 2904 2187 2965 nullus
2217 2903 2380 2964 alius

2498 1919 2736 1980 militer
2794 1920 3035 1993 dicunt,
3094 1921 3267 2001 quod
3326 1919 3653 2001 superflue
3711 1919 3991 1992 additur,

2496 2036 2695 2098 quum
2736 2018 2990 2091 dicitur,
3034 2018 3304 2080 Trinitas
3342 2026 3439 2079 est
3482 2025 3729 2079 tantum
3770 2018 3936 2079 Deus
3974 2033 3991 2077 :

2494 2116 2619 2177 nisi
2648 2115 2915 2178 addatur
2945 2117 3065 2178 hoc
3096 2134 3351 2189 nomen,
3386 2136 3574 2189 unus,
3607 2124 3717 2178 aut
3756 2116 3994 2197 aliquis

2492 2214 2655 2275 alius
2688 2216 3000 2276 terminus
3040 2215 3472 2290 accidentalis,
3507 2216 3616 2297 qui
3662 2216 3860 2296 possit
3889 2216 3990 2275 in-

2493 2331 2632 2373 esse
2674 2320 2737 2374 et
2781 2331 2909 2375 non
2955 2314 3183 2387 inesse,
3218 2314 3371 2396 quia
3410 2314 3501 2375 sic
3542 2313 3993 2376 excluderetur

2492 2412 2857 2494 oppositum
2890 2412 3172 2487 unitatiS,
3207 2414 3375 2494 quod
3408 2420 3501 2475 est
3534 2412 3879 2493 pluralitas
3908 2412 3989 2473 Et

2492 2510 2713 2572 dicunt
2762 2512 2931 2592 quod
2990 2512 3257 2573 intentio
3304 2512 3642 2592 Augustini
3704 2529 3829 2573 uon
3884 2519 3991 2573 est

2492 2610 2703 2673 dicere
2744 2611 2911 2692 quod
2953 2612 3074 2673 hoc
3114 2611 3541 2693 complexum,
3576 2611 3747 2674 solus
3793 2611 3985 2685 DeuS,

2491 2710 2869 2791 praedicetur
2918 2712 2995 2772 de
3044 2711 3369 2783 Trinitate‚
3425 2719 3492 2772 ut
3546 2710 3836 2791 Magister
3886 2711 3987 2772 in-

2491 2808 2667 2886 nuit3
2700 2808 2810 2870 sed
2850 2828 3049 2891 quum
3097 2809 3352 2884 dicitur,
3388 2808 3569 2871 Solus
3610 2809 3796 2881 DeuS,
3832 2827 3987 2889 sup-

2491 2906 2748 2987 ponitur
2787 2908 3080 2981 Trinitas,
3114 2915 3176 2970 et
3220 2926 3349 2970 non
3387 2908 3565 2969 Pater
3608 2914 3715 2968 aut
3758 2906 3979 2968 Filius.

885 3012 981 3065 est
1011 3003 1199 3077 Deus,
1235 3010 1422 3064 creat.
1461 3002 1536 3063 Et
1579 3002 1664 3063 ita
1703 3010 1799 3063 est
1827 3020 1992 3063 vera.
2030 3001 2139 3063 Vel
2177 3018 2380 3063 remo-
2415 3002 2458 3065 C
2567 3005 3018 3067 Verumtamen
3069 3006 3188 3067 hoc
3232 3024 3361 3068 non
3410 3006 3661 3069 videtur
3702 3006 3985 3067 multum

885 3109 991 3164 vet
1031 3102 1420 3166 consortium
1461 3108 1525 3163 et
1563 3100 2114 3183 participationem
2154 3100 2381 3182 praedi·

887 3201 1048 3278 cati3
1094 3208 1284 3281 atque
1335 3201 1426 3261 sic
1476 3200 1668 3261 etiam
1717 3218 1866 3261 vera
1913 3207 2028 3275 est,
2077 3199 2377 3281 quoniam

886 3315 1110 3358 sensus
1142 3304 1260 3370 est,
1280 3297 1448 3378 quod
1481 3296 1694 3358 nullus
1725 3296 1887 3357 alius
1918 3303 2148 3378 praeter
2176 3296 2379 3357 Deum

885 3403 1072 3457 creet.
1111 3395 1187 3456 Et
1238 3394 1406 3456 idem
1447 3394 1764 3475 judicium
1815 3403 1909 3456 est
1958 3394 2036 3456 de
2086 3394 2226 3468 hac,
2270 3395 2377 3456 So-

883 3494 983 3556 lus
1015 3496 1194 3557 Pater
1234 3501 1329 3556 est
1359 3495 1557 3567 Pater,
1593 3494 1715 3567 vel,
1751 3494 1933 3556 Solus
1974 3494 2154 3556 Pater
2191 3511 2378 3574 gene-

882 3603 994 3656 rat.
1046 3593 1276 3656 Omnes
1321 3593 1561 3674 quippe
1615 3592 1983 3672 hujusmodi
2039 3591 2377 3673 propositi-

880 3712 1032 3756 ones
1092 3694 1158 3755 in
1217 3693 1427 3773 primo
1485 3711 1675 3754 sensu
1735 3699 1884 3753 sunt
1937 3690 2131 3763 falsae,
2188 3699 2250 3752 et
2310 3691 2375 3752 in

879 3791 1128 3855 duobus
1170 3792 1310 3853 aliis
1355 3811 1537 3854 verae.
1585 3791 1728 3853 Haec
1772 3790 2060 3853 Thomas.

961 3890 1140 3952 Circa
1184 3891 1528 3952 secundam
1574 3890 1992 3971 quaestionem
2038 3889 2129 3950 sic
2173 3889 2375 3970 loqui-

879 3996 982 4051 tur
1017 4006 1030 4050 :
1067 3989 1384 4051 Dictiones
1415 3989 1512 4050 hae
1543 3988 1905 4062 exclusivae,
1941 3987 2112 4050 solus
2144 3995 2207 4049 et
2241 3995 2375 4049 tan-

877 4095 1038 4161 tum,
1085 4088 1152 4149 in
1201 4089 1322 4151 hoc
1371 4086 1703 4159 differunt,
1754 4086 1926 4167 quod
1979 4095 2265 4156 cantum,
2312 4093 2374 4149 et

2488 3123 2765 3167 necesse.
2801 3104 3099 3179 Quamvis
3139 3104 3311 3166 enim
3345 3105 3408 3187 ly
3437 3105 3607 3169 solus
3646 3104 3988 3187 dispositio

2488 3203 2570 3263 sit
2600 3203 2895 3283 subjecti,
2932 3222 3057 3265 non
3090 3211 3301 3265 tamen
3342 3211 3589 3285 oportet
3619 3203 3786 3284 quod
3818 3221 3985 3265 sem-

2489 3319 2603 3382 per
2638 3301 2906 3363 addatur
2944 3301 3232 3381 subjecto
3267 3318 3280 3362 :
3315 3302 3467 3383 quia
3508 3309 3570 3363 et
3610 3301 3767 3363 illud
3806 3302 3985 3382 quod

2489 3399 2556 3460 in
2587 3400 2927 3480 praedicato
2967 3400 3244 3480 ponitur,
3280 3407 3489 3481 potest
3528 3399 3876 3480 significari
3908 3408 3984 3460 ut

2488 3497 2890 3579 suppositum
2933 3505 3171 3560 naturae
3208 3497 3399 3559 alicui
3439 3497 3535 3559 vel
3582 3497 3977 3578 proprietati,

2490 3595 2729 3657 ratione
2762 3596 2945 3676 cujus
2988 3603 3195 3678 potest
3232 3595 3312 3657 ab
3343 3614 3419 3658 eo
3449 3596 3683 3677 privari
3726 3613 3981 3658 consor-

2488 3692 2647 3754 tium
2685 3711 2697 3754 :
2736 3703 2803 3755 ut
2851 3695 2903 3756 si
2954 3694 3291 3767 diceretur,
3326 3694 3611 3756 Socrates
3659 3702 3755 3755 est
3802 3694 3979 3757 solus

2488 3791 2677 3853 homo
2722 3792 2967 3853 sedens.
3005 3791 3107 3853 Sic
3151 3792 3217 3852 in
3258 3792 3583 3874 proposito
3622 3791 3765 3854 dico
3804 3793 3976 3873 quod

2485 3889 2668 3950 aliter
2728 3889 3107 3971 praedicatur
3165 3890 3284 3952 hoc
3344 3908 3599 3962 nomen,
3656 3891 3845 3963 DeuS‚
3897 3891 3977 3952 de

2486 3986 2689 4048 tribus
2734 3987 3044 4068 personiS,
3078 3996 3141 4049 et
3190 3988 3309 4049 hoc
3361 4005 3614 4062 nomen,
3649 3987 3863 4062 homo,
3898 3988 3977 4050 de

2485 4085 2737 4147 Socrate
2780 4094 2844 4147 et
2882 4086 3155 4148 Platone.
3190 4086 3397 4159 Quum
3438 4087 3609 4148 enim
3650 4105 3776 4150 non
3818 4106 3978 4168 prae-

877 4184 1174 4247 similiter
1212 4188 1444 4254 solum,
1475 4203 1677 4266 quum
1717 4184 1799 4245 sit
1837 4183 2235 4258 adverbium,
2271 4184 2375 4246 de-
2404 4189 2453 4250 D
2482 4184 2730 4246 dicetur
2773 4184 2850 4246 de
2898 4193 3164 4265 utroque
3210 4184 3334 4245 nisi
3385 4185 3449 4246 id
3497 4185 3665 4266 quod
3717 4185 3972 4267 utrique

878 4283 1176 4346 terminat
1203 4290 1418 4344 actum
1449 4281 1650 4356 verbi,
1685 4282 1836 4364 quia
1864 4283 2240 4345 adverbium
2270 4283 2375 4345 ad-

873 4382 1184 4463 jectivum
1233 4389 1330 4444 est
1377 4379 1576 4443 verbi.
1627 4380 1799 4443 Unde
1849 4399 2050 4462 quum
2101 4381 2371 4443 verbum

879 4481 1121 4544 ratione
1162 4479 1641 4563 compositionis
1687 4479 2031 4561 conjungat
2071 4481 2371 4562 praedica·

877 4588 1016 4642 tum
1057 4579 1367 4660 subjecto,
1402 4587 1466 4642 et
1503 4579 1581 4641 ad
1622 4586 1965 4661 utrumque
2006 4597 2072 4640 se
2119 4577 2369 4653 habeat,

879 4697 1158 4760 congrue
1209 4686 1476 4760 possunt
1523 4676 1825 4740 adverbia
1875 4679 1995 4739 ista
2043 4685 2174 4738 tam
2226 4677 2371 4739 sub-

873 4779 1046 4860 jecto
1094 4798 1285 4860 quam
1332 4778 1671 4860 praedicato
1723 4776 2006 4857 adjungi.
2062 4777 2185 4838 Sed
2239 4776 2372 4838 haec

875 4879 1091 4952 dictio,
1125 4877 1534 4959 soluS‚quum
1567 4876 1649 4937 sit
1679 4893 1910 4938 nomen
1943 4875 2201 4956 privans
2233 4893 2376 4937 con-

875 4978 1166 5052 sortium,
1215 4983 1310 5038 est
1359 4975 1803 5039 determinatio
1853 4973 1992 5055 ejus
2044 4992 2194 5036 cum
2244 4991 2370 5056 quo

874 5076 1266 5140 consortium
1306 5081 1514 5157 potest
1557 5073 1796 5134 haberi.
1833 5070 2110 5134 Habetur
2149 5079 2367 5133 autem

873 5175 1264 5238 consortium
1311 5191 1458 5234 cum
1498 5188 1573 5234 eo
1614 5171 1717 5232 cui
1760 5170 2003 5252 aliquid
2045 5170 2365 5245 convenit,

870 5282 934 5336 et
983 5274 1102 5337 hoc
1146 5271 1545 5354 significatur
1595 5277 1665 5331 ut
1712 5269 2098 5350 subjectum,
2139 5277 2364 5350 estque

2483 4301 2822 4346 commune
2852 4290 2968 4357 est,
2995 4283 3251 4364 utrique
3278 4289 3492 4344 autem
3524 4300 3652 4346 non
3681 4291 3777 4345 est
3804 4301 3976 4347 com-

2485 4402 2676 4444 muue
2708 4381 2831 4444 nisi
2860 4382 3140 4443 humana
3169 4388 3413 4454 natura,
3447 4401 3589 4463 quae
3632 4381 3696 4442 in
3726 4398 3795 4443 se
3826 4399 3973 4444 con-

2481 4481 2755 4542 siderata
2797 4497 2923 4542 non
2962 4487 3058 4542 cst
3102 4479 3255 4560 quid
3300 4478 3692 4559 subsistens3
3726 4488 3975 4542 constat

2482 4579 2651 4660 quod
2700 4579 2817 4640 iste
2862 4578 3195 4651 terminuS,
3239 4577 3450 4651 hom0‚
3496 4595 3622 4640 non
3675 4579 3974 4660 praedicet

2481 4677 2759 4758 aliquam
2793 4696 2927 4738 rem
2968 4676 3445 4750 subsistentem,
3480 4677 3589 4738 sed
3624 4677 3830 4738 solum
3862 4697 3969 4740 na-

2484 4783 2691 4836 turam
2724 4775 3134 4838 inhaerentem
3170 4782 3238 4836 ut
3272 4775 3971 4838 inhaerentemzidcirco

2482 4892 2609 4935 non
2642 4881 2848 4954 potest
2878 4873 3020 4934 addi
3054 4873 3177 4935 sibi
3208 4873 3342 4935 haec
3374 4873 3589 4946 dictio,
3614 4873 3809 4948 solus,
3830 4893 3969 4955 quae

2482 4972 2688 5053 privat
2737 4973 3146 5034 consortium.
3182 4971 3432 5034 Naturae
3482 4990 3758 5053 namque
3802 4990 3971 5033 com-

2482 5071 2695 5131 munis
2725 5088 2853 5133 non
2884 5079 2978 5132 est
3019 5078 3089 5131 ut
3120 5071 3257 5153 ipsa
3287 5069 3677 5132 consortium
3720 5068 3965 5142 habeat,

2480 5168 2588 5231 sed
2641 5169 2850 5250 potius
2898 5176 2966 5229 ut
3014 5167 3153 5249 ejus
3198 5169 3586 5232 consortium
3639 5168 3962 5230 habeatur.

2478 5268 2599 5332 Sed
2629 5268 2940 5329 terminus
2972 5268 3111 5340 istc,
3144 5268 3332 5342 Βθυε,
3356 5267 3658 5349 praedicat
3685 5267 3965 5330 divinam
