4359 6250
1240 479 1415 540 mima
1456 496 1476 540 1
1519 493 1999 540 summi-unum.
2046 511 2127 522 -
2166 494 2318 540 nis-r.
2365 495 2554 539 xxxiv
3331 473 3450 538 367

348 667 601 728 tantum
655 667 745 728 sit
781 666 1117 730 Christum
1160 686 1199 730 a
1254 668 1535 731 mortuis
1586 667 1953 731 excitantis.
1998 669 2081 730 Et
2125 684 2349 748 quaero
2393 684 2588 746 nunc,
2633 668 2700 729 in
2747 667 2984 748 spiritu
3031 667 3178 746 Dei,
3225 667 3448 729 utrum
3531 685 3662 758 μεμε.
3689 687 3744 730 de

348 784 675 862 naturam,
708 801 791 846 an
840 801 975 847 rem
1017 787 1267 848 naturae
1314 785 1745 866 significatam
1788 784 2147 846 existimes,
2191 785 2340 846 Non
2391 785 2490 846 est
2541 785 2716 846 enim
2771 783 2944 846 idem
2995 785 3228 845 natura
3272 783 3451 863 quod
3475 746 3741 860 R'J'v‘ssff’m

346 917 449 961 ros
486 901 763 980 naturae,
796 901 970 964 sicut
996 918 1127 964 non
1159 902 1334 965 idem
1365 903 1463 965 est
1496 903 1696 964 homo
1728 902 1793 964 et
1822 900 1999 981 quod
2027 901 2318 962 hominis
2351 902 2473 978 est,
2497 918 2616 963 nec
2646 901 2819 963 idem
2853 902 2951 962 est
2979 901 3151 980 ignis
3181 901 3246 962 et
3274 899 3453 980 quod
3479 876 3547 915 ²²·

349 1015 560 1094 ipsius
607 1017 781 1097 ignis
826 1018 927 1080 est
968 1037 983 1078 ε
1025 1019 1091 1081 et
1125 1017 1489 1081 secundum
1528 1016 1676 1096 hoc,
1718 1033 1849 1078 non
1888 1017 1989 1078 est
2024 1015 2196 1078 idem
2239 1016 2419 1078 Deus
2457 1016 2522 1078 et
2558 1016 2736 1096 quod
2773 1015 2896 1078 Dei
2946 1017 3065 1079 est.
3109 1051 3196 1060 —
3234 1014 3454 1095 HuJus

348 1131 502 1192 dicti
542 1131 885 1194 occasione
923 1131 1181 1212 praefati
1218 1132 1508 1196 haeretici
1544 1132 2171 1212 dogmatizaverunt,
2210 1148 2342 1193 non
2379 1130 2555 1194 idem
2599 1149 2740 1194 esse
2779 1147 3126 1212 personam
3167 1132 3233 1194 et
3266 1131 3457 1192 natu-

348 1263 487 1309 ram
522 1247 672 1326 Dei,
713 1251 1078 1313 asserentes
1118 1250 1420 1312 naturam
1462 1249 1585 1312 Dei
1630 1265 1763 1310 non
1808 1266 1950 1312 esse
1987 1251 2121 1311 tres
2166 1265 2502 1328 persona8‚
2545 1247 2983 1328 intelligentes
3033 1248 3101 1309 in
3138 1247 3244 1310 his
3289 1263 3456 1327 prae-

352 1363 569 1426 missis
596 1365 817 1428 verbis
853 1363 1092 1428 Hilarii
1118 1383 1236 1446 per
1263 1382 1404 1428 rem
1433 1367 1683 1429 naturae
1717 1381 2089 1445 personam,
2116 1366 2181 1428 et
2219 1365 2484 1428 nomine
2516 1365 2767 1426 naturae
2805 1363 3098 1426 divinam
3125 1365 3450 1425 naturam.

353 1481 432 1542 Et
475 1479 625 1543 ideo
664 1480 895 1544 dicunt
940 1481 1271 1544 Hilarium
1320 1481 1754 1562 interrogasse
1793 1481 2200 1558 haereticum,
2238 1482 2461 1543 utrum
2509 1498 2624 1561 per
2673 1480 2981 1560 spiritum
3026 1479 3150 1542 Dei
3197 1479 3458 1559 putaret

351 1595 781 1676 significatam
832 1614 975 1660 esse
1018 1599 1345 1677 naturam,
1387 1615 1471 1659 an
1524 1613 1664 1658 rem
1716 1597 1989 1674 naturae,
2025 1597 2099 1659 ut
2155 1596 2252 1659 sic
2302 1596 2672 1659 ostenderet
2725 1594 3265 1675 distinguendum
3315 1611 3459 1657 esse

354 1712 515 1775 inter
558 1714 889 1792 naturam,
940 1714 1006 1776 et
1050 1730 1190 1776 rem
1237 1714 1513 1790 naturae,
1567 1712 1635 1774 id
1682 1714 1782 1775 est
1827 1730 2202 1793 personam.

358 1935 427 1997 B.
459 1939 592 1999 Hic
630 1940 861 2012 docet,
896 1941 1253 2014 Quomodo
1289 1941 1397 2000 eis
1435 1939 1683 2001 obviat
1711 1939 1941 2011 ipsius
1974 1938 2368 2010 scripturae
2406 1938 2999 2011 circumstantia,
3032 1937 3103 1998 et
3132 1937 3457 2013 qualiter

474 2055 839 2128 praedicta
878 2056 1196 2130 intentat
1234 2055 1567 2129 debeant,
1602 2055 1673 2116 et
1702 2041 1893 2129 q'uod
1916 2054 2242 2127 Spiritus
2268 2055 2581 2117 Sanctus
2615 2054 2723 2115 est
2756 2069 2881 2116 res
2916 2056 3136 2116 unius
3162 2054 3460 2117 naturoe

486 2171 746 2232 Patris
790 2171 862 2231 et
898 2172 1101 2244 Filii,
1140 2170 1212 2230 et
1255 2170 1363 2232 est
1411 2172 1574 2243 ipsa
1621 2170 1932 2233 natura.

486 2362 627 2425 Hoc
672 2362 943 2443 quidem
982 2363 1231 2441 dicunt,
1271 2381 1404 2426 non
1452 2363 1891 2442 intelligentes
1938 2362 2048 2443 pia
2089 2362 2432 2442 diligentia
2485 2361 2822 2442 scripturae
2871 2361 3454 2442 circumstantiam,

366 2497 488 2559 qua
532 2479 959 2559 considerata,
1009 2479 1255 2560 percipi
1296 2481 1512 2560 potest
1560 2478 1893 2560 quomodo
1943 2478 2286 2559 praemissa
2337 2477 2578 2540 dixerit
2614 2477 2928 2540 Hilarius
2973 2477 3458 2558 Subsequenter

369 2595 535 2657 enim
562 2597 631 2657 in
661 2596 891 2659 eadem
927 2595 1095 2659 serie
1141 2596 1449 2675 ostendit,
1483 2595 1550 2656 in
1589 2594 1828 2676 spiritu
1862 2595 1985 2658 Dei
2029 2593 2381 2675 aliquando
2421 2593 2775 2673 significari
2813 2593 3099 2673 Patrem,
3132 2595 3209 2655 ut
3248 2610 3456 2674 quum
3486 2616 3592 2659 [hid.
3613 2629 3659 2662 ιι.
3680 2617 3748 2659 25.

369 2709 616 2789 dicitur,
668 2711 955 2791 Spiritus
989 2709 1260 2784 Domini
1298 2727 1495 2791 super
1532 2727 1674 2790 me;
1726 2709 2078 2790 aliquando
2117 2708 2472 2789 significari
2520 2707 2790 2788 Filium,
2835 2710 2910 2770 ut
2946 2725 3151 2789 quum
3188 2708 3451 2788 dicitur,
3503 2732 3658 2782 [am.
3681 2735 3717 2774 ι.

370 2825 445 2886 In
476 2827 705 2907 spiritu
756 2827 881 2890 Dei
924 2827 1116 2907 ejicio
1153 2827 1503 2906 daemonia,
1536 2826 1787 2889 naturae
1838 2843 1976 2890 suae
2022 2827 2345 2906 potestate
2393 2842 2463 2888 se
2510 2824 2844 2888 daemones
2891 2825 3123 2905 ejicere
3178 2825 3456 2888 demon·
3496 2849 3750 2900 matema,

371 2944 605 3023 strans;
644 2942 997 3022 aliquando
1034 2942 1354 3022 Spiritum
1392 2943 1729 3020 Sanctum,
1762 2944 1837 3004 ut
1872 2942 1987 3020 ibi,
2022 2942 2373 3005 Effundam
2405 2942 2484 3005 de
2515 2941 2753 3022 spiritu
2782 2958 2929 3004 meo
2967 2959 3164 3022 super
3192 2958 3457 3004 omnem
3484 2917 3748 3026 &elma

377 3075 621 3121 carnem
666 3079 680 3120 ε
724 3059 903 3140 quod
957 3058 1117 3120 dicit
1161 3060 1693 3121 consummatum
1751 3057 1979 3137 fuisse,
2028 3075 2236 3139 quum
2284 3057 2610 3140 Apostoli,
2645 3056 2895 3138 Spiritu
2937 3057 3174 3120 Sancto
3227 3057 3456 3138 miss0,

381 3176 669 3240 omnibus
705 3176 951 3257 linguis
1000 3176 1201 3238 locuti
1250 3178 1423 3238 sunt.
1471 3175 1723 3238 Deinde
1770 3192 1969 3255 quare
2026 3175 2193 3237 hanc
2238 3175 2727 3238 distinctionem
2777 3174 3024 3253 fecerit,
3067 3176 3132 3238 et
3177 3175 3354 3255 quod
3392 3176 3460 3237 in
3501 3200 3603 3243 Aet.
3629 3213 3671 3249 ιι,
3694 3202 3734 3241 ι.

379 3292 805 3373 superioribus
831 3310 949 3373 per
983 3291 1183 3356 verba
1216 3291 1519 3372 Apostoli
1560 3291 1735 3354 idem
1772 3289 2058 3370 Spiritus
2095 3289 2374 3353 Sanctus
2411 3290 2816 3371 significatus
2854 3292 2963 3372 sit,
3005 3293 3070 3354 et
3105 3290 3284 3372 quod
3321 3291 3461 3371 ipse

382 3410 465 3471 sit
494 3426 591 3473 res
626 3410 824 3473 unius
860 3410 1111 3472 naturae
1157 3408 1375 3470 Patris
1412 3410 1476 3471 et
1512 3407 1689 3486 Filii,
1730 3408 1949 3487 aperte
1988 3405 2294 3485 ostendit,
2329 3406 2634 3486 inquiens
2666 3408 2758 3469 ita
2792 3427 2804 3468 :
2839 3408 2998 3471 Haec
3025 3408 3267 3470 idcirco
3306 3408 3463 3470 sunt
3525 3431 3658 3475 unu.
3680 3444 3754 3486 op.

379 3523 822 3605 demonstrata,
854 3527 930 3588 ut
966 3540 1381 3605 quacumque
1428 3524 1613 3603 parte
1659 3522 1968 3586 haeretica
2016 3522 2268 3585 falsitas
2321 3539 2391 3584 se
2439 3522 2846 3602 contulisset,
2885 3521 3130 3586 finibus
3168 3522 3462 3586 veritatis
3489 3496 3562 3539 ‘²³⁸‘
3587 3508 3632 3538 ¹³·
3657 3498 3725 3538 ²⁶·

384 3641 877 3705 concluderetur.
931 3640 1202 3703 Habitat
1255 3639 1433 3702 enim
1490 3638 1559 3700 in
1608 3637 1799 3701 nobis
1854 3636 2178 3717 Christus,
2231 3654 2362 3718 quo
2412 3636 2766 3717 habitante,
2818 3637 3069 3700 habitat
3123 3638 3344 3719 Deus;
3399 3639 3464 3701 et

384 3773 572 3836 quum
610 3756 858 3821 habitat
904 3757 973 3819 in
1012 3756 1203 3820 nobis
1242 3756 1515 3836 spiritus
1552 3754 1819 3833 Christi,
1859 3772 1993 3817 non
2031 3754 2202 3818 alius
2250 3754 2500 3817 habitat
2536 3770 2736 3834 quam
2773 3754 3046 3834 spiritus
3083 3753 3228 3816 Dei.
3271 3753 3464 3825 Quod

385 3872 442 3933 si
474 3890 577 3953 per
609 3873 929 3953 Spiritum
960 3872 1273 3936 Sanctum
1298 3871 1598 3934 Christus
1628 3871 1697 3933 in
1732 3870 1925 3934 nobis
1962 3871 2351 3951 intelligitur
2381 3888 2545 3950 esse,
2578 3870 2754 3931 hunc
2785 3871 3003 3932 tamen
3038 3870 3130 3932 ita
3157 3869 3463 3949 spiritum

386 3987 499 4051 Dei
532 3990 601 4052 ut
635 3990 944 4071 spiritum
980 3988 1223 4051 Christi
1260 4006 1403 4051 esse
1439 3987 1846 4051 noscendum
1886 3989 2021 4067 θεῖς
2062 3990 2127 4051 et
2155 4004 2361 4068 quum
2400 4004 2517 4067 per
2553 3986 2851 4048 naturam
2892 3985 3015 4048 Dei
3054 3987 3286 4048 natura
3322 3984 3466 4065 ipsa

388 4103 613 4168 habitat
653 4107 723 4168 in
763 4104 977 4184 nobis,
1018 4104 1394 4167 indifferens
1430 4105 1664 4167 natura
1700 4104 1853 4165 Filii
1892 4102 2177 4166 creditur
2223 4120 2364 4165 esse
2401 4120 2441 4165 a
2487 4102 2703 4182 Patre,
2737 4119 2946 4184 quum
2985 4101 3268 4182 Spiritus
3305 4101 3466 4165 San-

389 4221 539 4299 ctus,
568 4222 679 4303 qui
716 4223 815 4285 est
842 4220 1115 4301 spiritus
1153 4219 1395 4282 Christi
1435 4221 1500 4283 et
1536 4220 1808 4299 spiritus
1847 4218 1993 4294 Dei,
2027 4235 2129 4280 res
2165 4219 2413 4280 naturae
2452 4217 2934 4282 demonstretur
2969 4218 3190 4282 uniuS.
3224 4217 3460 4291 Quaero

387 4352 545 4399 nunc
578 4354 749 4418 ergo,
782 4336 1129 4409 Quomodo
1160 4352 1293 4397 non
1323 4353 1404 4398 ex
1441 4335 1674 4397 natura
1708 4350 1918 4396 unum
1956 4332 2159 4396 sunt?
2190 4334 2249 4395 A
2286 4333 2478 4395 Patre
2506 4335 2800 4413 procedit
2828 4335 3114 4416 Spiritus
3141 4335 3458 4415 veritatiS,
3501 4362 3753 4417 ammam,

389 4467 428 4511 a
464 4450 612 4514 Filio
648 4452 954 4527 mittitur,
988 4454 1050 4515 et
1102 4469 1141 4514 a
1176 4451 1346 4513 Filio
1385 4450 1643 4529 accipit.
1677 4449 1805 4513 Sed
1853 4450 2075 4511 omnia
2117 4466 2264 4539 quae
2311 4447 2506 4511 habet
2556 4448 2772 4528 Pater,
2805 4450 2956 4511 Filii
3003 4452 3178 4513 sunt.
3214 4450 3461 4513 Idcirco
3493 4427 3642 4532 ¹2⁸2,st
3666 4502 3752 4540 m

391 4567 501 4645 qui
532 4568 605 4631 ab
638 4586 711 4631 eo
748 4568 1011 4648 accipit,
1038 4567 1161 4631 Dei
1199 4566 1471 4647 spiritus
1501 4566 1622 4644 est,
1656 4566 1721 4628 et
1749 4565 1925 4627 idem
1954 4565 2227 4645 spiritus
2264 4564 2506 4627 christi
2545 4565 2664 4627 est.
2697 4565 2830 4628 Res
2868 4567 3117 4629 naturae
3153 4566 3308 4627 Filii
3337 4568 3459 4647 est,
3493 4552 3558 4593 ¹⁵·

391 4682 504 4744 sed
534 4686 590 4747 et
616 4685 837 4748 eadem
866 4702 971 4747 res
1002 4685 1066 4747 et
1094 4685 1341 4745 naturae
1379 4681 1595 4743 Patris
1625 4682 1760 4761 est3
1802 4681 1866 4743 et
1901 4680 2026 4743 Dei
2055 4680 2401 4742 excitantis
2430 4679 2764 4743 Christum
2795 4698 2832 4743 a
2870 4682 3150 4745 mortuis
3191 4682 3464 4763 spiritus

393 4800 511 4877 ost,
538 4802 594 4863 et
626 4801 795 4863 idem
838 4800 1113 4881 spiritus
1150 4796 1394 4860 Christi
1427 4798 1526 4859 est
1568 4814 1605 4858 a
1652 4796 1933 4858 mortuis
1976 4794 2266 4857 excitati.
2312 4795 2388 4856 In
2435 4795 2656 4876 aliquo
2695 4797 2912 4861 differt
2949 4798 3192 4861 Christi
3239 4799 3303 4861 et
3338 4797 3460 4861 Dei

392 4916 605 4978 natura
638 4934 715 4979 ne
752 4916 981 4980 eadem
1012 4915 1121 4994 sit,
1154 4915 1211 4976 si
1248 4913 1543 4994 praestari
1572 4914 1791 4993 potest
1818 4913 1892 4975 ut
1918 4912 2192 4992 spiritus
2223 4911 2338 4992 qui
2366 4911 2489 4974 Dei
2528 4911 2648 4991 est,
2682 4928 2815 4973 non
2851 4914 2938 4974 sit
2967 4914 3161 4975 etiam
3191 4912 3457 4977 Christi.

398 5028 513 5090 Est
550 5048 687 5113 ergo
732 5034 802 5095 in
848 5031 1041 5096 nohis
1077 5030 1347 5110 spiritus
1396 5028 1543 5107 Dei,
1592 5029 1656 5090 et
1702 5030 1801 5090 est
1839 5027 1907 5088 in
1942 5026 2134 5089 nobis
2172 5026 2446 5106 spiritus
2488 5026 2776 5106 Christi;
2821 5028 2887 5089 et
2933 5044 3138 5107 quum
3188 5028 3460 5108 spiritus
3520 5065 3652 5111 „aa
3678 5080 3750 5123 ορ,

394 5142 622 5209 Christi
664 5150 852 5228 inest,
896 5148 1065 5211 inest
1112 5144 1385 5225 spiritus
1431 5143 1576 5206 Dei.
1620 5142 1720 5205 Ita
1768 5160 1976 5223 quum
2032 5141 2211 5223 quod
2248 5142 2370 5205 Dei
2429 5143 2548 5219 est,
2595 5143 2661 5203 et
2707 5142 2948 5204 Christi
2994 5144 3114 5219 est,
3169 5144 3234 5205 et
3283 5144 3461 5223 quod
3489 5130 3563 5173 ⁰⁵²·
3589 5134 3724 5174 ²²⁷·

396 5258 623 5325 Christi
666 5267 781 5345 est,
823 5264 944 5328 Dei
998 5264 1097 5325 est
1132 5282 1149 5341 3
1202 5241 1335 5322 non
1392 5260 1610 5339 potest
1658 5258 1819 5338 quid
1870 5258 2050 5322 aliud
2101 5258 2439 5321 diversum
2491 5256 2790 5319 Christus
2841 5274 2982 5320 esse
3029 5274 3230 5338 quam
3279 5259 3461 5323 Deus
