<?xml version="1.0" encoding="UTF-8"?>
<!DOCTYPE html PUBLIC "-//W3C//DTD XHTML 1.0 Transitional//EN"
    "http://www.w3.org/TR/xhtml1/DTD/xhtml1-transitional.dtd">
<html xmlns="http://www.w3.org/1999/xhtml" xml:lang="en" lang="en">
 <head>
  <title>
</title>
<meta http-equiv="Content-Type" content="text/html;charset=utf-8" />
  <meta name='ocr-system' content='tesseract 3.04.00' />
  <meta name='ocr-capabilities' content='ocr_page ocr_carea ocr_par ocr_line ocrx_word'/>
</head>
<body>
  <div class='ocr_page' id='page_1' title='image "./doctorisecstati11unkngoog_0363.png"; bbox 0 0 4359 6250; ppageno 0'>
   <div class='ocr_carea' id='block_1_1' title="bbox 1263 484 2584 532">
    <p class='ocr_par' dir='ltr' id='par_1_1' title="bbox 1263 484 2584 532">
     <span class='ocr_line' id='line_1_1' title="bbox 1263 484 2584 532; baseline 0.002 -3"><span class='ocrx_word' id='word_1_1' title='bbox 1263 484 1437 530; x_wconf 67' lang='lat' dir='ltr'>LIBER</span> <span class='ocrx_word' id='word_1_2' title='bbox 1479 486 1498 529; x_wconf 91' lang='grc'>1</span> <span class='ocrx_word' id='word_1_3' title='bbox 1541 484 2022 531; x_wconf 69' lang='grc' dir='ltr'><strong>ΞΕΝΤΕΝΤῙΑΒΠΜ.</strong></span> <span class='ocrx_word' id='word_1_4' title='bbox 2068 503 2149 512; x_wconf 87' lang='grc'>-</span> <span class='ocrx_word' id='word_1_5' title='bbox 2191 487 2342 532; x_wconf 79' lang='lat' dir='ltr'><strong>msT.</strong></span> <span class='ocrx_word' id='word_1_6' title='bbox 2389 485 2584 531; x_wconf 82' lang='lat' dir='ltr'><strong>xxxm</strong></span> 
     </span>
    </p>
   </div>
   <div class='ocr_carea' id='block_1_2' title="bbox 3349 465 3464 530">
    <p class='ocr_par' dir='ltr' id='par_1_2' title="bbox 3349 465 3464 530">
     <span class='ocr_line' id='line_1_2' title="bbox 3349 465 3464 530; baseline 0 0"><span class='ocrx_word' id='word_1_7' title='bbox 3349 465 3464 530; x_wconf 76' lang='lat'><strong>351</strong></span> 
     </span>
    </p>
   </div>
   <div class='ocr_carea' id='block_1_3' title="bbox 368 652 3466 739">
    <p class='ocr_par' dir='ltr' id='par_1_3' title="bbox 368 652 3466 739">
     <span class='ocr_line' id='line_1_3' title="bbox 368 652 3466 739; baseline 0.003 -29"><span class='ocrx_word' id='word_1_8' title='bbox 368 656 441 710; x_wconf 89' lang='lat' dir='ltr'><strong>ut</strong></span> <span class='ocrx_word' id='word_1_9' title='bbox 472 669 675 732; x_wconf 90' lang='lat' dir='ltr'><strong>quum</strong></span> <span class='ocrx_word' id='word_1_10' title='bbox 706 652 960 729; x_wconf 90' lang='lat' dir='ltr'><strong>dicitur,</strong></span> <span class='ocrx_word' id='word_1_11' title='bbox 994 655 1124 718; x_wconf 85' lang='lat' dir='ltr'><strong>Rex</strong></span> <span class='ocrx_word' id='word_1_12' title='bbox 1163 655 1348 737; x_wconf 91' lang='lat' dir='ltr'><strong>punit</strong></span> <span class='ocrx_word' id='word_1_13' title='bbox 1386 675 1500 738; x_wconf 92' lang='lat' dir='ltr'><strong>per</strong></span> <span class='ocrx_word' id='word_1_14' title='bbox 1529 655 1859 719; x_wconf 84' lang='lat' dir='ltr'><strong>ballivum.</strong></span> <span class='ocrx_word' id='word_1_15' title='bbox 1893 655 1946 718; x_wconf 90' lang='lat' dir='ltr'><strong>A</strong></span> <span class='ocrx_word' id='word_1_16' title='bbox 1976 656 2188 737; x_wconf 91' lang='lat' dir='ltr'><strong>ipsum</strong></span> <span class='ocrx_word' id='word_1_17' title='bbox 2232 663 2346 719; x_wconf 88' lang='lat' dir='ltr'><strong>est.</strong></span> <span class='ocrx_word' id='word_1_18' title='bbox 2391 656 2586 719; x_wconf 87' lang='lat' dir='ltr'><strong>Filius</strong></span> <span class='ocrx_word' id='word_1_19' title='bbox 2627 674 2882 739; x_wconf 89' lang='lat' dir='ltr'><strong>quoque</strong></span> <span class='ocrx_word' id='word_1_20' title='bbox 2923 655 3172 738; x_wconf 91' lang='lat' dir='ltr'><strong>accepit</strong></span> <span class='ocrx_word' id='word_1_21' title='bbox 3213 675 3250 718; x_wconf 90' lang='lat' dir='ltr'><strong>a</strong></span> <span class='ocrx_word' id='word_1_22' title='bbox 3289 655 3466 718; x_wconf 89' lang='lat' dir='ltr'><strong>Patre</strong></span> 
     </span>
    </p>
   </div>
   <div class='ocr_carea' id='block_1_4' title="bbox 362 747 1866 1818">
    <p class='ocr_par' dir='ltr' id='par_1_4' title="bbox 362 747 1866 1818">
     <span class='ocr_line' id='line_1_4' title="bbox 362 747 1860 835; baseline 0.003 -26"><span class='ocrx_word' id='word_1_23' title='bbox 362 747 495 810; x_wconf 85' lang='lat' dir='ltr'><strong>Nec</strong></span> <span class='ocrx_word' id='word_1_24' title='bbox 539 750 851 831; x_wconf 89' lang='lat' dir='ltr'><strong>sequitur,</strong></span> <span class='ocrx_word' id='word_1_25' title='bbox 887 753 1066 816; x_wconf 90' lang='lat' dir='ltr'><strong>Pater</strong></span> <span class='ocrx_word' id='word_1_26' title='bbox 1108 761 1562 835; x_wconf 73' lang='lat' dir='ltr'><strong>operatur‚per</strong></span> <span class='ocrx_word' id='word_1_27' title='bbox 1606 753 1860 827; x_wconf 81' lang='lat' dir='ltr'><strong>Filium,</strong></span> 
     </span>
     <span class='ocr_line' id='line_1_5' title="bbox 362 851 1865 935; baseline 0.004 -29"><span class='ocrx_word' id='word_1_28' title='bbox 362 863 519 927; x_wconf 82' lang='lat' dir='ltr'><strong>ergo</strong></span> <span class='ocrx_word' id='word_1_29' title='bbox 546 855 645 909; x_wconf 87' lang='lat' dir='ltr'><strong>est</strong></span> <span class='ocrx_word' id='word_1_30' title='bbox 674 857 899 930; x_wconf 89' lang='lat' dir='ltr'><strong>potens</strong></span> <span class='ocrx_word' id='word_1_31' title='bbox 931 870 1047 933; x_wconf 90' lang='lat' dir='ltr'><strong>per</strong></span> <span class='ocrx_word' id='word_1_32' title='bbox 1074 852 1305 914; x_wconf 89' lang='lat' dir='ltr'><strong>Filium</strong></span> <span class='ocrx_word' id='word_1_33' title='bbox 1332 852 1523 935; x_wconf 89' lang='lat' dir='ltr'><strong>:quia</strong></span> <span class='ocrx_word' id='word_1_34' title='bbox 1563 851 1627 914; x_wconf 89' lang='lat' dir='ltr'><strong>in</strong></span> <span class='ocrx_word' id='word_1_35' title='bbox 1658 851 1865 933; x_wconf 90' lang='lat' dir='ltr'><strong>prima</strong></span> 
     </span>
     <span class='ocr_line' id='line_1_6' title="bbox 364 946 1864 1032; baseline 0.003 -27"><span class='ocrx_word' id='word_1_36' title='bbox 364 946 805 1027; x_wconf 86' lang='lat' dir='ltr'><strong>propositione</strong></span> <span class='ocrx_word' id='word_1_37' title='bbox 856 950 1223 1030; x_wconf 83' lang='lat' dir='ltr'><strong>designatur</strong></span> <span class='ocrx_word' id='word_1_38' title='bbox 1269 950 1603 1012; x_wconf 88' lang='lat' dir='ltr'><strong>causalitas</strong></span> <span class='ocrx_word' id='word_1_39' title='bbox 1653 969 1864 1032; x_wconf 90' lang='lat' dir='ltr'><strong>respe-</strong></span> 
     </span>
     <span class='ocr_line' id='line_1_7' title="bbox 364 1044 1859 1130; baseline 0.006 -27"><span class='ocrx_word' id='word_1_40' title='bbox 364 1051 473 1105; x_wconf 85' lang='lat' dir='ltr'><strong>ctu</strong></span> <span class='ocrx_word' id='word_1_41' title='bbox 525 1044 821 1120; x_wconf 80' lang='lat' dir='ltr'><strong>effectus,</strong></span> <span class='ocrx_word' id='word_1_42' title='bbox 858 1048 921 1109; x_wconf 90' lang='lat' dir='ltr'><strong>in</strong></span> <span class='ocrx_word' id='word_1_43' title='bbox 974 1049 1251 1110; x_wconf 86' lang='lat' dir='ltr'><strong>secunda</strong></span> <span class='ocrx_word' id='word_1_44' title='bbox 1300 1056 1589 1130; x_wconf 87' lang='lat' dir='ltr'><strong>respectu</strong></span> <span class='ocrx_word' id='word_1_45' title='bbox 1642 1049 1859 1112; x_wconf 76' lang='lat' dir='ltr'><strong>Patris.</strong></span> 
     </span>
     <span class='ocr_line' id='line_1_8' title="bbox 362 1143 1863 1229; baseline 0.003 -25"><span class='ocrx_word' id='word_1_46' title='bbox 362 1177 443 1186; x_wconf 91' lang='lat'><strong>—-</strong></span> <span class='ocrx_word' id='word_1_47' title='bbox 495 1143 696 1206; x_wconf 89' lang='lat' dir='ltr'><strong>Filius</strong></span> <span class='ocrx_word' id='word_1_48' title='bbox 744 1162 997 1228; x_wconf 92' lang='lat' dir='ltr'><strong>quoque</strong></span> <span class='ocrx_word' id='word_1_49' title='bbox 1054 1147 1289 1209; x_wconf 85' lang='lat' dir='ltr'><strong>dicitur</strong></span> <span class='ocrx_word' id='word_1_50' title='bbox 1335 1147 1619 1229; x_wconf 88' lang='lat' dir='ltr'><strong>potentia</strong></span> <span class='ocrx_word' id='word_1_51' title='bbox 1666 1147 1863 1210; x_wconf 88' lang='lat' dir='ltr'><strong>Patris</strong></span> 
     </span>
     <span class='ocr_line' id='line_1_9' title="bbox 364 1241 1863 1327; baseline 0.005 -26"><span class='ocrx_word' id='word_1_52' title='bbox 364 1259 477 1302; x_wconf 91' lang='lat' dir='ltr'><strong>seu</strong></span> <span class='ocrx_word' id='word_1_53' title='bbox 530 1241 758 1314; x_wconf 88' lang='lat' dir='ltr'><strong>virtus,</strong></span> <span class='ocrx_word' id='word_1_54' title='bbox 794 1262 921 1306; x_wconf 92' lang='lat' dir='ltr'><strong>non</strong></span> <span class='ocrx_word' id='word_1_55' title='bbox 969 1264 1097 1327; x_wconf 92' lang='lat' dir='ltr'><strong>qua</strong></span> <span class='ocrx_word' id='word_1_56' title='bbox 1144 1244 1321 1307; x_wconf 89' lang='lat' dir='ltr'><strong>Pater</strong></span> <span class='ocrx_word' id='word_1_57' title='bbox 1364 1244 1714 1308; x_wconf 80' lang='lat' dir='ltr'>formaliter</span> <span class='ocrx_word' id='word_1_58' title='bbox 1758 1263 1863 1327; x_wconf 91' lang='lat' dir='ltr'><strong>po-</strong></span> 
     </span>
     <span class='ocr_line' id='line_1_10' title="bbox 364 1343 1863 1427; baseline 0.003 -27"><span class='ocrx_word' id='word_1_59' title='bbox 364 1345 506 1402; x_wconf 89' lang='lat' dir='ltr'><strong>tens</strong></span> <span class='ocrx_word' id='word_1_60' title='bbox 564 1348 685 1414; x_wconf 92' lang='lat' dir='ltr'><strong>est,</strong></span> <span class='ocrx_word' id='word_1_61' title='bbox 737 1343 846 1405; x_wconf 89' lang='lat' dir='ltr'><strong>sed</strong></span> <span class='ocrx_word' id='word_1_62' title='bbox 904 1351 1204 1425; x_wconf 86' lang='lat' dir='ltr'><strong>tanquam</strong></span> <span class='ocrx_word' id='word_1_63' title='bbox 1254 1343 1317 1405; x_wconf 90' lang='lat' dir='ltr'><strong>id</strong></span> <span class='ocrx_word' id='word_1_64' title='bbox 1372 1344 1436 1405; x_wconf 89' lang='lat' dir='ltr'><strong>in</strong></span> <span class='ocrx_word' id='word_1_65' title='bbox 1490 1361 1618 1427; x_wconf 92' lang='lat' dir='ltr'><strong>quo</strong></span> <span class='ocrx_word' id='word_1_66' title='bbox 1664 1343 1863 1406; x_wconf 90' lang='lat' dir='ltr'><strong>Patris</strong></span> 
     </span>
     <span class='ocr_line' id='line_1_11' title="bbox 366 1441 1861 1525; baseline 0.004 -27"><span class='ocrx_word' id='word_1_67' title='bbox 366 1445 649 1519; x_wconf 85' lang='lat' dir='ltr'><strong>potestas</strong></span> <span class='ocrx_word' id='word_1_68' title='bbox 706 1441 1059 1521; x_wconf 82' lang='lat' dir='ltr'><strong>praesertim</strong></span> <span class='ocrx_word' id='word_1_69' title='bbox 1122 1441 1384 1517; x_wconf 81' lang='lat' dir='ltr'><strong>relucet,</strong></span> <span class='ocrx_word' id='word_1_70' title='bbox 1446 1449 1508 1504; x_wconf 91' lang='lat' dir='ltr'><strong>et</strong></span> <span class='ocrx_word' id='word_1_71' title='bbox 1561 1449 1861 1525; x_wconf 75' lang='lat' dir='ltr'><strong>tanquam</strong></span> 
     </span>
     <span class='ocr_line' id='line_1_12' title="bbox 366 1539 1866 1622; baseline 0.003 -24"><span class='ocrx_word' id='word_1_72' title='bbox 366 1555 639 1616; x_wconf 90' lang='lat' dir='ltr'><strong>persona</strong></span> <span class='ocrx_word' id='word_1_73' title='bbox 669 1556 782 1619; x_wconf 88' lang='lat' dir='ltr'><strong>per</strong></span> <span class='ocrx_word' id='word_1_74' title='bbox 812 1558 1004 1620; x_wconf 91' lang='lat' dir='ltr'><strong>quam</strong></span> <span class='ocrx_word' id='word_1_75' title='bbox 1036 1539 1214 1602; x_wconf 89' lang='lat' dir='ltr'><strong>Pater</strong></span> <span class='ocrx_word' id='word_1_76' title='bbox 1244 1548 1561 1622; x_wconf 81' lang='lat' dir='ltr'><strong>operatur,</strong></span> <span class='ocrx_word' id='word_1_77' title='bbox 1580 1559 1706 1603; x_wconf 89' lang='lat' dir='ltr'><strong>non</strong></span> <span class='ocrx_word' id='word_1_78' title='bbox 1740 1548 1866 1602; x_wconf 89' lang='lat' dir='ltr'><strong>tan·</strong></span> 
     </span>
     <span class='ocr_line' id='line_1_13' title="bbox 364 1635 1863 1716; baseline 0.004 -21"><span class='ocrx_word' id='word_1_79' title='bbox 364 1653 557 1716; x_wconf 90' lang='lat' dir='ltr'><strong>quam</strong></span> <span class='ocrx_word' id='word_1_80' title='bbox 592 1655 709 1716; x_wconf 89' lang='lat' dir='ltr'><strong>per</strong></span> <span class='ocrx_word' id='word_1_81' title='bbox 737 1635 1232 1700; x_wconf 82' lang='lat' dir='ltr'><strong>instrumentum</strong></span> <span class='ocrx_word' id='word_1_82' title='bbox 1264 1646 1373 1700; x_wconf 91' lang='lat' dir='ltr'><strong>aut</strong></span> <span class='ocrx_word' id='word_1_83' title='bbox 1416 1640 1719 1712; x_wconf 90' lang='lat' dir='ltr'><strong>medium,</strong></span> <span class='ocrx_word' id='word_1_84' title='bbox 1752 1639 1863 1701; x_wconf 90' lang='lat' dir='ltr'><strong>sed</strong></span> 
     </span>
     <span class='ocr_line' id='line_1_14' title="bbox 365 1731 1864 1818; baseline 0.003 -24"><span class='ocrx_word' id='word_1_85' title='bbox 365 1731 531 1796; x_wconf 91' lang='lat' dir='ltr'><strong>sicut</strong></span> <span class='ocrx_word' id='word_1_86' title='bbox 563 1752 681 1815; x_wconf 89' lang='lat' dir='ltr'><strong>per</strong></span> <span class='ocrx_word' id='word_1_87' title='bbox 711 1753 860 1797; x_wconf 91' lang='lat' dir='ltr'><strong>eum</strong></span> <span class='ocrx_word' id='word_1_88' title='bbox 902 1735 1011 1817; x_wconf 89' lang='lat' dir='ltr'><strong>qui</strong></span> <span class='ocrx_word' id='word_1_89' title='bbox 1055 1745 1431 1818; x_wconf 87' lang='lat' dir='ltr'><strong>potestatem</strong></span> <span class='ocrx_word' id='word_1_90' title='bbox 1471 1736 1662 1799; x_wconf 87' lang='lat' dir='ltr'><strong>habet</strong></span> <span class='ocrx_word' id='word_1_91' title='bbox 1692 1757 1729 1798; x_wconf 91' lang='lat' dir='ltr'><strong>a</strong></span> <span class='ocrx_word' id='word_1_92' title='bbox 1756 1738 1864 1799; x_wconf 89' lang='lat' dir='ltr'><strong>Pa-</strong></span> 
     </span>
    </p>
   </div>
   <div class='ocr_carea' id='block_1_5' title="bbox 1973 752 3472 1817">
    <p class='ocr_par' dir='ltr' id='par_1_5' title="bbox 1973 752 3468 916">
     <span class='ocr_line' id='line_1_15' title="bbox 1975 752 3468 838; baseline 0.001 -24"><span class='ocrx_word' id='word_1_93' title='bbox 1975 754 2324 834; x_wconf 90' lang='lat' dir='ltr'><strong>potentiam</strong></span> <span class='ocrx_word' id='word_1_94' title='bbox 2367 755 2758 838; x_wconf 89' lang='lat' dir='ltr'><strong>producendi</strong></span> <span class='ocrx_word' id='word_1_95' title='bbox 2799 773 2978 835; x_wconf 77' lang='lat' dir='ltr'><strong>aeque</strong></span> <span class='ocrx_word' id='word_1_96' title='bbox 3019 752 3366 835; x_wconf 77' lang='lat' dir='ltr'><strong>perfectam</strong></span> <span class='ocrx_word' id='word_1_97' title='bbox 3398 763 3468 815; x_wconf 91' lang='lat' dir='ltr'><strong>ut</strong></span> 
     </span>
     <span class='ocr_line' id='line_1_16' title="bbox 1973 851 3092 916; baseline 0 -4"><span class='ocrx_word' id='word_1_98' title='bbox 1973 851 2165 914; x_wconf 89' lang='lat' dir='ltr'><strong>habet</strong></span> <span class='ocrx_word' id='word_1_99' title='bbox 2207 853 2403 915; x_wconf 89' lang='lat' dir='ltr'><strong>Pater.</strong></span> <span class='ocrx_word' id='word_1_100' title='bbox 2451 854 2592 916; x_wconf 85' lang='lat' dir='ltr'><strong>Haec</strong></span> <span class='ocrx_word' id='word_1_101' title='bbox 2635 853 3092 914; x_wconf 87' lang='lat' dir='ltr'><strong>Bonaventura.</strong></span> 
     </span>
    </p>

    <p class='ocr_par' dir='ltr' id='par_1_6' title="bbox 1973 949 3472 1817">
     <span class='ocr_line' id='line_1_17' title="bbox 2054 949 3467 1031; baseline -0.001 -20"><span class='ocrx_word' id='word_1_102' title='bbox 2054 950 2214 1013; x_wconf 88' lang='lat' dir='ltr'><strong>Hinc</strong></span> <span class='ocrx_word' id='word_1_103' title='bbox 2253 951 2472 1012; x_wconf 88' lang='lat' dir='ltr'><strong>Petrus</strong></span> <span class='ocrx_word' id='word_1_104' title='bbox 2507 969 2520 1012; x_wconf 93' lang='lat'>:</span> <span class='ocrx_word' id='word_1_105' title='bbox 2555 950 2907 1012; x_wconf 88' lang='lat' dir='ltr'><strong>Verborum</strong></span> <span class='ocrx_word' id='word_1_106' title='bbox 2937 950 3203 1031; x_wconf 89' lang='lat' dir='ltr'><strong>(inquit)</strong></span> <span class='ocrx_word' id='word_1_107' title='bbox 3242 949 3467 1031; x_wconf 81' lang='lat' dir='ltr'><strong>praedi·</strong></span> 
     </span>
     <span class='ocr_line' id='line_1_18' title="bbox 1974 1047 3472 1130; baseline 0 -22"><span class='ocrx_word' id='word_1_108' title='bbox 1974 1047 2276 1110; x_wconf 89' lang='lat' dir='ltr'><strong>cabilium</strong></span> <span class='ocrx_word' id='word_1_109' title='bbox 2309 1050 2386 1110; x_wconf 89' lang='lat' dir='ltr'><strong>de</strong></span> <span class='ocrx_word' id='word_1_110' title='bbox 2418 1049 2977 1130; x_wconf 81' lang='lat' dir='ltr'><strong>diviniS‚quaedarn</strong></span> <span class='ocrx_word' id='word_1_111' title='bbox 3009 1056 3157 1110; x_wconf 90' lang='lat' dir='ltr'><strong>sunt</strong></span> <span class='ocrx_word' id='word_1_112' title='bbox 3187 1047 3472 1110; x_wconf 92' lang='lat' dir='ltr'><strong>substan·</strong></span> 
     </span>
     <span class='ocr_line' id='line_1_19' title="bbox 1974 1146 3468 1229; baseline 0.001 -22"><span class='ocrx_word' id='word_1_113' title='bbox 1974 1146 2123 1220; x_wconf 89' lang='lat' dir='ltr'><strong>tiva,</strong></span> <span class='ocrx_word' id='word_1_114' title='bbox 2150 1155 2219 1208; x_wconf 87' lang='lat' dir='ltr'><strong>ut</strong></span> <span class='ocrx_word' id='word_1_115' title='bbox 2249 1165 2420 1226; x_wconf 85' lang='lat' dir='ltr'><strong>esse3</strong></span> <span class='ocrx_word' id='word_1_116' title='bbox 2453 1148 2741 1229; x_wconf 81' lang='lat' dir='ltr'><strong>quaedam</strong></span> <span class='ocrx_word' id='word_1_117' title='bbox 2771 1147 3122 1227; x_wconf 88' lang='lat' dir='ltr'><strong>adjectiva:</strong></span> <span class='ocrx_word' id='word_1_118' title='bbox 3149 1154 3210 1208; x_wconf 91' lang='lat' dir='ltr'><strong>et</strong></span> <span class='ocrx_word' id='word_1_119' title='bbox 3239 1146 3468 1208; x_wconf 90' lang='lat' dir='ltr'><strong>horum</strong></span> 
     </span>
     <span class='ocr_line' id='line_1_20' title="bbox 1973 1244 3470 1327; baseline -0.001 -21"><span class='ocrx_word' id='word_1_120' title='bbox 1973 1245 2263 1327; x_wconf 81' lang='lat' dir='ltr'><strong>quaedam</strong></span> <span class='ocrx_word' id='word_1_121' title='bbox 2293 1245 2661 1326; x_wconf 81' lang='lat' dir='ltr'><strong>significant</strong></span> <span class='ocrx_word' id='word_1_122' title='bbox 2695 1253 2938 1308; x_wconf 87' lang='lat' dir='ltr'><strong>motum</strong></span> <span class='ocrx_word' id='word_1_123' title='bbox 2969 1245 3048 1306; x_wconf 90' lang='lat' dir='ltr'><strong>ad</strong></span> <span class='ocrx_word' id='word_1_124' title='bbox 3077 1244 3380 1319; x_wconf 89' lang='lat' dir='ltr'><strong>animam,</strong></span> <span class='ocrx_word' id='word_1_125' title='bbox 3401 1251 3470 1305; x_wconf 90' lang='lat' dir='ltr'><strong>ut</strong></span> 
     </span>
     <span class='ocr_line' id='line_1_21' title="bbox 1975 1342 3464 1426; baseline 0 -22"><span class='ocrx_word' id='word_1_126' title='bbox 1975 1343 2328 1424; x_wconf 87' lang='lat' dir='ltr'><strong>intelligere</strong></span> <span class='ocrx_word' id='word_1_127' title='bbox 2357 1362 2373 1423; x_wconf 84' lang='lat'><em>3</em></span> <span class='ocrx_word' id='word_1_128' title='bbox 2433 1344 2722 1426; x_wconf 82' lang='lat' dir='ltr'><strong>quaedam</strong></span> <span class='ocrx_word' id='word_1_129' title='bbox 2788 1351 3032 1405; x_wconf 91' lang='lat' dir='ltr'><strong>motum</strong></span> <span class='ocrx_word' id='word_1_130' title='bbox 3096 1342 3182 1404; x_wconf 88' lang='lat' dir='ltr'><strong>ab</strong></span> <span class='ocrx_word' id='word_1_131' title='bbox 3235 1343 3464 1404; x_wconf 89' lang='lat' dir='ltr'><strong>anima.</strong></span> 
     </span>
     <span class='ocr_line' id='line_1_22' title="bbox 1973 1439 3471 1523; baseline 0 -20"><span class='ocrx_word' id='word_1_132' title='bbox 1973 1442 2252 1515; x_wconf 87' lang='lat' dir='ltr'><strong>Quorum</strong></span> <span class='ocrx_word' id='word_1_133' title='bbox 2298 1444 2425 1505; x_wconf 90' lang='lat' dir='ltr'><strong>duo</strong></span> <span class='ocrx_word' id='word_1_134' title='bbox 2474 1450 2622 1505; x_wconf 93' lang='lat' dir='ltr'><strong>sunt</strong></span> <span class='ocrx_word' id='word_1_135' title='bbox 2673 1442 2842 1505; x_wconf 92' lang='lat' dir='ltr'><strong>modi</strong></span> <span class='ocrx_word' id='word_1_136' title='bbox 2892 1459 2906 1504; x_wconf 72' lang='grc' dir='ltr'>ε</span> <span class='ocrx_word' id='word_1_137' title='bbox 2950 1439 3252 1523; x_wconf 90' lang='lat' dir='ltr'><strong>quoniam</strong></span> <span class='ocrx_word' id='word_1_138' title='bbox 3301 1460 3471 1523; x_wconf 84' lang='lat' dir='ltr'><strong>quae-</strong></span> 
     </span>
     <span class='ocr_line' id='line_1_23' title="bbox 1974 1539 3471 1612; baseline -0.001 -10"><span class='ocrx_word' id='word_1_139' title='bbox 1974 1540 2117 1602; x_wconf 91' lang='lat' dir='ltr'><strong>dam</strong></span> <span class='ocrx_word' id='word_1_140' title='bbox 2172 1549 2515 1604; x_wconf 86' lang='lat' dir='ltr'><strong>connotant</strong></span> <span class='ocrx_word' id='word_1_141' title='bbox 2563 1541 2869 1604; x_wconf 80' lang='lat' dir='ltr'><strong>effectum</strong></span> <span class='ocrx_word' id='word_1_142' title='bbox 2920 1539 2986 1602; x_wconf 90' lang='lat' dir='ltr'><strong>in</strong></span> <span class='ocrx_word' id='word_1_143' title='bbox 3039 1548 3348 1612; x_wconf 87' lang='lat' dir='ltr'><strong>creatura,</strong></span> <span class='ocrx_word' id='word_1_144' title='bbox 3401 1546 3471 1601; x_wconf 89' lang='lat' dir='ltr'><strong>ut</strong></span> 
     </span>
     <span class='ocr_line' id='line_1_24' title="bbox 1974 1637 3470 1722; baseline -0.002 -22"><span class='ocrx_word' id='word_1_145' title='bbox 1974 1637 2360 1722; x_wconf 80' lang='lat' dir='ltr'><strong>gubernare3</strong></span> <span class='ocrx_word' id='word_1_146' title='bbox 2392 1639 2680 1721; x_wconf 81' lang='lat' dir='ltr'><strong>quaedam</strong></span> <span class='ocrx_word' id='word_1_147' title='bbox 2714 1643 3074 1719; x_wconf 88' lang='lat' dir='ltr'><strong>respectum</strong></span> <span class='ocrx_word' id='word_1_148' title='bbox 3106 1643 3374 1708; x_wconf 89' lang='lat' dir='ltr'><strong>tantum,</strong></span> <span class='ocrx_word' id='word_1_149' title='bbox 3399 1643 3470 1696; x_wconf 89' lang='lat' dir='ltr'><strong>ut</strong></span> 
     </span>
     <span class='ocr_line' id='line_1_25' title="bbox 1976 1734 3468 1817; baseline -0.002 -19"><span class='ocrx_word' id='word_1_150' title='bbox 1976 1753 2160 1817; x_wconf 90' lang='lat' dir='ltr'><strong>posse</strong></span> <span class='ocrx_word' id='word_1_151' title='bbox 2192 1744 2254 1797; x_wconf 90' lang='lat' dir='ltr'><strong>et</strong></span> <span class='ocrx_word' id='word_1_152' title='bbox 2285 1735 2467 1799; x_wconf 90' lang='lat' dir='ltr'><strong>velle.</strong></span> <span class='ocrx_word' id='word_1_153' title='bbox 2503 1737 2570 1798; x_wconf 90' lang='lat' dir='ltr'><strong>ln</strong></span> <span class='ocrx_word' id='word_1_154' title='bbox 2601 1735 2849 1798; x_wconf 89' lang='lat' dir='ltr'><strong>actibus</strong></span> <span class='ocrx_word' id='word_1_155' title='bbox 2881 1752 3030 1814; x_wconf 86' lang='lat' dir='ltr'><strong>ergo</strong></span> <span class='ocrx_word' id='word_1_156' title='bbox 3061 1734 3253 1816; x_wconf 90' lang='lat' dir='ltr'><strong>primi</strong></span> <span class='ocrx_word' id='word_1_157' title='bbox 3284 1740 3347 1795; x_wconf 90' lang='lat' dir='ltr'><strong>et</strong></span> <span class='ocrx_word' id='word_1_158' title='bbox 3375 1753 3468 1795; x_wconf 89' lang='lat' dir='ltr'><strong>se·</strong></span> 
     </span>
    </p>
   </div>
   <div class='ocr_carea' id='block_1_6' title="bbox 364 1831 3467 1917">
    <p class='ocr_par' dir='ltr' id='par_1_7' title="bbox 364 1831 3467 1917">
     <span class='ocr_line' id='line_1_26' title="bbox 364 1831 3467 1917; baseline 0.001 -26"><span class='ocrx_word' id='word_1_159' title='bbox 364 1837 477 1904; x_wconf 85' lang='lat' dir='ltr'><strong>tre,</strong></span> <span class='ocrx_word' id='word_1_160' title='bbox 512 1840 579 1893; x_wconf 89' lang='lat' dir='ltr'><strong>et</strong></span> <span class='ocrx_word' id='word_1_161' title='bbox 622 1833 727 1895; x_wconf 86' lang='lat' dir='ltr'><strong>cui</strong></span> <span class='ocrx_word' id='word_1_162' title='bbox 767 1834 927 1897; x_wconf 88' lang='lat' dir='ltr'><strong>ratio</strong></span> <span class='ocrx_word' id='word_1_163' title='bbox 964 1835 1347 1917; x_wconf 85' lang='lat' dir='ltr'><strong>exemplaris</strong></span> <span class='ocrx_word' id='word_1_164' title='bbox 1388 1836 1675 1898; x_wconf 91' lang='lat' dir='ltr'><strong>omnium</strong></span> <span class='ocrx_word' id='word_1_165' title='bbox 1720 1855 1865 1898; x_wconf 85' lang='lat' dir='ltr'><strong>cau·</strong></span> <span class='ocrx_word' id='word_1_166' title='bbox 1898 1841 1945 1903; x_wconf 92' lang='grc' dir='ltr'>Β</span> <span class='ocrx_word' id='word_1_167' title='bbox 1976 1834 2168 1896; x_wconf 91' lang='lat' dir='ltr'><strong>cundi</strong></span> <span class='ocrx_word' id='word_1_168' title='bbox 2199 1853 2274 1896; x_wconf 89' lang='lat' dir='ltr'><strong>ac</strong></span> <span class='ocrx_word' id='word_1_169' title='bbox 2305 1834 2512 1915; x_wconf 89' lang='lat' dir='ltr'><strong>quarti</strong></span> <span class='ocrx_word' id='word_1_170' title='bbox 2553 1834 2908 1906; x_wconf 89' lang='lat' dir='ltr'><strong>modorum,</strong></span> <span class='ocrx_word' id='word_1_171' title='bbox 2942 1832 3256 1895; x_wconf 87' lang='lat' dir='ltr'><strong>ablativus</strong></span> <span class='ocrx_word' id='word_1_172' title='bbox 3293 1831 3467 1894; x_wconf 89' lang='lat' dir='ltr'><strong>addi-</strong></span> 
     </span>
    </p>
   </div>
   <div class='ocr_carea' id='block_1_7' title="bbox 362 1930 1865 2903">
    <p class='ocr_par' dir='ltr' id='par_1_8' title="bbox 362 1930 1865 2903">
     <span class='ocr_line' id='line_1_27' title="bbox 364 1930 1865 2015; baseline 0.004 -25"><span class='ocrx_word' id='word_1_173' title='bbox 364 1930 565 1992; x_wconf 88' lang='lat' dir='ltr'><strong>sativa</strong></span> <span class='ocrx_word' id='word_1_174' title='bbox 596 1939 769 1994; x_wconf 85' lang='lat' dir='ltr'><strong>recte</strong></span> <span class='ocrx_word' id='word_1_175' title='bbox 797 1934 1262 2015; x_wconf 87' lang='lat' dir='ltr'><strong>appropriatur.</strong></span> <span class='ocrx_word' id='word_1_176' title='bbox 1300 1935 1376 1996; x_wconf 87' lang='lat' dir='ltr'><strong>Et</strong></span> <span class='ocrx_word' id='word_1_177' title='bbox 1409 1935 1865 2008; x_wconf 75' lang='lat' dir='ltr'><strong>rursu8‚virtus</strong></span> 
     </span>
     <span class='ocr_line' id='line_1_28' title="bbox 362 2029 1865 2115; baseline 0.004 -27"><span class='ocrx_word' id='word_1_178' title='bbox 362 2029 815 2110; x_wconf 87' lang='lat' dir='ltr'><strong>appropriatur</strong></span> <span class='ocrx_word' id='word_1_179' title='bbox 861 2031 1040 2106; x_wconf 88' lang='lat' dir='ltr'><strong>Filio,</strong></span> <span class='ocrx_word' id='word_1_180' title='bbox 1087 2033 1389 2115; x_wconf 89' lang='lat' dir='ltr'><strong>quoniam</strong></span> <span class='ocrx_word' id='word_1_181' title='bbox 1436 2033 1721 2114; x_wconf 88' lang='lat' dir='ltr'><strong>operatio</strong></span> <span class='ocrx_word' id='word_1_182' title='bbox 1769 2042 1865 2095; x_wconf 90' lang='lat' dir='ltr'><strong>est</strong></span> 
     </span>
     <span class='ocr_line' id='line_1_29' title="bbox 366 2128 1863 2214; baseline 0.004 -26"><span class='ocrx_word' id='word_1_183' title='bbox 366 2145 477 2206; x_wconf 91' lang='lat' dir='ltr'><strong>per</strong></span> <span class='ocrx_word' id='word_1_184' title='bbox 506 2128 832 2191; x_wconf 88' lang='lat' dir='ltr'><strong>virtutem.</strong></span> <span class='ocrx_word' id='word_1_185' title='bbox 869 2129 943 2192; x_wconf 88' lang='lat' dir='ltr'><strong>Et</strong></span> <span class='ocrx_word' id='word_1_186' title='bbox 976 2131 1095 2194; x_wconf 89' lang='lat' dir='ltr'><strong>hoc</strong></span> <span class='ocrx_word' id='word_1_187' title='bbox 1128 2131 1289 2204; x_wconf 91' lang='lat' dir='ltr'><strong>ideo,</strong></span> <span class='ocrx_word' id='word_1_188' title='bbox 1324 2132 1628 2214; x_wconf 90' lang='lat' dir='ltr'><strong>quoniam</strong></span> <span class='ocrx_word' id='word_1_189' title='bbox 1660 2132 1863 2194; x_wconf 87' lang='lat' dir='ltr'><strong>virtus</strong></span> 
     </span>
     <span class='ocr_line' id='line_1_30' title="bbox 364 2224 1864 2312; baseline 0.005 -27"><span class='ocrx_word' id='word_1_190' title='bbox 364 2233 457 2286; x_wconf 85' lang='lat' dir='ltr'><strong>est</strong></span> <span class='ocrx_word' id='word_1_191' title='bbox 488 2224 793 2288; x_wconf 88' lang='lat' dir='ltr'><strong>ultimum</strong></span> <span class='ocrx_word' id='word_1_192' title='bbox 836 2228 913 2290; x_wconf 93' lang='lat' dir='ltr'><strong>de</strong></span> <span class='ocrx_word' id='word_1_193' title='bbox 957 2230 1237 2310; x_wconf 89' lang='lat' dir='ltr'><strong>potentia</strong></span> <span class='ocrx_word' id='word_1_194' title='bbox 1277 2249 1389 2292; x_wconf 90' lang='lat' dir='ltr'><strong>seu</strong></span> <span class='ocrx_word' id='word_1_195' title='bbox 1432 2229 1721 2292; x_wconf 90' lang='lat' dir='ltr'><strong>ultimata</strong></span> <span class='ocrx_word' id='word_1_196' title='bbox 1756 2248 1864 2312; x_wconf 92' lang='lat' dir='ltr'><strong>po-</strong></span> 
     </span>
     <span class='ocr_line' id='line_1_31' title="bbox 365 2324 1863 2411; baseline 0.005 -28"><span class='ocrx_word' id='word_1_197' title='bbox 365 2324 583 2398; x_wconf 89' lang='lat' dir='ltr'><strong>tentia,</strong></span> <span class='ocrx_word' id='word_1_198' title='bbox 620 2325 739 2388; x_wconf 90' lang='lat' dir='ltr'><strong>hoc</strong></span> <span class='ocrx_word' id='word_1_199' title='bbox 779 2334 876 2388; x_wconf 91' lang='lat' dir='ltr'><strong>est</strong></span> <span class='ocrx_word' id='word_1_200' title='bbox 912 2335 1271 2390; x_wconf 85' lang='lat' dir='ltr'><strong>extremum</strong></span> <span class='ocrx_word' id='word_1_201' title='bbox 1312 2328 1629 2411; x_wconf 82' lang='lat' dir='ltr'><strong>potentiae.</strong></span> <span class='ocrx_word' id='word_1_202' title='bbox 1665 2328 1863 2391; x_wconf 87' lang='lat' dir='ltr'><strong>Filius</strong></span> 
     </span>
     <span class='ocr_line' id='line_1_32' title="bbox 363 2424 1865 2507; baseline 0.004 -24"><span class='ocrx_word' id='word_1_203' title='bbox 363 2430 577 2485; x_wconf 89' lang='lat' dir='ltr'><strong>autem</strong></span> <span class='ocrx_word' id='word_1_204' title='bbox 624 2443 663 2485; x_wconf 90' lang='lat' dir='ltr'><strong>a</strong></span> <span class='ocrx_word' id='word_1_205' title='bbox 700 2424 877 2488; x_wconf 88' lang='lat' dir='ltr'><strong>Patre</strong></span> <span class='ocrx_word' id='word_1_206' title='bbox 920 2426 1295 2507; x_wconf 86' lang='lat' dir='ltr'><strong>producitur</strong></span> <span class='ocrx_word' id='word_1_207' title='bbox 1334 2427 1685 2489; x_wconf 88' lang='lat' dir='ltr'><strong>secundum</strong></span> <span class='ocrx_word' id='word_1_208' title='bbox 1734 2446 1865 2490; x_wconf 92' lang='lat' dir='ltr'><strong>om-</strong></span> 
     </span>
     <span class='ocr_line' id='line_1_33' title="bbox 364 2519 1862 2607; baseline 0.005 -27"><span class='ocrx_word' id='word_1_209' title='bbox 364 2519 693 2584; x_wconf 88' lang='lat' dir='ltr'><strong>nimodam</strong></span> <span class='ocrx_word' id='word_1_210' title='bbox 724 2522 1183 2605; x_wconf 83' lang='lat' dir='ltr'><strong>perfectionem</strong></span> <span class='ocrx_word' id='word_1_211' title='bbox 1216 2525 1535 2606; x_wconf 82' lang='lat' dir='ltr'><strong>potentiae,</strong></span> <span class='ocrx_word' id='word_1_212' title='bbox 1559 2526 1862 2607; x_wconf 90' lang='lat' dir='ltr'><strong>quoniam</strong></span> 
     </span>
     <span class='ocr_line' id='line_1_34' title="bbox 362 2621 1859 2705; baseline 0.005 -26"><span class='ocrx_word' id='word_1_213' title='bbox 362 2635 689 2697; x_wconf 81' lang='lat' dir='ltr'><strong>generare,</strong></span> <span class='ocrx_word' id='word_1_214' title='bbox 740 2629 837 2682; x_wconf 91' lang='lat' dir='ltr'><strong>est</strong></span> <span class='ocrx_word' id='word_1_215' title='bbox 896 2621 1194 2703; x_wconf 83' lang='lat' dir='ltr'><strong>perfectae</strong></span> <span class='ocrx_word' id='word_1_216' title='bbox 1255 2624 1553 2705; x_wconf 81' lang='lat' dir='ltr'><strong>potentiae</strong></span> <span class='ocrx_word' id='word_1_217' title='bbox 1609 2631 1789 2686; x_wconf 89' lang='lat' dir='ltr'><strong>actus</strong></span> <span class='ocrx_word' id='word_1_218' title='bbox 1846 2641 1859 2686; x_wconf 91' lang='lat'><strong>:</strong></span> 
     </span>
     <span class='ocr_line' id='line_1_35' title="bbox 364 2720 1864 2804; baseline 0.006 -29"><span class='ocrx_word' id='word_1_219' title='bbox 364 2733 511 2778; x_wconf 88' lang='lat' dir='ltr'><strong>nam</strong></span> <span class='ocrx_word' id='word_1_220' title='bbox 572 2725 727 2780; x_wconf 91' lang='lat' dir='ltr'><strong>tunc</strong></span> <span class='ocrx_word' id='word_1_221' title='bbox 788 2721 1290 2802; x_wconf 89' lang='lat' dir='ltr'><strong>unumquodque</strong></span> <span class='ocrx_word' id='word_1_222' title='bbox 1348 2729 1611 2784; x_wconf 90' lang='lat' dir='ltr'><strong>vocatur</strong></span> <span class='ocrx_word' id='word_1_223' title='bbox 1658 2720 1864 2804; x_wconf 86' lang='lat' dir='ltr'><strong>perfe-</strong></span> 
     </span>
     <span class='ocr_line' id='line_1_36' title="bbox 365 2816 1864 2903; baseline 0.005 -29"><span class='ocrx_word' id='word_1_224' title='bbox 365 2820 567 2889; x_wconf 86' lang='lat' dir='ltr'><strong>ctum,</strong></span> <span class='ocrx_word' id='word_1_225' title='bbox 618 2816 771 2878; x_wconf 90' lang='lat' dir='ltr'><strong>dum</strong></span> <span class='ocrx_word' id='word_1_226' title='bbox 832 2825 1041 2899; x_wconf 89' lang='lat' dir='ltr'><strong>potest</strong></span> <span class='ocrx_word' id='word_1_227' title='bbox 1097 2820 1451 2900; x_wconf 88' lang='lat' dir='ltr'><strong>producere</strong></span> <span class='ocrx_word' id='word_1_228' title='bbox 1502 2820 1626 2882; x_wconf 88' lang='lat' dir='ltr'><strong>tale</strong></span> <span class='ocrx_word' id='word_1_229' title='bbox 1676 2821 1864 2903; x_wconf 89' lang='lat' dir='ltr'><strong>quale</strong></span> 
     </span>
    </p>
   </div>
   <div class='ocr_carea' id='block_1_8' title="bbox 1973 1931 3470 2903">
    <p class='ocr_par' dir='ltr' id='par_1_9' title="bbox 1973 1931 3470 2903">
     <span class='ocr_line' id='line_1_37' title="bbox 1977 1931 3464 2014; baseline -0.003 -19"><span class='ocrx_word' id='word_1_230' title='bbox 1977 1941 2078 1995; x_wconf 54' lang='lat' dir='ltr'><strong>&#39;tus</strong></span> <span class='ocrx_word' id='word_1_231' title='bbox 2117 1931 2439 2014; x_wconf 83' lang='lat' dir='ltr'><strong>significat</strong></span> <span class='ocrx_word' id='word_1_232' title='bbox 2480 1933 2788 1995; x_wconf 89' lang='lat' dir='ltr'><strong>rationem</strong></span> <span class='ocrx_word' id='word_1_233' title='bbox 2831 1931 3132 2014; x_wconf 91' lang='lat' dir='ltr'><strong>principii</strong></span> <span class='ocrx_word' id='word_1_234' title='bbox 3175 1938 3464 2012; x_wconf 84' lang='lat' dir='ltr'><strong>respectu</strong></span> 
     </span>
     <span class='ocr_line' id='line_1_38' title="bbox 1977 2028 3467 2111; baseline -0.002 -18"><span class='ocrx_word' id='word_1_235' title='bbox 1977 2031 2232 2095; x_wconf 90' lang='lat' dir='ltr'><strong>illorum</strong></span> <span class='ocrx_word' id='word_1_236' title='bbox 2275 2039 2534 2094; x_wconf 88' lang='lat' dir='ltr'><strong>actuum</strong></span> <span class='ocrx_word' id='word_1_237' title='bbox 2580 2031 2646 2092; x_wconf 93' lang='lat' dir='ltr'><strong>in</strong></span> <span class='ocrx_word' id='word_1_238' title='bbox 2688 2037 2954 2111; x_wconf 83' lang='lat' dir='ltr'><strong>agente3</strong></span> <span class='ocrx_word' id='word_1_239' title='bbox 3001 2029 3066 2090; x_wconf 89' lang='lat' dir='ltr'><strong>in</strong></span> <span class='ocrx_word' id='word_1_240' title='bbox 3110 2028 3298 2091; x_wconf 93' lang='lat' dir='ltr'><strong>tertio</strong></span> <span class='ocrx_word' id='word_1_241' title='bbox 3339 2045 3467 2092; x_wconf 89' lang='lat' dir='ltr'><strong>non</strong></span> 
     </span>
     <span class='ocr_line' id='line_1_39' title="bbox 1974 2126 3466 2212; baseline -0.003 -20"><span class='ocrx_word' id='word_1_242' title='bbox 1974 2148 2248 2212; x_wconf 90' lang='lat' dir='ltr'><strong>semper,</strong></span> <span class='ocrx_word' id='word_1_243' title='bbox 2302 2129 2412 2191; x_wconf 92' lang='lat' dir='ltr'><strong>sed</strong></span> <span class='ocrx_word' id='word_1_244' title='bbox 2466 2137 2758 2211; x_wconf 88' lang='lat' dir='ltr'><strong>respectu</strong></span> <span class='ocrx_word' id='word_1_245' title='bbox 2807 2127 3127 2191; x_wconf 88' lang='lat' dir='ltr'><strong>connotati</strong></span> <span class='ocrx_word' id='word_1_246' title='bbox 3172 2126 3466 2200; x_wconf 80' lang='lat' dir='ltr'><strong>effectuS,</strong></span> 
     </span>
     <span class='ocr_line' id='line_1_40' title="bbox 1974 2225 3470 2311; baseline -0.003 -20"><span class='ocrx_word' id='word_1_247' title='bbox 1974 2228 2513 2311; x_wconf 86' lang='lat' dir='ltr'><strong>quemadmodum</strong></span> <span class='ocrx_word' id='word_1_248' title='bbox 2552 2226 2782 2290; x_wconf 82' lang='lat' dir='ltr'><strong>artifex</strong></span> <span class='ocrx_word' id='word_1_249' title='bbox 2812 2226 3048 2288; x_wconf 87' lang='lat' dir='ltr'><strong>dicitur</strong></span> <span class='ocrx_word' id='word_1_250' title='bbox 3077 2225 3323 2308; x_wconf 90' lang='lat' dir='ltr'><strong>operari</strong></span> <span class='ocrx_word' id='word_1_251' title='bbox 3355 2244 3470 2306; x_wconf 90' lang='lat' dir='ltr'><strong>per</strong></span> 
     </span>
     <span class='ocr_line' id='line_1_41' title="bbox 1976 2325 3464 2407; baseline -0.003 -18"><span class='ocrx_word' id='word_1_252' title='bbox 1976 2328 2493 2399; x_wconf 88' lang='lat' dir='ltr'><strong>instrumentum,</strong></span> <span class='ocrx_word' id='word_1_253' title='bbox 2556 2333 2618 2388; x_wconf 86' lang='lat' dir='ltr'><strong>et</strong></span> <span class='ocrx_word' id='word_1_254' title='bbox 2683 2344 2791 2388; x_wconf 90' lang='lat' dir='ltr'><strong>rex</strong></span> <span class='ocrx_word' id='word_1_255' title='bbox 2855 2343 2969 2406; x_wconf 91' lang='lat' dir='ltr'><strong>per</strong></span> <span class='ocrx_word' id='word_1_256' title='bbox 3029 2325 3464 2407; x_wconf 83' lang='lat' dir='ltr'><strong>praepositum,</strong></span> 
     </span>
     <span class='ocr_line' id='line_1_42' title="bbox 1974 2422 3470 2505; baseline -0.003 -17"><span class='ocrx_word' id='word_1_257' title='bbox 1974 2443 2101 2488; x_wconf 90' lang='lat' dir='ltr'><strong>non</strong></span> <span class='ocrx_word' id='word_1_258' title='bbox 2151 2433 2363 2486; x_wconf 88' lang='lat' dir='ltr'><strong>tamen</strong></span> <span class='ocrx_word' id='word_1_259' title='bbox 2411 2423 2648 2485; x_wconf 89' lang='lat' dir='ltr'><strong>dicitur</strong></span> <span class='ocrx_word' id='word_1_260' title='bbox 2695 2441 2809 2505; x_wconf 88' lang='lat' dir='ltr'><strong>per</strong></span> <span class='ocrx_word' id='word_1_261' title='bbox 2853 2423 3038 2484; x_wconf 92' lang='lat' dir='ltr'><strong>illum</strong></span> <span class='ocrx_word' id='word_1_262' title='bbox 3089 2439 3273 2504; x_wconf 91' lang='lat' dir='ltr'><strong>posse</strong></span> <span class='ocrx_word' id='word_1_263' title='bbox 3322 2422 3470 2483; x_wconf 91' lang='lat' dir='ltr'><strong>sim-</strong></span> 
     </span>
     <span class='ocr_line' id='line_1_43' title="bbox 1974 2519 3469 2608; baseline -0.004 -21"><span class='ocrx_word' id='word_1_264' title='bbox 1974 2525 2247 2608; x_wconf 91' lang='lat' dir='ltr'><strong>pliciter,</strong></span> <span class='ocrx_word' id='word_1_265' title='bbox 2273 2542 2389 2585; x_wconf 92' lang='lat' dir='ltr'><strong>nec</strong></span> <span class='ocrx_word' id='word_1_266' title='bbox 2421 2541 2628 2596; x_wconf 90' lang='lat' dir='ltr'><strong>nosse,</strong></span> <span class='ocrx_word' id='word_1_267' title='bbox 2653 2541 2771 2585; x_wconf 90' lang='lat' dir='ltr'><strong>nec</strong></span> <span class='ocrx_word' id='word_1_268' title='bbox 2800 2539 2958 2584; x_wconf 90' lang='lat' dir='ltr'><strong>esse.</strong></span> <span class='ocrx_word' id='word_1_269' title='bbox 2985 2521 3144 2583; x_wconf 91' lang='lat' dir='ltr'><strong>Hinc</strong></span> <span class='ocrx_word' id='word_1_270' title='bbox 3174 2519 3469 2582; x_wconf 89' lang='lat' dir='ltr'><strong>conveni-</strong></span> 
     </span>
     <span class='ocr_line' id='line_1_44' title="bbox 1973 2618 3465 2702; baseline -0.003 -17"><span class='ocrx_word' id='word_1_271' title='bbox 1973 2631 2152 2686; x_wconf 88' lang='lat' dir='ltr'><strong>enter</strong></span> <span class='ocrx_word' id='word_1_272' title='bbox 2180 2622 2416 2684; x_wconf 87' lang='lat' dir='ltr'><strong>dicitur</strong></span> <span class='ocrx_word' id='word_1_273' title='bbox 2439 2621 2618 2684; x_wconf 90' lang='lat' dir='ltr'><strong>Pater</strong></span> <span class='ocrx_word' id='word_1_274' title='bbox 2646 2620 2895 2702; x_wconf 89' lang='lat' dir='ltr'><strong>operari</strong></span> <span class='ocrx_word' id='word_1_275' title='bbox 2927 2637 3040 2701; x_wconf 91' lang='lat' dir='ltr'><strong>per</strong></span> <span class='ocrx_word' id='word_1_276' title='bbox 3066 2618 3317 2693; x_wconf 85' lang='lat' dir='ltr'><strong>Filium,</strong></span> <span class='ocrx_word' id='word_1_277' title='bbox 3336 2636 3465 2681; x_wconf 91' lang='lat' dir='ltr'><strong>non</strong></span> 
     </span>
     <span class='ocr_line' id='line_1_45' title="bbox 1977 2718 3464 2803; baseline -0.004 -19"><span class='ocrx_word' id='word_1_278' title='bbox 1977 2729 2186 2784; x_wconf 86' lang='lat' dir='ltr'><strong>tamen</strong></span> <span class='ocrx_word' id='word_1_279' title='bbox 2221 2727 2318 2782; x_wconf 91' lang='lat' dir='ltr'><strong>est</strong></span> <span class='ocrx_word' id='word_1_280' title='bbox 2347 2728 2570 2802; x_wconf 87' lang='lat' dir='ltr'><strong>potens</strong></span> <span class='ocrx_word' id='word_1_281' title='bbox 2607 2739 2722 2803; x_wconf 92' lang='lat' dir='ltr'><strong>per</strong></span> <span class='ocrx_word' id='word_1_282' title='bbox 2751 2718 3006 2792; x_wconf 87' lang='lat' dir='ltr'><strong>Filium,</strong></span> <span class='ocrx_word' id='word_1_283' title='bbox 3040 2734 3156 2778; x_wconf 91' lang='lat' dir='ltr'><strong>nec</strong></span> <span class='ocrx_word' id='word_1_284' title='bbox 3196 2734 3464 2780; x_wconf 87' lang='lat' dir='ltr'><strong>noscens</strong></span> 
     </span>
     <span class='ocr_line' id='line_1_46' title="bbox 1975 2814 3346 2903; baseline -0.006 -20"><span class='ocrx_word' id='word_1_285' title='bbox 1975 2839 2093 2883; x_wconf 90' lang='lat' dir='ltr'><strong>nec</strong></span> <span class='ocrx_word' id='word_1_286' title='bbox 2134 2819 2450 2883; x_wconf 87' lang='lat' dir='ltr'><strong>exsistens</strong></span> <span class='ocrx_word' id='word_1_287' title='bbox 2491 2838 2606 2903; x_wconf 92' lang='lat' dir='ltr'><strong>per</strong></span> <span class='ocrx_word' id='word_1_288' title='bbox 2648 2819 2880 2901; x_wconf 89' lang='lat' dir='ltr'><strong>ipsum.</strong></span> <span class='ocrx_word' id='word_1_289' title='bbox 2927 2816 3069 2879; x_wconf 82' lang='lat' dir='ltr'><strong>Haec</strong></span> <span class='ocrx_word' id='word_1_290' title='bbox 3111 2814 3346 2877; x_wconf 84' lang='lat' dir='ltr'><strong>Petrus,</strong></span> 
     </span>
    </p>
   </div>
   <div class='ocr_carea' id='block_1_9' title="bbox 1136 3274 2707 3437">
    <p class='ocr_par' dir='ltr' id='par_1_10' title="bbox 1136 3274 2707 3437">
     <span class='ocr_line' id='line_1_47' title="bbox 1136 3274 2707 3437; baseline 0.003 -54"><span class='ocrx_word' id='word_1_291' title='bbox 1136 3274 2048 3437; x_wconf 88' lang='lat' dir='ltr'><strong>DISTINCTIO</strong></span> <span class='ocrx_word' id='word_1_292' title='bbox 2189 3278 2707 3389; x_wconf 89' lang='lat' dir='ltr'><strong>XXXIII</strong></span> 
     </span>
    </p>
   </div>
   <div class='ocr_carea' id='block_1_10' title="bbox 560 3650 3270 3831">
    <p class='ocr_par' dir='ltr' id='par_1_11' title="bbox 560 3650 3270 3831">
     <span class='ocr_line' id='line_1_48' title="bbox 560 3650 3270 3727; baseline 0.001 -16"><span class='ocrx_word' id='word_1_293' title='bbox 560 3650 640 3711; x_wconf 77' lang='grc' dir='ltr'><strong>Α.</strong></span> <span class='ocrx_word' id='word_1_294' title='bbox 698 3651 961 3713; x_wconf 80' lang='lat' dir='ltr'><strong>Utrum</strong></span> <span class='ocrx_word' id='word_1_295' title='bbox 998 3650 1501 3724; x_wconf 77' lang='lat' dir='ltr'><strong>proprietates</strong></span> <span class='ocrx_word' id='word_1_296' title='bbox 1538 3664 2041 3723; x_wconf 81' lang='lat' dir='ltr'><strong>personarum</strong></span> <span class='ocrx_word' id='word_1_297' title='bbox 2084 3651 2237 3713; x_wconf 82' lang='lat' dir='ltr'><strong>sint</strong></span> <span class='ocrx_word' id='word_1_298' title='bbox 2282 3652 2459 3724; x_wconf 76' lang='lat' dir='ltr'><strong>ipsoe</strong></span> <span class='ocrx_word' id='word_1_299' title='bbox 2497 3664 2869 3725; x_wconf 66' lang='lat' dir='ltr'><strong>personae,</strong></span> <span class='ocrx_word' id='word_1_300' title='bbox 2903 3654 3018 3713; x_wconf 83' lang='lat' dir='ltr'><strong>vel</strong></span> <span class='ocrx_word' id='word_1_301' title='bbox 3058 3655 3270 3727; x_wconf 83' lang='lat' dir='ltr'><strong>Deus,</strong></span> 
     </span>
     <span class='ocr_line' id='line_1_49' title="bbox 1454 3768 2373 3831; baseline -0.002 -2"><span class='ocrx_word' id='word_1_302' title='bbox 1454 3770 1531 3830; x_wconf 79' lang='lat' dir='ltr'><strong>id</strong></span> <span class='ocrx_word' id='word_1_303' title='bbox 1576 3769 1683 3830; x_wconf 84' lang='lat' dir='ltr'><strong>est</strong></span> <span class='ocrx_word' id='word_1_304' title='bbox 1728 3770 1978 3831; x_wconf 77' lang='lat' dir='ltr'><strong>divina</strong></span> <span class='ocrx_word' id='word_1_305' title='bbox 2026 3768 2373 3831; x_wconf 77' lang='lat' dir='ltr'><strong>essentia.</strong></span> 
     </span>
    </p>
   </div>
   <div class='ocr_carea' id='block_1_11' title="bbox 358 4105 3753 5352">
    <p class='ocr_par' dir='ltr' id='par_1_12' title="bbox 358 4105 3753 5352">
     <span class='ocr_line' id='line_1_50' title="bbox 636 4105 3474 4191; baseline 0.001 -21"><span class='ocrx_word' id='word_1_306' title='bbox 636 4106 1071 4189; x_wconf 88' lang='lat' dir='ltr'><strong>proprietates</strong></span> <span class='ocrx_word' id='word_1_307' title='bbox 1134 4121 1585 4186; x_wconf 87' lang='lat' dir='ltr'><strong>personarum,</strong></span> <span class='ocrx_word' id='word_1_308' title='bbox 1637 4105 1879 4187; x_wconf 87' lang='lat' dir='ltr'><strong>quibus</strong></span> <span class='ocrx_word' id='word_1_309' title='bbox 1949 4106 2109 4187; x_wconf 87' lang='lat' dir='ltr'><strong>ipsae</strong></span> <span class='ocrx_word' id='word_1_310' title='bbox 2174 4122 2471 4187; x_wconf 85' lang='lat' dir='ltr'><strong>personae</strong></span> <span class='ocrx_word' id='word_1_311' title='bbox 2527 4106 3066 4188; x_wconf 86' lang='lat' dir='ltr'><strong>determinantur,</strong></span> <span class='ocrx_word' id='word_1_312' title='bbox 3123 4108 3257 4171; x_wconf 90' lang='lat' dir='ltr'><strong>sint</strong></span> <span class='ocrx_word' id='word_1_313' title='bbox 3311 4110 3474 4191; x_wconf 85' lang='lat' dir='ltr'><strong>ipsae</strong></span> 
     </span>
     <span class='ocr_line' id='line_1_51' title="bbox 637 4220 3477 4305; baseline 0.001 -20"><span class='ocrx_word' id='word_1_314' title='bbox 637 4238 961 4305; x_wconf 87' lang='lat' dir='ltr'><strong>personae,</strong></span> <span class='ocrx_word' id='word_1_315' title='bbox 994 4222 1061 4285; x_wconf 88' lang='lat' dir='ltr'><strong>et</strong></span> <span class='ocrx_word' id='word_1_316' title='bbox 1096 4221 1229 4283; x_wconf 87' lang='lat' dir='ltr'><strong>sint</strong></span> <span class='ocrx_word' id='word_1_317' title='bbox 1264 4220 1467 4301; x_wconf 90' lang='lat' dir='ltr'><strong>Deus,</strong></span> <span class='ocrx_word' id='word_1_318' title='bbox 1501 4222 1567 4284; x_wconf 91' lang='lat' dir='ltr'><strong>id</strong></span> <span class='ocrx_word' id='word_1_319' title='bbox 1610 4224 1710 4285; x_wconf 89' lang='lat' dir='ltr'><strong>est</strong></span> <span class='ocrx_word' id='word_1_320' title='bbox 1737 4222 1962 4285; x_wconf 88' lang='lat' dir='ltr'><strong>divina</strong></span> <span class='ocrx_word' id='word_1_321' title='bbox 1998 4222 2318 4302; x_wconf 89' lang='lat' dir='ltr'><strong>essentia;</strong></span> <span class='ocrx_word' id='word_1_322' title='bbox 2351 4239 2434 4285; x_wconf 85' lang='lat' dir='ltr'><strong>an</strong></span> <span class='ocrx_word' id='word_1_323' title='bbox 2474 4222 2566 4285; x_wconf 90' lang='lat' dir='ltr'><strong>ita</strong></span> <span class='ocrx_word' id='word_1_324' title='bbox 2602 4223 2734 4285; x_wconf 87' lang='lat' dir='ltr'><strong>sint</strong></span> <span class='ocrx_word' id='word_1_325' title='bbox 2763 4224 2831 4285; x_wconf 92' lang='lat' dir='ltr'><strong>in</strong></span> <span class='ocrx_word' id='word_1_326' title='bbox 2872 4225 3194 4305; x_wconf 80' lang='lat' dir='ltr'><strong>personiS,</strong></span> <span class='ocrx_word' id='word_1_327' title='bbox 3229 4226 3304 4289; x_wconf 88' lang='lat' dir='ltr'><strong>ut</strong></span> <span class='ocrx_word' id='word_1_328' title='bbox 3342 4243 3477 4289; x_wconf 91' lang='lat' dir='ltr'><strong>non</strong></span> 
     </span>
     <span class='ocr_line' id='line_1_52' title="bbox 362 4337 3477 4424; baseline 0.001 -21"><span class='ocrx_word' id='word_1_329' title='bbox 362 4341 497 4403; x_wconf 91' lang='lat' dir='ltr'><strong>sint</strong></span> <span class='ocrx_word' id='word_1_330' title='bbox 544 4356 869 4422; x_wconf 82' lang='lat' dir='ltr'><strong>personae,</strong></span> <span class='ocrx_word' id='word_1_331' title='bbox 902 4356 976 4401; x_wconf 89' lang='lat' dir='ltr'><strong>ac</strong></span> <span class='ocrx_word' id='word_1_332' title='bbox 1013 4355 1130 4419; x_wconf 92' lang='lat' dir='ltr'><strong>per</strong></span> <span class='ocrx_word' id='word_1_333' title='bbox 1166 4338 1293 4401; x_wconf 90' lang='lat' dir='ltr'><strong>hoc</strong></span> <span class='ocrx_word' id='word_1_334' title='bbox 1340 4355 1461 4401; x_wconf 88' lang='lat' dir='ltr'><strong>nec</strong></span> <span class='ocrx_word' id='word_1_335' title='bbox 1505 4337 1731 4401; x_wconf 87' lang='lat' dir='ltr'><strong>divina</strong></span> <span class='ocrx_word' id='word_1_336' title='bbox 1766 4340 2069 4402; x_wconf 86' lang='lat' dir='ltr'><strong>essentia.</strong></span> <span class='ocrx_word' id='word_1_337' title='bbox 2105 4338 2297 4411; x_wconf 90' lang='lat' dir='ltr'><strong>Quod</strong></span> <span class='ocrx_word' id='word_1_338' title='bbox 2344 4339 2522 4402; x_wconf 91' lang='lat' dir='ltr'><strong>enim</strong></span> <span class='ocrx_word' id='word_1_339' title='bbox 2570 4340 2639 4401; x_wconf 94' lang='lat' dir='ltr'><strong>in</strong></span> <span class='ocrx_word' id='word_1_340' title='bbox 2678 4339 2974 4421; x_wconf 87' lang='lat' dir='ltr'><strong>personis</strong></span> <span class='ocrx_word' id='word_1_341' title='bbox 3011 4340 3146 4403; x_wconf 90' lang='lat' dir='ltr'><strong>sint</strong></span> <span class='ocrx_word' id='word_1_342' title='bbox 3180 4343 3477 4424; x_wconf 89' lang='lat' dir='ltr'><strong>proprie-</strong></span> 
     </span>
     <span class='ocr_line' id='line_1_53' title="bbox 363 4446 3476 4538; baseline 0.001 -19"><span class='ocrx_word' id='word_1_343' title='bbox 363 4459 552 4536; x_wconf 86' lang='lat' dir='ltr'><strong>tates,</strong></span> <span class='ocrx_word' id='word_1_344' title='bbox 601 4473 799 4520; x_wconf 90' lang='lat' dir='ltr'><strong>nemo</strong></span> <span class='ocrx_word' id='word_1_345' title='bbox 846 4446 1125 4518; x_wconf 79' lang='lat' dir='ltr'><strong>inficiari</strong></span> <span class='ocrx_word' id='word_1_346' title='bbox 1174 4453 1393 4533; x_wconf 88' lang='lat' dir='ltr'><strong>audet,</strong></span> <span class='ocrx_word' id='word_1_347' title='bbox 1434 4472 1641 4535; x_wconf 87' lang='lat' dir='ltr'><strong>quum</strong></span> <span class='ocrx_word' id='word_1_348' title='bbox 1692 4457 1913 4535; x_wconf 86' lang='lat' dir='ltr'><strong>aperte</strong></span> <span class='ocrx_word' id='word_1_349' title='bbox 1955 4454 2193 4518; x_wconf 88' lang='lat' dir='ltr'><strong>clamet</strong></span> <span class='ocrx_word' id='word_1_350' title='bbox 2245 4453 2622 4533; x_wconf 61' lang='lat' dir='ltr'><strong>auctoritas»,</strong></span> <span class='ocrx_word' id='word_1_351' title='bbox 2673 4455 2851 4536; x_wconf 88' lang='lat' dir='ltr'><strong>quod</strong></span> <span class='ocrx_word' id='word_1_352' title='bbox 2897 4456 2965 4517; x_wconf 91' lang='lat' dir='ltr'><strong>in</strong></span> <span class='ocrx_word' id='word_1_353' title='bbox 3022 4458 3320 4538; x_wconf 89' lang='lat' dir='ltr'><strong>personis</strong></span> <span class='ocrx_word' id='word_1_354' title='bbox 3375 4461 3476 4523; x_wconf 85' lang='lat' dir='ltr'><strong>est</strong></span> 
     </span>
     <span class='ocr_line' id='line_1_54' title="bbox 361 4570 3468 4654; baseline 0.001 -20"><span class='ocrx_word' id='word_1_355' title='bbox 361 4572 749 4654; x_wconf 86' lang='lat' dir='ltr'><strong>proprietas,</strong></span> <span class='ocrx_word' id='word_1_356' title='bbox 793 4573 859 4634; x_wconf 92' lang='lat' dir='ltr'><strong>et</strong></span> <span class='ocrx_word' id='word_1_357' title='bbox 918 4571 986 4633; x_wconf 95' lang='lat' dir='ltr'><strong>in</strong></span> <span class='ocrx_word' id='word_1_358' title='bbox 1042 4570 1327 4635; x_wconf 86' lang='lat' dir='ltr'><strong>essentia</strong></span> <span class='ocrx_word' id='word_1_359' title='bbox 1369 4570 1611 4633; x_wconf 84' lang='lat' dir='ltr'><strong>unitas</strong></span> <span class='ocrx_word' id='word_1_360' title='bbox 1663 4570 1980 4650; x_wconf 89' lang='lat' dir='ltr'><strong>Superius</strong></span> <span class='ocrx_word' id='word_1_361' title='bbox 2040 4587 2303 4651; x_wconf 89' lang='lat' dir='ltr'><strong>quoque</strong></span> <span class='ocrx_word' id='word_1_362' title='bbox 2353 4570 2581 4632; x_wconf 91' lang='lat' dir='ltr'><strong>multis</strong></span> <span class='ocrx_word' id='word_1_363' title='bbox 2635 4570 3024 4634; x_wconf 86' lang='lat' dir='ltr'><strong>Sanctorum</strong></span> <span class='ocrx_word' id='word_1_364' title='bbox 3070 4574 3468 4639; x_wconf 86' lang='lat' dir='ltr'><strong>testimoniis</strong></span> 
     </span>
     <span class='ocr_line' id='line_1_55' title="bbox 358 4685 3745 4771; baseline 0.003 -22"><span class='ocrx_word' id='word_1_365' title='bbox 358 4687 835 4767; x_wconf 70' lang='lat' dir='ltr'><strong>adstruximus»,</strong></span> <span class='ocrx_word' id='word_1_366' title='bbox 866 4704 1181 4768; x_wconf 87' lang='lat' dir='ltr'><strong>personas</strong></span> <span class='ocrx_word' id='word_1_367' title='bbox 1226 4704 1343 4767; x_wconf 87' lang='lat' dir='ltr'><strong>per</strong></span> <span class='ocrx_word' id='word_1_368' title='bbox 1386 4688 1817 4768; x_wconf 87' lang='lat' dir='ltr'><strong>proprietates</strong></span> <span class='ocrx_word' id='word_1_369' title='bbox 1863 4685 2184 4767; x_wconf 85' lang='lat' dir='ltr'><strong>distingui</strong></span> <span class='ocrx_word' id='word_1_370' title='bbox 2234 4688 2430 4766; x_wconf 88' lang='lat' dir='ltr'><strong>atque</strong></span> <span class='ocrx_word' id='word_1_371' title='bbox 2475 4686 2918 4767; x_wconf 88' lang='lat' dir='ltr'><strong>determinari,</strong></span> <span class='ocrx_word' id='word_1_372' title='bbox 2959 4688 3267 4769; x_wconf 88' lang='lat' dir='ltr'><strong>ipsasque</strong></span> <span class='ocrx_word' id='word_1_373' title='bbox 3317 4708 3467 4771; x_wconf 90' lang='lat' dir='ltr'><strong>pro-</strong></span> <span class='ocrx_word' id='word_1_374' title='bbox 3538 4713 3610 4770; x_wconf 67' lang='grc' dir='ltr'><strong>ιγ.</strong></span> <span class='ocrx_word' id='word_1_375' title='bbox 3639 4715 3745 4759; x_wconf 66' lang='lat' dir='ltr'><strong>dat.</strong></span> 
     </span>
     <span class='ocr_line' id='line_1_56' title="bbox 358 4790 3753 4887; baseline 0.001 -21"><span class='ocrx_word' id='word_1_376' title='bbox 358 4804 691 4883; x_wconf 79' lang='lat' dir='ltr'><strong>prietateS,</strong></span> <span class='ocrx_word' id='word_1_377' title='bbox 724 4806 859 4867; x_wconf 88' lang='lat' dir='ltr'><strong>tres</strong></span> <span class='ocrx_word' id='word_1_378' title='bbox 886 4804 1161 4883; x_wconf 88' lang='lat' dir='ltr'><strong>scilicet,</strong></span> <span class='ocrx_word' id='word_1_379' title='bbox 1191 4804 1475 4886; x_wconf 86' lang='lat' dir='ltr'><strong>propriis</strong></span> <span class='ocrx_word' id='word_1_380' title='bbox 1512 4804 1959 4885; x_wconf 86' lang='lat' dir='ltr'><strong>expressimus</strong></span> <span class='ocrx_word' id='word_1_381' title='bbox 1987 4802 2351 4866; x_wconf 87' lang='lat' dir='ltr'><strong>vocabulis.</strong></span> <span class='ocrx_word' id='word_1_382' title='bbox 2389 4803 2611 4876; x_wconf 90' lang='lat' dir='ltr'><strong>Quum</strong></span> <span class='ocrx_word' id='word_1_383' title='bbox 2649 4819 2801 4885; x_wconf 84' lang='lat' dir='ltr'><strong>ergo</strong></span> <span class='ocrx_word' id='word_1_384' title='bbox 2835 4804 3265 4884; x_wconf 88' lang='lat' dir='ltr'><strong>proprietates</strong></span> <span class='ocrx_word' id='word_1_385' title='bbox 3302 4806 3463 4887; x_wconf 86' lang='lat' dir='ltr'><strong>ipsae</strong></span> <span class='ocrx_word' id='word_1_386' title='bbox 3493 4790 3588 4819; x_wconf 69' lang='lat'><strong>&#39;‘¹¹&#39;&#39;</strong></span> <span class='ocrx_word' id='word_1_387' title='bbox 3625 4790 3736 4821; x_wconf 56' lang='lat' dir='ltr'>“v&#39;&#39;</span> <span class='ocrx_word' id='word_1_388' title='bbox 3741 4809 3753 4821; x_wconf 83' lang='lat'><strong><em>‘</em></strong></span> 
     </span>
     <span class='ocr_line' id='line_1_57' title="bbox 358 4918 3465 5001; baseline 0.001 -20"><span class='ocrx_word' id='word_1_389' title='bbox 358 4918 445 4981; x_wconf 85' lang='lat' dir='ltr'><strong>ab</strong></span> <span class='ocrx_word' id='word_1_390' title='bbox 506 4921 751 4983; x_wconf 81' lang='lat' dir='ltr'><strong>aeterno</strong></span> <span class='ocrx_word' id='word_1_391' title='bbox 817 4918 1084 4997; x_wconf 87' lang='lat' dir='ltr'><strong>fuerint,</strong></span> <span class='ocrx_word' id='word_1_392' title='bbox 1133 4918 1373 5000; x_wconf 88' lang='lat' dir='ltr'><strong>quibus</strong></span> <span class='ocrx_word' id='word_1_393' title='bbox 1436 4920 1597 5001; x_wconf 84' lang='lat' dir='ltr'><strong>ipsae</strong></span> <span class='ocrx_word' id='word_1_394' title='bbox 1662 4935 1961 5001; x_wconf 82' lang='lat' dir='ltr'><strong>personae</strong></span> <span class='ocrx_word' id='word_1_395' title='bbox 2025 4918 2545 4982; x_wconf 85' lang='lat' dir='ltr'><strong>determinantur</strong></span> <span class='ocrx_word' id='word_1_396' title='bbox 2599 4920 2664 4981; x_wconf 93' lang='lat' dir='ltr'><strong>et</strong></span> <span class='ocrx_word' id='word_1_397' title='bbox 2718 4918 3084 4981; x_wconf 83' lang='lat' dir='ltr'><strong>differunt:</strong></span> <span class='ocrx_word' id='word_1_398' title='bbox 3131 4921 3465 5000; x_wconf 90' lang='lat' dir='ltr'><strong>quomodo</strong></span> 
     </span>
     <span class='ocr_line' id='line_1_58' title="bbox 358 5034 3462 5119; baseline 0 -20"><span class='ocrx_word' id='word_1_399' title='bbox 358 5037 601 5115; x_wconf 85' lang='lat' dir='ltr'><strong>essent,</strong></span> <span class='ocrx_word' id='word_1_400' title='bbox 634 5036 693 5099; x_wconf 90' lang='lat' dir='ltr'><strong>si</strong></span> <span class='ocrx_word' id='word_1_401' title='bbox 730 5036 801 5097; x_wconf 86' lang='lat' dir='ltr'><strong>in</strong></span> <span class='ocrx_word' id='word_1_402' title='bbox 830 5034 927 5097; x_wconf 88' lang='lat' dir='ltr'><strong>eis</strong></span> <span class='ocrx_word' id='word_1_403' title='bbox 968 5050 1099 5097; x_wconf 91' lang='lat' dir='ltr'><strong>non</strong></span> <span class='ocrx_word' id='word_1_404' title='bbox 1138 5034 1403 5097; x_wconf 86' lang='lat' dir='ltr'><strong>essent?</strong></span> <span class='ocrx_word' id='word_1_405' title='bbox 1433 5037 1498 5098; x_wconf 89' lang='lat' dir='ltr'><strong>et</strong></span> <span class='ocrx_word' id='word_1_406' title='bbox 1534 5034 1867 5115; x_wconf 87' lang='lat' dir='ltr'><strong>quomodo</strong></span> <span class='ocrx_word' id='word_1_407' title='bbox 1908 5035 1976 5097; x_wconf 93' lang='lat' dir='ltr'><strong>in</strong></span> <span class='ocrx_word' id='word_1_408' title='bbox 2014 5035 2109 5099; x_wconf 92' lang='lat' dir='ltr'><strong>eis</strong></span> <span class='ocrx_word' id='word_1_409' title='bbox 2146 5034 2386 5113; x_wconf 87' lang='lat' dir='ltr'><strong>essent,</strong></span> <span class='ocrx_word' id='word_1_410' title='bbox 2420 5035 2485 5097; x_wconf 89' lang='lat' dir='ltr'><strong>et</strong></span> <span class='ocrx_word' id='word_1_411' title='bbox 2522 5034 2682 5115; x_wconf 85' lang='lat' dir='ltr'><strong>ipsae</strong></span> <span class='ocrx_word' id='word_1_412' title='bbox 2718 5050 3015 5115; x_wconf 86' lang='lat' dir='ltr'><strong>personae</strong></span> <span class='ocrx_word' id='word_1_413' title='bbox 3052 5051 3186 5097; x_wconf 91' lang='lat' dir='ltr'><strong>non</strong></span> <span class='ocrx_word' id='word_1_414' title='bbox 3224 5038 3462 5119; x_wconf 89' lang='lat' dir='ltr'><strong>essent,</strong></span> 
     </span>
     <span class='ocr_line' id='line_1_59' title="bbox 358 5148 3467 5233; baseline 0.001 -18"><span class='ocrx_word' id='word_1_415' title='bbox 358 5152 525 5233; x_wconf 87' lang='lat' dir='ltr'><strong>quin</strong></span> <span class='ocrx_word' id='word_1_416' title='bbox 562 5150 655 5214; x_wconf 88' lang='lat' dir='ltr'><strong>ibi</strong></span> <span class='ocrx_word' id='word_1_417' title='bbox 692 5151 865 5215; x_wconf 55' lang='lat' dir='ltr'><strong>esset</strong></span> <span class='ocrx_word' id='word_1_418' title='bbox 902 5148 1409 5231; x_wconf 82' lang='lat' dir='ltr'><strong>multiplicitas?</strong></span> <span class='ocrx_word' id='word_1_419' title='bbox 1447 5149 1769 5222; x_wconf 90' lang='lat' dir='ltr'><strong>Quocirca</strong></span> <span class='ocrx_word' id='word_1_420' title='bbox 1803 5150 1975 5213; x_wconf 89' lang='lat' dir='ltr'><strong>sicut</strong></span> <span class='ocrx_word' id='word_1_421' title='bbox 2009 5150 2442 5233; x_wconf 89' lang='lat' dir='ltr'><strong>proprietates</strong></span> <span class='ocrx_word' id='word_1_422' title='bbox 2484 5166 2625 5213; x_wconf 86' lang='lat' dir='ltr'><strong>esse</strong></span> <span class='ocrx_word' id='word_1_423' title='bbox 2664 5150 2734 5211; x_wconf 92' lang='lat' dir='ltr'><strong>in</strong></span> <span class='ocrx_word' id='word_1_424' title='bbox 2769 5150 3090 5231; x_wconf 89' lang='lat' dir='ltr'><strong>personis,</strong></span> <span class='ocrx_word' id='word_1_425' title='bbox 3127 5150 3220 5213; x_wconf 92' lang='lat' dir='ltr'><strong>ita</strong></span> <span class='ocrx_word' id='word_1_426' title='bbox 3255 5153 3320 5215; x_wconf 92' lang='lat' dir='ltr'><strong>et</strong></span> <span class='ocrx_word' id='word_1_427' title='bbox 3356 5170 3467 5217; x_wconf 88' lang='lat' dir='ltr'><strong>eas</strong></span> 
     </span>
     <span class='ocr_line' id='line_1_60' title="bbox 360 5261 3664 5352; baseline 0.001 -21"><span class='ocrx_word' id='word_1_428' title='bbox 360 5284 680 5350; x_wconf 84' lang='lat' dir='ltr'><strong>personas</strong></span> <span class='ocrx_word' id='word_1_429' title='bbox 735 5282 881 5331; x_wconf 90' lang='lat' dir='ltr'><strong>esse</strong></span> <span class='ocrx_word' id='word_1_430' title='bbox 931 5264 1340 5344; x_wconf 88' lang='lat' dir='ltr'><strong>confitemur,</strong></span> <span class='ocrx_word' id='word_1_431' title='bbox 1390 5266 1563 5330; x_wconf 89' lang='lat' dir='ltr'><strong>sicut</strong></span> <span class='ocrx_word' id='word_1_432' title='bbox 1614 5284 1813 5351; x_wconf 90' lang='lat' dir='ltr'><strong>supra</strong></span> <span class='ocrx_word' id='word_1_433' title='bbox 1870 5269 2254 5331; x_wconf 86' lang='lat' dir='ltr'><strong>auctoritate</strong></span> <span class='ocrx_word' id='word_1_434' title='bbox 2307 5265 2697 5347; x_wconf 84' lang='lat' dir='ltr'><strong>Hieronymi</strong></span> <span class='ocrx_word' id='word_1_435' title='bbox 2756 5264 2963 5349; x_wconf 90' lang='lat' dir='ltr'><strong>(quod</strong></span> <span class='ocrx_word' id='word_1_436' title='bbox 2985 5261 3009 5287; x_wconf 77' lang='lat'><strong>*</strong></span> <span class='ocrx_word' id='word_1_437' title='bbox 3060 5284 3196 5331; x_wconf 91' lang='lat' dir='ltr'><strong>non</strong></span> <span class='ocrx_word' id='word_1_438' title='bbox 3246 5268 3466 5352; x_wconf 83' lang='lat' dir='ltr'><strong>pigeat</strong></span> <span class='ocrx_word' id='word_1_439' title='bbox 3570 5292 3588 5314; x_wconf 90' lang='lat'><strong>·</strong></span> <span class='ocrx_word' id='word_1_440' title='bbox 3617 5296 3664 5337; x_wconf 76' lang='grc' dir='ltr'><strong>ιιι</strong></span> 
     </span>
    </p>
   </div>
   <div class='ocr_carea' id='block_1_12' title="bbox 366 3988 3470 4288">
    <p class='ocr_par' dir='ltr' id='par_1_13' title="bbox 366 3988 3470 4288">
     <span class='ocr_line' id='line_1_61' title="bbox 366 3988 3470 4288; baseline 0.001 -235"><span class='ocrx_word' id='word_1_441' title='bbox 366 3988 765 4288; x_wconf 85' lang='lat' dir='ltr'>POST</span> <span class='ocrx_word' id='word_1_442' title='bbox 814 3988 1188 4071; x_wconf 86' lang='lat' dir='ltr'><strong>supradicta</strong></span> <span class='ocrx_word' id='word_1_443' title='bbox 1236 3989 1513 4053; x_wconf 89' lang='lat' dir='ltr'><strong>interius</strong></span> <span class='ocrx_word' id='word_1_444' title='bbox 1557 3989 1955 4053; x_wconf 88' lang='lat' dir='ltr'><strong>considerari</strong></span> <span class='ocrx_word' id='word_1_445' title='bbox 2006 3991 2202 4071; x_wconf 87' lang='lat' dir='ltr'><strong>atque</strong></span> <span class='ocrx_word' id='word_1_446' title='bbox 2252 3988 2581 4053; x_wconf 91' lang='lat' dir='ltr'><strong>subtiliter</strong></span> <span class='ocrx_word' id='word_1_447' title='bbox 2630 3989 2875 4071; x_wconf 85' lang='lat' dir='ltr'><strong>inquiri</strong></span> <span class='ocrx_word' id='word_1_448' title='bbox 2928 3993 3206 4074; x_wconf 89' lang='lat' dir='ltr'><strong>oportet,</strong></span> <span class='ocrx_word' id='word_1_449' title='bbox 3247 3994 3470 4057; x_wconf 91' lang='lat' dir='ltr'><strong>utrum</strong></span> 
     </span>
    </p>
   </div>
  </div>
 </body>
</html>
