4359 6250
1295 527 1470 575 Lmen
1510 529 1530 574 1
1573 527 2054 574 smmranuu.
2098 547 2179 556 —
2220 528 2372 575 msr.
2417 529 2653 574 xxxvm
3406 502 3520 568 471

423 723 624 769 causa
661 705 1027 770 eveniendi.
1071 703 1490 786 Impossibile
1540 705 1640 768 est
1675 706 1896 768 autem
1951 721 2025 768 ea
2076 721 2207 767 non
2248 703 2505 768 evenire
2544 721 2749 784 quum
2797 701 3097 784 praescita
3136 701 3267 765 sint
3310 719 3324 762 ε
3368 700 3524 782 quia

423 823 482 885 si
518 839 653 884 non
693 821 1028 886 evenirent
1063 839 1272 902 quum
1309 822 1610 902 praescita
1646 822 1801 900 sint,
1836 821 2168 884 falleretur
2205 821 2327 883 Dei
2366 820 2794 901 praescientia.
2827 819 2917 881 At
2952 819 3075 882 Dei
3112 818 3524 900 praescientia

423 938 564 1000 falli
601 955 736 1001 non
774 939 1011 1019 potest.
1055 937 1474 1018 Impossibile
1511 939 1610 1000 est
1648 954 1800 1018 ergo
1850 953 1925 1000 ea
1964 954 2094 999 non
2135 937 2396 1000 evenire
2434 953 2641 1016 quum
2689 935 2989 1016 praescita
3025 934 3177 996 sint.
3221 934 3329 997 Sic
3366 951 3519 1014 ergo

421 1055 836 1135 praescientia
878 1072 1074 1117 causa
1117 1070 1346 1117 eorum
1385 1071 1526 1117 esse
1565 1054 1826 1117 videtur
1875 1071 2022 1134 quae
2061 1054 2363 1134 praescita
2405 1054 2580 1116 sunt.
2615 1052 2758 1115 Hoc
2797 1052 2972 1115 idem
3012 1050 3077 1114 et
3117 1050 3197 1114 de
3248 1050 3519 1115 scientia

422 1171 687 1252 dicitur,
729 1171 1001 1250 scilicet,
1043 1171 1222 1251 quod
1260 1171 1414 1251 quia
1451 1171 1632 1234 Deus
1670 1171 1890 1252 aliqua
1926 1171 2132 1250 novit,
2175 1171 2323 1233 ideo
2362 1170 2515 1233 sint.

557 1287 680 1351 Cui
724 1287 1064 1351 sententiae
1105 1286 1516 1368 Augustinus
1555 1287 1847 1351 attestari
1887 1288 2168 1366 videtur,
2218 1287 2285 1348 in
2333 1286 2821 1367 quintodecimo
2867 1285 3032 1349 libro
3075 1286 3154 1348 de
3200 1284 3518 1348 Trinitate

420 1405 518 1468 sic
557 1405 783 1468 dicens
816 1424 830 1464 :
871 1404 1023 1466 Non
1054 1403 1180 1466 ista
1217 1421 1298 1466 ex
1335 1403 1557 1486 aliquo
1596 1405 1890 1486 tempore
1928 1403 2237 1483 cognovit
2273 1403 2495 1481 Deus;
2536 1403 2649 1465 sed
2682 1402 2902 1465 futura
2940 1402 3161 1465 omnia
3190 1403 3517 1483 tempora·
3546 1423 3813 1480 Λαμπτή-

420 1523 534 1602 lia,
575 1524 775 1603 atque
819 1521 887 1583 in
931 1519 1028 1583 eis
1074 1521 1274 1584 etiam
1321 1521 1482 1602 quid
1535 1521 1598 1585 et
1646 1521 1908 1602 quando
1964 1519 2046 1582 ab
2097 1520 2210 1583 illo
2264 1521 2532 1601 petituri
2589 1519 2946 1600 fueramus,
2988 1521 3054 1582 et
3103 1537 3269 1600 quos
3320 1520 3384 1581 et
3436 1519 3516 1581 de
3544 1485 3807 1601 ἓξ,“,ι,ῗ’2ξ,“”

421 1639 668 1722 quibus
698 1639 894 1702 rebus
930 1637 1034 1700 vel
1075 1638 1507 1700 exauditurus
1549 1637 1650 1700 vel
1695 1654 1828 1699 non
1867 1637 2297 1700 exauditurus
2335 1638 2529 1714 esset,
2575 1637 2716 1700 sine
2760 1637 2949 1700 initio
2980 1637 3129 1699 ante
3160 1635 3511 1716 praescivit.

421 1741 782 1818 Unixssersas
819 1755 1042 1817 aut-em
1073 1755 1423 1832 creaturam,
1466 1755 1530 1816 et
1571 1753 1947 1833 spirituales
1991 1754 2058 1815 et
2097 1752 2488 1833 corporaleS,
2530 1769 2662 1814 non
2699 1751 2855 1832 quia
2891 1752 3069 1831 sunt,
3104 1751 3249 1814 ideo
3288 1751 3513 1831 novit3

419 1873 538 1936 sed
595 1872 744 1934 ideo
799 1871 975 1950 sunt,
1032 1870 1190 1950 quia
1235 1871 1442 1932 novit.
1497 1870 1644 1931 Non
1702 1870 1880 1932 enim
1936 1869 2213 1933 nescivit
2260 1886 2406 1949 quae
2464 1869 2675 1932 fuerat
2721 1869 3059 1932 creaturus
3102 1888 3115 1928 ε
3159 1867 3317 1948 quia
3364 1883 3517 1947 ergo

419 1989 640 2068 scivit,
685 1988 928 2050 creavit
956 2008 972 2068 3
1004 2003 1137 2049 non
1175 1985 1333 2066 quia
1370 1985 1634 2064 creavit,
1677 1985 1892 2047 scivit.
1934 1985 2070 2048 Nec
2108 1984 2299 2048 aliter
2326 1985 2519 2048 scivit
2549 1985 2762 2048 creata
2790 2001 2989 2066 quam
3020 1984 3295 2048 creanda
3336 2003 3351 2044 ε
3384 2000 3517 2046 11011

421 2107 600 2170 enim
641 2105 788 2184 ejus
823 2104 1162 2185 sapientiae
1199 2102 1450 2183 aliquid
1489 2102 1762 2165 accessit
1800 2120 1882 2164 ex
1921 2102 2061 2181 eis3
2101 2102 2217 2164 sed
2260 2101 2393 2164 illis
2440 2101 2908 2164 exsistentibus
2958 2101 3129 2164 sicut
3179 2100 3517 2181 oportebat
3804 2179 3807 2184 Ι

420 2225 488 2287 et
524 2221 790 2303 quando
843 2219 1206 2300 oportebat,
1248 2218 1362 2280 illa
1405 2220 1648 2282 mansit
1693 2219 1770 2280 ut
1816 2218 1973 2280 erat.
2017 2217 2207 2280 Unde
2257 2217 2327 2279 in
2366 2217 2825 2281 Ecclesiastico
2870 2237 2883 2276 :
2926 2217 3299 2298 Antequam
3343 2235 3517 2280 crea·
3544 2235 3809 2288 Eanum,

417 2341 669 2418 rentur,
697 2337 920 2400 omnia
957 2336 1112 2398 nota
1151 2337 1308 2398 sunt
1345 2335 1464 2416 illi,
1499 2337 1594 2398 sic
1631 2336 1692 2398 et
1735 2335 2088 2416 postquam
2127 2336 2583 2397 consummata
2618 2334 2792 2397 sunt.
2826 2335 2993 2396 Ecce
3024 2333 3129 2396 his
3165 2333 3383 2397 verbis
3419 2335 3517 2395 vi-
3545 2301 3613 2340 ²⁹⁰

418 2457 611 2519 detur
640 2453 1054 2534 Augustinus
1085 2451 1378 2531 innuere,
1411 2452 1749 2515 scientiam
1791 2450 1894 2514 vel
1932 2451 2412 2532 praescientiam
2450 2451 2573 2513 Dei
2612 2467 2877 2512 causam
2914 2467 3057 2513 esse
3100 2466 3329 2512 eorum
3367 2467 3515 2531 quae

417 2573 610 2650 fiunt,
665 2588 872 2651 quum
923 2569 1084 2632 dicit
1132 2568 1279 2631 ideo
1325 2585 1400 2630 ea
1441 2587 1605 2649 esse,
1659 2569 1817 2648 quia
1861 2569 2042 2631 Deus
2083 2567 2292 2630 novit.
2324 2603 2411 2611 —
2447 2567 2632 2631 Idem
2674 2584 2935 2648 quoque
2983 2567 3051 2628 in
3105 2569 3291 2629 sexto
3348 2566 3513 2630 libro

417 2689 632 2751 dicere
673 2685 934 2749 videtur
975 2705 988 2746 ε
1033 2685 1250 2758 Quum
1295 2685 1564 2766 (inquit)
1601 2684 1914 2747 decedant
1956 2684 2021 2746 et
2056 2683 2406 2746 succedant
2444 2685 2762 2764 tempora,
2802 2699 2933 2745 non
2972 2683 3227 2746 decedit
3262 2683 3513 2763 aliquid
3543 2702 3803 2758 Αυμμοῑι.

416 2804 522 2868 vel
561 2802 854 2867 succedit
892 2801 1183 2865 scientiae
1221 2801 1368 2881 Dei,
1411 2801 1479 2862 in
1515 2819 1646 2882 qua
1673 2801 1858 2863 novit
1887 2801 2110 2862 omnia
2147 2817 2295 2880 quae
2335 2800 2489 2862 fecit
2524 2818 2639 2881 per
2675 2799 2910 2880 ipsam.
2951 2800 3099 2862 Non
3144 2800 3320 2863 enim
3370 2799 3511 2863 haec
3540 2765 3803 2815 ”b‘w'u'n'

417 2938 568 3002 quae
607 2919 824 2982 creata
860 2919 1036 2998 sunt,
1078 2918 1226 2980 ideo
1270 2918 1568 2980 sciuntur
1608 2935 1647 2979 a
1682 2918 1846 2997 De0‚
1889 2917 2045 2997 quia
2082 2916 2255 2978 facta
2290 2917 2484 2997 sunt;
2525 2917 2639 2979 sed
2676 2917 2898 2997 potius
2935 2917 3081 2978 ideo
3125 2917 3295 2979 facta
3330 2917 3508 2997 sunt,

417 3037 578 3117 quia
607 3034 1111 3098 immutabiliter
1151 3033 1234 3098 ab
1272 3050 1347 3096 eo
1392 3033 1710 3096 sciuntur.
1752 3033 1838 3095 Et
1883 3032 1990 3095 hic
2035 3033 2233 3096 etiam
2276 3033 2644 3112 significare
2685 3032 2967 3112 videtur,
3008 3033 3129 3096 Dei
3174 3033 3515 3096 scientiam

417 3170 692 3217 causam
731 3169 960 3215 eorum
1001 3168 1143 3214 esse
1181 3168 1330 3232 quae
1370 3150 1560 3229 fiunt,
1601 3150 1848 3230 dicenS,
1881 3165 2013 3211 non
2055 3149 2203 3211 ideo
2242 3150 2459 3213 Deum
2498 3167 2574 3212 ea
2608 3150 2895 3230 novisse,
2939 3151 3094 3231 quia
3134 3150 3300 3213 facta
3337 3152 3514 3231 sunt,

418 3270 538 3333 sed
567 3269 716 3332 ideo
749 3268 920 3331 facta
955 3270 1132 3348 sunt,
1166 3268 1322 3348 quia
1358 3267 1540 3329 novit
1573 3283 1648 3329 ea
1677 3267 1878 3330 DeuS.
1914 3266 2201 3346 Ideoque
2230 3266 2491 3329 videtur
2521 3266 2645 3329 Dei
2674 3266 2947 3330 scientia
2973 3266 3074 3330 vel
3110 3266 3522 3349 praescientia

421 3404 622 3449 causa
669 3403 811 3449 esse
859 3401 1090 3449 eorum
1137 3402 1285 3465 quae
1331 3383 1536 3445 novit.

573 3618 650 3681 Β.
691 3619 1294 3683 Inconvententia
1332 3616 1646 3680 ostendit
1682 3633 1841 3693 quoe
1877 3620 2387 3695 sequerentur,
2422 3614 2493 3681 si
2521 3619 2897 3681 diceretur
2927 3620 3241 3682 scientia
3273 3623 3389 3682 vet

924 3736 1400 3811 praescientia
1442 3750 1670 3799 causa
1709 3740 2042 3799 omnium
2077 3750 2341 3799 rerum
2378 3752 2537 3812 quoe
2573 3738 2645 3798 et
2678 3737 3006 3798 subsunt.

557 3951 752 4026 Quod
780 3950 838 4014 si
869 3951 960 4013 ita
996 3951 1116 4031 est,
1150 3952 1250 4013 est
1289 3966 1441 4031 ergo
1473 3966 1670 4013 causa
1701 3950 1998 4012 omnium
2030 3948 2380 4029 malorum,
2413 3967 2621 4029 quum
2660 3916 2883 4013 omnia
2918 3950 3092 4013 mala
3128 3950 3417 4014 sciantur
3454 3955 3518 4018 et

415 4069 852 4153 praesciantur
889 4085 928 4130 a
962 4068 1104 4131 Deo
1139 4086 1154 4127 ε
1188 4067 1364 4148 quod
1391 4066 1587 4148 longe
1617 4067 1716 4129 est
1753 4084 1793 4128 a
1828 4065 2122 4127 veritate.
2166 4065 2236 4128 Si
2276 4065 2453 4128 enim
2494 4066 2619 4129 Dei
2656 4066 2929 4130 scientia
2964 4066 3068 4131 vel
3106 4068 3518 4149 praescientia

417 4203 621 4250 causa
673 4186 845 4247 esset
895 4182 1246 4263 malorum,
1289 4184 1461 4246 esset
1511 4182 1738 4263 utique
1796 4182 1976 4245 Deus
2027 4182 2257 4243 auctor
2302 4180 2628 4244 malorum
2672 4200 2687 4241 x
2729 4183 2907 4263 quod
2960 4184 3223 4264 penitus
3274 4184 3517 4247 falsum

417 4302 544 4366 aet.
587 4302 737 4365 Non
769 4316 920 4381 ergo
951 4298 1224 4362 scientia
1261 4300 1365 4363 vel
1404 4298 1814 4380 praescientia
1850 4298 1968 4361 Dei
2005 4314 2201 4360 causa
2238 4298 2337 4360 est
2375 4297 2674 4360 omnium
2711 4316 2859 4379 quae
2899 4300 2959 4362 ei
2996 4299 3299 4363 subsunt.

645 4533 720 4597 C.
760 4538 956 4602 Quod
990 4549 1115 4597 res
1138 4534 1416 4607 futurae
1451 4549 1600 4597 non
1629 4534 1802 4596 sunt
1830 4549 2056 4597 causa
2095 4535 2423 4597 scientice
2460 4538 2575 4596 vel
2608 4536 3099 4607 proesctenttoe
3138 4538 3291 4599 Dei.

555 4751 788 4831 Neque
838 4750 1038 4814 etiam
1086 4767 1189 4813 res
1237 4749 1476 4813 futurae
1525 4766 1726 4811 causa
1781 4750 1937 4812 sunt
1982 4749 2104 4811 Dei
2147 4749 2599 4829 praescientiae.
2654 4750 2840 4813 Licet
2890 4751 3064 4812 enim
3116 4767 3248 4812 non
3300 4752 3519 4813 essent

417 4867 664 4931 suturae
695 4866 826 4929 nisi
855 4866 1315 4947 praescirentur
1349 4883 1388 4929 a
1426 4867 1589 4945 Deo,
1631 4883 1760 4928 non
1805 4866 2022 4927 tamen
2060 4865 2207 4928 ideo
2245 4866 2708 4945 praesciuntur,
2750 4866 2905 4946 quia
2944 4866 3182 4929 futurae
3225 4867 3399 4927 sunt.
3442 4867 3514 4929 Si

418 4986 598 5049 enim
640 4986 770 5048 hoc
807 4986 1002 5065 esset,
1042 4986 1199 5047 tunc
1237 4984 1380 5065 ejus
1417 4985 1595 5066 quod
1633 4984 1954 5047 aeternum
1999 4982 2118 5061 est,
2166 4981 2418 5062 aliquid
2463 4981 2804 5045 exsisteret
2846 4964 3051 5044 'causa
3100 4982 3183 5045 ab
3228 5000 3304 5046 eo
3347 4982 3509 5046 alie-

415 5120 604 5181 num,
656 5102 742 5165 ab
791 5118 868 5165 eo
910 5101 1289 5181 diversum3
1338 5102 1404 5163 et
1453 5117 1534 5162 ex
1583 5098 1898 5161 creaturis
1948 5098 2339 5177 dependeret
2391 5097 2664 5159 scientia
2714 5096 3060 5175 Creatoris‚
3107 5098 3171 5160 et
3218 5100 3507 5162 creatum

417 5236 616 5282 causa
668 5216 844 5281 esset
882 5214 1175 5277 increati.
1218 5214 1532 5295 Origenes
1581 5214 1802 5276 tamen
1839 5230 2036 5292 super
2073 5212 2439 5292 Epistolam
2484 5211 2565 5272 ad
2612 5210 2949 5273 Romanos
2990 5212 3081 5273 ait
3114 5230 3129 5271 :
3170 5212 3316 5275 Non
3355 5232 3507 5294 pro·
3563 5219 3801 5274 Origen-in

417 5336 646 5417 pterea
675 5332 928 5412 aliquid
965 5331 1110 5412 erit,
1145 5332 1300 5411 quia
1341 5331 1408 5393 id
1451 5331 1574 5394 scit
1609 5332 1790 5393 Deus
1819 5329 2158 5410 futurum3
2200 5329 2314 5392 sed
2356 5328 2513 5409 quia
2560 5328 2856 5391 futurum
2896 5330 3017 5409 est,
3051 5328 3196 5393 ideo
3234 5329 3440 5392 scitur
3476 5282 3805 5393 afff'ffiub'm'
