4359 6250
600 790 764 834 Ιοωυι.

561 854 630 896 29.

596 4032 612 4075 Ι
631 4032 735 4077 Cor.
750 4045 823 4083 ιιι,

563 4099 628 4139 ss.

859 485 936 549 70

1497 503 1560 548 ΙΝ
1601 503 1824 548 Limum
1867 503 1886 547 I
1929 501 2412 548 SENTENTIARUM.
2456 517 2538 528 ·—
2578 501 2731 546 ms'r.
2778 499 2971 562 xvm3
3013 499 3236 555 QUAEST.
3284 499 3307 545 1

856 675 1030 737 dedit
1081 675 1241 737 Filio
1295 675 1700 756 generatione
1758 680 2014 746 aeterna,
2063 673 2230 734 sicut
2281 672 2346 734 in
2376 671 2429 733 A
2458 671 2708 733 decimo
2756 670 2831 732 de
2877 670 3180 733 Trinitate
3225 677 3463 732 asserat
3504 668 3895 750 Augustinus
3934 683 3953 728 z

783 805 826 843 x,
857 773 1199 854 Evangelio
1249 773 1443 836 Filius
1495 779 1898 854 protestatur,
1949 771 2128 833 Pater
2177 772 2345 852 quod

856 872 1032 935 dedit
1081 872 1262 946 mihi,
1309 872 1514 953 majus
1563 871 1862 934 omnibus
1913 877 2008 932 est
2060 887 2074 930 ε
2127 876 2347 950 utpote

857 971 1075 1032 divina
1119 971 1416 1044 essentia,
1466 977 1537 1031 ut
1586 968 1798 1032 Sancti
1847 975 2192 1050 exponunt.
2246 967 2349 1029 Di-

855 1069 1004 1130 vina
1050 1077 1263 1130 autem
1312 1068 1588 1129 essentia
1635 1066 1987 1128 secundum
2037 1065 2346 1128 rationem

855 1167 1076 1230 ordine
1124 1175 1365 1229 naturae
1410 1165 1921 1247 praeintelligitur
1962 1171 2106 1226 ante
2155 1162 2349 1246 Spiri-

853 1273 992 1326 tum
1023 1265 1324 1327 Sanctum
1359 1281 1373 1325 :
1403 1272 1469 1326 et
1508 1263 1600 1326 sic
1631 1264 1770 1345 ipsa
1797 1271 1892 1325 est
1931 1263 2213 1344 primum
2244 1262 2351 1325 do-

853 1381 1009 1424 num
1058 1380 1131 1424 ac
1179 1362 1416 1424 datum.
1468 1398 1549 1406 —
1597 1361 1908 1434 Secundo,
1962 1361 2014 1422 si
2073 1359 2347 1442 Spiritus

852 1462 1118 1524 Sanctus
1167 1469 1262 1523 est
1310 1462 1548 1523 donum
1593 1461 1658 1522 in
1705 1478 1831 1542 quo
1877 1477 2064 1523 omne
2106 1459 2347 1521 donum

851 1560 1057 1634 datur,
1099 1577 1249 1640 ergo
1297 1559 1514 1622 divina
1563 1559 1861 1632 essentia,
1905 1577 2046 1640 quae
2095 1564 2191 1619 est
2240 1556 2345 1619 do-

849 1676 1005 1718 num
1048 1665 1110 1718 et
1153 1657 1392 1731 datum,
1426 1657 1506 1719 ab
1552 1657 1692 1738 ipso
1740 1657 1970 1718 datur:
2006 1656 2174 1737 quod
2220 1654 2347 1718 dici

849 1773 974 1818 non
1029 1763 1254 1836 potest,
1287 1755 1439 1836 quia
1485 1754 1566 1817 ab
1609 1773 1684 1817 eo
1728 1754 1903 1816 nulla
1946 1754 2165 1815 divina
2207 1771 2347 1834 pro-

2456 770 2525 830 In
2568 769 2872 832 Trinitate
2914 787 3042 832 non
3092 776 3186 830 est
3225 768 3503 832 Verbum
3552 767 3679 829 nisi
3727 765 3956 840 Filius,

2456 886 2574 929 nec
2614 868 2852 930 donum
2899 867 3023 929 nisi
3068 867 3341 948 Spiritus
3382 867 3665 928 Sanctus.
3700 864 3961 927 Etenim

2459 966 2731 1047 Spiritus
2762 966 3027 1028 Sanctus
3068 965 3419 1027 secundum
3461 983 3641 1026 suam
3674 963 3963 1046 proprie-

2460 1071 2653 1126 tatem
2696 1082 2875 1127 amor
2914 1071 3010 1126 est
3052 1069 3087 1124 'a
3129 1064 3305 1126 Patre
3348 1081 3421 1126 ac
3465 1062 3621 1125 Filio
3666 1081 3956 1124 manans.

2540 1163 2659 1224 Sed
2700 1162 2896 1243 objici
2937 1169 3144 1244 potest
3177 1180 3191 1223 ε
3224 1163 3379 1224 Tota
3406 1161 3677 1223 Trinitas
3717 1161 3821 1222 dat
3859 1179 3959 1234 se,

2462 1261 2611 1342 quia
2660 1262 3091 1324 communicat
3140 1279 3206 1322 se
3255 1261 3333 1322 ad
3385 1259 3748 1322 fruendum.
3792 1259 3965 1340 Ergo

2460 1366 2589 1422 tota
2618 1359 2889 1422 Trinitas
2922 1359 3160 1422 donum
3190 1367 3323 1422 est:
3351 1377 3465 1421 cur
3492 1376 3642 1438 ergo
3678 1358 3963 1440 Spiritus

2459 1459 2671 1540 potius
2711 1458 2947 1521 dicitur
2984 1459 3224 1521 donum
3265 1477 3457 1540 quam
3499 1458 3677 1520 Pater
3714 1457 3815 1520 vel
3858 1457 3963 1518 Fi-

2458 1556 2628 1619 lius?
2667 1593 2747 1602 —
2790 1557 3101 1630 Secundo,
3150 1557 3316 1618 sicut
3362 1557 3635 1638 Spiritus
3685 1556 3957 1618 Sanctus

2459 1655 2581 1716 fuit
2628 1655 2811 1717 nobis
2856 1655 3171 1719 donabilis
3215 1654 3296 1716 ab
3338 1661 3594 1728 aetern0,
3628 1654 3716 1716 ita
3756 1661 3819 1716 et
3856 1653 3957 1715 Fi-

2461 1755 2603 1816 lius‚
2640 1755 2801 1835 Ergo
2830 1754 3027 1816 Filius
3058 1754 3245 1816 debet
3274 1754 3401 1816 dici
3441 1755 3702 1827 donum,
3734 1773 3959 1835 quem-

850 1854 1018 1916 cedit
1049 1871 1333 1935 persona.
1357 1889 1438 1899 —
1467 1853 1696 1928 Tertio,
1730 1871 1908 1915 amor
1935 1859 2032 1914 est
2063 1852 2344 1933 primurn
2384 1850 2429 1911 B
2458 1853 2799 1916 admodum
2851 1852 3124 1934 Spiritus
3175 1852 3443 1915 Sanctus
3490 1869 3505 1914 z
3552 1851 3682 1913 imo
3728 1859 3791 1913 et
3836 1871 3956 1934 per

849 1951 1088 2014 donum
1141 1969 1155 2012 :
1207 1969 1385 2013 amor
1431 1959 1647 2012 autem
1705 1950 2054 2032 unicuique
2112 1949 2345 2012 divinae

851 2068 1136 2133 personas
1175 2067 1514 2112 commune
1557 2057 1652 2110 est
1691 2067 1944 2111 nomen.
1978 2083 2059 2093 —
2088 2047 2342 2121 Quart0,

851 2147 1048 2210 Filius
1080 2148 1263 2209 datus
1295 2155 1390 2210 θεῖ
1431 2147 1636 2222 nobiS‚
1672 2164 1799 2209 non
1840 2153 2052 2208 tamen
2083 2165 2120 2207 a
2149 2145 2346 2228 Spiri-

849 2254 919 2306 tu
963 2246 1212 2320 Sancto,
1247 2246 1398 2328 quia
1435 2263 1563 2308 non
1603 2245 1792 2307 habet
1835 2244 2143 2307 rationem
2175 2243 2347 2326 prin-

850 2343 1004 2425 cipii
1036 2351 1144 2404 aut
1173 2343 1406 2405 datoris
1449 2351 1740 2424 respectu
1781 2341 1944 2404 Filii.
1979 2377 2060 2387 —
2088 2341 2342 2416 Quinto,

849 2442 1000 2523 quia
1030 2442 1095 2503 in
1128 2441 1336 2503 littera
1373 2441 1754 2515 continetur,
1788 2441 1957 2522 quod
1998 2439 2079 2501 ab
2109 2447 2346 2502 aeterno

850 2539 1147 2603 convenit
1177 2539 1442 2622 Spiritui
1474 2539 1702 2602 Sancto
1731 2558 1869 2602 esse
1901 2539 2159 2601 donum.
2181 2537 2345 2618 Ergo

847 2640 928 2702 ab
967 2646 1203 2703 aeterno
1233 2639 1486 2702 videtur
1515 2639 1698 2700 datus
1739 2637 1898 2700 Filio
1928 2657 1965 2699 a
2002 2638 2203 2709 Patre,
2237 2643 2346 2698 aut

848 2738 1009 2800 Patri
1054 2756 1092 2799 a
1135 2737 1292 2800 Filio
1337 2755 1350 2798 :
1394 2736 1565 2818 quod
1610 2737 1676 2799 in
1720 2743 1895 2798 textu
1944 2743 2227 2816 negatur.
2264 2769 2347 2779 —

849 2835 1058 2908 Sexto,
1092 2835 1395 2916 quoniam
1427 2835 1590 2897 dona
1619 2834 1696 2896 ad
1731 2833 2124 2896 intellectum
2158 2833 2347 2914 perti-

854 2934 1070 2994 nentia
1117 2933 1276 2995 Filio
1333 2933 1847 3015 appropriantur,
1897 2950 2096 3012 quum
2149 2931 2345 2992 Filius

2458 1950 2636 2033 prius
2700 1970 2812 2012 seu
2878 1951 3159 2032 primum
3224 1951 3486 2023 donum,
3549 1968 3750 2031 quum
3814 1949 3957 2030 ipse

2460 2049 2655 2111 Filius
2704 2049 2787 2110 sit
2828 2048 3103 2130 Spiritus
3146 2049 3358 2111 Sancti
3409 2048 3819 2130 principium.
3869 2083 3957 2094 —-

2456 2147 2687 2220 Terti0‚
2740 2146 3015 2228 Spiritus
3072 2147 3339 2208 Sanctus
3396 2147 3636 2210 donum
3692 2152 3956 2208 vocatur

2456 2264 2571 2327 per
2612 2245 3009 2326 spiritualem
3061 2245 3429 2307 missionem
3475 2245 3541 2306 in
3588 2251 3829 2307 mentes
3876 2243 3957 2306 ri-

2456 2343 2697 2406 delium
2720 2360 2733 2404 :
2756 2342 2818 2404 in
2852 2362 2977 2424 qua
3011 2343 3312 2405 missione
3347 2343 3532 2404 datur
3562 2342 3745 2405 nobis
3775 2359 3955 2404 amor

2453 2441 2785 2522 gratuitus
2851 2441 2972 2503 Sed
3030 2441 3450 2504 consimiliter
3508 2441 3572 2502 in
3633 2440 3953 2523 spirituali

2456 2539 2759 2602 missione
2790 2539 2932 2602 Filii
2964 2539 3149 2602 nobis
3188 2538 3514 2602 confertur
3544 2539 3821 2620 cognitio
3856 2558 3954 2601 sa-

2456 2657 2683 2721 porosa
2718 2647 2781 2701 et
2811 2639 3017 2701 dulcis
3046 2657 3119 2701 ac
3160 2639 3473 2713 salutaris,
3508 2658 3634 2720 qua
3666 2640 3794 2702 Deo
3824 2638 3955 2720 pla-

2456 2757 2692 2800 cemus
2734 2738 2895 2818 Ergo
2945 2736 3125 2810 Filio,
3165 2737 3332 2800 sicut
3381 2737 3647 2819 Spiritui
3699 2737 3950 2810 Sancto,

2459 2835 2759 2899 convenit
2799 2855 2937 2898 esse
2980 2837 3240 2898 donum.

2536 2935 2887 2997 Dicendum
2918 2935 2997 2996 ad
3028 2935 3333 3016 primum,
3351 2934 3504 3016 quia
3532 2942 3605 2997 ut
3632 2934 3721 2997 ait
3749 2935 3956 3015 Augu-

851 3031 933 3093 sit
961 3031 1242 3094 Verbum
1275 3030 1633 3092 intellectus
1664 3031 1909 3112 paterni
1941 3038 2005 3092 et
2035 3029 2347 3113 sapientia
2383 3029 2425 3092 C
2456 3033 2661 3094 stinus
2696 3033 2759 3095 in
2793 3032 2954 3096 libro
2993 3033 3071 3094 de
3103 3033 3343 3114 Spiritu
3373 3041 3436 3095 et
3475 3032 3710 3107 anima,
3742 3033 3955 3096 omnis

850 3131 1013 3212 ejuS,
1048 3138 1118 3192 ut
1166 3129 1391 3212 patuit.
1426 3164 1507 3175 --
1537 3130 1840 3211 Septimo,
1874 3130 2023 3191 doni
2075 3147 2203 3191 non
2251 3137 2347 3190 est

853 3230 1093 3291 donum
1129 3246 1376 3309 :quum
1427 3245 1574 3309 ergo
1623 3227 1900 3310 Spiritus
1948 3228 2215 3291 Sanctus
2264 3227 2348 3289 sit

851 3328 1114 3401 donum,
1154 3326 1280 3388 sibi
1319 3343 1446 3388 non
1486 3326 1784 3389 convenit
1821 3344 1960 3388 esse
2000 3326 2245 3389 sontem
2284 3333 2347 3387 et

853 3425 1126 3507 primam
1159 3424 1470 3486 rationem
1499 3425 1831 3487 donorum.
1867 3424 2059 3486 Multa
2090 3440 2345 3505 quoque

852 3523 1018 3585 dona
1059 3541 1096 3584 a
1138 3523 1266 3586 Deo
1309 3523 1625 3585 donantur
1669 3523 1734 3585 in
1783 3522 2019 3605 quibus
2070 3520 2345 3603 Spiritus

853 3621 1118 3683 Sanctus
1161 3638 1287 3683 non
1328 3621 1533 3695 datur,
1566 3620 1863 3683 videlicet
1901 3621 2065 3683 dona
2103 3626 2347 3681 naturae

851 3726 914 3781 et
955 3719 1120 3781 dona
1158 3719 1374 3799 gratiae
1413 3719 1607 3799 gratis
1649 3719 1826 3782 datae.

932 3818 1001 3879 In
1050 3818 1438 3883 contrarium
1483 3826 1578 3879 est
1625 3818 1964 3881 auctoritas
2007 3818 2347 3898 Augustini

855 3916 921 3977 in
952 3916 1190 3995 littera3
1216 3917 1344 3978 imo
1372 3917 1542 3999 quod
1571 3917 1649 3978 ad
1683 3915 2039 3979 Corinthios
2070 3917 2158 3978 ait
2187 3918 2351 3999 Apo-

855 4014 1052 4077 stolus
1115 4032 1129 4077 :
1189 4014 1332 4077 Haec
1392 4014 1610 4077 omnia
1671 4022 1968 4095 operatur
2029 4034 2197 4077 unus
2257 4025 2348 4077 at-

854 4132 978 4195 que
1010 4112 1178 4175 idem
1210 4113 1506 4195 SpirituS,
1538 4112 1829 4177 dividens
1861 4112 2127 4192 singulis
2160 4122 2349 4195 prout

2457 3152 2610 3194 usus
2660 3151 2771 3194 seu
2817 3131 3185 3195 communio
3230 3139 3340 3194 aut
3383 3131 3603 3195 fruitio
3652 3132 3957 3196 Divinita-

2455 3230 2559 3305 tis,
2592 3238 2688 3291 est
2731 3229 2915 3292 nobis
2958 3248 3035 3291 ex
3079 3248 3343 3292 munere
3382 3229 3494 3312 qui
3539 3238 3636 3292 est
3678 3231 3955 3313 Spiritus

2457 3329 2744 3401 SanctuS,
2779 3328 2882 3389 cui
2925 3327 3297 3390 attribuitur
3339 3330 3707 3392 communio
3754 3330 3955 3393 Patris

2455 3436 2518 3489 et
2566 3425 2709 3488 Filii
2754 3444 2767 3487 :
2812 3427 3113 3509 quoniam
3167 3426 3278 3488 illa
3324 3428 3693 3491 communio
3741 3436 3839 3490 est
3885 3428 3953 3490 in

2456 3525 2640 3588 nobis
2679 3544 2755 3586 ex
2796 3542 3031 3598 amore,
3065 3524 3177 3607 qui
3215 3523 3586 3587 attribuitur
3624 3533 3687 3587 et
3728 3544 3955 3608 appro-

2458 3624 2703 3706 priatur
2748 3622 3013 3705 Spiritui
3067 3623 3315 3685 Sancto.
3359 3623 3565 3696 Quum
3614 3642 3765 3704 ergo
3816 3624 3955 3706 Spi-

2458 3723 2617 3783 ritus
2674 3722 2940 3784 Sanctus
2987 3720 3156 3783 dicat
3203 3721 3514 3784 rationem
3566 3721 3950 3798 donationiS,

2459 3819 2713 3902 proprie
2754 3819 2992 3881 donum
3024 3827 3301 3882 vocatur.
3334 3854 3417 3865 -
3444 3819 3539 3881 Ad
3572 3820 3951 3895 secundum,

2458 3918 2626 3999 quod
2668 3917 2863 3979 Filius
2902 3917 3187 3998 procedit
3228 3936 3343 3999 per
3384 3917 3641 3979 modum
3687 3926 3953 3992 naturae,

2459 4015 2733 4097 Spiritus
2773 4015 3039 4076 Sanctus
3072 4032 3223 4077 vero
3267 4033 3381 4096 per
3419 4016 3683 4078 modurn
3717 4015 3955 4078 amoris

2458 4123 2521 4176 et
2551 4113 2915 4175 voluntatis
2950 4113 3270 4176 Processio
3300 4121 3514 4176 autem
3546 4132 3661 4195 per
3690 4115 3953 4177 modum

852 4211 1010 4274 vult.
1061 4247 1144 4257 —
1189 4212 1474 4293 Insuper,
1524 4230 1714 4274 omne
1764 4211 2002 4273 donum
2063 4220 2347 4275 creatum
2379 4219 2429 4280 D
2458 4212 2825 4286 voluntatiS,
2866 4229 2942 4274 eo
2987 4211 3125 4293 ipso
3170 4229 3297 4292 quo
3338 4212 3661 4294 processio
3702 4221 3819 4285 est,
3856 4220 3955 4275 est

850 4318 1100 4393 oportet
1154 4310 1372 4373 reduci
1423 4311 1487 4371 in
1549 4309 1830 4391 primum
1879 4316 1943 4370 et
1992 4308 2345 4372 increatum

848 4411 1110 4484 donum,
1145 4409 1314 4492 quod
1343 4415 1439 4473 est
1471 4407 1743 4492 Spiritus
1775 4408 2060 4470 Sanctus.
2085 4444 2165 4453 -—
2195 4408 2346 4471 Rur-

846 4526 976 4582 suS,
1011 4525 1198 4570 omne
1228 4508 1469 4569 donum
1501 4505 1756 4589 proprie
1795 4505 2039 4567 dictum
2069 4524 2147 4568 ex
2177 4525 2347 4570 amo-

844 4625 911 4668 re
942 4606 1246 4687 procedit.
1281 4606 1489 4679 Quum
1530 4605 1722 4685 igitur
1761 4604 2035 4685 Spiritus
2077 4605 2343 4667 Sanctus

843 4704 927 4767 sit
956 4721 1134 4766 amor
1163 4702 1360 4766 Patris
1389 4720 1464 4765 ac
1494 4701 1660 4775 Filii,
1695 4709 1864 4764 recte
1894 4703 2345 4785 appropriatur

843 4802 902 4865 ei
931 4820 1069 4864 esse
1101 4801 1406 4883 primum,
1439 4800 1676 4864 fontale
1705 4818 1779 4862 ac
1821 4800 2341 4863 liberalissimum

843 4901 1086 4963 donum
1128 4899 1195 4961 in
1240 4917 1367 4980 quo
1413 4908 1478 4962 et
1523 4918 1560 4961 a
1607 4916 1734 4981 quo
1782 4916 1972 4962 omne
2014 4899 2189 4961 aliud
2238 4901 2343 4963 do-

844 5015 1003 5061 num
1045 4998 1333 5060 donatur.

930 5196 1022 5259 Ad
1071 5198 1205 5260 haec
1248 5195 1601 5259 Alexander
1643 5196 1984 5278 respondet
2019 5213 2032 5257 :
2067 5164 2342 5277 Spiritus

851 5296 1118 5360 Sanctus
1149 5294 1403 5377 proprie
1442 5296 1680 5359 donum
1711 5302 1829 5372 est,
1860 5314 2062 5376 quum
2093 5295 2343 5377 quinto-

2458 4310 2760 4389 donati03
2815 4318 2877 4372 et
2934 4310 3306 4391 procedenS,
3363 4318 3460 4372 est
3518 4311 3775 4373 donum.
3830 4311 3951 4374 Sed

2460 4409 2547 4472 ita
2598 4426 2724 4472 non
2778 4415 2873 4469 est
2923 4408 3001 4469 de
3059 4407 3463 4489 processione
3524 4426 3637 4491 per
3689 4409 3950 4471 modum

2458 4515 2715 4570 naturae.

2537 4606 2631 4669 Ad
2668 4604 2947 4678 tertium,
2981 4605 3151 4686 quod
3188 4604 3354 4666 sicut
3386 4604 3451 4665 in
3486 4604 3695 4667 littera
3722 4623 3801 4667 ex
3831 4605 3953 4668 Au-

2456 4703 2713 4785 gustino
2766 4703 3111 4777 inducitur,
3164 4703 3438 4785 Spiritus
3496 4703 3764 4767 Sanctus
3823 4722 3951 4767 non

2455 4804 2645 4866 habet
2678 4802 2980 4865 rationem
3008 4802 3159 4864 doni
3192 4801 3290 4863 vel
3320 4801 3639 4866 donabilis
3670 4802 3737 4864 in
3766 4822 3953 4884 quan-

2455 4910 2591 4964 tum
2642 4918 2840 4975 amor,
2882 4900 2991 4961 sed
3040 4899 3232 4962 etiam
3276 4918 3353 4961 ex
3404 4899 3593 4962 modo
3635 4918 3766 4963 suae
3812 4918 3953 4982 pro-

2455 4999 2780 5063 cessionis
2820 4997 3000 5062 Ratio
3038 5006 3249 5060 autem
3290 4998 3441 5060 doni
3480 4997 3817 5080 tripliciter
3853 5006 3951 5061 est

2456 5100 2522 5161 in
2563 5098 2804 5179 Spiritu
2854 5098 3100 5161 Sancto.
3149 5097 3380 5172 Primo,
3425 5116 3539 5179 per
3585 5104 3949 5179 respect-um

2454 5199 2531 5261 ad
2564 5216 2752 5259 suum
2783 5196 3177 5279 principium
3212 5214 3225 5258 :
3260 5196 3548 5278 procedit
3577 5195 3751 5258 enim
3780 5195 3949 5258 sicut

2453 5296 2691 5359 donum
2740 5314 2773 5356 a
2825 5295 3035 5367 dante,
3088 5301 3306 5375 utpote
3367 5292 3945 5357 communicatione
