4359 6250
142 4744 240 4781 αὖ.

1010 542 1096 587 AN
1138 540 1362 588 citurus
1405 543 1480 587 ΕΤ
1522 542 1910 588 ΙΜΜΗΤΑΒΙΠδ
1954 541 2048 588 SIT
2087 543 2371 589 Numanus
2415 543 3013 590 PRAEDEs'rtNAToRUM

3446 523 3567 589 519

454 731 491 774 a
521 731 712 774 causa
745 712 1036 775 variabili
1072 730 1087 774 ε
1120 732 1156 775 a
1187 731 1376 775 causa
1413 713 1791 788 necessaria,
1825 720 1956 774 tan·
1983 713 2034 774 Α
2065 713 2142 775 de
2184 713 2399 776 futura
2440 713 2773 778 hominum
2812 716 3013 778 salute
3054 734 3243 797 quam
3287 715 3423 797 ipse
3462 716 3569 780 ho-

452 829 644 892 quam
689 830 726 872 a
771 830 962 873 causa
1011 812 1393 889 universali3
1436 820 1498 873 et
1541 830 1578 874 a
1620 830 1808 874 causa
1851 831 1954 873 va—

449 909 684 983 riabili,
719 918 1020 991 tanquam
1065 930 1101 972 a
1142 911 1504 991 particulari
1543 929 1555 972 :
1591 910 1954 973 denomina—

448 1015 552 1069 tur
603 1027 640 1069 a
699 1026 890 1070 causa
949 1008 1262 1081 variabili,
1315 1009 1464 1089 quia
1520 1008 1952 1071 denominatio

446 1116 542 1169 est
569 1127 608 1168 a
637 1125 830 1168 causa
861 1107 1264 1189 particulari3
1297 1115 1358 1169 et
1387 1107 1680 1181 effeetuS,
1716 1107 1825 1188 qui
1857 1114 1953 1169 est

446 1225 481 1268 a
519 1225 714 1268 causa
756 1206 1182 1287 contingente,
1225 1213 1323 1269 est
1366 1207 1759 1288 contingens,
1799 1207 1956 1268 Prae-

445 1313 618 1366 terea
648 1304 1118 1386 praedestinatio
1149 1311 1379 1387 praeter
1407 1305 1716 1366 rationem
1747 1324 1952 1366 causae

447 1405 750 1485 importat
789 1403 1098 1465 rationem
1147 1403 1579 1485 praescientiae.
1615 1403 1953 1466 Praescien-

446 1503 534 1564 tia
589 1511 806 1564 autem
865 1510 1069 1564 totum
1127 1502 1400 1564 includit
1449 1501 1511 1563 in
1567 1502 1948 1582 cognitione,

445 1600 746 1663 videlicet
777 1599 1050 1662 liberum
1091 1599 1430 1662 arbitrium
1460 1607 1522 1662 et
1554 1598 1692 1680 ejus
1732 1618 1951 1682 opera-

445 1699 686 1762 tionem
727 1717 800 1760 ac
830 1697 1310 1760 vertibilitatem
1350 1706 1413 1760 et
1443 1717 1848 1780 quocumque
1883 1717 1950 1760 se

443 1805 686 1876 vertet3
739 1797 1172 1878 contingentia
1219 1815 1474 1878 quoque
1522 1815 1670 1859 vere
1720 1796 1951 1858 infalli-

2067 831 2193 885 mo,
2228 813 2337 894 qui
2384 813 2503 876 scit
2546 833 2684 876 eam
2730 833 2867 877 esse
2910 816 3405 896 contingentem.
3442 814 3567 878 Alii

2065 911 2384 985 dixerunt,
2438 913 2604 993 quod
2657 912 2823 974 Deus
2882 912 3071 974 habet
3120 913 3566 992 certitudinem

2067 1009 2317 1070 numeri
2352 1010 2819 1085 salvandorum,
2846 1011 3161 1092 loquendo
3191 1013 3269 1074 de
3301 1030 3568 1074 numero

2068 1113 2466 1182 numerante,
2497 1107 2795 1170 videlicet
2835 1116 2991 1191 quot
3034 1109 3236 1170 millia
3280 1110 3409 1171 sint
3450 1109 3567 1171 sal-

2066 1205 2305 1284 vanda3
2358 1223 2485 1268 non
2532 1213 2745 1267 autem
2805 1207 3120 1287 loquendo
3170 1208 3247 1269 de-
3296 1225 3565 1270 nume-ro

2066 1310 2419 1378 numerato,
2453 1305 2604 1385 quia
2642 1305 2971 1386 supposita
3012 1305 3120 1367 illa
3152 1315 3417 1388 possunt
3452 1306 3567 1367 sal-

2063 1401 2198 1462 vari
2238 1409 2301 1462 et
2343 1420 2471 1465 non
2519 1403 2771 1465 salvari.
2812 1403 2901 1464 Ex
2945 1421 3072 1484 quo
3119 1404 3407 1485 sequitur
3452 1405 3566 1466 im-

2065 1498 2413 1580 perfectam
2453 1519 2591 1562 esse
2632 1501 2742 1563 Dei
2784 1501 3235 1582 cognitionem,
3271 1503 3357 1564 ita
3394 1503 3564 1584 quod

2064 1598 2185 1659 scit-
2214 1599 2417 1660 solum
2462 1599 2527 1660 in
2570 1599 2919 1675 communi,
2954 1618 3080 1663 non
3123 1600 3187 1661 in
3231 1599 3561 1682 singulari,

2061 1696 2172 1778 qui
2234 1696 2362 1759 sint
2419 1697 2723 1760 salvandi.
2772 1733 2849 1742 —
2898 1698 3139 1761 Idcirco
3196 1699 3561 1772 dicendum,

2062 1796 2231 1875 quod
2283 1815 2587 1858 numerus
2648 1797 3239 1878 praedestinatorum
3295 1805 3565 1879 utroque

444 1895 789 1978 biliterque
857 1895 1199 1976 cognoscit.
1269 1895 1413 1957 ldco
1480 1895 1949 1976 praedestinatio
1986 1897 2034 1958 B
2064 1895 2274 1969 mod0,
2307 1895 2604 1957 videlice-t
2646 1896 3055 1969 materialiter
3092 1904 3151 1958 et
3188 1896 3560 1972 formaliter,

444 1994 916 2076 quodammodo
958 1993 1150 2055 infert
1187 1993 1653 2066 necessitatem,
1687 2011 1804 2055 nec
1845 2011 1950 2075 po-

443 2101 566 2154 test
615 2093 873 2166 cassari,
917 2111 1034 2154 nec
1076 2111 1113 2153 a
1157 2092 1358 2155 libero
1406 2090 1669 2154 arbitrio
1718 2091 1952 2153 discor-

441 2193 593 2254 dare
629 2208 643 2253 :
677 2198 742 2252 et
771 2191 921 2272 quia
960 2189 1359 2272 praescientia
1394 2189 1638 2250 nullam
1679 2189 1950 2272 imponit

442 2289 891 2352 necessitatem
931 2289 1368 2369 consequenti,
1403 2288 1512 2350 sed
1557 2287 1762 2350 solum
1803 2306 1951 2350 con-

442 2387 814 2469 sequentiae,
849 2387 1148 2448 similiter
1191 2404 1308 2448 nec
1350 2386 1838 2468 praedestinatio,
1871 2423 1951 2431 —

445 2487 586 2549 Haec
631 2487 1088 2550 Bonaventura.

521 2585 640 2658 Qui
685 2585 764 2646 de
814 2584 932 2646 hac
982 2584 1245 2646 materia
1289 2583 1543 2648 videtur
1585 2582 1949 2665 aliqualiter

441 2691 726 2745 extreme
769 2682 966 2764 loqui,
999 2690 1070 2743 ut
1115 2682 1316 2764 magis
1359 2681 1596 2744 vitetur
1644 2691 1707 2744 et
1745 2682 1951 2763 despi-

443 2782 651 2844 ciatur
694 2800 870 2844 error
911 2781 1285 2854 dicentium,
1322 2781 1787 2863 praescientiam
1834 2781 1946 2843 Dei

443 2879 636 2942 rebus
677 2879 1078 2962 praecognitis
1112 2887 1176 2942 et
1211 2879 1828 2961 praedestinationem
1859 2879 1949 2940 di-

441 2979 659 3040 vinam
705 2977 1166 3060 praedestinatis
1206 2977 1651 3040 necessitatem
1688 2977 1941 3040 inferre.

2063 1993 2191 2054 Deo
2232 1992 2511 2074 perfecte
2550 2001 2646 2056 est
2677 1994 2984 2074 cognitus,
3019 1995 3145 2056 Nec
3182 2002 3392 2057 tamen
3434 2015 3564 2058 cer-

2061 2091 2268 2153 titudo
2298 2091 2490 2172 hujus
2532 2092 2772 2155 notitiae
2804 2094 3249 2156 necessitatem
3290 2093 3562 2175 imponit

2061 2189 2401 2264 salvandiS,
2435 2199 2507 2252 ut
2551 2199 2721 2272 patet
2764 2209 2840 2253 ex
2890 2191 2989 2253 his
3037 2211 3179 2273 quae
3227 2193 3304 2254 de
3353 2193 3562 2275 provi·
3644 2207 3716 2263 cf.
3750 2209 3854 2253 dist.

2061 2289 2275 2351 dentia
2314 2297 2464 2350 sunt
2499 2289 2773 2351 inducta.
2810 2290 3280 2353 Praedestinatio
3318 2292 3559 2375 quippe
3587 2285 3796 2390 ζξὶζζζῖ
3812 2277 3853 2380 {j

2060 2387 2526 2469 praescientiam
2558 2388 3149 2470 providentiamque
3184 2389 3474 2464 includit,
3497 2399 3561 2453 et

2060 2487 2223 2548 sicut
2258 2485 2679 2568 praehabitum
2711 2495 2827 2560 est,
2860 2506 2977 2549 nee
3010 2488 3409 2569 praescientia
3442 2507 3560 2551 nec

2061 2585 2461 2667 providentia
2497 2583 2908 2647 inferioribus
2940 2585 3077 2646 ist-is
3117 2586 3559 2648 necessitatem

2060 2684 2325 2746 inducit.
2361 2685 2504 2746 Haec
2546 2684 2815 2746 Thomas
2861 2685 2923 2745 in
2970 2684 3237 2766 Scripto.

2137 2783 2328 2844 Porro
2358 2782 2421 2844 in
2454 2782 2661 2864 prima
2691 2789 2866 2863 parte
2898 2782 3560 2864 Summae,quaestione

2058 2881 2365 2945 vicesima
2408 2881 2593 2944 tertia
2624 2899 2637 2943 :
2670 2881 2984 2943 Numerus
3021 2881 3290 2963 (inquit)
3324 2882 3559 2963 praede-
3640 2899 3723 2938 ut.
3747 2898 3788 2940 7.

2059 2979 2437 3042 stinatorum
2479 2987 2687 3041 certus
2730 2987 2823 3040 est
2865 2980 3013 3052 Deo,
3048 2996 3175 3040 non
3222 2979 3430 3042 solum
3470 2998 3562 3040 ra-

441 3078 897 3140 Verumtamen
938 3077 1108 3139 dicta
1135 3076 1474 3140 Alexandri
1505 3095 1652 3139 vere
1693 3094 1948 3140 concor·
1985 3079 2028 3144 C
2060 3079 2229 3142 tione
2292 3077 2825 3161 praecognitionis,
2877 3079 3028 3161 quia
3085 3078 3382 3141 videlicet
3442 3078 3562 3141 scit

442 3177 597 3238 dant.
627 3176 748 3239 hoc
781 3175 919 3239 loco
949 3176 1134 3238 dictis
1173 3176 1474 3257 Magistri,
1509 3176 1674 3237 sicut
1704 3184 1766 3238 et
1797 3176 1947 3238 seri-

443 3282 552 3357 pta
602 3274 878 3349 Thomae‚
932 3274 1195 3349 Atheni,
1247 3292 1321 3336 ac
1371 3274 1642 3337 aliorum
1699 3275 1774 3336 ad
1826 3274 1946 3337 hoc

444 3375 1014 3457 praeallegatorum.

523 3474 708 3536 Ponit
755 3491 1011 3554 quoque
1065 3472 1505 3536 Bonaventura
1552 3474 1943 3554 exemplum,

440 3572 720 3654 qualiter
758 3572 924 3633 Deus
964 3590 1000 3633 a
1039 3572 1267 3633 throno
1308 3571 1524 3653 gloriae
1565 3591 1694 3634 suae
1734 3571 1948 3633 omnia

439 3672 562 3733 ista
604 3670 908 3733 inferiora
948 3668 1409 3732 invariabiliter
1447 3670 1639 3732 simul
1670 3678 1734 3731 et
1763 3670 1946 3731 infal-

441 3768 713 3831 libiliter
757 3768 1087 3830 intuetur:
1123 3775 1192 3829 ut
1235 3767 1290 3829 si
1335 3768 1479 3849 quis
1524 3788 1561 3830 a
1607 3768 1742 3831 loco
1791 3768 1946 3830 emi·

436 3867 616 3930 nenti
649 3867 860 3929 videat
894 3885 1020 3929 uno
1062 3866 1298 3929 intuitu
1339 3874 1568 3928 cuncta
1601 3886 1742 3948 quae
1778 3866 1946 3927 fiunt

439 3968 508 4029 in
556 3967 776 4047 aliqua
823 3964 1100 4047 regione,
1142 3965 1306 4027 alius
1357 3983 1506 4027 vero
1549 3966 1784 4027 vadens
1834 3984 1948 4046 per

437 4066 672 4127 itinera
733 4064 1030 4145 rcgioniS‚
1081 4063 1441 4125 successive
1491 4063 1786 4146 inspiciat
1835 4081 1944 4141 ea3

437 4170 688 4227 constat
719 4163 889 4245 quod
923 4162 1084 4224 nihil
1121 4161 1379 4225 illorum
1412 4169 1758 4223 eventuum
1792 4181 1947 4243 prae-

2058 3185 2214 3259 quot
2245 3178 2375 3239 sint
2406 3177 2689 3240 salvandi
2712 3178 2831 3258 (sic
2863 3178 3035 3239 enim
3068 3185 3277 3239 certus
3308 3184 3402 3239 est
3432 3178 3561 3240 Deo

2057 3277 2251 3339 etiam
2284 3295 2581 3338 numerus
2612 3283 2929 3357 guttarum
2959 3276 3191 3358 pluviae
3220 3284 3405 3358 atque·
3436 3295 3565 3339 are-

2060 3394 2156 3437 nae
2189 3374 2431 3455 maris),
2466 3374 2576 3435 sed
2616 3375 2808 3437 etiam
2849 3374 3090 3438 ratione
3129 3373 3459 3437 electionis
3499 3383 3563 3437 et

2058 3472 2456 3536 definitionis
2518 3492 2629 3535 seu
2696 3472 3141 3556 praefinitionis
3201 3473 3555 3553 cujusdam.

2057 3573 2285 3636 Nullus
2324 3572 2497 3634 enim
2538 3580 2633 3634 est
2664 3571 3167 3654 praedestinatuS,
3203 3571 3326 3633 nisi
3365 3591 3557 3653 quem

2063 3670 2198 3752 ipse
2232 3670 2459 3751 elegit3
2502 3677 2566 3732 et
2597 3670 2732 3751 ipse
2764 3670 2828 3730 in
2871 3688 2985 3731 sua
3023 3669 3336 3750 sapientia
3370 3669 3562 3750 elegit

2058 3787 2218 3851 quos
2263 3768 2486 3841 voluit,
2528 3776 2592 3829 et
2637 3767 2983 3849 praefinivit
3028 3775 3091 3830 et
3136 3768 3562 3850 praedetermi-

2055 3867 2235 3929 navit
2292 3876 2536 3929 certum
2597 3886 2936 3929 numerum
2995 3867 3390 3940 eorumdem,
3442 3886 3560 3929 nec

2058 3966 2303 4046 ignorat
2348 3971 2503 4047 quot
2542 3972 2606 4026 et
2648 3982 2808 4046 quos
2849 3965 3057 4045 elegit.
3091 4002 3171 4010 —
3203 3964 3382 4028 Circa
3426 3964 3561 4028 haec

2061 4063 2261 4125 multa
2304 4062 2527 4125 scribit
2567 4062 2673 4123 hic
2714 4063 2941 4124 Doctor
2976 4080 2989 4124 :
3025 4063 3101 4126 de
3141 4062 3376 4144 quibus
3424 4082 3561 4144 per-

2058 4171 2331 4234 transe0,
2375 4162 2525 4243 quia
2568 4162 2645 4223 de
2688 4161 2781 4223 eis
2826 4161 3113 4241 judicare
3158 4178 3282 4224 non
3332 4161 3553 4223 audeo.

435 4261 656 4325 veniat
692 4268 802 4322 aut
839 4260 1064 4322 evadat
1105 4258 1408 4320 intuitum
1451 4259 1662 4319 taliter
1702 4258 1948 4320 intuen-
1979 4267 2027 4328 D
2060 4262 2410 4324 Concordat
2451 4260 2550 4321 his
2594 4261 2831 4322 PetruS.

439 4362 546 4433 tis,
581 4359 694 4423 sed
726 4358 1016 4421 notitiam
1049 4356 1436 4419 ambulantis
1464 4375 1577 4438 per
1607 4358 1764 4431 viaS,
1797 4376 1947 4439 prae-

439 4459 664 4521 venire
696 4463 962 4539 possunt
991 4464 1182 4537 atque
1214 4456 1406 4517 latere
1438 4455 1757 4518 nonnulla.
1777 4456 1946 4529 Quod

443 4555 816 4637 exemplum
847 4553 1182 4617 concordat
1215 4554 1509 4635 exemplo
1539 4554 1738 4616 Boetii
1771 4554 1949 4635 quin·

163 4677 417 4730 ‘'s-md
445 4664 509 4717 to
553 4654 631 4716 de
675 4652 1138 4726 Consolatione,
1172 4652 1250 4714 de
1294 4652 1674 4733 inspiciente
1719 4651 1948 4713 infalli-

445 4754 664 4816 biliter
711 4771 972 4814 currum
1019 4758 1291 4813 tractum
1351 4770 1465 4832 per
1513 4758 1767 4825 terram,
1820 4751 1945 4813 huc

444 4853 732 4934 illucque
776 4858 1108 4912 nutantem
1150 4868 1222 4911 ac
1265 4848 1690 4911 vacillantem.

526 4950 710 5014 Circa
757 4948 894 5011 haec
944 4947 1212 5011 Thomas
1255 4965 1269 5009 :
1314 4947 1603 5022 Quidam,
1636 4947 1745 5022 ait,
1779 4948 1950 5010 dixe—

443 5056 596 5112 runt
643 5048 816 5130 quod
865 5047 1032 5110 Deus
1090 5065 1217 5109 non
1275 5047 1396 5109 scit
1443 5046 1658 5108 futura
1709 5047 1950 5109 eontin—

443 5147 660 5229 gentia
709 5145 834 5208 nisi
883 5145 1235 5207 secundum
1285 5144 1455 5226 quod
1509 5154 1656 5206 sunt
1705 5145 1948 5207 contin-

175 5269 375 5322 ,ποια
445 5246 678 5327 gentia.
733 5244 910 5318 Quod
968 5242 1222 5306 Boetius
1280 5242 1596 5325 reprobat,
1646 5243 1945 5325 quoniam

450 5350 829 5426 sequeretur
859 5341 1029 5423 quod
1067 5342 1232 5404 Deus
1273 5358 1398 5403 non
1446 5342 1590 5423 plus
1628 5340 1952 5423 praesciret

2138 4360 2588 4420 Verumtamen
2621 4358 2720 4419 his
2751 4357 2945 4437 objici
2980 4366 3206 4440 potest,
3231 4358 3381 4439 quia
3410 4376 3558 4439 ope-

2061 4456 2219 4517 ratio
2250 4456 2358 4518 Dei
2392 4464 2453 4518 et
2484 4455 2757 4517 effectus
2796 4455 3011 4536 gratiae
3042 4456 3180 4537 ejus
3220 4456 3561 4538 perfectior

2059 4554 2504 4635 potentiorque
2554 4553 2845 4616 consistit
2888 4572 3079 4634 quam
3126 4554 3407 4635 operatio
3452 4575 3558 4617 na-

2061 4660 2217 4714 turae
2251 4670 2264 4713 :
2299 4651 2583 4733 operatio
2626 4658 2839 4713 autem
2892 4659 3134 4714 naturae
3184 4660 3253 4712 ut
3304 4652 3367 4714 in
3418 4653 3559 4734 plu-

2058 4749 2237 4810 ribus
2296 4748 2702 4830 adimpletur,
2754 4756 2817 4809 et
2868 4748 3223 4829 perfectum
3273 4767 3433 4830 opus
3492 4748 3555 4811 in

2058 4866 2287 4928 genere
2327 4864 2443 4908 suo
2484 4846 2760 4908 sortitur.
2798 4846 2863 4908 Si
2900 4863 3051 4926 ergo
3091 4846 3558 4927 praedestinatio

2058 4946 2385 5010 hominum
2416 4952 2579 5007 essct
2610 4963 2645 5006 a
2674 4945 2803 5007 Deo
2832 4952 2895 5006 et
2923 4961 3084 5026 opus
3112 4944 3347 5025 gratiae,
3366 4946 3557 5007 adim-

2059 5046 2339 5127 pleretur
2370 5051 2437 5105 ut
2471 5044 2534 5104 in
2566 5042 2857 5124 pluribus
2891 5049 3081 5123 atque
3112 5042 3508 5124 frequentius
3538 5064 3551 5108 :

2058 5143 2228 5225 quod
2278 5160 2477 5223 quum
2532 5141 2617 5202 ita
2675 5160 2799 5204 non
2854 5140 2957 5215 sit,
3007 5141 3311 5222 quoniam
3370 5144 3555 5206 multi
3597 5164 3847 5216 Maumx.

2059 5249 2207 5303 sunt
2236 5240 2464 5311 vocati,
2500 5239 2685 5321 pauci
2718 5258 2867 5301 vero
2906 5239 3114 5313 electi,
3149 5258 3276 5302 non
3308 5240 3559 5303 videtur
3588 5233 3653 5271 ¹⁰·

2061 5340 2350 5402 instituta
2380 5359 2416 5401 a
2446 5339 2590 5401 Deo.
2616 5374 2693 5383 —
2719 5338 3092 5414 Dicendum,
3118 5340 3287 5420 quod
3318 5339 3557 5404 bonum
