4359 6250
853 466 968 532 140

1505 489 1569 535 ΙΝ
1610 488 1832 543 LIBRUM
1875 489 1894 533 1
1937 487 2420 533 SENTENTIARUM.
2466 506 2546 515 —
2585 487 2738 532 DlsT.
2784 486 2955 549 xx113
2998 487 3221 542 QUAEST.
3270 488 3313 531 n

848 657 1143 719 ctionem.
1179 694 1258 703 —
1289 660 1348 723 Si
1395 668 1607 723 autem
1651 660 1989 741 loquamur
2022 660 2098 721 de
2139 659 2342 721 nomi·
2374 658 2427 721 A
2460 665 2569 740 pto
2600 677 2675 721 eo
2707 659 2874 740 quod
2918 658 3073 720 dicit
3110 658 3489 740 positionem
3532 656 3705 718 illam
3738 661 3969 737 praeta-

847 754 1038 817 nibus
1070 777 1210 837 quae
1241 776 1354 821 nos
1387 760 1514 821 Deo
1548 759 1993 841 imposuimuS,
2019 758 2110 819 sic
2142 776 2345 839 quum

848 871 976 915 non
1022 872 1478 935 cognoscamus
1524 858 1722 919 Deum
1775 857 1898 919 nisi
1944 876 2058 938 per
2103 864 2344 917 creatu-

849 971 970 1020 ras,
1006 972 1132 1015 non
1166 973 1313 1015 eum
1347 956 1752 1017 nominamus
1784 955 1908 1017 nisi
1942 974 2055 1036 per
2085 954 2347 1016 nomina

847 1060 1302 1127 creaturarum,
1361 1062 1425 1114 et
1483 1054 1624 1116 ideo
1685 1054 1893 1115 solum
1952 1052 2342 1125 translative,

846 1149 946 1209 vel
989 1150 1139 1230 quia
1179 1170 1292 1231 per
1323 1151 1502 1233 prius
1543 1171 1617 1214 ac
1659 1151 1916 1233 proprie
1957 1150 2346 1213 conveniunt

848 1248 1176 1321 creaturis,
1211 1250 1310 1310 vel
1346 1251 1650 1331 quoniam
1683 1250 1859 1331 prius
1893 1249 2198 1311 creaturis
2231 1248 2347 1309 im-

849 1346 1053 1425 posita
1100 1355 1268 1421 sunt,
1320 1347 1610 1428 quamvis
1662 1365 1788 1410 non
1842 1348 2039 1427 magis
2091 1346 2347 1427 proprie

850 1444 1229 1507 conveniant
1272 1446 1576 1507 creaturis
1612 1464 1625 1507 ε
1659 1453 1721 1507 et
1765 1446 1898 1508 haec
1947 1452 2042 1506 est
2087 1444 2347 1506 transla-

851 1541 937 1603 tio
970 1543 1280 1622 quaedam,
1307 1544 1598 1625 quamvis
1632 1544 1888 1626 proprie
1918 1550 2122 1606 exstet
2154 1550 2352 1604 trans-

851 1640 1000 1702 latio
1051 1640 1202 1701 dum
1251 1642 1452 1722 magis
1499 1642 1753 1724 proprie
1806 1641 2192 1704 conveniunt
2239 1658 2349 1701 no-

851 1738 1023 1800 mina
1070 1739 1171 1801 his
1218 1759 1255 1801 a
1305 1740 1540 1821 quibus
1591 1741 2062 1803 transferuntur
2115 1757 2129 1800 ε
2184 1740 2349 1800 sicut

2457 765 2621 819 ctam
2656 765 2819 819 stare
2850 774 2975 819 non
3011 774 3231 838 posse3
3266 775 3382 818 nec
3426 754 3784 837 reprobatio
3813 753 3967 833 ejus

2458 856 2798 918 convincit.
2836 855 2987 918 Dico
3033 856 3209 916 enim
3255 855 3424 936 quod
3469 854 3620 915 dum
3668 852 3965 914 nomina-

2459 974 2601 1017 mus
2632 956 2833 1017 Deum
2876 974 2988 1037 per
3027 955 3356 1027 effectum,
3390 960 3488 1015 est
3528 952 3616 1013 ibi
3658 952 3965 1032 frequen-

2458 1062 2553 1115 ter
2600 1054 2946 1116 translatio
3000 1054 3157 1116 Nam
3212 1060 3275 1114 et
3325 1053 3461 1141 ipse
3518 1051 3969 1113 Bonavent-ura

2456 1152 2652 1233 (sicut
2700 1153 2831 1233 jam
2894 1151 3127 1234 patuit)
3175 1152 3419 1225 asserit,
3476 1150 3645 1232 quod
3698 1148 3969 1211 nomina

2458 1251 2891 1331 significantia
2922 1270 3056 1313 rem
3090 1252 3275 1332 cujus
3308 1250 3540 1312 veritas
3577 1256 3673 1310 est
3705 1248 3767 1309 in
3801 1248 3963 1319 Deo,

2459 1359 2521 1413 et
2566 1350 2919 1413 similitudo
2967 1350 3031 1412 in
3079 1357 3385 1423 creatura,
3418 1346 3965 1429 quemadmodum

2461 1448 2791 1531 sapientia,
2826 1448 3099 1522 bonitas,
3124 1450 3349 1520 virtuS,
3384 1446 3848 1509 transferuntur
3876 1446 3967 1506 ad

2460 1548 2659 1610 Deum
2717 1549 3069 1610 secundum
3129 1546 3407 1610 nominis
3458 1545 3964 1627 impositionem,

2460 1663 2587 1707 non
2638 1646 2990 1707 secundum
3052 1663 3233 1723 rem3
3286 1644 3547 1707 nomina
3594 1660 3746 1705 vero
3792 1642 3967 1704 desi-

2460 1744 2719 1823 gnantia
2768 1762 2904 1805 rem
2956 1744 3141 1824 cujus
3184 1743 3417 1806 verit-as
3458 1750 3555 1805 est
3603 1742 3669 1802 in
3714 1748 3967 1803 creatu-

849 1838 1054 1899 ridere
1134 1839 1332 1919 magis
1403 1840 1656 1921 proprie
1735 1840 2035 1902 convenit
2101 1838 2347 1901 homini
2384 1838 2433 1904 B
2464 1862 2552 1916 ra,
2586 1851 2649 1903 et
2687 1841 3039 1905 similitudo
3083 1844 3370 1923 quaedam
3411 1841 3475 1903 in
3518 1842 3667 1912 Deo,
3700 1839 3967 1922 proprie

851 1956 1041 2017 quam
1089 1946 1289 2018 prato,
1337 1938 1576 2000 idcireo
1619 1938 1700 2000 ab
1745 1938 2003 2000 homine
2050 1937 2348 1999 transfer-

850 2044 955 2097 tur
999 2037 1075 2098 ad
1128 2044 1398 2118 pratum.
1451 2073 1532 2082 —
1575 2038 1696 2100 Sed
1751 2038 1886 2099 haec
1943 2036 2171 2118 positio
2223 2053 2349 2097 non

850 2134 1101 2196 videtur
1153 2154 1336 2218 posse
1396 2143 1579 2198 stare.
1635 2136 1840 2210 Quum
1900 2135 2071 2197 enim
2123 2152 2351 2216 cogno-

851 2252 1101 2295 scamus
1151 2234 1351 2296 Deum
1404 2235 1762 2316 tripliciter,
1805 2234 2051 2296 scilicet
2102 2253 2217 2315 per
2261 2232 2351 2295 ef-

851 2332 1113 2406 fectum,
1159 2352 1272 2414 per
1315 2333 1779 2407 excellentiam,
1815 2342 1876 2395 et
1927 2352 2041 2415 per
2089 2332 2391 2398 ablatio-.

851 2450 1021 2505 nem,
1085 2439 1327 2494 constat
1386 2432 1557 2514 quod
1615 2432 1915 2494 omnibus
1983 2430 2188 2493 modis
2250 2430 2349 2492 his

849 2529 1052 2591 valeat
1112 2531 1277 2593 Deus
1338 2530 1675 2593 nominari.
1731 2530 1794 2593 Si
1855 2548 1969 2611 per
2017 2528 2346 2601 effectum,

851 2628 1026 2690 nulla
1078 2636 1174 2690 est
1226 2628 1314 2690 ibi
1370 2629 1717 2703 translatio,
1771 2628 2068 2690 similiter
2122 2628 2176 2689 si
2239 2646 2351 2709 per

849 2726 1256 2799 ablationem,
1290 2727 1594 2808 quoniam
1637 2727 1963 2789 translatio
2002 2727 2352 2788 attenditur

851 2826 1204 2887 secundum
1269 2825 1756 2887 similitudinem
1819 2824 2122 2906 aliquam,
2187 2824 2351 2886 sicut

849 2923 938 2985 ait
968 2923 1386 3005 Philosophus
1424 2941 1437 2984 :
1477 2923 1708 2985 Omnes
1748 2922 2221 2995 transferenteS,
2255 2940 2348 2983 se-

2461 1942 2931 2025 transferuntur
2979 1942 3057 2003 ad
3116 1942 3340 2013 Deum,
3392 1940 3691 2003 videlicet
3736 1957 3969 2001 secun-

2462 2041 2615 2101 dum
2650 2040 3124 2121 impositionem
3154 2048 3219 2103 et
3250 2059 3383 2102 rem
3410 2046 3511 2101 :et
3542 2038 3663 2101 ista
3700 2038 3965 2119 proprie

2464 2146 2612 2200 sunt
2650 2138 2911 2201 nomina
2940 2138 3051 2201 Dei
3094 2157 3208 2220 per
3235 2156 3381 2201 suos
3424 2136 3714 2200 effectus.
3750 2172 3829 2181 —
3856 2136 3965 2207 In-

2464 2256 2656 2317 super
2705 2236 2869 2312 dico,
2916 2237 3087 2318 quod
3137 2237 3203 2298 in
3250 2235 3794 2299 nominationibus
3843 2235 3965 2297 Dei

2464 2354 2579 2416 per
2626 2334 3031 2408 ablationem,
3065 2336 3257 2397 etiam
3309 2342 3515 2416 potest
3562 2352 3701 2396 esse
3750 2340 3813 2395 et
3859 2342 3968 2395 est

2462 2434 2830 2515 frequenter
2860 2434 3205 2497 translatio.
3240 2434 3407 2496 Deus
3449 2451 3723 2514 namque
3756 2433 3968 2494 excel·

2462 2551 2569 2594 sus
2628 2539 2690 2593 et
2748 2532 3127 2605 adoranduS,
3182 2538 3445 2594 vocatur
3498 2528 3963 2602 immaterialiS‚

2462 2630 2750 2703 illocalis,
2806 2630 3219 2705 insensibilis,
3268 2628 3795 2711 incorruptibiliS,
3844 2646 3968 2709 per

2460 2728 2942 2809 abnegationem
2993 2728 3281 2790 omnium
3334 2727 3780 2809 corporalium,
3820 2744 3967 2787 sen-

2461 2828 2745 2890 sibilium
2792 2835 2854 2889 et
2900 2827 3362 2907 generabilium
3410 2845 3623 2889 rerum
3667 2825 3749 2888 ab
3794 2825 3963 2907 ipse,

2463 2935 2721 3009 propter
2768 2926 3359 2989 dissimilitudinem
3420 2926 3584 2987 inter
3635 2925 3845 3006 ipsum
3895 2932 3967 2985 et

851 3023 1132 3084 cundum
1193 3022 1684 3083 similitudinem
1743 3022 2023 3103 aliquam
2084 3022 2348 3084 transfe-
2381 3023 2424 3085 C
2462 3026 2637 3103 illas3
2673 3026 2780 3087 sed
2826 3031 2890 3086 et
2930 3024 3120 3087 etiam
3165 3042 3278 3105 per
3317 3024 3801 3105 abnegationem
3843 3022 3966 3084 im-

851 3131 1016 3182 runt.
1055 3121 1213 3183 Hinc
1243 3123 1426 3183 aliter
1455 3129 1551 3184 est
1583 3121 1948 3195 dicendum,
1983 3120 2152 3203 quod
2183 3140 2350 3202 quae-

851 3220 994 3281 dam
1057 3227 1204 3281 sunt
1263 3219 1522 3281 nomina
1579 3239 1721 3301 quae
1781 3219 2151 3301 significant
2214 3237 2347 3280 rem

853 3317 1037 3398 cujus
1071 3319 1303 3379 veritas
1343 3325 1438 3378 est
1479 3318 1540 3379 in
1589 3319 1737 3392 Dee,
1771 3325 1834 3380 et
1872 3317 2239 3400 oppositum
2284 3319 2349 3379 in

853 3424 1158 3490 creatura,
1205 3425 1272 3477 ut
1315 3425 1609 3490 aeternuS,
1656 3417 2007 3478 immensus
2044 3435 2058 3477 :
2093 3424 2155 3478 et
2202 3415 2349 3478 talia

853 3515 1216 3578 nullatenus
1279 3515 1750 3578 transferuntur
1808 3535 1845 3577 a
1905 3514 2212 3576 creaturis
2270 3515 2349 3576 ad

853 3615 1075 3688 Deum,
1112 3633 1226 3675 nec
1259 3615 1610 3676 secundum
1653 3632 1808 3688 rem,
1844 3632 1961 3675 nec
1994 3613 2347 3675 secundum

854 3712 1346 3794 impositionem.
1411 3713 1706 3784 Quaedam
1776 3712 2142 3792 significant
2212 3731 2347 3773 rem

853 3811 1038 3891 cujus
1083 3810 1315 3872 veritas
1355 3817 1451 3872 est
1493 3810 1556 3870 in
1605 3812 1754 3884 Deo,
1788 3819 1851 3872 et
1891 3809 2244 3871 similitudo
2285 3809 2347 3870 in

851 3917 1158 3981 creatura,
1215 3916 1281 3969 ut
1343 3908 1644 3990 potentia,
1703 3909 2038 3990 sapientia,
2091 3908 2343 3969 veritas.

855 4008 930 4068 Et
967 4007 1118 4068 talia
1161 4007 1423 4069 nomina
1461 4007 1931 4069 transferuntur
1966 4026 2003 4069 a
2044 4007 2349 4068 creaturis

852 4093 1186 4179 ad'Deum,
1222 4123 1348 4167 non
1393 4107 1746 4167 seeundum
1789 4124 1944 4175 rem,
1981 4105 2088 4166 sed
2127 4124 2349 4166 seeun-

2462 3124 2908 3196 materialium‚
2954 3123 3483 3186 intellectualium
3527 3131 3591 3184 et
3635 3121 3963 3184 immorta-

2462 3224 2619 3286 lium
2664 3223 3163 3285 substantiarum
3203 3222 3284 3285 ab
3316 3223 3476 3304 ipse,
3510 3221 3591 3284 ob
3632 3222 3751 3283 hoc
3784 3222 3961 3302 quod

2461 3322 2753 3404 quamvis
2814 3321 3183 3384 substantiae
3232 3321 3357 3383 illae
3406 3339 3485 3382 ex
3534 3319 3961 3382 similitudine

2460 3440 2575 3484 sua
2620 3421 2697 3483 ad
2748 3419 3104 3483 Creatorem
3158 3429 3307 3481 sunt
3356 3417 3827 3493 immaterialeS,
3861 3419 3961 3480 in-

2459 3517 2849 3580 tellectuales
2895 3525 2958 3579 et
2999 3517 3408 3589 immortaleS‚
3443 3525 3657 3579 tamen
3701 3516 3854 3597 quia
3894 3525 3962 3578 et

2462 3616 2615 3697 ipsae
2668 3615 2733 3676 in
2778 3614 3108 3677 infinitum
3153 3634 3190 3676 a
3240 3613 3698 3696 supersublimi
3748 3613 3963 3695 primo

2464 3713 2783 3796 principio
2833 3712 3143 3774 deficiunt
3192 3720 3254 3774 et
3300 3712 3714 3786 occumbunt,
3758 3712 3965 3775 nomi-

2462 3811 2750 3874 nationes
2800 3831 3019 3873 earum
3076 3811 3453 3874 auferuntur
3500 3830 3537 3872 a
3582 3810 3711 3873 Deo
3762 3829 3962 3891 quan-

2461 3917 2597 3971 tum
2646 3910 2723 3971 ad
2775 3911 3033 3972 modum
3085 3927 3212 3990 quo
3263 3908 3357 3971 eis
3411 3908 3819 3982 conveniunt,
3874 3908 3964 3970 ita

2462 4016 2530 4069 ut
2558 4008 2740 4088 juxta
2778 4008 3037 4069 modum
3079 4006 3379 4088 loquendi
3422 4007 3635 4086 magni
3675 4005 3961 4087 Dionysii

2461 4107 2625 4167 Deus
2676 4106 2923 4167 dicatur
2972 4103 3626 4186 superimmaterialiS,
3675 4103 3966 4185 superin-

853 4207 1008 4267 dum
1041 4203 1514 4284 impositionem
1552 4221 1565 4265 ε
1601 4204 1751 4285 quia
1794 4222 1906 4285 per
1940 4202 2114 4284 prius
2152 4203 2352 4284 impo-
2382 4208 2429 4268 D
2465 4203 2838 4265 tellectualis
2870 4209 2933 4264 et
2962 4201 3555 4284 superimmortalis.
3582 4201 3737 4263 Nam
3770 4207 3867 4262 est
3894 4209 3965 4262 et

853 4305 973 4366 sita
1027 4311 1175 4363 sunt
1234 4303 1540 4364 creaturis
1600 4321 1792 4384 quam
1853 4303 2002 4376 Dec,
2057 4301 2350 4384 quamvis

853 4402 981 4464 sint
1023 4401 1200 4483 prius
1233 4401 1298 4462 in
1339 4402 1484 4463 Deo.
1521 4401 1816 4474 Quaedam
1859 4401 2120 4463 nomina
2158 4399 2350 4480 signi-

853 4500 1052 4562 ficant
1096 4519 1229 4562 rem
1275 4499 1460 4580 cujus
1503 4499 1735 4561 veritas
1787 4508 1883 4561 est
1931 4499 1996 4560 in
2042 4506 2348 4572 creatura,

853 4606 916 4662 et
957 4597 1309 4662 consimilis
1354 4597 1704 4679 proprietas
1745 4604 1840 4659 est
1881 4597 1947 4659 in
1986 4598 2135 4670 Deo,
2170 4603 2241 4658 ut
2272 4596 2353 4658 la-

854 4699 954 4781 pis
996 4706 1057 4760 et
1101 4697 1198 4760 leo
1233 4715 1245 4759 ε
1282 4715 1382 4758 res
1424 4714 1699 4776 namque
1739 4695 2120 4776 significata,
2155 4703 2251 4758 est
2286 4695 2349 4756 in

856 4805 1184 4874 creatura3
1235 4796 1345 4857 sed
1399 4793 1754 4856 similitudo
1803 4781 2231 4876 proprietatis,
2288 4799 2355 4853 ut

856 4894 1166 4957 stabilitas
1211 4901 1274 4956 et
1316 4893 1643 4963 fortitudo,
1681 4893 1744 4954 in
1789 4893 1916 4955 Deo
1959 4900 2072 4954 est.
2112 4891 2185 4953 Et
2238 4890 2357 4953 ista

858 5002 1008 5056 sunt
1059 4992 1313 5075 proprie
1365 4991 1750 5052 translativa.
1807 4991 1955 5052 Ideo
2008 4991 2356 5052 conceden-

858 5092 1010 5153 dum
1057 5091 1225 5172 quod
1267 5090 1334 5151 in
1379 5089 1614 5150 divinis
1657 5096 1806 5150 sunt
1844 5087 2058 5169 aliqua
2102 5087 2361 5151 nomina

864 5188 1255 5261 translativa,
1291 5205 1418 5250 non
1452 5186 1685 5249 omnia.
1719 5187 1864 5249 Haec
1902 5187 2359 5250 Bonaventura.

935 5288 1095 5349 Huic
1127 5287 1430 5369 positioni
1465 5287 1531 5347 in
1564 5285 1813 5347 cunctis
1845 5286 2371 5361 consentio‚dem·

2462 4301 2751 4383 quaedam
2787 4299 3225 4362 immortalitas
3257 4306 3319 4362 et
3349 4300 3639 4380 quaedam
3672 4298 3965 4360 immate-

2462 4399 2701 4460 rialitas
2762 4399 2878 4461 soli
2929 4399 3057 4460 Deo
3110 4397 3517 4471 convenienS,
3568 4398 3646 4459 de
3694 4414 3823 4478 quo
3870 4395 3965 4457 ait

2464 4497 2801 4578 Apostolus
2846 4516 2860 4559 z
2904 4497 3019 4569 Qui
3066 4496 3238 4558 solus
3282 4494 3472 4557 habet
3524 4494 3965 4557 immortalita-

2464 4603 2593 4658 tem
2620 4613 2637 4674 ;
2669 4603 2733 4657 et
2781 4613 3025 4668 rursus,
3068 4593 3219 4675 Regi
3270 4593 3649 4656 saeculorum
3702 4593 3965 4656 immor-

2465 4694 2597 4769 tali,
2634 4693 2963 4755 invisibili.
3009 4694 3269 4774 Propter
3312 4693 3482 4773 quod
3528 4692 3587 4754 S.
3624 4690 3966 4774 Dionysius

2466 4800 2529 4855 et
2561 4795 2986 4855 Damascenus
3024 4798 3357 4864 testantur,
3392 4791 3563 4871 quod
3600 4791 3809 4872 angeli
3847 4808 3969 4872 per

2469 4890 3007 4974 comparationem
3052 4890 3129 4952 ad
3172 4890 3372 4951 Deum
3414 4888 3773 4952 materiales
3804 4888 3971 4950 exsi-

2470 4997 2647 5054 stunt
2698 5008 2712 5051 :
2767 4990 2935 5071 quod
2994 5006 3110 5050 suo
3160 4988 3299 5050 loco
3346 4995 3444 5050 est
3490 4987 3965 5070 exponendum.

2473 5088 2770 5164 Quamvis
2820 5085 3323 5149 autem·ablatio
3374 5086 3493 5148 ista
3538 5086 3603 5148 in
3653 5093 3969 5168 quantum

2476 5185 2731 5258 ablati0‚
2766 5185 3126 5247 attendatur
3166 5183 3519 5247 formaliter
3551 5202 3748 5265 penes
3786 5182 3973 5246 dissi—

2484 5283 2937 5358 militudinem,
2971 5290 3183 5344 tamen
3232 5287 3295 5343 et
3340 5280 3696 5344 similitudo
3739 5281 3976 5343 intelli-

4038 4511 4054 4554 1
4078 4512 4196 4555 Ίῖιιι.
4217 4526 4269 4560 w,

3998 4577 4075 4616 ¹6.

4016 4637 4147 4682 lbid.
4162 4651 4190 4688 ι,
4210 4640 4270 4680 ίῖ.
