4359 6250
1256 483 1341 527 AN
1384 480 1825 527 APPROPRIATIO
1864 479 2188 526 AUGUSTINI
2231 480 2324 524 Sl'l'
2365 479 2522 525 APTA

3315 459 3436 523 319

344 673 519 721 num.
544 671 661 735 per
688 653 884 715 verba
914 653 1033 714 ista
1064 658 1315 714 notatur
1344 651 1673 712 distinctio
1702 669 1838 732 per-
1864 649 1913 711 A
1945 657 2029 723 et,
2068 649 2374 712 Dominus
2423 657 2720 730 operatur
2764 668 2876 731 per
2923 667 3178 710 servum
3224 667 3432 710 suum.

344 770 637 814 sonarum
693 770 707 814 ε
760 751 910 833 quia
972 750 1323 812 secundum
1384 749 1831 829 Augustinum,

340 871 413 912 ex
446 851 587 932 ipso
617 849 849 910 dicitur
879 858 1132 931 propter
1162 849 1439 926 Patrem3
1464 866 1576 928 per
1606 846 1833 928 ipsum,

342 957 597 1029 propter
627 947 896 1025 Filium3
932 947 997 1008 in
1040 947 1201 1028 ipso,
1238 953 1495 1026 propter
1526 945 1833 1025 Spiritum

344 1046 659 1107 Sanctum.
694 1045 1067 1108 Ambrosius
1096 1051 1311 1106 autem
1342 1051 1703 1125 respectum
1732 1042 1837 1104 ha-

343 1143 474 1204 buit
522 1145 600 1206 ad
650 1144 1122 1226 proprietatem,
1171 1159 1298 1204 non
1342 1142 1419 1202 ad
1468 1140 1834 1222 appropria-

346 1243 573 1305 tionem
610 1261 625 1304 :
663 1244 805 1305 ideo
849 1251 1107 1325 propter
1147 1242 1209 1302 id
1253 1241 1423 1322 quod
1469 1239 1835 1320 significant

345 1359 545 1412 voce5‚
580 1342 741 1403 dixit
790 1341 959 1423 quod
1008 1341 1129 1402 tria
1173 1339 1281 1402 illa
1328 1339 1455 1401 sint
1508 1339 1693 1400 idem.
1729 1339 1833 1400 Ni-

348 1439 465 1502 hilo
498 1440 715 1501 minus
754 1446 1065 1521 quantum
1104 1438 1183 1499 ad
1222 1436 1829 1519 appropriationem,

349 1545 760 1600 connotantur
810 1537 1131 1598 distincta.
1185 1535 1343 1597 Nam
1394 1543 1704 1618 quantum
1753 1533 1831 1596 ad

349 1637 811 1718 proprietatem,
848 1634 1215 1716 significant
1255 1642 1382 1694 tres
1425 1633 1561 1696 istae
1593 1650 1833 1714 praepo-

349 1734 597 1796 sitiones
660 1733 1093 1795 causalitatem
1157 1750 1348 1814 quam
1407 1730 1642 1792 habent
1708 1739 1832 1792 tres

351 1850 621 1913 personae
670 1832 747 1893 ad
797 1839 1113 1892 creaturas
1168 1847 1182 1891 ε

350 1930 943 2012 appropriationem,
976 1928 1111 1991 haec
1156 1927 1519 2010 praepositio
1562 1948 1643 1986 eoe
1684 1946 1836 2009 prae-

352 2035 433 2090 ter
500 2027 935 2090 causalitatem
1002 2025 1326 2108 significat
1392 2025 1831 2088 auctoritatem

354 2127 633 2206 primam,
686 2145 829 2208 quae
883 2123 999 2187 soli
1052 2123 1351 2186 convenit
1402 2123 1613 2202 Patri;
1661 2123 1835 2185 simi-

354 2223 481 2285 liter
533 2223 898 2305 praepositio
938 2241 1064 2298 per
1112 2229 1339 2303 praeter
1398 2220 1831 2283 causalitatem

352 2321 657 2402 significat
696 2320 1283 2392 subauctoritatem‚
1316 2339 1459 2401 quae
1498 2327 1595 2380 est
1634 2319 1699 2381 in
1744 2319 1837 2380 Fi-

354 2419 427 2480 lio
482 2427 775 2502 respectu
835 2419 1073 2498 Patris;
1126 2416 1491 2499 praepositio
1550 2435 1701 2479 vero
1761 2419 1835 2477 in

354 2517 659 2598 significat
698 2517 1244 2579 conservationem
1283 2515 1347 2576 in
1388 2533 1548 2588 esse,
1584 2535 1725 2596 quae
1754 2515 1831 2576 ad

356 2615 451 2677 Dei
484 2616 761 2698 pertinet
799 2615 1171 2688 bonitatem,
1206 2633 1347 2695 quae
1386 2614 1835 2695 appropriatur

357 2713 605 2794 Spiritui
654 2714 885 2776 Sancto
933 2731 945 2774 :
990 2713 1210 2795 sicque
1257 2713 1428 2794 quod
1476 2712 1711 2773 dicitur
1760 2713 1831 2771 in

356 2812 501 2886 ipso,
532 2812 797 2895 Spiritui
841 2812 1071 2874 Sancto
1112 2810 1579 2892 appropriatur.
1628 2809 1703 2870 Et
1748 2809 1834 2871 ita

358 2927 467 2970 non
506 2917 655 2972 sunt
692 2909 864 2972 idem
906 2911 1040 2971 haec
1081 2908 1218 2970 tria.
1256 2908 1378 2972 Sed
1416 2916 1726 2989 quantum
1758 2908 1835 2968 ad

1942 784 2023 792 —
2064 747 2208 810 Haec
2250 747 2800 809 Antisiodorensis.

2022 846 2307 928 AEgidius
2353 846 2610 906 demum
2662 846 2739 907 de
2789 845 3199 927 praeinductis
3249 852 3442 906 mate-

1946 944 2055 1005 riis
2113 943 2336 1005 scribit
2395 944 2666 1005 multum
2727 943 2990 1024 prolixe,
3045 942 3442 1006 concorditer

1946 1049 2157 1104 tamen
2188 1042 2266 1104 ad
2301 1042 2708 1123 praeinducta.
2746 1041 2941 1122 Cujus
2972 1041 3210 1122 scripta
3242 1041 3306 1102 in
3347 1040 3440 1102 di-

1946 1141 2064 1202 ctis
2121 1149 2313 1221 atque
2371 1136 2657 1202 dicendis
2705 1139 3061 1201 virtualiter
3112 1139 3438 1201 continen-

1945 1245 2048 1299 tur
2076 1255 2262 1300 :nam
2295 1247 2356 1299 et
2387 1237 2932 1320 appropriationes
2965 1237 3064 1299 SS.
3100 1236 3437 1319 Augustini

1943 1343 2005 1396 et
2045 1336 2264 1398 Hilarii
2310 1336 2674 1418 praehabitis
2719 1336 2922 1398 modis
2967 1335 3432 1417 interpretatur.

2024 1434 2292 1495 Thomas
2329 1452 2478 1496 vero
2516 1435 2593 1494 de
2623 1435 2965 1514 Argentina
3002 1451 3014 1494 ε
3050 1433 3138 1494 De
3175 1431 3438 1494 attribu-

1944 1531 2047 1604 tis,
2084 1531 2313 1613 inquit,
2347 1530 2689 1612 dupliciter
2732 1531 2902 1612 loqui
2946 1530 3274 1611 contingit.
3311 1529 3438 1592 Pri-

1945 1647 2071 1702 mo,
2104 1631 2458 1691 secundum
2505 1649 2638 1691 rem
2675 1646 2689 1690 z
2723 1629 2943 1712 sicque
2987 1629 3247 1692 omnino
3290 1636 3439 1690 sunt

1946 1748 2145 1790 unum
2189 1735 2248 1789 et
2283 1728 2472 1800 idem,
2507 1746 2624 1788 nec
2664 1727 3172 1809 appropriantur.
3209 1727 3441 1790 Secun-

1236 1830 1346 1891 sed
1396 1836 1705 1912 quantum
1753 1829 1832 1890 ad
1870 1830 1917 1892 B
1946 1826 2048 1900 do,
2094 1844 2289 1907 penes
2341 1826 2662 1907 propriam
2714 1825 3021 1887 rationem
3073 1844 3293 1888 eorum
3329 1833 3442 1886 :et

1946 1923 2037 1984 sic
2082 1924 2372 2005 quaedam
2416 1923 2926 2005 appropriantur,
2961 1923 3249 2006 quaedam
3291 1941 3436 1985 non.

1944 2022 2392 2104 Appropriatio
2434 2021 2672 2104 quippe
2720 2038 2844 2083 non
2889 2021 3063 2082 aliud
3108 2030 3205 2083 est
3246 2040 3440 2103 quam

1947 2119 2243 2201 specialis
2297 2118 2627 2182 attributio
2680 2119 2920 2182 ratione
2971 2119 3245 2200 alicujus
3297 2136 3444 2180 con-

1946 2217 2288 2280 formitatis
2336 2236 2482 2279 cum
2523 2217 2781 2298 proprio
2817 2216 3090 2297 alicujus
3133 2235 3438 2298 personae.

1947 2317 2119 2378 Hanc
2168 2316 2750 2398 appropriationem
2811 2314 3001 2376 habet
3051 2315 3442 2378 consuetudo

1948 2416 2310 2497 Scriptum,
2363 2435 2504 2497 quae
2560 2433 2752 2496 opera
2814 2413 3277 2476 manifestativa
3337 2431 3444 2495 po-

1949 2516 2161 2578 tentiae
2201 2514 2489 2577 attribuit
2529 2515 2728 2592 Patri3
2762 2531 2954 2595 opera
2983 2530 3133 2576 vero
3177 2512 3440 2575 manife-

1948 2614 2174 2674 stativa
2225 2611 2570 2694 sapientiae,
2621 2611 2813 2689 Filio;
2863 2619 2928 2672 et
2977 2609 3444 2673 manifestativa

1949 2711 2272 2784 bonitatiS,
2309 2710 2571 2792 Spiritui
2618 2710 2863 2771 Sancto.
2899 2745 2976 2754 —
3007 2709 3292 2790 Denique
3335 2728 3444 2790 ap-

1950 2809 2446 2891 propriationem
2495 2808 2713 2870 Hilarii
2764 2807 3231 2889 appropriantis
3282 2807 3445 2869 Patri

1948 2907 2387 2981 aeternitatem,
2431 2906 2589 2969 Filio
2633 2905 3200 2987 pulchritudinem,
3250 2906 3446 2987 Spiri-

356 3006 874 3087 significationem
919 3007 1441 3090 praepositionum
1483 3006 1836 3068 secundum
1874 3015 1918 3077 C
1952 3005 2043 3067 tui
2078 3007 2306 3067 Sancto
2341 3005 2942 3085 usum,Augustinus
2973 3004 3275 3086 exprimit
3305 3004 3446 3065 aliis

354 3125 529 3185 quam
576 3126 691 3189 per
732 3105 1213 3190 praepositiones
1261 3123 1388 3168 non
1439 3103 1841 3187 significatur

356 3204 465 3265 nisi
509 3204 867 3279 causalitaS,
912 3204 1083 3266 idem
1134 3211 1283 3266 sunt
1319 3221 1334 3265 z
1376 3203 1528 3285 quia
1570 3203 1648 3265 de
1692 3221 1841 3284 qua-

358 3300 497 3365 libet
526 3304 745 3365 divina
776 3320 1046 3385 persona
1083 3302 1209 3365 dici
1248 3301 1575 3383 sigillatim
1610 3309 1836 3383 potest,

354 3402 511 3481 quod
552 3420 631 3463 ex
679 3402 837 3483 ipsa,
875 3420 989 3482 per
1033 3401 1258 3482 ipsam,
1294 3407 1356 3461 et
1402 3400 1467 3461 in
1516 3400 1652 3481 ipsa
1693 3406 1842 3461 sunt

357 3501 573 3562 omnia.

426 3596 609 3659 Porro
648 3616 851 3678 quum
890 3596 1145 3669 dicitur,
1180 3595 1404 3657 Omnia
1442 3602 1587 3656 sunt
1623 3614 1701 3657 ex
1735 3596 1841 3657 Pa-

360 3698 441 3754 tre
480 3713 591 3775 per
630 3694 886 3767 Filium,
922 3692 1286 3775 praepositio
1316 3712 1440 3769 per
1480 3700 1655 3755 notat
1698 3692 1844 3761 sub-⁹

356 3791 783 3855 auctoritatem
836 3792 902 3853 in
953 3790 1110 3852 Filio
1164 3797 1455 3872 respectu
1509 3790 1727 3865 Patris,
1781 3800 1846 3852 et

360 3889 779 3951 causalitatem
840 3889 905 3949 in
964 3888 1125 3951 Filio
1178 3898 1471 3970 respectu
1531 3896 1842 3951 creatura-

358 4004 509 4049 rum.
554 3988 729 4050 L'nde
780 3988 950 4069 quod
997 3986 1254 4061 dicitur,
1297 3986 1522 4049 Omnia
1571 3995 1720 4049 sunt
1766 4007 1843 4050 ex

359 4082 521 4147 Patre
564 4086 665 4149 vel
710 4105 747 4147 a
788 4086 967 4147 Patre
1011 4104 1127 4167 per
1170 4084 1423 4159 Filium,
1458 4093 1702 4148 tantum
1750 4094 1845 4149 est

1952 3104 2186 3179 verbiS,
2235 3103 2653 3187 approprians
2704 3103 2863 3167 Patri
2919 3103 3250 3178 unitatem,
3299 3103 3449 3185 quia

1946 3223 1986 3265 a
2034 3203 2214 3266 nullo
2260 3211 2376 3277 est,
2411 3211 2472 3264 et
2515 3202 2637 3265 alia
2682 3210 2912 3264 cuncta
2951 3202 3032 3265 ab
3083 3203 3257 3284 ipso;
3291 3202 3450 3265 Filio

1949 3301 2399 3383 aequalitatem,
2434 3301 2586 3384 quia
2629 3300 2908 3382 perfecta
2952 3301 3160 3382 imago
3203 3309 3298 3363 est
3342 3302 3448 3363 Pa-

1950 3401 2101 3479 tris3
2135 3400 2402 3481 Spiritui
2448 3400 2674 3462 Sancto
2721 3399 2980 3461 unitatis
3024 3407 3088 3461 et
3131 3399 3449 3482 aequalita-

1950 3499 2031 3561 tis
2083 3498 2567 3570 connexionem,
2622 3517 2820 3579 quum
2872 3498 2955 3560 sit
3003 3515 3180 3560 amor
3228 3498 3444 3560 ambo-

1952 3617 2115 3659 rum.
2152 3633 2232 3641 —
2263 3597 2372 3659 Est
2404 3597 2554 3658 item
2585 3595 3016 3677 appropriatio
3046 3603 3288 3677 quarta,
3319 3615 3444 3677 qua

1951 3696 2112 3757 Patri
2145 3694 2530 3757 adscribitur
2559 3694 2719 3755 ratio
2757 3693 3183 3775 principiandi
3224 3702 3286 3755 et
3320 3694 3444 3755 ori-

1950 3794 2232 3874 ginandi,
2284 3812 2483 3874 quum
2540 3792 2676 3873 ipse
2730 3791 2812 3853 sit
2860 3809 3109 3854 summe
3164 3792 3444 3873 primum

1954 3892 2382 3973 principium;
2424 3890 2582 3951 Filio
2625 3897 2838 3951 autem
2884 3890 3043 3952 ratio
3084 3890 3446 3972 exemplan-

1952 3991 2040 4064 di,
2074 3990 2378 4072 quoniam
2419 4006 2668 4051 summe
2709 3989 3048 4070 pulchrum
3095 3996 3158 4050 et
3201 3990 3448 4070 sapien-

1954 4089 2101 4150 tiale
2135 4088 2526 4170 principium
2547 4105 2564 4166 3
2599 4086 2862 4169 Spiritui
2905 4088 3132 4150 Sancto
3172 4088 3332 4150 ratio
3362 4087 3451 4150 fa-

358 4184 579 4259 dicere‚
610 4187 793 4248 Pater
832 4186 1048 4248 omnia
1088 4191 1386 4266 operatur
1428 4203 1541 4265 per
1570 4184 1842 4263 Filium3
1876 4195 1925 4256 D
1956 4186 2165 4249 ciendi
2209 4187 2310 4247 vel
2357 4186 2794 4259 conservandi,
2830 4186 3132 4267 quoniam
3179 4187 3316 4269 ipse
3358 4195 3454 4250 est

359 4288 413 4342 et
454 4284 621 4363 quod
670 4283 1037 4365 praepositio
1076 4301 1197 4359 per
1237 4289 1412 4344 notat
1460 4281 1565 4343 hic
1614 4282 1845 4344 subau-

362 4382 703 4444 ctoritatem
759 4382 1112 4444 secundum
1168 4381 1695 4444 consuetudinem
1752 4400 1845 4442 sa-

362 4496 473 4541 crte
526 4480 889 4562 Scripturae.
943 4478 1197 4553 Quoties
1258 4478 1428 4541 enim
1482 4480 1847 4561 praepositio

356 4595 469 4651 per
495 4580 887 4641 construitur
925 4598 1071 4640 cum
1114 4578 1310 4641 verbo
1352 4578 1701 4651 transitivo,
1739 4597 1845 4640 no-

362 4680 443 4735 tat
501 4678 943 4739 auctoritatem
1013 4678 1367 4739 secundum
1438 4678 1846 4739 consuetudi-

364 4792 497 4835 nem
560 4775 1051 4857 Scripturarum.
1114 4774 1563 4837 Verumtamen
1623 4794 1845 4837 secun-

364 4870 505 4933 dum
548 4890 959 4935 communem
1012 4892 1199 4934 usum
1249 4872 1573 4953 loquendi,
1610 4891 1848 4954 praepo-

364 4969 499 5031 sitio
538 4990 663 5047 per
706 4972 931 5052 juncta
980 4970 1176 5032 verbo
1236 4971 1585 5044 transitivo,
1642 4979 1847 5051 potest

366 5076 570 5131 notare
614 5078 741 5131 tam
786 5068 1227 5131 auctoritatem
1272 5087 1465 5150 quam
1511 5068 1847 5132 subaucto·

368 5166 627 5229 ritatem.
652 5168 910 5248 Propter
940 5168 1108 5248 quod
1138 5166 1343 5229 ambae
1374 5166 1468 5229 hae
1500 5169 1849 5229 concedun-

370 5270 483 5337 tur,
514 5264 747 5327 Servus
777 5273 1077 5347 operatur
1106 5284 1219 5346 per
1249 5266 1581 5328 dominum
1612 5285 1801 5328 suum
1828 5284 1843 5347 ;

1956 4304 2206 4347 summe
2236 4284 2474 4346 bonum
2503 4291 2691 4365 atque
2723 4283 3106 4365 proficuum.
3128 4286 3271 4347 Haec
3302 4286 3457 4348 Tho-

1958 4404 2093 4446 mas
2135 4383 2214 4445 de
2256 4382 2618 4462 Argentina.

2036 4482 2339 4543 Praeterea
2369 4480 2447 4541 de
2480 4479 2794 4541 universis
2825 4479 3450 4562 appropriationibus

1959 4578 2096 4641 istis
2126 4586 2190 4639 et
2220 4576 2737 4639 distinctionibus
2767 4577 3157 4652 earumdem,
3183 4578 3448 4659 pulchre

1958 4676 2240 4758 loquitur
2285 4676 2350 4736 in
2396 4676 2600 4756 prima
2646 4684 2820 4757 parte
2865 4676 3140 4739 Summae
3183 4676 3242 4739 S.
3288 4676 3445 4738 Tho-

1957 4794 2091 4837 mas
2126 4791 2139 4835 :
2174 4774 2537 4836 Intellectus
2567 4773 2921 4855 (inquiens)
2951 4782 3182 4847 noster,
3217 4775 3328 4855 qui
3367 4793 3444 4836 ex
3483 4798 3728 4852 spamae.

1956 4873 2263 4935 creaturis
2293 4871 2358 4932 in
2390 4872 2811 4951 cognitionem
2845 4872 3285 4933 manuducitur
3314 4872 3444 4946 Dei,

1957 4971 2314 5033 considerat.
2344 4971 2542 5032 Deum
2575 4969 2924 5030 secundum
2963 4969 3220 5031 modum
3250 4988 3443 5050 quem

1956 5089 2033 5131 ex
2065 5068 2370 5130 creaturis
2401 5066 2685 5129 assumit.
2711 5067 2780 5127 In
2813 5066 3310 5129 consideratione
3340 5087 3447 5130 au-

1958 5177 2084 5229 tem
2116 5168 2206 5229 rei
2240 5175 2461 5228 creatae
2492 5172 2760 5246 quatuor
2791 5183 2903 5245 per
2931 5165 3220 5227 ordinem
3260 5166 3446 5229 nobis

1953 5272 2316 5330 occurrunt.
2337 5264 2544 5327 Primo
2574 5282 2849 5344 namque
2881 5263 3315 5327 consideratur
3346 5284 3446 5329 res
