4359 6250
1570 512 1772 560 UTRUH
1813 511 2036 560 ANGEL!
2076 512 2446 561 MovEANTUR

3441 493 3561 560 463

457 701 738 765 namque
786 682 989 746 fertur
1035 683 1374 747 continuus
1423 703 1498 747 ex
1543 685 1956 748 continuitate
1988 683 2038 747 Α
2068 684 2310 748 cessive
2357 693 2420 747 et
2466 704 2593 749 non
2652 686 2841 748 simul
2902 685 3168 747 dimittit
3222 683 3432 747 locum
3494 684 3559 745 in

457 781 598 860 ejus
657 801 851 864 super
899 782 1067 865 quod
1115 791 1211 845 est
1269 791 1500 858 motuS,
1551 791 1622 845 ut
1669 784 1734 845 in
1795 783 1958 846 libro

457 879 684 960 quinto
712 880 1122 963 Physicorum
1154 881 1490 964 probatur3
1513 889 1576 944 et
1607 882 1772 943 inter
1802 882 1956 944 duas

455 978 702 1059 species
764 979 1201 1061 intelligibiles
1265 980 1614 1044 intellectas
1676 999 1801 1043 non
1862 989 1956 1042 est

455 1077 852 1140 continuatio
885 1078 1035 1152 ulla,
1071 1079 1181 1141 sed
1212 1081 1532 1141 successio
1563 1086 1833 1150 tantum,
1858 1097 1956 1140 ea-

455 1175 732 1257 demque
783 1177 1103 1240 successio
1151 1177 1385 1240 dicitur
1431 1185 1659 1240 motus.
1713 1177 1954 1240 Similis

455 1291 714 1355 quoque
753 1283 850 1337 est
888 1274 1048 1338 ratio
1089 1276 1165 1338 de
1201 1277 1603 1338 successione
1634 1274 1953 1337 variarum

455 1369 893 1435 affectionum.
928 1410 1008 1419 —
1039 1373 1287 1436 Tertius
1333 1383 1540 1437 motus
1582 1373 1952 1455 angelorum

455 1478 552 1532 est
600 1471 954 1533 secundum
1007 1472 1218 1534 locum
1267 1489 1280 1533 :
1328 1472 1438 1554 qui
1487 1472 1580 1534 eis
1629 1471 1693 1534 in
1745 1471 1954 1534 littera

454 1568 826 1631 attribuitur
874 1571 1246 1632 auctoritate
1295 1570 1634 1633 Ambrosii.
1681 1571 1756 1633 Et
1803 1571 1954 1652 quia

457 1666 700 1728 moveri
743 1667 810 1728 in
856 1668 992 1730 loco
1039 1670 1328 1751 sequitur
1369 1670 1448 1731 ad
1491 1688 1628 1732 esse
1673 1669 1739 1730 in
1790 1670 1949 1742 loc0‚

457 1763 599 1826 ideo
629 1765 854 1827 eodem
895 1768 1084 1830 modo
1121 1768 1418 1830 convenit
1446 1767 1670 1848 angelo
1711 1767 1950 1830 moveri

2068 801 2195 866 quo
2237 785 2413 866 prius
2458 792 2613 859 erat,
2646 792 2707 847 et
2745 804 2821 846 ex
2862 785 2981 847 hoc
3028 791 3322 846 causatur
3363 783 3560 846 conti-

2066 883 2277 944 nuitas
2324 883 2389 944 in
2436 891 2610 945 motu
2655 883 2836 946 locali
2881 884 3118 965 ipsius;
3163 882 3255 944 sic
3298 881 3559 962 angelus

2065 981 2423 1043 successive
2463 988 2669 1063 potest
2697 981 3016 1044 dimittere
3046 980 3435 1043 divisibilem
3476 979 3561 1042 lo-

2065 1098 2213 1141 cum
2263 1079 2329 1141 in
2379 1098 2507 1162 quo
2555 1080 2796 1142 exstitit
2843 1080 3043 1162 priuS‚
3086 1079 3306 1161 sicque
3351 1085 3559 1141 motus

2063 1177 2205 1257 ejus
2250 1178 2370 1240 erit
2415 1178 2773 1240 continuus
2808 1179 3017 1241 Potest
3059 1195 3311 1260 quoque
3354 1184 3557 1239 totum

2063 1275 2256 1337 simul
2306 1276 2647 1350 dimittere,
2689 1284 2752 1339 et
2796 1277 2907 1339 toti
2955 1276 3133 1339 alteri
3186 1276 3323 1338 loco
3366 1276 3558 1338 simul

2063 1393 2130 1436 se
2173 1375 2530 1457 applicare3
2572 1376 2791 1458 sicque
2838 1384 3045 1437 motus
3085 1375 3225 1455 ejus
3268 1393 3395 1438 non
3438 1374 3560 1436 erit

2063 1473 2421 1537 continuus.
2444 1475 2585 1537 Haec
2618 1475 2887 1537 Thomas
2920 1475 2985 1537 in
3017 1475 3279 1538 Summa
3308 1474 3385 1536 de
3414 1475 3555 1546 hoc,

2061 1591 2143 1634 an
2186 1573 2447 1653 angelus
2492 1581 2840 1634 moveatur.

2142 1672 2333 1735 Porro
2364 1672 2440 1734 de
2474 1672 2615 1746 hoc,
2648 1673 2741 1735 An
2774 1671 3036 1753 angelus
3068 1689 3183 1733 suo
3217 1679 3391 1734 motu
3424 1690 3561 1753 per-

2063 1777 2339 1832 transeat
2382 1770 2686 1844 medium,
2718 1771 2807 1833 ait
2845 1771 2908 1832 in
2955 1769 3203 1852 Scripto
3245 1790 3259 1833 ε
3303 1770 3391 1832 Β6
3438 1770 3561 1832 hoc

455 1861 523 1923 in
574 1863 714 1925 loco
763 1864 926 1927 sicut
974 1883 1113 1927 esse
1163 1865 1226 1927 in
1278 1866 1434 1928 loco.
1483 1866 1559 1927 Et
1606 1874 1951 1948 utrumque
1989 1864 2036 1926 B
2065 1875 2214 1929 sunt
2257 1868 2396 1931 duae
2439 1869 2791 1950 opiniones
2836 1868 3049 1951 Aliqui
3093 1868 3265 1930 enim
3314 1867 3556 1941 dicunt,

456 1962 780 2043 aequivoce
825 1964 1124 2027 convenit
1167 1964 1602 2047 corporalibus
1645 1973 1706 2027 et
1747 1965 1951 2027 incor—

454 2060 804 2141 poralibuS‚
849 2061 1014 2123 sicut
1055 2062 1187 2142 Jam
1231 2064 1456 2145 patuit,
1500 2064 1649 2144 quia
1691 2063 1953 2145 angelus

455 2158 692 2221 dicitur
721 2179 860 2222 esse
891 2157 957 2221 in
992 2159 1128 2222 loco
1159 2161 1225 2223 in
1256 2169 1565 2243 quantum
1597 2163 1954 2245 applicatur

458 2257 594 2320 loco
636 2277 753 2340 per
789 2259 1222 2340 operationem
1257 2278 1271 2323 ε
1305 2267 1364 2322 et
1403 2259 1554 2341 quia
1592 2279 1720 2324 non
1759 2260 1951 2323 simul

455 2365 548 2418 est
580 2357 644 2419 in
677 2357 833 2419 locis
873 2358 1164 2433 diversiS‚
1197 2358 1339 2420 ideo
1380 2360 1698 2422 successio
1727 2359 1953 2422 talium

455 2456 896 2537 operationum
958 2475 1073 2540 per
1128 2476 1285 2539 quas
1347 2457 1410 2518 in
1469 2458 1738 2520 diversis
1799 2458 1952 2521 locis

455 2573 592 2616 esse
635 2554 870 2616 dicitur
919 2555 1296 2630 successive,
1340 2564 1548 2618 motus
1592 2557 1734 2636 ejus
1774 2575 1954 2620 voca-

455 2660 574 2716 tur.
637 2654 798 2716 Hinc
857 2655 1024 2718 sicut
1081 2655 1528 2737 conceptiones
1592 2654 1952 2720 intellectus

455 2752 595 2833 ejus
645 2762 1109 2835 consequenter
1167 2772 1234 2816 se
1284 2753 1518 2817 habent
1566 2755 1704 2817 sine
1755 2757 1952 2819 conti-

455 2852 782 2926 nuatione,
827 2853 912 2914 ita
957 2860 1020 2914 et
1060 2853 1458 2935 operationes
1511 2853 1733 2936 ipsius,
1777 2855 1952 2917 Unde

459 2957 666 3012 motus
717 2950 936 3014 localis
985 2951 1192 3033 angeli
1253 2969 1380 3014 non
1429 2959 1526 3014 est
1573 2953 1950 3032 continuus3

2064 1966 2235 2047 quod
2294 1966 2555 2047 angelus
2618 1965 2841 2028 transit
2888 1966 2965 2028 de
3023 1965 3161 2029 loco
3208 1966 3287 2027 ad
3346 1965 3556 2027 locum

2063 2081 2190 2126 non
2240 2064 2740 2146 pertranseundo
2790 2064 3108 2143 medium3
3162 2063 3272 2126 alii
3313 2063 3556 2136 dicunt,

2063 2163 2232 2243 quod
2273 2162 2611 2244 pertransit
2641 2161 2923 2224 medium
2964 2170 3141 2225 motu
3174 2180 3287 2224 suo
3322 2181 3338 2225 :
3369 2169 3559 2242 atque

2059 2261 2160 2341 (ut
2207 2261 2437 2342 credo)
2466 2261 2719 2342 utrique
2763 2261 3116 2322 secundum
3164 2260 3408 2342 aliquid
3458 2279 3561 2321 ve-

2063 2379 2207 2422 rum
2251 2360 2491 2422 dicunt.
2527 2359 2683 2421 Nam
2728 2359 2891 2434 dico,
2932 2360 3102 2441 quod
3145 2359 3408 2440 angelus
3452 2357 3559 2442 po-

2065 2467 2185 2521 test
2234 2459 2502 2520 transire
2548 2459 2625 2520 de
2677 2459 2814 2521 loco
2860 2459 2938 2520 ad
2990 2458 3200 2521 locum
3252 2459 3339 2520 ita
3388 2458 3557 2540 quod

2063 2564 2455 2640 pertranseat
2502 2557 2716 2619 omnia
2775 2557 3001 2632 media,
3054 2566 3115 2620 et
3164 2564 3371 2639 potest
3418 2575 3557 2619 esse

2063 2657 2232 2738 quod
2275 2662 2545 2718 transeat
2585 2656 2663 2718 de
2708 2656 2845 2718 loco
2884 2657 2962 2718 ad
3010 2656 3218 2718 locum
3260 2655 3397 2718 sine
3437 2656 3557 2718 hoc

2060 2755 2231 2837 quod
2262 2755 2345 2816 sit
2376 2754 2439 2816 in
2480 2754 2694 2837 aliquo
2730 2755 3102 2828 mediorum,
3130 2761 3334 2837 potest
3370 2754 3561 2816 etiam

2061 2872 2199 2916 esse
2240 2854 2409 2935 quod
2455 2861 2629 2916 motu
2674 2871 2791 2916 suo
2827 2853 3015 2916 sitin
3059 2853 3383 2935 aliquibus
3431 2872 3559 2916 me-

2062 2952 2207 3027 diis,
2240 2959 2300 3013 et
2341 2952 2407 3014 in
2451 2951 2773 3034 aliquibus
2818 2971 2945 3015 non
2989 2953 3072 3014 sit
3116 2970 3129 3014 ε
3175 2953 3360 3033 cujus
3400 2953 3557 3015 ratio

453 3049 565 3111 sed
623 3049 778 3132 ipsae
832 3050 1231 3132 operationes
1287 3050 1428 3133 ejus
1492 3059 1952 3135 consequenter
1989 3051 2033 3117 C
2063 3051 2339 3112 sumitur
2369 3070 2444 3112 ex
2477 3049 2814 3133 praedictis.
2850 3051 3139 3114 Essentia
3176 3052 3413 3114 etenim
3454 3071 3559 3113 an·

454 3166 522 3210 se
562 3148 868 3211 habentes
908 3149 1078 3211 circa
1115 3149 1366 3213 diversa
1410 3151 1566 3227 loca,
1599 3152 1950 3214 secundum

455 3266 612 3328 quas
655 3248 720 3308 in
761 3247 888 3310 illis
929 3256 1045 3322 est,
1082 3248 1299 3311 localis
1339 3249 1479 3330 ejus
1524 3258 1734 3312 motus
1772 3269 1952 3314 voca-

455 3351 576 3405 tur.
631 3346 773 3407 Haec
822 3346 1092 3409 Thomas
1145 3348 1210 3409 in
1262 3348 1510 3431 Scripto
1559 3349 1637 3410 de
1686 3349 1827 3423 hoc,
1873 3369 1951 3411 an

453 3443 718 3524 angelus
765 3453 1110 3507 moveatur.

535 3544 602 3604 In
646 3542 816 3604 idem
857 3543 1020 3605 redit
1051 3545 1219 3625 quod
1249 3545 1326 3607 de
1357 3545 1473 3607 hac
1506 3546 1767 3608 materia
1805 3546 1956 3608 scri-

453 3640 547 3702 bit
611 3641 676 3703 in
735 3642 945 3723 prima
1005 3650 1182 3723 parte
1241 3644 1540 3719 Summae,
1603 3646 1953 3727 quaestione

453 3739 987 3822 quinquagesima
1033 3740 1238 3802 tertia.
1283 3740 1400 3804 Ubi
1449 3750 1510 3803 et
1557 3743 1732 3805 addit
1776 3760 1789 3804 :
1833 3743 1956 3805 Mo-

453 3848 592 3900 tum
636 3840 844 3919 angeli
886 3839 951 3900 in
995 3840 1132 3901 loco
1170 3858 1297 3903 non
1329 3848 1576 3922 oportet
1606 3842 1744 3905 loco
1783 3861 1954 3905 com-

452 3937 833 4011 mensurari,
886 3957 1002 4001 nec
1052 3938 1534 4002 continuitatem
1597 3940 1826 4003 habere
1875 3962 1952 4004 ex

450 4035 613 4109 loco,
649 4037 759 4098 sed
799 4044 896 4099 est
932 4044 1142 4099 motus
1184 4056 1308 4100 non
1349 4039 1710 4101 continuus.
1745 4041 1950 4113 Quum

447 4134 626 4197 enim
673 4134 938 4215 angelus
981 4136 1064 4197 sit
1111 4136 1174 4197 in
1221 4136 1359 4198 loco
1403 4138 1754 4199 secundum
1805 4156 1952 4201 con-

2061 3151 2185 3231 geli
2233 3151 2586 3213 secundum
2627 3170 2693 3213 se
2732 3149 2814 3213 ab
2853 3151 3028 3214 omni
3073 3150 3207 3213 loco
3246 3159 3341 3213 est
3384 3151 3561 3213 abso-

2064 3249 2216 3323 luta,
2268 3256 2331 3311 et
2381 3266 2507 3311 non
2566 3248 2873 3311 definitur
2932 3268 3044 3311 seu
3102 3248 3561 3311 determinatur

2061 3347 2140 3408 ad
2181 3347 2392 3409 locum
2434 3347 2559 3410 nisi
2602 3368 2715 3431 per
2754 3367 2934 3410 suam
2974 3347 3431 3430 operationem,
3466 3366 3563 3409 se·

2063 3445 2345 3507 cundum
2386 3448 2556 3527 quod
2595 3446 2973 3508 terminatur
3008 3445 3085 3507 ad
3122 3452 3454 3527 operatum
3494 3446 3559 3507 in

2064 3544 2221 3605 1060.
2284 3544 2443 3606 Ηί116
2502 3546 2753 3626 quando
2810 3552 3110 3627 operatur
3166 3544 3335 3605 circa
3389 3543 3561 3604 hunc

2067 3642 2297 3717 locum,
2334 3650 2539 3725 potest
2577 3642 2657 3704 ab
2694 3643 2970 3705 essentia
3008 3662 3121 3705 sua
3159 3660 3235 3704 ex
3276 3660 3341 3703 se
3384 3641 3558 3703 inde-

2065 3742 2401 3803 terminata
2448 3743 2525 3802 ad
2580 3741 2809 3815 locum,
2858 3741 2985 3803 imo
3037 3740 3431 3803 indifferenti
3479 3741 3557 3802 ad

2062 3839 2278 3901 omnia
2328 3839 2482 3913 loca,
2525 3846 2845 3921 quantum⁴
2886 3839 2951 3901 in
3005 3839 3139 3921 ipsa
3186 3847 3302 3914 est,
3344 3840 3557 3921 egredi

2061 3939 2345 4022 operatio
2392 3940 2603 4001 statim
2653 3938 2731 4001 ad
2782 3939 2991 4001 locum
3045 3938 3405 4022 proximum
3456 3939 3558 4001 vel

2062 4046 2415 4117 remotum3
2460 4056 2576 4100 nec
2625 4039 2907 4120 operatio
2953 4039 3031 4100 ad
3081 4046 3395 4100 remotum
3444 4057 3556 4100 seu

2059 4138 2302 4200 distans
2355 4138 2666 4219 dependet
2716 4136 2794 4200 ab
2854 4131 3216 4220 operatione
3265 4156 3406 4219 quae
3462 4144 3559 4199 est

444 4241 690 4295 tactum
741 4233 1019 4307 virtutiS,
1071 4252 1328 4297 necesse
1377 4242 1469 4296 est*
1522 4236 1691 4317 quod
1743 4244 1949 4299 motus
1981 4242 2030 4303 D
2061 4237 2138 4298 ad
2179 4254 2314 4299 rem
2356 4236 2709 4318 proximam
2746 4256 2760 4299 :
2795 4237 2963 4298 unde
3004 4236 3355 4298 secundum
3389 4236 3557 4317 quod

445 4331 659 4412 angeli
703 4332 769 4392 in
817 4331 955 4395 loco
1001 4332 1090 4394 nil
1134 4333 1306 4395 aliud
1351 4334 1435 4395 sit
1477 4353 1669 4416 quam
1715 4334 1950 4397 diversi

447 4430 849 4491 diversorum
890 4430 1173 4493 locorum
1206 4438 1533 4493 contactus
1568 4434 1946 4508 successive,

447 4546 578 4590 non
622 4528 818 4590 simul
863 4548 878 4591 ε
921 4529 1224 4611 quoniam
1269 4530 1530 4610 angelus
1574 4550 1698 4593 non
1745 4540 1950 4614 potest

446 4626 643 4689 simul
690 4646 830 4689 esse
889 4627 956 4689 in
1015 4628 1283 4691 diversis
1344 4628 1520 4690 lociS.
1574 4630 1951 4710 Hujusmodi

445 4732 664 4787 autem
695 4733 1024 4789 contactus
1056 4744 1182 4788 non
1214 4735 1309 4789 est
1339 4746 1600 4789 necesse
1637 4747 1773 4790 6556
1804 4748 1950 4791 6011-

447 4824 681 4887 tinuoS.
715 4824 925 4887 Potest
957 4833 1170 4887 tamen
1213 4826 1277 4887 in
1312 4826 1404 4887 eis
1441 4826 1826 4889 continuitas
1861 4848 1952 4889 es—

447 4941 536 4998 se,
579 4922 732 5005 quia
783 4930 853 4985 ut
901 4924 1144 4986 dictum
1194 4932 1313 4997 est,
1363 4924 1453 4986 nil
1506 4924 1802 5007 prohibet
1847 4945 1953 4987 an-

447 5022 587 5101 gelo
623 5021 948 5102 assignare
986 5022 1376 5085 divisibilem
1422 5023 1632 5085 locum
1675 5043 1786 5106 per
1824 5044 1953 5087 suae

449 5119 702 5183 virtutis
764 5121 1367 5195 contactum,·sicut
1415 5121 1718 5184 continuo
1778 5123 1952 5186 locus

449 5219 796 5282 divisibilis
856 5220 1214 5301 assignatur
1274 5228 1532 5302 propter
1591 5229 1952 5285 contactum

449 5319 911 5403 magnitudinis
949 5338 1099 5381 suae.
1133 5319 1294 5382 Hinc
1334 5320 1500 5383 sicut
1538 5339 1768 5405 corpus
1812 5341 1952 5384 suc-

2061 4334 2251 4397 habet
2285 4335 2527 4417 aliquid
2566 4335 2812 4417 operari
2844 4335 2943 4397 vel
2986 4335 3052 4397 in
3089 4334 3388 4396 omnibus
3428 4352 3559 4396 me-

2061 4434 2183 4496 diis
2215 4434 2393 4508 locis,
2413 4434 2513 4496 vel
2548 4434 2613 4495 in
2644 4433 2988 4516 aliquibuS,
3011 4440 3121 4495 aut
3151 4433 3217 4494 in
3249 4433 3446 4507 nullu,
3466 4452 3559 4495 56-

2061 4533 2341 4594 cundum
2382 4533 2503 4596 hoc
2534 4539 2741 4614 potest
2772 4532 3153 4614 pertransire
3183 4532 3399 4595 omnia
3429 4552 3556 4595 me-

2061 4632 2185 4705 dia,
2218 4639 2325 4694 aut
2362 4633 2649 4713 quaedam
2688 4632 2917 4706 solum,
2952 4651 3061 4694 seu
3104 4631 3375 4693 nullum.
3411 4631 3551 4694 Haec

2061 4731 2330 4792 Thomas
2379 4730 2445 4791 in
2496 4730 2760 4812 ScriptO.
2795 4766 2877 4775 —
2907 4730 3297 4793 Concor-dare
3339 4728 3555 4791 Petrus

2062 4829 2334 4903 videtur,
2370 4830 2479 4911 qui
2526 4830 2602 4891 de
2648 4828 2859 4891 subito
2900 4829 3108 4910 angeli
3154 4836 3331 4890 motu
3376 4828 3556 4909 ponit

2062 4928 2427 5010 exemplum
2466 4930 2541 4990 de
2578 4928 3045 4990 illuminatione
3083 4927 3269 5001 aeriS,
3304 4926 3415 5008 qui
3456 4947 3557 4988 su-

2062 5025 2199 5089 bito
2244 5026 2613 5088 illustratur.

2144 5121 2233 5188 D'e
2262 5126 2484 5187 eadem
2524 5125 2869 5206 quaestione
2910 5124 3135 5187 scribit
3163 5125 3229 5187 in
3266 5125 3549 5200 Summa,

2065 5225 2411 5308 quaestione
2471 5223 2998 5305 quinquagesima
3048 5223 3233 5287 tertia
3284 5242 3297 5287 ε
3348 5222 3550 5287 Motus
3632 5248 3784 5292 1162.

2063 5323 2272 5405 angeli
2317 5330 2524 5407 potest
2560 5340 2699 5385 esse
2739 5322 3101 5398 continuuS‚
3136 5329 3198 5385 et
3235 5341 3361 5386 non
3405 5342 3551 5399 con-
