4359 6250
979 498 1064 551 AN
1108 497 1426 562 rotenus,
1471 497 1575 552 mo
1618 499 1690 550 m·
1732 495 2203 561 οΜΝίΡοτΕΝτῐΑ,
2244 493 2361 550 m-:o
2404 504 2560 550 vana
2600 495 2942 551 conventu

3400 473 3515 549 561

410 673 716 756 perfecta,
750 693 868 738 nec
897 675 1272 757 productiva
1314 676 1504 739 totius
1537 675 1907 738 substantiae
1936 676 1989 737 A
2019 675 2107 738 tio
2152 682 2261 738 aut
2300 675 2508 756 passio
2549 675 2899 739 formaliter
2938 694 3048 738 seu
3098 675 3351 757 proprie
3390 674 3518 736 Deo

410 771 520 832 rei.
552 773 762 836 Potest
791 774 982 835 etiam
1014 775 1368 836 secundum
1397 775 1784 836 Avicennam
1817 792 1910 836 re-

409 871 733 951 sponderi,
766 873 938 954 quod
975 891 1168 953 agens
1207 872 1393 933 aliter
1431 873 1664 933 dicitur
1697 873 1758 934 in
1802 891 1908 933 na-

407 969 726 1032 turalibus
767 990 959 1052 quam
1003 971 1066 1032 in
1099 970 1356 1033 divinis.
1391 971 1598 1050 Agens
1635 989 1909 1051 namque

409 1068 698 1130 naturale
729 1078 1026 1151 operatur
1057 1088 1170 1151 per
1203 1075 1483 1147 motum3
1515 1076 1578 1130 et
1609 1069 1909 1150 quoniam

412 1174 624 1228 motus
655 1175 752 1228 est
780 1175 958 1230 actus
998 1167 1164 1229 entis
1195 1167 1560 1229 exsistentis
1603 1167 1665 1229 in
1699 1174 1914 1247 poten-

410 1264 518 1338 tia,
573 1264 814 1328 idcirco
867 1265 1215 1348 requiritur
1269 1265 1534 1327 materia
1587 1284 1728 1346 quae
1784 1283 1912 1326 mo-

415 1362 506 1422 tui
563 1361 1024 1424 substernatur.
1082 1363 1290 1443 Agens
1347 1370 1562 1424 autem
1622 1361 1914 1423 divinum

412 1459 518 1520 dat
559 1479 700 1522 esse
747 1479 874 1522 non
919 1479 1034 1542 per
1081 1469 1324 1523 motum
1369 1479 1384 1522 z
1424 1461 1592 1522 unde
1635 1460 1916 1542 potentia

412 1557 618 1620 activa
652 1558 716 1619 in
757 1576 834 1620 eo
861 1566 959 1620 est
999 1559 1390 1641 principium
1431 1559 1818 1641 operationis
1849 1557 1914 1619 in

411 1656 586 1718 aliud
638 1656 805 1717 sicut
856 1657 921 1718 in
977 1655 1280 1719 effectum
1337 1659 1740 1741 productum,
1785 1674 1914 1719 non

415 1754 578 1815 sicut
624 1755 691 1816 in
742 1755 1070 1816 materiam
1121 1763 1622 1818 transmutatam.
1666 1793 1747 1801 —
1785 1755 1913 1818 Sci-

2020 781 2357 855 competat.

2097 872 2548 933 Verumtamen
2579 873 3059 944 advertendum,
3089 873 3257 954 quod
3286 872 3519 952 gradus

2019 972 2447 1052 potentiarum
2503 979 2880 1044 creatarum,
2928 971 3094 1032 sicut
3146 979 3209 1032 et
3265 979 3520 1033 natura-

2019 1087 2185 1142 rum,
2238 1069 2455 1131 divina
2504 1069 2920 1150 dispositione
2980 1077 3129 1130 sunt.
3177 1069 3449 1130 ordinati
3502 1086 3516 1129 :

2022 1167 2163 1228 ideo
2194 1167 2489 1248 quamvis
2517 1177 2695 1228 actus
2726 1186 2943 1228 earum
2982 1185 3106 1229 non
3142 1167 3523 1229 conveniant

2021 1264 2147 1326 Deo
2190 1283 2303 1347 per
2350 1266 2606 1327 modum
2658 1285 2829 1328 nunc
2874 1266 3139 1340 dictum,
3173 1273 3385 1327 tamen
3431 1284 3524 1326 re-

2021 1363 2344 1424 ducuntur
2388 1364 2452 1425 in
2500 1365 2711 1446 ipsum
2754 1365 2920 1426 sicut
2959 1365 3025 1427 in
3071 1365 3345 1447 primam
3384 1383 3525 1426 cau-

2021 1481 2180 1536 sam,
2232 1462 2585 1524 secundum
2647 1464 2816 1545 quod
2875 1464 3289 1544 egrediuntur
3344 1470 3523 1524 actus

2025 1559 2117 1622 illi
2166 1579 2203 1620 a
2250 1560 2383 1621 suis
2440 1561 2740 1642 potentiis
2796 1561 2978 1640 juxta
3024 1563 3314 1624 ordinem
3362 1561 3522 1623 divi-

2025 1658 2197 1719 nitus
2255 1658 2640 1721 institutum.
2695 1660 2839 1722 Ideo
2888 1661 3183 1741 quamvis
3238 1661 3525 1723 dicamus

2027 1756 2227 1818 Deum
2287 1774 2412 1819 non
2472 1757 2827 1819 ambulare*
2857 1777 2975 1820 nec
3034 1759 3186 1841 pati,
3246 1767 3526 1821 attamen

415 1853 646 1914 endum
695 1871 968 1934 quoque,
1016 1854 1183 1936 quod
1229 1855 1390 1916 Deus
1432 1873 1560 1917 non
1603 1856 1732 1936 agit
1775 1872 1916 1936 ope·
1951 1857 1998 1919 B
2027 1854 2303 1917 dicimus
2334 1856 2503 1937 quod
2536 1864 2746 1918 causat
2773 1856 3273 1920 ambulationem
3303 1864 3365 1919 et
3395 1877 3532 1939 pas·

415 1951 660 2014 ratione
703 1952 914 2014 media
958 1972 1098 2034 quae
1136 1953 1218 2014 sit
1256 1954 1554 2016 distincta
1591 1973 1628 2014 a
1668 1973 1780 2015 sua
1820 1971 1916 2015 es·

417 2049 620 2110 sentia
655 2067 670 2111 :
706 2051 836 2112 imo
867 2069 1056 2112 suum
1097 2069 1234 2112 esse
1265 2060 1359 2113 est
1391 2071 1578 2113 suum
1615 2070 1820 2132 agere,
1855 2059 1917 2113 et

419 2167 608 2210 suum
639 2167 824 2229 agere
854 2157 951 2210 est
980 2168 1094 2211 sua
1123 2151 1415 2212 essentia.
1450 2150 1664 2213 Nihilo
1703 2150 1916 2212 minus

419 2266 531 2308 sua
561 2247 838 2310 essentia
877 2247 1280 2327 significatur
1309 2257 1379 2310 ut
1407 2248 1795 2331 principium
1828 2266 1920 2309 es-

419 2345 623 2416 sendi,
671 2353 862 2426 atque
913 2346 1134 2408 eadem
1185 2347 1426 2408 ratione
1477 2366 1591 2408 sua
1641 2346 1920 2428 potentia

419 2441 823 2523 significatur
891 2452 962 2505 ut
1028 2445 1419 2527 principium
1487 2446 1790 2526 operandi
1858 2451 1922 2506 et

419 2540 611 2602 etiam
643 2543 906 2623 operati.
943 2543 1019 2604 Et
1049 2563 1164 2604 sua
1203 2544 1486 2626 operatio
1515 2551 1612 2606 est
1643 2545 1781 2626 ipsa
1813 2561 1921 2626 po-

419 2641 621 2702 tentia
655 2657 670 2702 :
705 2640 846 2704 ideo
877 2643 1160 2724 potentia
1199 2643 1551 2724 operationi
1590 2662 1719 2705 suae
1750 2651 1924 2706 aeter-

420 2739 651 2800 naliter
698 2747 794 2801 est
838 2740 1202 2820 conjuncta,
1255 2742 1548 2823 quamvis
1599 2741 1746 2803 inde
1795 2759 1922 2803 non

420 2845 726 2919 sequatur
779 2838 980 2919 ipsius
1032 2837 1338 2901 effectum
1391 2858 1531 2901 esse
1589 2847 1918 2902 aeternum.

421 2971 500 2981 —-
541 2937 688 2999 Haec
731 2937 1000 3000 Thomas
1044 2937 1108 2999 in
1155 2938 1422 3020 Script0.

2026 1954 2293 2016 sionem.
2328 1954 2521 2016 Actus
2558 1974 2707 2017 vero
2745 1956 3139 2036 egredientes
3170 1975 3207 2017 a
3232 1956 3530 2018 determi-

2028 2053 2194 2114 natis
2243 2055 2543 2134 potentiis
2594 2063 2823 2136 praeter
2868 2063 2931 2115 et
2973 2061 3190 2117 contra
3236 2054 3529 2116 ordinem

2031 2152 2235 2224 illum,
2260 2169 2386 2214 non
2421 2153 2810 2215 reducuntur
2843 2153 2906 2214 in
2938 2152 3373 2214 causalitatem
3406 2152 3531 2234 pri-

2031 2268 2150 2311 mae
2195 2268 2399 2312 causae
2444 2258 2750 2331 quantum
2796 2250 2874 2311 ad
2918 2249 3037 2312 hoc
3083 2249 3250 2331 quod
3302 2257 3533 2330 praeter

2030 2348 2319 2410 ordinem
2368 2348 2551 2410 illum
2601 2348 3034 2428 egrediuntur,
3086 2356 3156 2409 ut
3204 2347 3527 2420 fornicari,

2031 2445 2243 2507 furari.
2276 2447 2517 2508 ldcirco
2546 2464 2672 2508 non
2702 2445 2975 2507 dicimus
3007 2447 3175 2528 quod
3201 2447 3367 2508 Deus
3398 2463 3534 2527 pos-

2035 2546 2117 2606 sit
2155 2563 2439 2626 peccare,
2481 2553 2591 2607 aut
2630 2552 2960 2626 peccatum
3007 2545 3074 2606 in
3112 2543 3254 2605 aliis
3295 2543 3525 2606 facere.

2113 2644 2177 2706 Si
2210 2661 2360 2706 vero
2392 2642 2755 2722 objiciatur,
2790 2643 2959 2725 quod
2994 2643 3083 2704 ait
3112 2641 3531 2724 Philosophus

2035 2750 2258 2824 quarto
2297 2740 2698 2822 Topicorum,
2735 2740 2923 2812 Deus,
2964 2747 3028 2801 et
3062 2739 3254 2802 etiam
3296 2741 3533 2802 studio-

2036 2859 2164 2912 sus,
2200 2847 2405 2921 potest
2445 2838 2651 2901 facere
2693 2856 2921 2920 prava:
2962 2837 3325 2911 dicendum,
3360 2839 3529 2920 quod

2036 2938 2232 3000 sumit
2265 2956 2481 3014 prava
2526 2936 2959 3010 materialiter,
3004 2944 3075 2997 ut
3122 2937 3204 2998 sit
3252 2955 3476 2999 sensus
3513 2957 3528 3000 ε

498 3035 690 3097 Porro
730 3035 900 3096 circa
936 3036 1462 3116 omnipotentiam
1503 3036 1612 3097 Dei
1658 3035 1922 3117 inquirit
1963 3035 2006 3098 C
2036 3036 2243 3098 Potest
2291 3035 2498 3097 facere
2550 3054 2622 3098 ea
2674 3055 2815 3117 quae
2868 3036 3056 3098 modo
3109 3042 3259 3097 sunt
3313 3053 3529 3117 prava,

425 3133 657 3214 primo,
711 3141 926 3195 utrum
985 3134 1150 3196 Deus
1210 3135 1410 3216 possit
1459 3135 1771 3217 quidquid
1831 3142 1926 3197 est

423 3231 564 3293 aliis
623 3231 950 3314 possibile.
1005 3233 1181 3305 Quod
1240 3250 1368 3295 non
1427 3233 1734 3295 videtur:
1777 3232 1926 3314 quia

424 3348 547 3393 non
599 3338 811 3413 potest
860 3348 1090 3411 negare
1136 3350 1202 3393 se
1253 3332 1487 3413 ipsum,
1527 3338 1598 3392 ut
1637 3332 1725 3393 ait
1763 3332 1925 3414 Apo-

425 3429 662 3508 stolus;
705 3446 822 3490 nec
871 3429 1272 3503 manducare,
1313 3429 1663 3505 ambulare,
1705 3430 1926 3493 bibere

423 3536 531 3589 aut
571 3527 874 3601 dormire,
913 3527 1227 3609 loquendo
1269 3528 1346 3591 de
1392 3529 1530 3611 ipso
1573 3530 1924 3591 secundum

425 3623 676 3687 deitatis
717 3632 1029 3686 naturam.

501 3724 596 3785 Ad
627 3723 750 3785 boc
779 3724 1118 3806 respondet
1137 3743 1150 3786 :
1169 3724 1485 3806 Quidquid
1517 3724 1926 3806 perfectionis

423 3821 674 3883 exsistit
707 3822 771 3883 in
813 3821 1140 3895 creaturiS,
1174 3830 1378 3884 totum
1417 3842 1494 3885 ex
1535 3822 1925 3905 perfectione

425 3920 740 3983 Creatoris
783 3920 1231 4002 exemplariter
1269 3928 1364 3996 est
1400 3922 1744 3983 deductum
1785 3940 1798 3983 :
1833 3923 1926 3983 sic

423 4026 662 4093 tamen,
696 4019 865 4100 quod
910 4018 1218 4101 perfectio
1265 4028 1568 4083 creaturae
1617 4021 1807 4083 distat
1852 4040 1926 4082 ac

423 4118 650 4179 deficit
691 4118 758 4178 in
800 4116 1127 4179 infinitum
1169 4137 1206 4180 a
1245 4119 1432 4199 plena
1471 4119 1927 4200 repraesentati-

2036 3155 2178 3217 quae.
2220 3144 2433 3196 tamen
2482 3154 2676 3217 prava
2723 3153 2849 3197 non
2895 3141 3129 3208 essent,
3173 3134 3226 3197 si
3272 3134 3407 3216 ipse
3451 3133 3535 3196 fa-

2037 3242 2209 3296 ceret
2248 3252 2343 3307 ea,
2386 3234 2495 3295 sed
2544 3241 2756 3295 essent
2797 3233 2984 3307 bona,
3027 3252 3228 3315 quum
3272 3234 3408 3315 ipse
3451 3232 3534 3295 sit

2040 3334 2245 3415 prima
2282 3340 2344 3395 et
2382 3352 2632 3394 summa
2675 3332 2869 3394 totius
2912 3332 3165 3395 virtutis
3211 3331 3535 3395 rectitudi-

2037 3430 2264 3511 nisque
2307 3449 2623 3492 mensura.
2657 3466 2738 3474 —
2764 3431 2909 3492 Haec
2948 3430 3117 3491 idem
3156 3430 3221 3491 in
3262 3430 3527 3512 Scripto.

2143 3522 2257 3589 His‘
2312 3535 2659 3590 consonant.
2716 3547 2857 3609 quae
2914 3527 3137 3589 scribit
3197 3527 3261 3589 in
3326 3529 3534 3610 prima

2037 3636 2215 3710 parte
2246 3627 2543 3700 Summae,
2576 3626 2923 3707 quaestione
2952 3625 3257 3687 vicesima
3286 3626 3526 3707 quinta.

2037 3724 2483 3786 Verumtamen
2521 3723 2599 3785 de
2629 3722 3089 3804 omnipotentia
3125 3722 3237 3783 Dei
3279 3722 3529 3804 plenius

2037 3823 2260 3885 scribit
2298 3821 2387 3884 ibi
2421 3839 2434 3883 :
2468 3822 2719 3894 OmneS,
2755 3820 3073 3902 inquiens,
3108 3820 3533 3883 communiter

2037 3920 2424 3982 confitentur
2450 3919 2650 3980 Deum
2681 3936 2819 3979 esse
2850 3918 3387 4000 omnipotentem3
3420 3918 3530 3980 sed

2037 4017 2344 4081 rationem
2387 4017 2863 4099 omnipotent-iae
2904 4017 3247 4097 assignare,
3282 4017 3534 4078 videtur

2036 4115 2498 4178 difficileNam
2529 4114 2797 4176 dubium
2828 4133 2965 4176 esse
2995 4114 3163 4175 valet
3192 4114 3345 4196 quid
3376 4132 3537 4177 com-

425 4234 544 4278 one
599 4214 1015 4298 perfectionis
1067 4216 1320 4290 divinae,
1364 4217 1660 4278 similiter
1708 4224 1924 4298 poten·
1957 4221 2006 4283 D
2036 4212 2465 4296 prehendatur
2506 4211 2628 4274 sub
2671 4212 2791 4273 ista
2832 4212 3301 4287 distributione,
3334 4230 3533 4294 quum

426 4314 514 4375 tia
553 4320 860 4377 creaturae
898 4333 933 4375 a
975 4314 1257 4395 potentia
1299 4314 1626 4377 CreatoriS.
1661 4314 1922 4389 IdcircO,

428 4412 598 4493 quod
641 4412 940 4473 convenit
979 4411 1276 4493 potentiae
1315 4411 1404 4473 rei
1447 4419 1668 4475 creatae
1707 4430 1928 4473 secun-

429 4511 584 4572 dum
636 4510 806 4592 quod
861 4516 957 4571 est
1007 4510 1071 4571 in
1123 4510 1231 4571 tali
1285 4518 1394 4570 aut
1445 4509 1551 4569 tali
1603 4509 1802 4590 gradu
1853 4528 1926 4571 ac

429 4609 654 4671 ordine
695 4608 1070 4690 participata
1107 4616 1169 4669 et
1209 4608 1570 4681 constituta,
1613 4625 1738 4669 non
1780 4626 1926 4670 con-

430 4707 602 4769 venit
667 4706 978 4769 Creatoris
1037 4706 1388 4788 potentiae3
1447 4705 1558 4767 sed
1615 4706 1928 4788 quidquid

431 4803 846 4887 perfectionis
881 4812 944 4866 et
974 4802 1301 4885 potestatis
1334 4804 1399 4865 in
1437 4804 1741 4866 creaturis
1783 4822 1928 4866 con-

431 4904 620 4977 sistit,
675 4901 978 4965 convenit
1033 4903 1159 4965 Deo
1219 4921 1334 4984 per
1393 4903 1652 4964 modum
1713 4902 1928 4964 infini-

431 5009 492 5063 te
539 5000 1050 5064 eminentiorem.
1097 5001 1258 5063 Hinc
1308 5002 1591 5083 potentia
1637 5002 1748 5063 Dei
1800 5019 1928 5064 non

433 5108 528 5163 est
577 5099 863 5182 potentia
913 5099 1285 5161 ambulandi
1337 5098 1436 5162 vel
1485 5099 1789 5181 patiendi,
1844 5100 1930 5162 ita

434 5199 604 5280 quod
644 5198 785 5281 ipsa
821 5198 905 5261 sit
942 5197 1304 5280 proximum
1338 5197 1786 5260 ambulationis
1823 5206 1931 5259 aut

439 5297 752 5380 passionis
811 5296 1226 5379 principium,
1277 5304 1340 5359 et
1396 5295 1766 5377 hujusmodi
1829 5315 1929 5358 ac·-

687 5430 752 5483 T.
787 5430 867 5483 20.

2036 4312 2291 4385 dicitur,
2342 4310 2825 4392 omnipotentia,
2878 4329 3013 4385 seu,
3067 4312 3267 4374 Deum
3322 4311 3538 4373 omnia

2039 4427 2244 4491 posse.
2308 4409 2428 4471 Sed
2488 4427 2688 4489 quum
2750 4409 3032 4490 potentia
3088 4408 3401 4471 referatur
3454 4408 3531 4469 ad

2041 4507 2393 4595 possibilia,
2438 4507 2589 4568 dum
2640 4508 2807 4569 Deus
2854 4507 3089 4568 dicitur
3130 4506 3342 4569 omnia
3392 4524 3535 4588 pos-

2039 4625 2127 4680 se,
2162 4605 2254 4668 nil
2292 4605 2527 4667 rectius
2568 4604 2944 4685 intelligitur
2973 4625 3165 4687 quam
3199 4604 3367 4687 quod
3398 4621 3533 4666 om-

2039 4706 2146 4767 nia
2188 4703 2521 4787 possibilia
2557 4703 2776 4785 possit,
2820 4703 3088 4784 ideoque
3128 4701 3532 4784 omnipotens

2037 4810 2459 4884 nuncupetur.
2475 4802 2664 4863 Porro
2692 4800 3011 4883 possibile,
3027 4800 3373 4863 secundum
3400 4799 3535 4862 Phi-

2042 4901 2377 4983 losophum
2427 4900 2648 4981 quinto
2688 4898 3147 4980 Metaphysicae,
3190 4898 3534 4980 dupliciter

2039 5000 2291 5063 dicitur.
2328 4999 2461 5061 Uno
2506 4998 2713 5070 modo,
2748 5015 2861 5078 per
2902 5004 3260 5078 respectum
3304 4997 3382 5059 ad
3426 5015 3534 5078 po-

2040 5098 2303 5161 tentiam
2354 5095 2692 5178 quamdam
2740 5111 2755 5155 :
2806 5094 2972 5155 sicut
3019 5094 3189 5175 quod
3237 5095 3535 5157 subditur

2040 5198 2336 5259 humanae
2384 5194 2701 5276 potentias,
2752 5191 2988 5254 dicitur
3034 5210 3173 5255 esse
3224 5194 3529 5275 possibile

2041 5292 2308 5357 homini.
2340 5293 2469 5355 Nec
2506 5291 2631 5354 dici
2673 5298 2900 5374 potest,
2933 5292 3102 5373 quod
3142 5292 3307 5355 Deus
3348 5292 3533 5355 idcir·

3218 5427 3279 5478 36

3608 3846 3691 3886 art.

3723 3846 3765 3887 3.
