4359 6250
706 504 1002 560 omnum
1043 506 1528 553 msTtNGtJANTmt
1567 507 1880 564 ESSENTIA,
1922 508 2368 565 wantsumu,
2408 509 2801 566 SUBSTANTIA,
2842 509 2917 554 ΕΤ
2956 509 3230 555 PmsoNA

3396 490 3514 554 155

421 675 578 757 quid
627 683 727 737 est
774 676 1128 738 subsistens
1177 695 1292 758 per
1339 695 1427 751 se,
1479 694 1606 740 non
1667 678 1732 739 in
1790 678 1916 740 alio
1945 676 1996 739 A
2025 696 2248 757 genuS‚
2283 697 2399 739 nec
2432 679 2699 760 specieS‚
2733 682 2841 741 sed
2881 680 2962 741 ab
2994 699 3067 742 ea
3105 680 3294 743 homo
3323 680 3512 743 deno-

421 773 585 835 sicut
626 774 958 853 accidens3
1001 775 1289 837 substare
1319 794 1469 837 vero
1499 784 1591 837 est
1634 776 1753 837 sub
1791 777 1916 838 alio

423 872 594 955 poni.
647 873 808 934 Hinc
869 881 1038 954 patet
1098 874 1265 955 quod
1325 893 1484 946 esse,
1537 874 1692 937 dicit
1743 876 1913 956 quod

423 990 764 1035 commune
794 980 888 1034 est
921 973 1170 1035 cunctis
1209 974 1588 1053 generibus;
1621 975 1730 1035 sed
1769 974 1914 1035 sub-

421 1072 644 1132 sistere
693 1079 757 1132 et
806 1071 1116 1145 substare,
1168 1072 1390 1133 dicunt
1441 1072 1504 1133 id
1553 1073 1722 1153 quod
1772 1091 1913 1154 pro-

423 1170 634 1250 prium
665 1177 760 1231 est
795 1170 1001 1251 primo
1034 1170 1525 1252 praedicamento
1560 1173 1912 1233 secundum

419 1270 546 1330 duo
579 1288 722 1349 quae
762 1269 882 1331 sibi
925 1269 1316 1331 conveniunt
1349 1290 1364 1333 ε
1399 1289 1670 1351 quorum
1713 1290 1912 1333 unum

418 1375 538 1439 est,
571 1368 742 1448 quod
783 1367 847 1429 in
889 1386 956 1431 se
987 1368 1070 1429 sit
1101 1388 1214 1429 ens
1251 1368 1680 1449 completum;
1715 1369 1910 1443 aliud,

417 1466 590 1547 quod
634 1465 934 1528 omnibus
982 1466 1147 1539 aliis,
1191 1474 1410 1547 utpote
1451 1466 1911 1539 accidentibuS,

421 1564 885 1635 substernatur,
941 1584 1084 1646 quae.
1144 1564 1209 1625 in
1269 1564 1624 1626 substantia
1681 1565 1916 1626 habent

415 1681 574 1724 esse.
633 1661 924 1724 Essentia
967 1680 1118 1743 ergo
1165 1671 1448 1735 vocatur,
1502 1663 1688 1744 cujus
1736 1671 1913 1726 actus

415 1768 513 1821 est
541 1779 720 1839 esse;
753 1760 1186 1833 subsistentia,
1222 1762 1406 1842 cujus
1437 1769 1614 1824 actus
1645 1768 1740 1824 est
1771 1761 1915 1823 sub-

2026 776 2305 837 minatur
2344 774 2710 839 formaliter.
2746 778 2856 839 Vel
2896 778 3293 858 significatur
3328 787 3398 839 ut
3430 786 3517 841 to-

2025 881 2183 946 tum,
2219 876 2568 937 secundum
2610 876 2779 956 quod
2814 896 2887 938 ea
2928 896 3069 957 quae
3106 878 3182 939 ad
3226 884 3513 938 naturam

2025 990 2432 1034 communem
2468 973 2806 1054 pertinent,
2842 973 2979 1035 sine
3018 975 3388 1055 praecisione
3422 975 3515 1036 in-

2024 1070 2400 1150 telliguntur
2434 1089 2447 1133 :
2483 1072 2575 1133 sic
2607 1073 2779 1134 enim
2822 1073 3169 1134 includitur
3199 1072 3265 1134 iu
3297 1081 3515 1155 poten-

2025 1168 2111 1229 tia
2159 1168 2352 1229 etiam
2406 1170 2667 1231 materia
2712 1170 3128 1232 determinata
3178 1171 3241 1231 in
3294 1178 3517 1233 natura

2024 1267 2373 1339 communi,
2408 1275 2468 1329 et
2506 1268 2597 1329 sic
2634 1268 3035 1348 significatur
3074 1269 3192 1331 hoc
3233 1270 3513 1343 nomine,

2023 1365 2235 1437 homo,
2278 1372 2341 1425 et
2383 1364 2783 1445 significatur
2829 1374 2895 1427 ut
2938 1370 3111 1444 quod
3156 1376 3267 1428 est.
3312 1368 3517 1448 Atque

2025 1471 2293 1544 utroque
2345 1464 2532 1526 modo
2582 1464 2905 1525 invenitur
2954 1465 3073 1527 hoc
3123 1483 3378 1539 nomen,
3421 1486 3516 1528 es-

2025 1563 2249 1625 sentia.
2276 1563 2449 1625 L'nde
2480 1564 2860 1645 quandoque
2892 1563 3167 1625 dicimus
3198 1565 3515 1627 Socratem

2023 1680 2160 1723 esse
2203 1662 2541 1743 quamdam
2583 1662 2945 1737 essentiam,
2980 1671 3042 1725 et
3074 1664 3391 1725 interdum
3425 1665 3518 1726 di-

2023 1759 2231 1821 cimus
2270 1760 2441 1841 quod
2479 1761 2752 1822 essentia
2796 1762 3069 1824 Socratis
3112 1781 3238 1824 non
3278 1771 3375 1825 est
3414 1765 3519 1826 So-

415 1860 678 1935 sistere3
729 1859 1104 1933 substantia,
1158 1861 1342 1942 cujus
1392 1867 1571 1922 actus
1618 1867 1714 1922 est
1762 1860 1910 1922 sub·
1947 1862 1996 1925 Β
2026 1867 2245 1921 crates.
2270 1895 2351 1905 ——
2380 1859 2803 1922 conformiter
2834 1861 3180 1923 subsistere
3214 1869 3309 1923 est
3338 1870 3517 1926 actus

413 1966 597 2020 stare.

495 2056 622 2119 Hoc
673 2062 886 2118 autem
938 2056 1280 2137 dupliciter
1328 2056 1584 2126 dicitur,
1631 2057 1796 2119 sicut
1845 2058 1908 2119 in

413 2155 686 2235 singulis
749 2163 918 2236 patet
972 2172 986 2217 :
1039 2156 1342 2236 quoniam
1401 2174 1538 2217 esse
1588 2163 1684 2217 est
1732 2163 1910 2218 actus

411 2254 690 2333 alicujus
739 2261 810 2313 ut
858 2254 1027 2335 quod
1077 2260 1194 2322 est,
1238 2262 1300 2314 et
1347 2254 1536 2316 etiam
1589 2262 1686 2316 est
1732 2262 1910 2316 actus

417 2353 620 2433 ipsius
679 2370 809 2432 quo
867 2358 980 2413 est.
1045 2352 1388 2414 Sciendum
1449 2372 1702 2434 quoque
1762 2353 1913 2434 quia

413 2452 568 2513 dum
599 2451 842 2533 aliquid
873 2451 1285 2532 consequitur
1317 2451 1498 2533 plura
1526 2453 1602 2514 ad
1633 2452 1910 2514 invicem

415 2550 884 2623 convenientia,
937 2568 1064 2613 non
1127 2557 1332 2631 potest
1380 2550 1774 2613 denominari
1832 2551 1910 2612 ab

411 2649 614 2710 altero
671 2648 950 2721 illorum,
1005 2648 1299 2730 quamvis
1359 2648 1517 2710 illud
1577 2649 1658 2709 sit
1719 2649 1910 2712 totius

413 2747 834 2829 principium,
886 2748 994 2809 sed
1044 2766 1082 2809 a
1129 2754 1260 2809 toto
1306 2765 1320 2809 :
1372 2749 1910 2829 quemadmodum

413 2863 603 2927 sapor
645 2846 1059 2927 consequitur
1109 2846 1386 2907 calidum
1437 2854 1499 2907 et
1548 2846 1909 2919 humidum,

415 2953 605 3026 prout
654 2952 1248 3026 contemperantur3
1289 2952 1352 3006 et
1402 2945 1694 3027 quamvis
1744 2945 1914 3006 calor

2023 1956 2297 2038 alicujus
2340 1959 2508 2039 quod
2559 1958 2849 2020 subsistit
2892 1960 2992 2021 vel
3034 1979 3162 2041 quo
3204 1960 3512 2023 subsistit.

2024 2055 2357 2136 Quumque
2389 2055 2736 2118 subsistere
2779 2056 2945 2118 dicat
2976 2067 3189 2119 actum
3225 2060 3519 2121 determi-

2025 2161 2241 2215 natum
2296 2154 2405 2235 qui
2459 2155 2871 2236 consequitur
2930 2154 3221 2229 formam,
3276 2166 3519 2220 constat

2024 2253 2193 2333 quod
2238 2252 2479 2334 aliquid
2520 2254 2966 2315 denominatur
3009 2254 3361 2318 subsistens
3406 2276 3519 2337 per

2024 2352 2295 2431 primam
2341 2351 2633 2424 formam,
2668 2372 2810 2434 quae
2848 2360 2943 2414 est
2991 2354 3053 2413 in
3097 2372 3326 2433 genere
3372 2355 3517 2416 sub-

2023 2450 2289 2512 stantiae.
2326 2451 2468 2513 ldeo
2511 2451 2575 2512 in
2617 2450 3124 2513 Praedicamentis
3171 2453 3325 2513 dicit
3367 2453 3517 2516 Boe-

2024 2547 2172 2619 tius,
2237 2550 2406 2629 quod
2470 2550 2723 2619 οὐσίωσις
2785 2550 2885 2612 vel
2949 2550 3361 2613 subsistentia
3422 2561 3517 2614 est

2025 2644 2229 2708 forma
2274 2648 2595 2729 accipiens
2646 2648 3143 2711 subsistentiam.
3190 2649 3251 2711 Si
3302 2658 3511 2713 autem

2024 2744 2375 2826 accipiatur
2422 2745 2832 2808 subsistentia
2880 2765 2993 2827 pro
3034 2767 3109 2810 eo
3151 2749 3319 2829 quod
3372 2748 3517 2810 sub-

2025 2842 2215 2915 sistit,
2250 2843 2341 2904 sic
2374 2843 2627 2925 proprie
2663 2844 2897 2905 dicitur
2928 2846 2993 2906 in
3024 2864 3151 2926 quo
3188 2866 3301 2928 per
3338 2847 3516 2929 prius

2027 2940 2351 3002 invenitur
2381 2942 2521 3003 talis
2561 2949 2783 3003 natura
2822 2943 2941 3006 hoc
2986 2945 3170 3007 modo
3210 2946 3462 3008 essendi
3499 2966 3512 3010 ε

415 3044 500 3106 sit
533 3043 922 3126 principium
965 3043 1208 3126 saporis
1238 3042 1632 3117 effectivum,
1667 3061 1793 3104 non
1825 3052 1913 3105 ta-
1952 3044 1994 3106 C
2025 3046 2087 3100 et
2117 3058 2317 3119 quum
2360 3058 2471 3120 per
2504 3041 2679 3121 prius
2722 3041 3083 3104 inveniatur
3122 3044 3187 3105 in
3230 3044 3519 3107 substan-

419 3162 568 3206 men
629 3161 729 3204 res
788 3142 1025 3204 dicitur
1081 3142 1302 3224 sapida
1349 3161 1385 3203 a
1435 3143 1664 3216 calore,
1718 3144 1828 3204 sed
1879 3162 1916 3203 a

415 3260 663 3324 sapore.
707 3241 1017 3304 Similiter
1063 3261 1262 3322 quum
1314 3242 1378 3302 in
1431 3241 1622 3302 rebus
1665 3258 1917 3322 compo-

415 3342 560 3403 sitis
597 3359 738 3404 esse
769 3347 1194 3421 consequatur
1225 3340 1751 3421 compositionem
1790 3340 1914 3403 for·

417 3459 538 3502 mae
601 3447 790 3521 atque
851 3437 1151 3510 materiae,
1213 3439 1506 3519 quamvis
1569 3436 1772 3501 forma
1834 3439 1916 3499 sit

413 3537 812 3620 principium
858 3537 1062 3618 ipsius
1103 3555 1263 3605 esse,
1296 3554 1424 3599 non
1469 3544 1680 3597 tamen
1724 3536 1914 3599 deno-

415 3637 701 3699 minatur
732 3655 832 3697 res
863 3635 974 3697 illa
1003 3655 1118 3698 ens
1147 3655 1186 3697 a
1214 3635 1440 3706 forma,
1466 3635 1574 3696 sed
1607 3654 1643 3696 a
1673 3642 1826 3706 toto,
1853 3635 1914 3696 id

411 3743 512 3798 est
555 3753 594 3796 a
638 3741 864 3796 natura
907 3752 986 3794 ex
1037 3733 1240 3795 forma
1288 3751 1360 3794 ac
1407 3732 1670 3795 materia
1719 3733 1916 3795 resul-

413 3841 608 3895 tante.
647 3831 887 3894 ldcirco
920 3831 984 3892 in
1019 3830 1210 3892 rebus
1241 3831 1611 3912 compositis
1641 3831 1918 3893 essentia

412 3931 569 3994 dicit
617 3938 983 4013 utrumque,
1029 3937 1090 3990 et
1141 3930 1274 3991 haec
1318 3930 1511 3991 etiam
1561 3931 1916 4012 appellatur

413 4041 644 4093 natura
683 4036 746 4092 et
786 4028 1108 4110 quidditas
1154 4028 1264 4090 rei.
1301 4028 1460 4089 Hinc
1507 4028 1572 4090 in
1616 4029 1914 4090 Praedica-

415 4129 654 4191 mentis
695 4128 786 4190 ait
827 4127 1102 4199 Βοθῐίιιε,
1137 4127 1306 4208 quod
1348 4126 1508 4188 οὐσία
1548 4127 1704 4188 dicit
1747 4145 1916 4189 com-

2028 3138 2114 3199 tia
2158 3140 2511 3201 secundum
2556 3141 2724 3221 quod
2774 3141 3149 3218 substantia,
3184 3152 3247 3206 et
3290 3146 3518 3207 deinde

2029 3237 2092 3298 in
2124 3237 2268 3299 aliis
2301 3239 2654 3300 secundum
2688 3241 2855 3321 quod
2890 3261 2957 3303 se
2989 3243 3413 3325 propinquius
3442 3245 3521 3306 ad

2026 3336 2448 3398 substantiam
2493 3336 2748 3411 habent,
2784 3347 3027 3402 constat
3072 3342 3241 3421 quod
3286 3361 3519 3404 nomen

2026 3434 2454 3498 subsistentia*
2486 3454 2599 3517 per
2638 3436 2815 3517 prius
2853 3439 3150 3500 convenit
3176 3441 3519 3519 generibus

2025 3540 2082 3594 et
2118 3531 2455 3614 speciebus
2498 3533 2560 3594 in
2604 3535 3093 3615 praedicamento
3124 3537 3513 3612 substantiae,

2025 3640 2093 3694 ut
2144 3631 2301 3694 dicit
2346 3633 2601 3695 Boetius
2652 3633 2716 3693 in
2767 3633 2932 3696 libro
2982 3635 3059 3697 de
3108 3635 3364 3698 Duabus
3414 3657 3518 3699 na-

2029 3731 2223 3808 turis;
2264 3739 2327 3793 et
2374 3731 2720 3793 individuis
2772 3749 2896 3794 non
2948 3735 3244 3795 convenit
3286 3735 3515 3798 habere

2027 3830 2149 3892 tale
2194 3849 2354 3902 esse,
2398 3830 2522 3892 nisi
2570 3830 2634 3890 in
2680 3839 2989 3910 quantum
3040 3841 3189 3894 sunt
3237 3834 3356 3895 sub
3410 3835 3513 3896 tali

2027 3934 2251 3988 natura
2310 3927 2653 3989 communi.
2709 3927 3007 4001 Quamvis
3056 3928 3227 3990 enim
3288 3949 3517 4010 genera

2025 4033 2088 4086 et
2130 4025 2377 4106 species
2426 4043 2550 4087 non
2603 4025 2953 4087 subsistant
2998 4027 3121 4088 nisi
3172 4028 3236 4089 in
3291 4029 3517 4093 indivi-

2027 4124 2194 4196 duis,
2221 4142 2487 4205 quorum
2523 4133 2614 4186 est
2647 4144 2807 4195 esse,
2835 4133 3043 4188 tamen
3077 4127 3519 4193 determinatio

417 4229 700 4310 positum
772 4246 850 4288 ex
925 4226 1187 4288 materia
1253 4233 1312 4288 et
1387 4225 1607 4288 forma.
1681 4226 1912 4287 Verum
1947 4227 1995 4288 D
2024 4222 2278 4285 essendi
2320 4222 2393 4283 sit
2432 4242 2509 4284 ex
2552 4232 2773 4285 natura
2805 4224 2904 4286 vel
2948 4225 3299 4305 quidditate
3338 4247 3521 4309 supe-

415 4333 646 4388 natura
675 4325 768 4387 sic
799 4325 1212 4397 considerata,
1233 4324 1526 4406 quamvis
1557 4324 1720 4386 dicat
1755 4342 1920 4386 com-

415 4425 701 4508 positum
743 4444 820 4486 cx
864 4423 1130 4486 materia
1168 4431 1231 4484 et
1275 4423 1498 4491 forma,
1534 4441 1660 4484 non
1708 4431 1914 4484 tamen

411 4543 492 4586 ex
541 4524 662 4584 hac
705 4521 966 4584 materia
1010 4522 1436 4582 demonstrata
1480 4520 1916 4582 accidentibus

409 4619 856 4683 determinatis
901 4619 1252 4686 substante,
1298 4619 1362 4679 in
1407 4636 1534 4698 qua
1576 4616 1779 4678 forma
1823 4619 1916 4679 in-

411 4719 834 4796 dividuatur3
885 4725 947 4779 et
1000 4718 1135 4780 haec
1188 4715 1606 4778 determinata
1657 4716 1918 4777 materia

409 4825 514 4879 est
557 4815 740 4898 quasi
785 4814 1100 4896 recipiens
1149 4823 1437 4876 naturam
1485 4831 1910 4876 communem.

412 4917 568 4980 Ideo
613 4921 834 4975 natura
878 4932 990 4974 seu
1035 4911 1309 4973 essentia
1355 4911 1761 4992 significatur
1804 4911 1915 4972 du-

415 5014 699 5098 pliciter,
750 5019 968 5093 utpote
1022 5030 1034 5073 :
1089 5018 1158 5071 ut
1209 5029 1375 5091 pars,
1429 5010 1582 5071 dum
1645 5009 1919 5071 sumitur

416 5131 576 5175 cum
619 5109 985 5191 praecisione
1017 5107 1363 5188 cujuslibet
1392 5109 1468 5170 ad
1503 5108 1705 5190 ipsam
1743 5114 1920 5169 natu-

421 5229 568 5272 ram
599 5225 998 5270 communem
1030 5224 1158 5268 non
1193 5207 1592 5288 pertinentis,
1617 5206 1781 5268 sicut
1811 5205 1922 5266 bu·

431 5305 706 5370 manitas
748 5324 760 5367 :
801 5313 864 5366 et
908 5305 994 5366 ita
1042 5322 1169 5366 non
1223 5304 1620 5385 praedicatur‚
1664 5322 1782 5365 nec
1824 5310 1920 5364 est

2027 4321 2198 4384 riori.
2234 4357 2313 4366 —
2343 4321 2649 4383 Similiter
2689 4323 3047 4405 hypostasis
3092 4325 3189 4385 vel
3232 4325 3518 4387 substan—

2028 4420 2113 4480 tia
2157 4419 2499 4501 dupliciter
2542 4420 2799 4496 dicitur,
2838 4429 3055 4502 utpote
3099 4440 3228 4503 quo
3274 4424 3517 4485 substa-

2025 4526 2128 4579 tur
2148 4538 2161 4582 :
2181 4527 2244 4580 et
2274 4519 2423 4599 quia
2454 4518 2732 4599 primum
2766 4520 3157 4602 principium
3188 4522 3517 4585 substandi

2025 4625 2120 4678 cst.
2173 4617 2453 4687 materia,
2504 4617 2645 4680 ideo
2696 4618 2759 4678 in
2809 4619 3319 4682 Praedicamentis
3368 4623 3519 4684 Boe-

2026 4715 2150 4776 tius
2196 4714 2475 4794 loquitur
2515 4715 2683 4795 quod
2726 4716 3081 4797 hypostasis
3121 4726 3212 4778 est
3260 4720 3520 4781 materia

2024 4813 2123 4875 vel
2183 4813 2351 4893 quod
2416 4811 2680 4872 substat.
2738 4813 2808 4874 Et
2866 4815 2985 4877 boc
3044 4823 3139 4876 est
3202 4815 3518 4878 individu-

2025 4930 2133 4971 um
2167 4911 2233 4971 in
2264 4929 2494 4989 genere
2526 4909 2893 4974 substantiae
2928 4931 2942 4974 ε
2975 4932 3205 4993 genera
3244 4933 3519 4995 namque

2025 5017 2088 5070 et
2127 5009 2372 5089 species
2419 5025 2542 5070 non
2586 5007 2876 5070 substant
2917 5011 3353 5072 accidentibus
3396 5013 3518 5074 nisi

2026 5107 2267 5169 ratione
2328 5106 2823 5167 individuorum.
2886 5107 3028 5170 ldco
3084 5127 3315 5170 nomen
3377 5110 3522 5172 sub·

2028 5205 2273 5268 stantia·
2338 5205 2546 5286 primo
2604 5213 2665 5266 et
2724 5203 3160 5285 principaliter
3223 5210 3521 5272 convenit

2039 5301 2529 5385 particularibus
2570 5301 2963 5375 substantiiS,
2998 5306 3349 5368 secundum
3382 5307 3521 5370 Phi-
