<?xml version="1.0" encoding="UTF-8"?>
<!DOCTYPE html PUBLIC "-//W3C//DTD XHTML 1.0 Transitional//EN"
    "http://www.w3.org/TR/xhtml1/DTD/xhtml1-transitional.dtd">
<html xmlns="http://www.w3.org/1999/xhtml" xml:lang="en" lang="en">
 <head>
  <title>
</title>
<meta http-equiv="Content-Type" content="text/html;charset=utf-8" />
  <meta name='ocr-system' content='tesseract 3.04.00' />
  <meta name='ocr-capabilities' content='ocr_page ocr_carea ocr_par ocr_line ocrx_word'/>
</head>
<body>
  <div class='ocr_page' id='page_1' title='image "./doctorisecstati11unkngoog_0559.png"; bbox 0 0 4359 6250; ppageno 0'>
   <div class='ocr_carea' id='block_1_1' title="bbox 679 496 3188 551">
    <p class='ocr_par' dir='ltr' id='par_1_1' title="bbox 679 496 3188 551">
     <span class='ocr_line' id='line_1_1' title="bbox 679 496 3188 551; baseline 0.001 -3"><span class='ocrx_word' id='word_1_1' title='bbox 679 501 764 549; x_wconf 75' lang='lat' dir='ltr'><strong>AN</strong></span> <span class='ocrx_word' id='word_1_2' title='bbox 805 496 1034 548; x_wconf 73' lang='lat' dir='ltr'><strong>n&#39;Em&#39;rA</strong></span> <span class='ocrx_word' id='word_1_3' title='bbox 1079 499 1152 547; x_wconf 78' lang='lat' dir='ltr'><strong>m·</strong></span> <span class='ocrx_word' id='word_1_4' title='bbox 1193 499 1500 548; x_wconf 72' lang='lat' dir='ltr'><strong>DEMERITA</strong></span> <span class='ocrx_word' id='word_1_5' title='bbox 1546 498 1681 547; x_wconf 81' lang='lat' dir='ltr'><strong>SlNT</strong></span> <span class='ocrx_word' id='word_1_6' title='bbox 1723 499 2318 548; x_wconf 75' lang='lat' dir='ltr'><strong>PRAEDEsTlNATlole</strong></span> <span class='ocrx_word' id='word_1_7' title='bbox 2362 502 2434 549; x_wconf 71' lang='lat' dir='ltr'><strong>ET</strong></span> <span class='ocrx_word' id='word_1_8' title='bbox 2476 499 2952 550; x_wconf 75' lang='lat' dir='ltr'><strong>REPROBATtole</strong></span> <span class='ocrx_word' id='word_1_9' title='bbox 2994 497 3188 551; x_wconf 75' lang='lat' dir='ltr'>CAUSA</span> 
     </span>
    </p>
   </div>
   <div class='ocr_carea' id='block_1_2' title="bbox 3376 482 3495 549">
    <p class='ocr_par' dir='ltr' id='par_1_2' title="bbox 3376 482 3495 549">
     <span class='ocr_line' id='line_1_2' title="bbox 3376 482 3495 549; baseline 0 0"><span class='ocrx_word' id='word_1_10' title='bbox 3376 482 3495 549; x_wconf 76' lang='lat'><strong>547</strong></span> 
     </span>
    </p>
   </div>
   <div class='ocr_carea' id='block_1_3' title="bbox 385 670 3493 757">
    <p class='ocr_par' dir='ltr' id='par_1_3' title="bbox 385 670 3493 757">
     <span class='ocr_line' id='line_1_3' title="bbox 385 670 3493 757; baseline 0 -22"><span class='ocrx_word' id='word_1_11' title='bbox 385 691 602 754; x_wconf 87' lang='lat' dir='ltr'><strong>quare.</strong></span> <span class='ocrx_word' id='word_1_12' title='bbox 655 672 718 734; x_wconf 87' lang='lat' dir='ltr'><strong>Si</strong></span> <span class='ocrx_word' id='word_1_13' title='bbox 777 672 1046 745; x_wconf 87' lang='lat' dir='ltr'><strong>dicatur,</strong></span> <span class='ocrx_word' id='word_1_14' title='bbox 1099 671 1250 753; x_wconf 90' lang='lat' dir='ltr'><strong>quia</strong></span> <span class='ocrx_word' id='word_1_15' title='bbox 1305 689 1430 733; x_wconf 90' lang='lat' dir='ltr'><strong>non</strong></span> <span class='ocrx_word' id='word_1_16' title='bbox 1487 670 1647 733; x_wconf 92' lang='lat' dir='ltr'><strong>bene</strong></span> <span class='ocrx_word' id='word_1_17' title='bbox 1707 670 2090 733; x_wconf 86' lang='lat' dir='ltr'><strong>usuriAsta</strong></span> <span class='ocrx_word' id='word_1_18' title='bbox 2149 673 2494 735; x_wconf 79' lang='lat' dir='ltr'><strong>consistere</strong></span> <span class='ocrx_word' id='word_1_19' title='bbox 2554 682 2777 755; x_wconf 89' lang='lat' dir='ltr'><strong>potest.</strong></span> <span class='ocrx_word' id='word_1_20' title='bbox 2830 675 3004 736; x_wconf 86' lang='lat' dir='ltr'><strong>Unde</strong></span> <span class='ocrx_word' id='word_1_21' title='bbox 3058 676 3135 736; x_wconf 93' lang='lat' dir='ltr'><strong>ad</strong></span> <span class='ocrx_word' id='word_1_22' title='bbox 3188 675 3493 757; x_wconf 81' lang='lat' dir='ltr'><strong>Ephesios</strong></span> 
     </span>
    </p>
   </div>
   <div class='ocr_carea' id='block_1_4' title="bbox 375 771 1890 1833">
    <p class='ocr_par' dir='ltr' id='par_1_4' title="bbox 375 771 1890 1833">
     <span class='ocr_line' id='line_1_4' title="bbox 380 771 1886 851; baseline -0.001 -17"><span class='ocrx_word' id='word_1_23' title='bbox 380 779 530 834; x_wconf 83' lang='lat' dir='ltr'><strong>sunt</strong></span> <span class='ocrx_word' id='word_1_24' title='bbox 577 790 673 845; x_wconf 89' lang='lat' dir='ltr'><strong>ea,</strong></span> <span class='ocrx_word' id='word_1_25' title='bbox 717 771 836 833; x_wconf 90' lang='lat' dir='ltr'><strong>hoc</strong></span> <span class='ocrx_word' id='word_1_26' title='bbox 885 778 1051 832; x_wconf 84' lang='lat' dir='ltr'><strong>stare</strong></span> <span class='ocrx_word' id='word_1_27' title='bbox 1099 788 1224 832; x_wconf 90' lang='lat' dir='ltr'><strong>non</strong></span> <span class='ocrx_word' id='word_1_28' title='bbox 1275 771 1464 843; x_wconf 89' lang='lat' dir='ltr'><strong>valet,</strong></span> <span class='ocrx_word' id='word_1_29' title='bbox 1506 789 1704 851; x_wconf 90' lang='lat' dir='ltr'><strong>quum</strong></span> <span class='ocrx_word' id='word_1_30' title='bbox 1756 788 1886 832; x_wconf 94' lang='lat' dir='ltr'><strong>om-</strong></span> 
     </span>
     <span class='ocr_line' id='line_1_5' title="bbox 378 868 1881 942; baseline -0.002 -10"><span class='ocrx_word' id='word_1_31' title='bbox 378 889 528 932; x_wconf 90' lang='lat' dir='ltr'><strong>nem</strong></span> <span class='ocrx_word' id='word_1_32' title='bbox 574 871 748 932; x_wconf 85' lang='lat' dir='ltr'><strong>tollat</strong></span> <span class='ocrx_word' id='word_1_33' title='bbox 792 869 1041 931; x_wconf 81' lang='lat' dir='ltr'><strong>obicem</strong></span> <span class='ocrx_word' id='word_1_34' title='bbox 1085 877 1149 930; x_wconf 87' lang='lat' dir='ltr'><strong>et</strong></span> <span class='ocrx_word' id='word_1_35' title='bbox 1186 868 1477 931; x_wconf 86' lang='lat' dir='ltr'><strong>abusum.</strong></span> <span class='ocrx_word' id='word_1_36' title='bbox 1511 903 1592 913; x_wconf 90' lang='lat'>—</span> <span class='ocrx_word' id='word_1_37' title='bbox 1623 869 1881 942; x_wconf 82' lang='lat' dir='ltr'><strong>RursuS,</strong></span> 
     </span>
     <span class='ocr_line' id='line_1_6' title="bbox 379 967 1881 1048; baseline -0.002 -18"><span class='ocrx_word' id='word_1_38' title='bbox 379 975 628 1030; x_wconf 84' lang='lat' dir='ltr'><strong>constat</strong></span> <span class='ocrx_word' id='word_1_39' title='bbox 675 968 845 1048; x_wconf 91' lang='lat' dir='ltr'><strong>quod</strong></span> <span class='ocrx_word' id='word_1_40' title='bbox 906 967 1224 1029; x_wconf 89' lang='lat' dir='ltr'><strong>interdum</strong></span> <span class='ocrx_word' id='word_1_41' title='bbox 1283 967 1574 1029; x_wconf 88' lang='lat' dir='ltr'><strong>homines</strong></span> <span class='ocrx_word' id='word_1_42' title='bbox 1626 967 1881 1048; x_wconf 90' lang='lat' dir='ltr'><strong>quidam</strong></span> 
     </span>
     <span class='ocr_line' id='line_1_7' title="bbox 377 1065 1886 1148; baseline 0 -20"><span class='ocrx_word' id='word_1_43' title='bbox 377 1066 733 1147; x_wconf 86' lang='lat' dir='ltr'><strong>vagissimi,</strong></span> <span class='ocrx_word' id='word_1_44' title='bbox 784 1066 959 1128; x_wconf 90' lang='lat' dir='ltr'><strong>vitiis</strong></span> <span class='ocrx_word' id='word_1_45' title='bbox 1017 1065 1212 1148; x_wconf 91' lang='lat' dir='ltr'><strong>pleni,</strong></span> <span class='ocrx_word' id='word_1_46' title='bbox 1263 1073 1326 1128; x_wconf 94' lang='lat' dir='ltr'><strong>et</strong></span> <span class='ocrx_word' id='word_1_47' title='bbox 1382 1066 1886 1128; x_wconf 67' lang='lat' dir='ltr'><strong>sceleratissimae</strong></span> 
     </span>
     <span class='ocr_line' id='line_1_8' title="bbox 375 1165 1882 1247; baseline 0.001 -22"><span class='ocrx_word' id='word_1_48' title='bbox 375 1165 550 1239; x_wconf 80' lang='lat' dir='ltr'><strong>vitae,</strong></span> <span class='ocrx_word' id='word_1_49' title='bbox 573 1165 787 1227; x_wconf 82' lang='lat' dir='ltr'><strong>subito</strong></span> <span class='ocrx_word' id='word_1_50' title='bbox 819 1165 1318 1246; x_wconf 83' lang='lat' dir='ltr'><strong>praeveniuntur,</strong></span> <span class='ocrx_word' id='word_1_51' title='bbox 1343 1173 1882 1247; x_wconf 89' lang='lat' dir='ltr'><strong>compunguntur,</strong></span> 
     </span>
     <span class='ocr_line' id='line_1_9' title="bbox 377 1263 1887 1346; baseline -0.001 -21"><span class='ocrx_word' id='word_1_52' title='bbox 377 1263 815 1346; x_wconf 77' lang='lat' dir='ltr'>grandemque</span> <span class='ocrx_word' id='word_1_53' title='bbox 854 1263 1122 1344; x_wconf 79' lang='lat' dir='ltr'><strong>gratiam</strong></span> <span class='ocrx_word' id='word_1_54' title='bbox 1164 1263 1551 1342; x_wconf 82' lang='lat' dir='ltr'><strong>sortiuntur3</strong></span> <span class='ocrx_word' id='word_1_55' title='bbox 1594 1271 1658 1325; x_wconf 88' lang='lat' dir='ltr'><strong>et</strong></span> <span class='ocrx_word' id='word_1_56' title='bbox 1688 1263 1887 1325; x_wconf 89' lang='lat' dir='ltr'><strong>homi-</strong></span> 
     </span>
     <span class='ocr_line' id='line_1_10' title="bbox 379 1358 1885 1440; baseline -0.001 -19"><span class='ocrx_word' id='word_1_57' title='bbox 379 1378 494 1422; x_wconf 89' lang='lat' dir='ltr'><strong>nes</strong></span> <span class='ocrx_word' id='word_1_58' title='bbox 527 1359 741 1420; x_wconf 89' lang='lat' dir='ltr'><strong>minus</strong></span> <span class='ocrx_word' id='word_1_59' title='bbox 774 1359 922 1422; x_wconf 87' lang='lat' dir='ltr'><strong>mali</strong></span> <span class='ocrx_word' id='word_1_60' title='bbox 962 1358 1372 1440; x_wconf 78' lang='lat' dir='ltr'><strong>meliorisque.</strong></span> <span class='ocrx_word' id='word_1_61' title='bbox 1407 1359 1638 1422; x_wconf 92' lang='lat' dir='ltr'><strong>indolis</strong></span> <span class='ocrx_word' id='word_1_62' title='bbox 1669 1368 1732 1421; x_wconf 90' lang='lat' dir='ltr'><strong>et</strong></span> <span class='ocrx_word' id='word_1_63' title='bbox 1764 1358 1885 1420; x_wconf 90' lang='lat' dir='ltr'><strong>for-</strong></span> 
     </span>
     <span class='ocr_line' id='line_1_11' title="bbox 381 1457 1886 1540; baseline 0 -22"><span class='ocrx_word' id='word_1_64' title='bbox 381 1457 563 1519; x_wconf 91' lang='lat' dir='ltr'><strong>tioris</strong></span> <span class='ocrx_word' id='word_1_65' title='bbox 605 1457 988 1540; x_wconf 77' lang='lat' dir='ltr'><strong>synderesis,</strong></span> <span class='ocrx_word' id='word_1_66' title='bbox 1031 1466 1222 1538; x_wconf 89' lang='lat' dir='ltr'><strong>atque</strong></span> <span class='ocrx_word' id='word_1_67' title='bbox 1260 1458 1337 1518; x_wconf 89' lang='lat' dir='ltr'><strong>ad</strong></span> <span class='ocrx_word' id='word_1_68' title='bbox 1379 1476 1634 1520; x_wconf 91' lang='lat' dir='ltr'><strong>omnem</strong></span> <span class='ocrx_word' id='word_1_69' title='bbox 1681 1457 1886 1539; x_wconf 88' lang='lat' dir='ltr'><strong>profe-</strong></span> 
     </span>
     <span class='ocr_line' id='line_1_12' title="bbox 383 1556 1886 1637; baseline -0.001 -20"><span class='ocrx_word' id='word_1_70' title='bbox 383 1563 558 1618; x_wconf 83' lang='lat' dir='ltr'><strong>ctum</strong></span> <span class='ocrx_word' id='word_1_71' title='bbox 603 1556 822 1637; x_wconf 80' lang='lat' dir='ltr'><strong>gratiae</strong></span> <span class='ocrx_word' id='word_1_72' title='bbox 860 1575 933 1617; x_wconf 90' lang='lat' dir='ltr'><strong>ac</strong></span> <span class='ocrx_word' id='word_1_73' title='bbox 973 1556 1284 1617; x_wconf 89' lang='lat' dir='ltr'><strong>virtutum</strong></span> <span class='ocrx_word' id='word_1_74' title='bbox 1331 1556 1530 1636; x_wconf 89' lang='lat' dir='ltr'><strong>magis</strong></span> <span class='ocrx_word' id='word_1_75' title='bbox 1573 1556 1886 1637; x_wconf 83' lang='lat' dir='ltr'><strong>dispositi,</strong></span> 
     </span>
     <span class='ocr_line' id='line_1_13' title="bbox 383 1653 1890 1736; baseline -0.001 -20"><span class='ocrx_word' id='word_1_76' title='bbox 383 1655 767 1716; x_wconf 89' lang='lat' dir='ltr'><strong>deseruntur</strong></span> <span class='ocrx_word' id='word_1_77' title='bbox 824 1671 838 1716; x_wconf 90' lang='lat'>:</span> <span class='ocrx_word' id='word_1_78' title='bbox 890 1655 967 1716; x_wconf 90' lang='lat' dir='ltr'><strong>de</strong></span> <span class='ocrx_word' id='word_1_79' title='bbox 1025 1653 1260 1736; x_wconf 89' lang='lat' dir='ltr'><strong>quibus</strong></span> <span class='ocrx_word' id='word_1_80' title='bbox 1319 1654 1501 1715; x_wconf 89' lang='lat' dir='ltr'><strong>valde</strong></span> <span class='ocrx_word' id='word_1_81' title='bbox 1561 1653 1890 1735; x_wconf 82' lang='lat' dir='ltr'><strong>probabile</strong></span> 
     </span>
     <span class='ocr_line' id='line_1_14' title="bbox 382 1752 1889 1833; baseline -0.001 -19"><span class='ocrx_word' id='word_1_82' title='bbox 382 1759 502 1826; x_wconf 90' lang='lat' dir='ltr'><strong>est,</strong></span> <span class='ocrx_word' id='word_1_83' title='bbox 539 1752 708 1833; x_wconf 91' lang='lat' dir='ltr'><strong>quod</strong></span> <span class='ocrx_word' id='word_1_84' title='bbox 753 1752 808 1814; x_wconf 88' lang='lat' dir='ltr'><strong>si</strong></span> <span class='ocrx_word' id='word_1_85' title='bbox 851 1752 1052 1832; x_wconf 87' lang='lat' dir='ltr'><strong>gratia</strong></span> <span class='ocrx_word' id='word_1_86' title='bbox 1091 1753 1234 1813; x_wconf 92' lang='lat' dir='ltr'><strong>talis</strong></span> <span class='ocrx_word' id='word_1_87' title='bbox 1277 1753 1370 1814; x_wconf 91' lang='lat' dir='ltr'><strong>eis</strong></span> <span class='ocrx_word' id='word_1_88' title='bbox 1415 1753 1889 1825; x_wconf 78' lang='lat' dir='ltr'><strong>concederetur,</strong></span> 
     </span>
    </p>
   </div>
   <div class='ocr_carea' id='block_1_5' title="bbox 1995 772 3783 855">
    <p class='ocr_par' dir='ltr' id='par_1_5' title="bbox 1995 772 3783 855">
     <span class='ocr_line' id='line_1_15' title="bbox 1995 772 3783 855; baseline 0.007 -24"><span class='ocrx_word' id='word_1_89' title='bbox 1995 772 2082 832; x_wconf 91' lang='lat' dir='ltr'><strong>ait</strong></span> <span class='ocrx_word' id='word_1_90' title='bbox 2111 773 2448 852; x_wconf 71' lang='lat' dir='ltr'><strong>Apostolus</strong></span> <span class='ocrx_word' id='word_1_91' title='bbox 2483 790 2496 834; x_wconf 92' lang='lat'><strong>:</strong></span> <span class='ocrx_word' id='word_1_92' title='bbox 2533 773 2607 834; x_wconf 90' lang='lat' dir='ltr'><strong>Et</strong></span> <span class='ocrx_word' id='word_1_93' title='bbox 2648 792 2762 835; x_wconf 91' lang='lat' dir='ltr'><strong>nos</strong></span> <span class='ocrx_word' id='word_1_94' title='bbox 2802 782 2968 834; x_wconf 83' lang='lat' dir='ltr'><strong>sorte</strong></span> <span class='ocrx_word' id='word_1_95' title='bbox 3002 774 3204 836; x_wconf 86' lang='lat' dir='ltr'><strong>vocati</strong></span> <span class='ocrx_word' id='word_1_96' title='bbox 3245 793 3489 848; x_wconf 82' lang='lat' dir='ltr'><strong>sumuS‚</strong></span> <span class='ocrx_word' id='word_1_97' title='bbox 3560 799 3783 855; x_wconf 61' lang='lat' dir='ltr'><strong>eptem.</strong></span> 
     </span>
    </p>
   </div>
   <div class='ocr_carea' id='block_1_6' title="bbox 1997 867 3590 1836">
    <p class='ocr_par' dir='ltr' id='par_1_6' title="bbox 1997 867 3590 1836">
     <span class='ocr_line' id='line_1_16' title="bbox 1997 867 3590 953; baseline 0.003 -24"><span class='ocrx_word' id='word_1_98' title='bbox 1997 870 2423 951; x_wconf 61' lang='lat' dir='ltr'><strong>praedestinati</strong></span> <span class='ocrx_word' id='word_1_99' title='bbox 2475 872 2826 933; x_wconf 87' lang='lat' dir='ltr'><strong>secundum</strong></span> <span class='ocrx_word' id='word_1_100' title='bbox 2881 873 3277 953; x_wconf 88' lang='lat' dir='ltr'><strong>propositum</strong></span> <span class='ocrx_word' id='word_1_101' title='bbox 3325 873 3489 953; x_wconf 79' lang='lat' dir='ltr'><strong>ejuS,</strong></span> <span class='ocrx_word' id='word_1_102' title='bbox 3525 867 3590 906; x_wconf 85' lang='lat'><strong>¹¹·</strong></span> 
     </span>
     <span class='ocr_line' id='line_1_17' title="bbox 1998 968 3493 1050; baseline 0.003 -21"><span class='ocrx_word' id='word_1_103' title='bbox 1998 968 2107 1048; x_wconf 91' lang='lat' dir='ltr'><strong>qui</strong></span> <span class='ocrx_word' id='word_1_104' title='bbox 2150 977 2449 1050; x_wconf 79' lang='lat' dir='ltr'><strong>operat-ur</strong></span> <span class='ocrx_word' id='word_1_105' title='bbox 2490 969 2704 1032; x_wconf 90' lang='lat' dir='ltr'><strong>omnia</strong></span> <span class='ocrx_word' id='word_1_106' title='bbox 2753 971 3103 1032; x_wconf 90' lang='lat' dir='ltr'><strong>secundum</strong></span> <span class='ocrx_word' id='word_1_107' title='bbox 3152 971 3493 1034; x_wconf 92' lang='lat' dir='ltr'><strong>consilium</strong></span> 
     </span>
     <span class='ocr_line' id='line_1_18' title="bbox 1998 1066 3495 1140; baseline 0.003 -12"><span class='ocrx_word' id='word_1_108' title='bbox 1998 1066 2344 1128; x_wconf 88' lang='lat' dir='ltr'><strong>voluntatis</strong></span> <span class='ocrx_word' id='word_1_109' title='bbox 2392 1087 2539 1129; x_wconf 80' lang='lat' dir='ltr'><strong>suae.</strong></span> <span class='ocrx_word' id='word_1_110' title='bbox 2583 1069 2716 1140; x_wconf 86' lang='lat' dir='ltr'><strong>Quo</strong></span> <span class='ocrx_word' id='word_1_111' title='bbox 2758 1068 2954 1130; x_wconf 91' lang='lat' dir='ltr'><strong>verbo</strong></span> <span class='ocrx_word' id='word_1_112' title='bbox 2997 1069 3307 1132; x_wconf 90' lang='lat' dir='ltr'><strong>insinuari</strong></span> <span class='ocrx_word' id='word_1_113' title='bbox 3351 1089 3495 1132; x_wconf 89' lang='lat' dir='ltr'><strong>cen-</strong></span> 
     </span>
     <span class='ocr_line' id='line_1_19' title="bbox 1999 1165 3499 1246; baseline 0.004 -22"><span class='ocrx_word' id='word_1_114' title='bbox 1999 1171 2193 1236; x_wconf 90' lang='lat' dir='ltr'><strong>setur,</strong></span> <span class='ocrx_word' id='word_1_115' title='bbox 2226 1165 2395 1246; x_wconf 89' lang='lat' dir='ltr'><strong>quod</strong></span> <span class='ocrx_word' id='word_1_116' title='bbox 2424 1165 2716 1227; x_wconf 89' lang='lat' dir='ltr'><strong>voluntas</strong></span> <span class='ocrx_word' id='word_1_117' title='bbox 2753 1166 2865 1228; x_wconf 91' lang='lat' dir='ltr'><strong>Dei</strong></span> <span class='ocrx_word' id='word_1_118' title='bbox 2904 1168 3256 1229; x_wconf 89' lang='lat' dir='ltr'><strong>secundum</strong></span> <span class='ocrx_word' id='word_1_119' title='bbox 3298 1167 3499 1230; x_wconf 90' lang='lat' dir='ltr'><strong>consi-</strong></span> 
     </span>
     <span class='ocr_line' id='line_1_20' title="bbox 2001 1262 3497 1345; baseline 0.002 -22"><span class='ocrx_word' id='word_1_120' title='bbox 2001 1262 2181 1336; x_wconf 91' lang='lat' dir='ltr'><strong>lium,</strong></span> <span class='ocrx_word' id='word_1_121' title='bbox 2215 1263 2279 1324; x_wconf 89' lang='lat' dir='ltr'><strong>id</strong></span> <span class='ocrx_word' id='word_1_122' title='bbox 2318 1271 2415 1325; x_wconf 90' lang='lat' dir='ltr'><strong>est</strong></span> <span class='ocrx_word' id='word_1_123' title='bbox 2444 1264 2903 1345; x_wconf 88' lang='lat' dir='ltr'><strong>sapientialiter</strong></span> <span class='ocrx_word' id='word_1_124' title='bbox 2932 1273 2995 1326; x_wconf 91' lang='lat' dir='ltr'><strong>et</strong></span> <span class='ocrx_word' id='word_1_125' title='bbox 3026 1273 3195 1328; x_wconf 86' lang='lat' dir='ltr'><strong>certa</strong></span> <span class='ocrx_word' id='word_1_126' title='bbox 3235 1266 3497 1338; x_wconf 87' lang='lat' dir='ltr'><strong>ratione,</strong></span> 
     </span>
     <span class='ocr_line' id='line_1_21' title="bbox 1999 1360 3501 1446; baseline 0.001 -23"><span class='ocrx_word' id='word_1_127' title='bbox 1999 1360 2216 1423; x_wconf 90' lang='lat' dir='ltr'><strong>omnia</strong></span> <span class='ocrx_word' id='word_1_128' title='bbox 2273 1370 2591 1442; x_wconf 88' lang='lat' dir='ltr'><strong>operetur,</strong></span> <span class='ocrx_word' id='word_1_129' title='bbox 2645 1371 2707 1424; x_wconf 89' lang='lat' dir='ltr'><strong>et</strong></span> <span class='ocrx_word' id='word_1_130' title='bbox 2756 1381 2883 1425; x_wconf 90' lang='lat' dir='ltr'><strong>non</strong></span> <span class='ocrx_word' id='word_1_131' title='bbox 2942 1364 3147 1426; x_wconf 92' lang='lat' dir='ltr'><strong>solum</strong></span> <span class='ocrx_word' id='word_1_132' title='bbox 3200 1365 3351 1446; x_wconf 84' lang='lat' dir='ltr'><strong>quia</strong></span> <span class='ocrx_word' id='word_1_133' title='bbox 3408 1363 3501 1425; x_wconf 92' lang='lat' dir='ltr'><strong>sic</strong></span> 
     </span>
     <span class='ocr_line' id='line_1_22' title="bbox 1999 1458 3503 1533; baseline 0.003 -14"><span class='ocrx_word' id='word_1_134' title='bbox 1999 1458 2155 1520; x_wconf 90' lang='lat' dir='ltr'><strong>vult.</strong></span> <span class='ocrx_word' id='word_1_135' title='bbox 2200 1495 2281 1502; x_wconf 97' lang='lat'><strong>—</strong></span> <span class='ocrx_word' id='word_1_136' title='bbox 2327 1460 2649 1533; x_wconf 60' lang='lat' dir='ltr'><strong>Praeterea,</strong></span> <span class='ocrx_word' id='word_1_137' title='bbox 2703 1461 2866 1523; x_wconf 91' lang='lat' dir='ltr'><strong>Deus</strong></span> <span class='ocrx_word' id='word_1_138' title='bbox 2914 1461 3202 1524; x_wconf 85' lang='lat' dir='ltr'><strong>excelsus</strong></span> <span class='ocrx_word' id='word_1_139' title='bbox 3250 1469 3313 1523; x_wconf 91' lang='lat' dir='ltr'><strong>et</strong></span> <span class='ocrx_word' id='word_1_140' title='bbox 3359 1462 3503 1523; x_wconf 91' lang='lat' dir='ltr'><strong>ado-</strong></span> 
     </span>
     <span class='ocr_line' id='line_1_23' title="bbox 2003 1557 3503 1632; baseline 0.002 -15"><span class='ocrx_word' id='word_1_141' title='bbox 2003 1557 2257 1630; x_wconf 82' lang='lat' dir='ltr'><strong>randuS,</strong></span> <span class='ocrx_word' id='word_1_142' title='bbox 2293 1567 2547 1620; x_wconf 84' lang='lat' dir='ltr'><strong>sanctus</strong></span> <span class='ocrx_word' id='word_1_143' title='bbox 2592 1567 2655 1620; x_wconf 56' lang='lat' dir='ltr'><strong>et.</strong></span> <span class='ocrx_word' id='word_1_144' title='bbox 2698 1578 2907 1632; x_wconf 84' lang='lat' dir='ltr'><strong>veruS,</strong></span> <span class='ocrx_word' id='word_1_145' title='bbox 2942 1577 3069 1621; x_wconf 90' lang='lat' dir='ltr'><strong>non</strong></span> <span class='ocrx_word' id='word_1_146' title='bbox 3114 1560 3321 1623; x_wconf 92' lang='lat' dir='ltr'><strong>solum</strong></span> <span class='ocrx_word' id='word_1_147' title='bbox 3363 1559 3503 1621; x_wconf 90' lang='lat' dir='ltr'><strong>vult</strong></span> 
     </span>
     <span class='ocr_line' id='line_1_24' title="bbox 2003 1655 3501 1735; baseline 0.002 -20"><span class='ocrx_word' id='word_1_148' title='bbox 2003 1655 2068 1715; x_wconf 90' lang='lat' dir='ltr'><strong>in</strong></span> <span class='ocrx_word' id='word_1_149' title='bbox 2109 1656 2387 1735; x_wconf 90' lang='lat' dir='ltr'><strong>generali</strong></span> <span class='ocrx_word' id='word_1_150' title='bbox 2430 1657 2930 1720; x_wconf 91' lang='lat' dir='ltr'><strong>misericordiam</strong></span> <span class='ocrx_word' id='word_1_151' title='bbox 2971 1677 3149 1720; x_wconf 92' lang='lat' dir='ltr'><strong>suam</strong></span> <span class='ocrx_word' id='word_1_152' title='bbox 3183 1659 3249 1719; x_wconf 90' lang='lat' dir='ltr'><strong>in</strong></span> <span class='ocrx_word' id='word_1_153' title='bbox 3282 1658 3501 1720; x_wconf 90' lang='lat' dir='ltr'><strong>electis</strong></span> 
     </span>
     <span class='ocr_line' id='line_1_25' title="bbox 2004 1753 3504 1836; baseline 0.001 -22"><span class='ocrx_word' id='word_1_154' title='bbox 2004 1760 2065 1814; x_wconf 92' lang='lat' dir='ltr'><strong>et</strong></span> <span class='ocrx_word' id='word_1_155' title='bbox 2099 1753 2416 1833; x_wconf 84' lang='lat' dir='ltr'><strong>justitiam</strong></span> <span class='ocrx_word' id='word_1_156' title='bbox 2454 1774 2634 1816; x_wconf 91' lang='lat' dir='ltr'><strong>suam</strong></span> <span class='ocrx_word' id='word_1_157' title='bbox 2681 1756 2746 1816; x_wconf 91' lang='lat' dir='ltr'><strong>in</strong></span> <span class='ocrx_word' id='word_1_158' title='bbox 2786 1755 3075 1836; x_wconf 87' lang='lat' dir='ltr'><strong>reprobis</strong></span> <span class='ocrx_word' id='word_1_159' title='bbox 3116 1756 3504 1817; x_wconf 90' lang='lat' dir='ltr'><strong>demonstra-</strong></span> 
     </span>
    </p>
   </div>
   <div class='ocr_carea' id='block_1_7' title="bbox 385 1849 3502 1932">
    <p class='ocr_par' dir='ltr' id='par_1_7' title="bbox 385 1849 3502 1932">
     <span class='ocr_line' id='line_1_26' title="bbox 385 1849 3502 1932; baseline 0.001 -20"><span class='ocrx_word' id='word_1_160' title='bbox 385 1849 550 1912; x_wconf 88' lang='lat' dir='ltr'><strong>bene</strong></span> <span class='ocrx_word' id='word_1_161' title='bbox 592 1859 924 1912; x_wconf 88' lang='lat' dir='ltr'><strong>uterentur</strong></span> <span class='ocrx_word' id='word_1_162' title='bbox 952 1851 1194 1924; x_wconf 87' lang='lat' dir='ltr'><strong>eadem,</strong></span> <span class='ocrx_word' id='word_1_163' title='bbox 1229 1858 1292 1913; x_wconf 91' lang='lat' dir='ltr'><strong>et</strong></span> <span class='ocrx_word' id='word_1_164' title='bbox 1331 1851 1529 1930; x_wconf 89' lang='lat' dir='ltr'><strong>magis</strong></span> <span class='ocrx_word' id='word_1_165' title='bbox 1564 1870 1755 1932; x_wconf 88' lang='lat' dir='ltr'><strong>quam</strong></span> <span class='ocrx_word' id='word_1_166' title='bbox 1796 1851 1888 1912; x_wconf 90' lang='lat' dir='ltr'><strong>illi</strong></span> <span class='ocrx_word' id='word_1_167' title='bbox 1929 1849 1976 1911; x_wconf 89' lang='lat' dir='ltr'>B</span> <span class='ocrx_word' id='word_1_168' title='bbox 2005 1870 2093 1924; x_wconf 86' lang='lat' dir='ltr'><strong>re,</strong></span> <span class='ocrx_word' id='word_1_169' title='bbox 2137 1852 2267 1914; x_wconf 93' lang='lat' dir='ltr'><strong>imo</strong></span> <span class='ocrx_word' id='word_1_170' title='bbox 2315 1852 2507 1914; x_wconf 87' lang='lat' dir='ltr'><strong>etiam</strong></span> <span class='ocrx_word' id='word_1_171' title='bbox 2556 1854 2745 1915; x_wconf 88' lang='lat' dir='ltr'><strong>variis</strong></span> <span class='ocrx_word' id='word_1_172' title='bbox 2800 1855 3003 1916; x_wconf 91' lang='lat' dir='ltr'><strong>modis</strong></span> <span class='ocrx_word' id='word_1_173' title='bbox 3046 1861 3108 1915; x_wconf 90' lang='lat' dir='ltr'><strong>et</strong></span> <span class='ocrx_word' id='word_1_174' title='bbox 3150 1855 3502 1916; x_wconf 90' lang='lat' dir='ltr'><strong>secundum</strong></span> 
     </span>
    </p>
   </div>
   <div class='ocr_carea' id='block_1_8' title="bbox 385 1948 1902 3013">
    <p class='ocr_par' dir='ltr' id='par_1_8' title="bbox 385 1948 1896 2424">
     <span class='ocr_line' id='line_1_27' title="bbox 385 1948 1894 2031; baseline 0.001 -21"><span class='ocrx_word' id='word_1_175' title='bbox 385 1949 677 2010; x_wconf 88' lang='lat' dir='ltr'><strong>duriores</strong></span> <span class='ocrx_word' id='word_1_176' title='bbox 707 1948 1112 2030; x_wconf 77' lang='lat' dir='ltr'><strong>proficerent.</strong></span> <span class='ocrx_word' id='word_1_177' title='bbox 1149 1949 1285 2012; x_wconf 86' lang='lat' dir='ltr'><strong>Non</strong></span> <span class='ocrx_word' id='word_1_178' title='bbox 1317 1967 1467 2029; x_wconf 89' lang='lat' dir='ltr'><strong>ergo</strong></span> <span class='ocrx_word' id='word_1_179' title='bbox 1497 1949 1894 2031; x_wconf 85' lang='lat' dir='ltr'><strong>praescientia</strong></span> 
     </span>
     <span class='ocr_line' id='line_1_28' title="bbox 387 2047 1894 2130; baseline 0 -20"><span class='ocrx_word' id='word_1_180' title='bbox 387 2047 538 2110; x_wconf 90' lang='lat' dir='ltr'><strong>boni</strong></span> <span class='ocrx_word' id='word_1_181' title='bbox 581 2067 736 2109; x_wconf 90' lang='lat' dir='ltr'><strong>usus</strong></span> <span class='ocrx_word' id='word_1_182' title='bbox 775 2047 990 2128; x_wconf 76' lang='lat' dir='ltr'><strong>gratiae</strong></span> <span class='ocrx_word' id='word_1_183' title='bbox 1029 2054 1124 2109; x_wconf 91' lang='lat' dir='ltr'><strong>est</strong></span> <span class='ocrx_word' id='word_1_184' title='bbox 1165 2066 1352 2109; x_wconf 84' lang='lat' dir='ltr'><strong>causa</strong></span> <span class='ocrx_word' id='word_1_185' title='bbox 1392 2055 1502 2109; x_wconf 90' lang='lat' dir='ltr'><strong>aut</strong></span> <span class='ocrx_word' id='word_1_186' title='bbox 1540 2048 1699 2110; x_wconf 89' lang='lat' dir='ltr'><strong>ratio</strong></span> <span class='ocrx_word' id='word_1_187' title='bbox 1738 2067 1894 2130; x_wconf 79' lang='lat' dir='ltr'><strong>prae-</strong></span> 
     </span>
     <span class='ocr_line' id='line_1_29' title="bbox 387 2145 1896 2226; baseline 0.001 -19"><span class='ocrx_word' id='word_1_188' title='bbox 387 2146 832 2208; x_wconf 80' lang='lat' dir='ltr'><strong>destinationis</strong></span> <span class='ocrx_word' id='word_1_189' title='bbox 875 2163 890 2207; x_wconf 92' lang='lat'><strong>:</strong></span> <span class='ocrx_word' id='word_1_190' title='bbox 931 2165 1072 2220; x_wconf 92' lang='lat' dir='ltr'><strong>nec,</strong></span> <span class='ocrx_word' id='word_1_191' title='bbox 1115 2146 1468 2208; x_wconf 89' lang='lat' dir='ltr'><strong>secundum</strong></span> <span class='ocrx_word' id='word_1_192' title='bbox 1512 2147 1653 2220; x_wconf 90' lang='lat' dir='ltr'><strong>hoc,</strong></span> <span class='ocrx_word' id='word_1_193' title='bbox 1695 2145 1896 2226; x_wconf 84' lang='lat' dir='ltr'><strong>gratia</strong></span> 
     </span>
     <span class='ocr_line' id='line_1_30' title="bbox 388 2244 1896 2326; baseline 0 -21"><span class='ocrx_word' id='word_1_194' title='bbox 388 2244 649 2306; x_wconf 87' lang='lat' dir='ltr'><strong>daretur</strong></span> <span class='ocrx_word' id='word_1_195' title='bbox 690 2244 946 2325; x_wconf 89' lang='lat' dir='ltr'><strong>penitus</strong></span> <span class='ocrx_word' id='word_1_196' title='bbox 994 2245 1210 2324; x_wconf 84' lang='lat' dir='ltr'><strong>gratiS,</strong></span> <span class='ocrx_word' id='word_1_197' title='bbox 1245 2263 1450 2326; x_wconf 88' lang='lat' dir='ltr'><strong>neque</strong></span> <span class='ocrx_word' id='word_1_198' title='bbox 1496 2263 1573 2305; x_wconf 88' lang='lat' dir='ltr'><strong>ex</strong></span> <span class='ocrx_word' id='word_1_199' title='bbox 1618 2263 1792 2306; x_wconf 91' lang='lat' dir='ltr'><strong>mera</strong></span> <span class='ocrx_word' id='word_1_200' title='bbox 1833 2251 1896 2306; x_wconf 91' lang='lat' dir='ltr'><strong>ct</strong></span> 
     </span>
     <span class='ocr_line' id='line_1_31' title="bbox 391 2342 995 2424; baseline 0 -20"><span class='ocrx_word' id='word_1_201' title='bbox 391 2361 553 2424; x_wconf 89' lang='lat' dir='ltr'><strong>pura</strong></span> <span class='ocrx_word' id='word_1_202' title='bbox 597 2342 995 2404; x_wconf 76' lang='lat' dir='ltr'><strong>liberalitate.</strong></span> 
     </span>
    </p>

    <p class='ocr_par' dir='ltr' id='par_1_9' title="bbox 395 2441 1902 3013">
     <span class='ocr_line' id='line_1_32' title="bbox 471 2441 1897 2524; baseline -0.001 -21"><span class='ocrx_word' id='word_1_203' title='bbox 471 2441 788 2522; x_wconf 78' lang='lat' dir='ltr'><strong>AmpliuS‚</strong></span> <span class='ocrx_word' id='word_1_204' title='bbox 839 2441 1146 2503; x_wconf 87' lang='lat' dir='ltr'><strong>Henricus</strong></span> <span class='ocrx_word' id='word_1_205' title='bbox 1199 2441 1263 2502; x_wconf 88' lang='lat' dir='ltr'><strong>in</strong></span> <span class='ocrx_word' id='word_1_206' title='bbox 1313 2441 1433 2503; x_wconf 89' lang='lat' dir='ltr'><strong>hac</strong></span> <span class='ocrx_word' id='word_1_207' title='bbox 1486 2442 1897 2524; x_wconf 90' lang='lat' dir='ltr'><strong>responsione</strong></span> 
     </span>
     <span class='ocr_line' id='line_1_33' title="bbox 395 2539 1893 2622; baseline 0 -22"><span class='ocrx_word' id='word_1_208' title='bbox 395 2541 650 2602; x_wconf 89' lang='lat' dir='ltr'><strong>videtur</strong></span> <span class='ocrx_word' id='word_1_209' title='bbox 693 2539 1046 2601; x_wconf 89' lang='lat' dir='ltr'><strong>contrarius</strong></span> <span class='ocrx_word' id='word_1_210' title='bbox 1091 2539 1215 2601; x_wconf 91' lang='lat' dir='ltr'><strong>sibi</strong></span> <span class='ocrx_word' id='word_1_211' title='bbox 1262 2540 1381 2622; x_wconf 92' lang='lat' dir='ltr'><strong>ipsi</strong></span> <span class='ocrx_word' id='word_1_212' title='bbox 1425 2540 1490 2601; x_wconf 92' lang='lat' dir='ltr'><strong>in</strong></span> <span class='ocrx_word' id='word_1_213' title='bbox 1530 2539 1672 2601; x_wconf 90' lang='lat' dir='ltr'><strong>aliis</strong></span> <span class='ocrx_word' id='word_1_214' title='bbox 1718 2539 1893 2600; x_wconf 83' lang='lat' dir='ltr'><strong>lociS.</strong></span> 
     </span>
     <span class='ocr_line' id='line_1_34' title="bbox 397 2637 1902 2720; baseline -0.001 -21"><span class='ocrx_word' id='word_1_215' title='bbox 397 2637 725 2719; x_wconf 87' lang='lat' dir='ltr'><strong>Siquidem</strong></span> <span class='ocrx_word' id='word_1_216' title='bbox 759 2637 1198 2719; x_wconf 89' lang='lat' dir='ltr'><strong>respondendo</strong></span> <span class='ocrx_word' id='word_1_217' title='bbox 1227 2639 1305 2699; x_wconf 91' lang='lat' dir='ltr'><strong>ad</strong></span> <span class='ocrx_word' id='word_1_218' title='bbox 1335 2638 1746 2718; x_wconf 68' lang='lat' dir='ltr'><strong>quaestionem</strong></span> <span class='ocrx_word' id='word_1_219' title='bbox 1775 2656 1902 2720; x_wconf 89' lang='lat' dir='ltr'><strong>qua</strong></span> 
     </span>
     <span class='ocr_line' id='line_1_35' title="bbox 397 2735 1900 2818; baseline -0.001 -21"><span class='ocrx_word' id='word_1_220' title='bbox 397 2735 726 2818; x_wconf 84' lang='lat' dir='ltr'><strong>quaeritur,</strong></span> <span class='ocrx_word' id='word_1_221' title='bbox 758 2754 836 2796; x_wconf 89' lang='lat' dir='ltr'><strong>an</strong></span> <span class='ocrx_word' id='word_1_222' title='bbox 867 2735 1096 2798; x_wconf 88' lang='lat' dir='ltr'><strong>Paulus</strong></span> <span class='ocrx_word' id='word_1_223' title='bbox 1126 2735 1448 2817; x_wconf 87' lang='lat' dir='ltr'><strong>apostolus</strong></span> <span class='ocrx_word' id='word_1_224' title='bbox 1481 2743 1724 2817; x_wconf 88' lang='lat' dir='ltr'><strong>poterat</strong></span> <span class='ocrx_word' id='word_1_225' title='bbox 1756 2743 1900 2796; x_wconf 89' lang='lat' dir='ltr'><strong>ante</strong></span> 
     </span>
     <span class='ocr_line' id='line_1_36' title="bbox 398 2833 1902 2907; baseline -0.001 -11"><span class='ocrx_word' id='word_1_226' title='bbox 398 2853 578 2896; x_wconf 91' lang='lat' dir='ltr'><strong>suam</strong></span> <span class='ocrx_word' id='word_1_227' title='bbox 637 2833 1118 2896; x_wconf 87' lang='lat' dir='ltr'><strong>conversionem</strong></span> <span class='ocrx_word' id='word_1_228' title='bbox 1177 2834 1405 2907; x_wconf 88' lang='lat' dir='ltr'><strong>occidi,</strong></span> <span class='ocrx_word' id='word_1_229' title='bbox 1470 2835 1635 2895; x_wconf 88' lang='lat' dir='ltr'><strong>inter</strong></span> <span class='ocrx_word' id='word_1_230' title='bbox 1694 2842 1902 2896; x_wconf 85' lang='lat' dir='ltr'><strong>cetera</strong></span> 
     </span>
     <span class='ocr_line' id='line_1_37' title="bbox 399 2931 1898 3013; baseline -0.002 -19"><span class='ocrx_word' id='word_1_231' title='bbox 399 2931 624 2994; x_wconf 85' lang='lat' dir='ltr'><strong>scribit</strong></span> <span class='ocrx_word' id='word_1_232' title='bbox 677 2948 692 2992; x_wconf 92' lang='lat'><strong>:</strong></span> <span class='ocrx_word' id='word_1_233' title='bbox 740 2931 1214 2994; x_wconf 82' lang='lat' dir='ltr'><strong>Praedestinatio</strong></span> <span class='ocrx_word' id='word_1_234' title='bbox 1263 2939 1555 3013; x_wconf 90' lang='lat' dir='ltr'><strong>respectu</strong></span> <span class='ocrx_word' id='word_1_235' title='bbox 1603 2931 1898 3012; x_wconf 81' lang='lat' dir='ltr'><strong>alicujuS,</strong></span> 
     </span>
    </p>
   </div>
   <div class='ocr_carea' id='block_1_9' title="bbox 2003 1949 3514 3013">
    <p class='ocr_par' dir='ltr' id='par_1_10' title="bbox 2003 1949 3514 3013">
     <span class='ocr_line' id='line_1_38' title="bbox 2003 1949 3500 2033; baseline 0.001 -24"><span class='ocrx_word' id='word_1_236' title='bbox 2003 1949 2234 2029; x_wconf 90' lang='lat' dir='ltr'><strong>gradus</strong></span> <span class='ocrx_word' id='word_1_237' title='bbox 2284 1949 2567 2012; x_wconf 86' lang='lat' dir='ltr'><strong>diversos</strong></span> <span class='ocrx_word' id='word_1_238' title='bbox 2608 1951 2745 2011; x_wconf 88' lang='lat' dir='ltr'><strong>vult</strong></span> <span class='ocrx_word' id='word_1_239' title='bbox 2788 1958 3131 2033; x_wconf 77' lang='lat' dir='ltr'><strong>utrumque</strong></span> <span class='ocrx_word' id='word_1_240' title='bbox 3181 1969 3500 2032; x_wconf 85' lang='lat' dir='ltr'><strong>peragere.</strong></span> 
     </span>
     <span class='ocr_line' id='line_1_39' title="bbox 2005 2047 3507 2129; baseline 0.002 -20"><span class='ocrx_word' id='word_1_241' title='bbox 2005 2047 2263 2129; x_wconf 87' lang='lat' dir='ltr'><strong>Propter</strong></span> <span class='ocrx_word' id='word_1_242' title='bbox 2310 2048 2431 2110; x_wconf 90' lang='lat' dir='ltr'><strong>hoc</strong></span> <span class='ocrx_word' id='word_1_243' title='bbox 2481 2049 2738 2124; x_wconf 85' lang='lat' dir='ltr'><strong>creavit,</strong></span> <span class='ocrx_word' id='word_1_244' title='bbox 2784 2057 2952 2111; x_wconf 90' lang='lat' dir='ltr'><strong>creat</strong></span> <span class='ocrx_word' id='word_1_245' title='bbox 2994 2057 3057 2112; x_wconf 85' lang='lat' dir='ltr'><strong>et</strong></span> <span class='ocrx_word' id='word_1_246' title='bbox 3100 2048 3341 2112; x_wconf 86' lang='lat' dir='ltr'><strong>creabit</strong></span> <span class='ocrx_word' id='word_1_247' title='bbox 3382 2050 3507 2112; x_wconf 88' lang='lat' dir='ltr'><strong>ele—</strong></span> 
     </span>
     <span class='ocr_line' id='line_1_40' title="bbox 2007 2144 3506 2227; baseline 0.002 -23"><span class='ocrx_word' id='word_1_248' title='bbox 2007 2151 2162 2217; x_wconf 81' lang='lat' dir='ltr'><strong>ctoS,</strong></span> <span class='ocrx_word' id='word_1_249' title='bbox 2216 2144 2543 2206; x_wconf 85' lang='lat' dir='ltr'><strong>electiores</strong></span> <span class='ocrx_word' id='word_1_250' title='bbox 2600 2152 2663 2207; x_wconf 94' lang='lat' dir='ltr'><strong>et</strong></span> <span class='ocrx_word' id='word_1_251' title='bbox 2710 2145 3150 2220; x_wconf 77' lang='lat' dir='ltr'><strong>electissimOS,</strong></span> <span class='ocrx_word' id='word_1_252' title='bbox 3202 2145 3506 2227; x_wconf 90' lang='lat' dir='ltr'><strong>reprobos</strong></span> 
     </span>
     <span class='ocr_line' id='line_1_41' title="bbox 2008 2243 3508 2325; baseline 0.002 -22"><span class='ocrx_word' id='word_1_253' title='bbox 2008 2260 2279 2323; x_wconf 91' lang='lat' dir='ltr'><strong>quoque,</strong></span> <span class='ocrx_word' id='word_1_254' title='bbox 2322 2243 2721 2324; x_wconf 89' lang='lat' dir='ltr'><strong>reprobiores</strong></span> <span class='ocrx_word' id='word_1_255' title='bbox 2768 2252 2832 2307; x_wconf 85' lang='lat' dir='ltr'><strong>et</strong></span> <span class='ocrx_word' id='word_1_256' title='bbox 2881 2244 3386 2325; x_wconf 79' lang='lat' dir='ltr'><strong>reprobissimOS.</strong></span> <span class='ocrx_word' id='word_1_257' title='bbox 3432 2245 3508 2306; x_wconf 91' lang='lat' dir='ltr'><strong>Et</strong></span> 
     </span>
     <span class='ocr_line' id='line_1_42' title="bbox 2009 2339 3509 2421; baseline 0.002 -21"><span class='ocrx_word' id='word_1_258' title='bbox 2009 2339 2076 2400; x_wconf 90' lang='lat' dir='ltr'><strong>in</strong></span> <span class='ocrx_word' id='word_1_259' title='bbox 2116 2339 2403 2421; x_wconf 87' lang='lat' dir='ltr'><strong>quolibet</strong></span> <span class='ocrx_word' id='word_1_260' title='bbox 2444 2342 2665 2402; x_wconf 90' lang='lat' dir='ltr'><strong>ordine</strong></span> <span class='ocrx_word' id='word_1_261' title='bbox 2706 2342 2808 2404; x_wconf 92' lang='lat' dir='ltr'><strong>isti</strong></span> <span class='ocrx_word' id='word_1_262' title='bbox 2851 2348 3000 2404; x_wconf 90' lang='lat' dir='ltr'><strong>sunt</strong></span> <span class='ocrx_word' id='word_1_263' title='bbox 3036 2342 3267 2421; x_wconf 89' lang='lat' dir='ltr'><strong>gradus</strong></span> <span class='ocrx_word' id='word_1_264' title='bbox 3306 2343 3509 2403; x_wconf 92' lang='lat' dir='ltr'><strong>diver-</strong></span> 
     </span>
     <span class='ocr_line' id='line_1_43' title="bbox 2010 2439 3507 2520; baseline 0 -20"><span class='ocrx_word' id='word_1_265' title='bbox 2010 2439 2063 2500; x_wconf 87' lang='lat' dir='ltr'><strong>si</strong></span> <span class='ocrx_word' id='word_1_266' title='bbox 2100 2456 2114 2500; x_wconf 75' lang='grc' dir='ltr'>ε</span> <span class='ocrx_word' id='word_1_267' title='bbox 2149 2440 2686 2520; x_wconf 86' lang='lat' dir='ltr'><strong>quemadmodum</strong></span> <span class='ocrx_word' id='word_1_268' title='bbox 2720 2449 2779 2502; x_wconf 88' lang='lat' dir='ltr'><strong>et</strong></span> <span class='ocrx_word' id='word_1_269' title='bbox 2810 2440 2877 2501; x_wconf 91' lang='lat' dir='ltr'><strong>in</strong></span> <span class='ocrx_word' id='word_1_270' title='bbox 2914 2439 3306 2501; x_wconf 88' lang='lat' dir='ltr'><strong>naturalibus</strong></span> <span class='ocrx_word' id='word_1_271' title='bbox 3341 2441 3507 2502; x_wconf 88' lang='lat' dir='ltr'><strong>Deus</strong></span> 
     </span>
     <span class='ocr_line' id='line_1_44' title="bbox 2009 2537 3512 2619; baseline 0.001 -22"><span class='ocrx_word' id='word_1_272' title='bbox 2009 2537 2322 2618; x_wconf 90' lang='lat' dir='ltr'><strong>gloriosus</strong></span> <span class='ocrx_word' id='word_1_273' title='bbox 2370 2544 2431 2600; x_wconf 87' lang='lat' dir='ltr'><strong>et</strong></span> <span class='ocrx_word' id='word_1_274' title='bbox 2480 2538 2851 2600; x_wconf 90' lang='lat' dir='ltr'><strong>benedictus</strong></span> <span class='ocrx_word' id='word_1_275' title='bbox 2910 2539 3259 2619; x_wconf 88' lang='lat' dir='ltr'><strong>potentiam</strong></span> <span class='ocrx_word' id='word_1_276' title='bbox 3308 2545 3371 2598; x_wconf 93' lang='lat' dir='ltr'><strong>et</strong></span> <span class='ocrx_word' id='word_1_277' title='bbox 3418 2555 3512 2598; x_wconf 84' lang='lat' dir='ltr'><strong>sa-</strong></span> 
     </span>
     <span class='ocr_line' id='line_1_45' title="bbox 2014 2635 3511 2717; baseline 0 -21"><span class='ocrx_word' id='word_1_278' title='bbox 2014 2636 2318 2717; x_wconf 86' lang='lat' dir='ltr'><strong>pientiam</strong></span> <span class='ocrx_word' id='word_1_279' title='bbox 2367 2654 2439 2698; x_wconf 91' lang='lat' dir='ltr'><strong>ac</strong></span> <span class='ocrx_word' id='word_1_280' title='bbox 2490 2636 2996 2699; x_wconf 87' lang='lat' dir='ltr'><strong>benevolentiam</strong></span> <span class='ocrx_word' id='word_1_281' title='bbox 3056 2656 3236 2698; x_wconf 90' lang='lat' dir='ltr'><strong>suam</strong></span> <span class='ocrx_word' id='word_1_282' title='bbox 3297 2635 3511 2696; x_wconf 90' lang='lat' dir='ltr'><strong>multi-</strong></span> 
     </span>
     <span class='ocr_line' id='line_1_46' title="bbox 2015 2734 3513 2816; baseline -0.001 -20"><span class='ocrx_word' id='word_1_283' title='bbox 2015 2735 2266 2816; x_wconf 88' lang='lat' dir='ltr'><strong>pliciter</strong></span> <span class='ocrx_word' id='word_1_284' title='bbox 2311 2735 2375 2796; x_wconf 88' lang='lat' dir='ltr'><strong>in</strong></span> <span class='ocrx_word' id='word_1_285' title='bbox 2415 2735 2683 2796; x_wconf 89' lang='lat' dir='ltr'><strong>diversis</strong></span> <span class='ocrx_word' id='word_1_286' title='bbox 2729 2755 2940 2797; x_wconf 86' lang='lat' dir='ltr'><strong>rerum</strong></span> <span class='ocrx_word' id='word_1_287' title='bbox 2986 2734 3339 2808; x_wconf 88' lang='lat' dir='ltr'><strong>ordinibus,</strong></span> <span class='ocrx_word' id='word_1_288' title='bbox 3373 2752 3513 2816; x_wconf 91' lang='lat' dir='ltr'><strong>spe-</strong></span> 
     </span>
     <span class='ocr_line' id='line_1_47' title="bbox 2015 2832 3513 2914; baseline 0 -20"><span class='ocrx_word' id='word_1_289' title='bbox 2015 2832 2234 2895; x_wconf 89' lang='lat' dir='ltr'><strong>ciebus</strong></span> <span class='ocrx_word' id='word_1_290' title='bbox 2264 2841 2329 2895; x_wconf 87' lang='lat' dir='ltr'><strong>et</strong></span> <span class='ocrx_word' id='word_1_291' title='bbox 2356 2833 2656 2914; x_wconf 85' lang='lat' dir='ltr'><strong>gradibus</strong></span> <span class='ocrx_word' id='word_1_292' title='bbox 2687 2833 3047 2895; x_wconf 83' lang='lat' dir='ltr'><strong>declaravit.</strong></span> <span class='ocrx_word' id='word_1_293' title='bbox 3070 2834 3291 2914; x_wconf 89' lang='lat' dir='ltr'><strong>Sicque</strong></span> <span class='ocrx_word' id='word_1_294' title='bbox 3322 2833 3513 2895; x_wconf 87' lang='lat' dir='ltr'><strong>etiam</strong></span> 
     </span>
     <span class='ocr_line' id='line_1_48' title="bbox 2016 2931 3514 3013; baseline -0.001 -20"><span class='ocrx_word' id='word_1_295' title='bbox 2016 2932 2083 2993; x_wconf 88' lang='lat' dir='ltr'><strong>in</strong></span> <span class='ocrx_word' id='word_1_296' title='bbox 2125 2932 2490 3013; x_wconf 88' lang='lat' dir='ltr'><strong>particulari</strong></span> <span class='ocrx_word' id='word_1_297' title='bbox 2522 2933 2772 2994; x_wconf 90' lang='lat' dir='ltr'><strong>videtur</strong></span> <span class='ocrx_word' id='word_1_298' title='bbox 2810 2949 2996 3012; x_wconf 92' lang='lat' dir='ltr'><strong>posse</strong></span> <span class='ocrx_word' id='word_1_299' title='bbox 3036 2931 3195 2994; x_wconf 91' lang='lat' dir='ltr'><strong>ratio</strong></span> <span class='ocrx_word' id='word_1_300' title='bbox 3236 2931 3514 3013; x_wconf 85' lang='lat' dir='ltr'><strong>assigna-</strong></span> 
     </span>
    </p>
   </div>
   <div class='ocr_carea' id='block_1_10' title="bbox 401 3030 3516 3113">
    <p class='ocr_par' dir='ltr' id='par_1_11' title="bbox 401 3030 3516 3113">
     <span class='ocr_line' id='line_1_49' title="bbox 401 3030 3516 3113; baseline 0 -22"><span class='ocrx_word' id='word_1_301' title='bbox 401 3049 526 3092; x_wconf 89' lang='lat' dir='ltr'><strong>non</strong></span> <span class='ocrx_word' id='word_1_302' title='bbox 558 3039 654 3092; x_wconf 84' lang='lat' dir='ltr'><strong>est</strong></span> <span class='ocrx_word' id='word_1_303' title='bbox 687 3030 888 3112; x_wconf 91' lang='lat' dir='ltr'><strong>ipsius</strong></span> <span class='ocrx_word' id='word_1_304' title='bbox 930 3030 1127 3092; x_wconf 90' lang='lat' dir='ltr'><strong>solius</strong></span> <span class='ocrx_word' id='word_1_305' title='bbox 1159 3031 1222 3092; x_wconf 91' lang='lat' dir='ltr'><strong>in</strong></span> <span class='ocrx_word' id='word_1_306' title='bbox 1260 3051 1327 3092; x_wconf 91' lang='lat' dir='ltr'><strong>se</strong></span> <span class='ocrx_word' id='word_1_307' title='bbox 1357 3038 1418 3092; x_wconf 90' lang='lat' dir='ltr'><strong>et</strong></span> <span class='ocrx_word' id='word_1_308' title='bbox 1447 3030 1757 3100; x_wconf 85' lang='lat' dir='ltr'><strong>absolute,</strong></span> <span class='ocrx_word' id='word_1_309' title='bbox 1793 3030 1903 3092; x_wconf 89' lang='lat' dir='ltr'><strong>sed</strong></span> <span class='ocrx_word' id='word_1_310' title='bbox 1941 3031 1986 3096; x_wconf 92' lang='lat' dir='ltr'>C</span> <span class='ocrx_word' id='word_1_311' title='bbox 2019 3030 2071 3091; x_wconf 90' lang='lat' dir='ltr'><strong>ri</strong></span> <span class='ocrx_word' id='word_1_312' title='bbox 2131 3031 2723 3113; x_wconf 83' lang='lat' dir='ltr'><strong>praedestinationis,</strong></span> <span class='ocrx_word' id='word_1_313' title='bbox 2774 3038 2838 3092; x_wconf 92' lang='lat' dir='ltr'><strong>et</strong></span> <span class='ocrx_word' id='word_1_314' title='bbox 2887 3050 3003 3092; x_wconf 91' lang='lat' dir='ltr'><strong>cur</strong></span> <span class='ocrx_word' id='word_1_315' title='bbox 3061 3031 3255 3092; x_wconf 84' lang='lat' dir='ltr'><strong>ist-um</strong></span> <span class='ocrx_word' id='word_1_316' title='bbox 3317 3031 3516 3110; x_wconf 86' lang='lat' dir='ltr'><strong>magis</strong></span> 
     </span>
    </p>
   </div>
   <div class='ocr_carea' id='block_1_11' title="bbox 402 3128 1916 4193">
    <p class='ocr_par' dir='ltr' id='par_1_12' title="bbox 402 3128 1916 4096">
     <span class='ocr_line' id='line_1_50' title="bbox 402 3128 1903 3192; baseline -0.001 -1"><span class='ocrx_word' id='word_1_317' title='bbox 402 3148 548 3192; x_wconf 87' lang='lat' dir='ltr'><strong>cum</strong></span> <span class='ocrx_word' id='word_1_318' title='bbox 594 3137 726 3191; x_wconf 88' lang='lat' dir='ltr'><strong>tota</strong></span> <span class='ocrx_word' id='word_1_319' title='bbox 773 3128 1246 3191; x_wconf 89' lang='lat' dir='ltr'><strong>coordinatione</strong></span> <span class='ocrx_word' id='word_1_320' title='bbox 1294 3129 1583 3190; x_wconf 91' lang='lat' dir='ltr'><strong>omnium</strong></span> <span class='ocrx_word' id='word_1_321' title='bbox 1633 3128 1903 3190; x_wconf 90' lang='lat' dir='ltr'><strong>aliorum</strong></span> 
     </span>
     <span class='ocr_line' id='line_1_51' title="bbox 402 3225 1908 3309; baseline -0.001 -20"><span class='ocrx_word' id='word_1_322' title='bbox 402 3226 754 3289; x_wconf 76' lang='lat' dir='ltr'><strong>effectuum</strong></span> <span class='ocrx_word' id='word_1_323' title='bbox 789 3246 903 3289; x_wconf 89' lang='lat' dir='ltr'><strong>seu</strong></span> <span class='ocrx_word' id='word_1_324' title='bbox 936 3246 1063 3290; x_wconf 87' lang='lat' dir='ltr'><strong>non</strong></span> <span class='ocrx_word' id='word_1_325' title='bbox 1091 3225 1443 3289; x_wconf 80' lang='lat' dir='ltr'><strong>effectuum</strong></span> <span class='ocrx_word' id='word_1_326' title='bbox 1476 3226 1585 3309; x_wconf 92' lang='lat' dir='ltr'><strong>qui</strong></span> <span class='ocrx_word' id='word_1_327' title='bbox 1617 3226 1908 3288; x_wconf 87' lang='lat' dir='ltr'><strong>ordinan-</strong></span> 
     </span>
     <span class='ocr_line' id='line_1_52' title="bbox 403 3325 1902 3406; baseline -0.002 -18"><span class='ocrx_word' id='word_1_328' title='bbox 403 3335 507 3388; x_wconf 85' lang='lat' dir='ltr'><strong>tur</strong></span> <span class='ocrx_word' id='word_1_329' title='bbox 554 3326 633 3388; x_wconf 91' lang='lat' dir='ltr'><strong>ad</strong></span> <span class='ocrx_word' id='word_1_330' title='bbox 694 3326 899 3397; x_wconf 90' lang='lat' dir='ltr'><strong>illum,</strong></span> <span class='ocrx_word' id='word_1_331' title='bbox 951 3326 1072 3388; x_wconf 92' lang='lat' dir='ltr'><strong>hoc</strong></span> <span class='ocrx_word' id='word_1_332' title='bbox 1129 3333 1221 3387; x_wconf 87' lang='lat' dir='ltr'><strong>est</strong></span> <span class='ocrx_word' id='word_1_333' title='bbox 1273 3327 1350 3388; x_wconf 91' lang='lat' dir='ltr'><strong>ad</strong></span> <span class='ocrx_word' id='word_1_334' title='bbox 1410 3326 1550 3406; x_wconf 90' lang='lat' dir='ltr'><strong>ejus</strong></span> <span class='ocrx_word' id='word_1_335' title='bbox 1611 3325 1902 3387; x_wconf 90' lang='lat' dir='ltr'><strong>salutem.</strong></span> 
     </span>
     <span class='ocr_line' id='line_1_53' title="bbox 404 3423 1910 3505; baseline -0.001 -19"><span class='ocrx_word' id='word_1_336' title='bbox 404 3425 614 3498; x_wconf 88' lang='lat' dir='ltr'><strong>Quum</strong></span> <span class='ocrx_word' id='word_1_337' title='bbox 663 3443 813 3505; x_wconf 83' lang='lat' dir='ltr'><strong>ergo</strong></span> <span class='ocrx_word' id='word_1_338' title='bbox 863 3424 1068 3487; x_wconf 90' lang='lat' dir='ltr'><strong>bonus</strong></span> <span class='ocrx_word' id='word_1_339' title='bbox 1121 3444 1273 3485; x_wconf 90' lang='lat' dir='ltr'><strong>usus</strong></span> <span class='ocrx_word' id='word_1_340' title='bbox 1322 3424 1538 3505; x_wconf 63' lang='lat' dir='ltr'><strong>gratiae</strong></span> <span class='ocrx_word' id='word_1_341' title='bbox 1588 3424 1753 3485; x_wconf 89' lang='lat' dir='ltr'><strong>inter</strong></span> <span class='ocrx_word' id='word_1_342' title='bbox 1801 3423 1910 3484; x_wconf 89' lang='lat' dir='ltr'><strong>illa</strong></span> 
     </span>
     <span class='ocr_line' id='line_1_54' title="bbox 407 3522 1911 3604; baseline -0.002 -19"><span class='ocrx_word' id='word_1_343' title='bbox 407 3524 829 3596; x_wconf 88' lang='lat' dir='ltr'><strong>contineatur,</strong></span> <span class='ocrx_word' id='word_1_344' title='bbox 884 3529 1055 3604; x_wconf 87' lang='lat' dir='ltr'><strong>patet</strong></span> <span class='ocrx_word' id='word_1_345' title='bbox 1103 3522 1270 3603; x_wconf 91' lang='lat' dir='ltr'><strong>quod</strong></span> <span class='ocrx_word' id='word_1_346' title='bbox 1331 3522 1468 3603; x_wconf 89' lang='lat' dir='ltr'><strong>ipse</strong></span> <span class='ocrx_word' id='word_1_347' title='bbox 1526 3539 1779 3603; x_wconf 85' lang='lat' dir='ltr'><strong>quoque</strong></span> <span class='ocrx_word' id='word_1_348' title='bbox 1829 3522 1911 3583; x_wconf 91' lang='lat' dir='ltr'><strong>sit</strong></span> 
     </span>
     <span class='ocr_line' id='line_1_55' title="bbox 407 3619 1913 3703; baseline -0.002 -20"><span class='ocrx_word' id='word_1_349' title='bbox 407 3620 986 3703; x_wconf 69' lang='lat' dir='ltr'><strong>praedestinationis</strong></span> <span class='ocrx_word' id='word_1_350' title='bbox 1042 3619 1335 3693; x_wconf 78' lang='lat' dir='ltr'><strong>effectuS,</strong></span> <span class='ocrx_word' id='word_1_351' title='bbox 1388 3637 1516 3682; x_wconf 90' lang='lat' dir='ltr'><strong>non</strong></span> <span class='ocrx_word' id='word_1_352' title='bbox 1567 3638 1758 3681; x_wconf 89' lang='lat' dir='ltr'><strong>causa</strong></span> <span class='ocrx_word' id='word_1_353' title='bbox 1803 3626 1913 3680; x_wconf 89' lang='lat' dir='ltr'><strong>aut</strong></span> 
     </span>
     <span class='ocr_line' id='line_1_56' title="bbox 411 3718 1914 3800; baseline -0.001 -20"><span class='ocrx_word' id='word_1_354' title='bbox 411 3720 604 3797; x_wconf 84' lang='lat' dir='ltr'><strong>rati03</strong></span> <span class='ocrx_word' id='word_1_355' title='bbox 655 3726 720 3781; x_wconf 91' lang='lat' dir='ltr'><strong>et</strong></span> <span class='ocrx_word' id='word_1_356' title='bbox 766 3720 934 3800; x_wconf 92' lang='lat' dir='ltr'><strong>quod</strong></span> <span class='ocrx_word' id='word_1_357' title='bbox 985 3718 1455 3800; x_wconf 83' lang='lat' dir='ltr'><strong>praedestinatio</strong></span> <span class='ocrx_word' id='word_1_358' title='bbox 1507 3718 1712 3800; x_wconf 87' lang='lat' dir='ltr'><strong>quoad</strong></span> <span class='ocrx_word' id='word_1_359' title='bbox 1762 3725 1914 3780; x_wconf 80' lang='lat' dir='ltr'><strong>tota-</strong></span> 
     </span>
     <span class='ocr_line' id='line_1_57' title="bbox 412 3815 1915 3897; baseline -0.001 -18"><span class='ocrx_word' id='word_1_360' title='bbox 412 3818 540 3879; x_wconf 92' lang='lat' dir='ltr'><strong>lem</strong></span> <span class='ocrx_word' id='word_1_361' title='bbox 589 3836 779 3879; x_wconf 91' lang='lat' dir='ltr'><strong>suum</strong></span> <span class='ocrx_word' id='word_1_362' title='bbox 831 3825 1086 3897; x_wconf 91' lang='lat' dir='ltr'><strong>sumpta</strong></span> <span class='ocrx_word' id='word_1_363' title='bbox 1131 3816 1459 3889; x_wconf 87' lang='lat' dir='ltr'><strong>effectum,</strong></span> <span class='ocrx_word' id='word_1_364' title='bbox 1512 3834 1639 3877; x_wconf 91' lang='lat' dir='ltr'><strong>non</strong></span> <span class='ocrx_word' id='word_1_365' title='bbox 1687 3815 1915 3878; x_wconf 90' lang='lat' dir='ltr'><strong>habeat</strong></span> 
     </span>
     <span class='ocr_line' id='line_1_58' title="bbox 410 3914 1916 3997; baseline -0.002 -19"><span class='ocrx_word' id='word_1_366' title='bbox 410 3934 670 3978; x_wconf 88' lang='lat' dir='ltr'><strong>causam</strong></span> <span class='ocrx_word' id='word_1_367' title='bbox 703 3916 1086 3977; x_wconf 85' lang='lat' dir='ltr'><strong>rationemve</strong></span> <span class='ocrx_word' id='word_1_368' title='bbox 1117 3934 1194 3976; x_wconf 87' lang='lat' dir='ltr'><strong>ex</strong></span> <span class='ocrx_word' id='word_1_369' title='bbox 1227 3923 1402 3997; x_wconf 90' lang='lat' dir='ltr'><strong>parte</strong></span> <span class='ocrx_word' id='word_1_370' title='bbox 1433 3922 1742 3977; x_wconf 67' lang='lat' dir='ltr'><strong>creaturae</strong></span> <span class='ocrx_word' id='word_1_371' title='bbox 1757 3914 1916 3976; x_wconf 86' lang='lat' dir='ltr'><strong>Hinc</strong></span> 
     </span>
     <span class='ocr_line' id='line_1_59' title="bbox 411 4013 1542 4096; baseline -0.003 -19"><span class='ocrx_word' id='word_1_372' title='bbox 411 4014 634 4096; x_wconf 90' lang='lat' dir='ltr'><strong>opinio</strong></span> <span class='ocrx_word' id='word_1_373' title='bbox 678 4013 787 4075; x_wconf 90' lang='lat' dir='ltr'><strong>illa</strong></span> <span class='ocrx_word' id='word_1_374' title='bbox 831 4031 958 4076; x_wconf 88' lang='lat' dir='ltr'><strong>non</strong></span> <span class='ocrx_word' id='word_1_375' title='bbox 1001 4013 1255 4074; x_wconf 89' lang='lat' dir='ltr'><strong>videtur</strong></span> <span class='ocrx_word' id='word_1_376' title='bbox 1298 4013 1542 4074; x_wconf 90' lang='lat' dir='ltr'><strong>idonea.</strong></span> 
     </span>
    </p>

    <p class='ocr_par' dir='ltr' id='par_1_13' title="bbox 489 4110 1915 4193">
     <span class='ocr_line' id='line_1_60' title="bbox 489 4110 1915 4193; baseline -0.001 -20"><span class='ocrx_word' id='word_1_377' title='bbox 489 4111 794 4185; x_wconf 83' lang='lat' dir='ltr'><strong>Quamvis</strong></span> <span class='ocrx_word' id='word_1_378' title='bbox 831 4119 1043 4173; x_wconf 90' lang='lat' dir='ltr'><strong>autem</strong></span> <span class='ocrx_word' id='word_1_379' title='bbox 1090 4110 1321 4193; x_wconf 88' lang='lat' dir='ltr'><strong>positio</strong></span> <span class='ocrx_word' id='word_1_380' title='bbox 1359 4111 1612 4174; x_wconf 83' lang='lat' dir='ltr'><strong>Thomae</strong></span> <span class='ocrx_word' id='word_1_381' title='bbox 1653 4110 1736 4172; x_wconf 92' lang='lat' dir='ltr'><strong>sit</strong></span> <span class='ocrx_word' id='word_1_382' title='bbox 1775 4128 1915 4192; x_wconf 91' lang='lat' dir='ltr'><strong>pro-</strong></span> 
     </span>
    </p>
   </div>
   <div class='ocr_carea' id='block_1_12' title="bbox 414 4208 1997 4283">
    <p class='ocr_par' dir='ltr' id='par_1_14' title="bbox 414 4208 1997 4283">
     <span class='ocr_line' id='line_1_61' title="bbox 414 4208 1997 4283; baseline -0.001 -10"><span class='ocrx_word' id='word_1_383' title='bbox 414 4210 671 4283; x_wconf 78' lang='lat' dir='ltr'><strong>babilis,</strong></span> <span class='ocrx_word' id='word_1_384' title='bbox 704 4216 1004 4277; x_wconf 88' lang='lat' dir='ltr'><strong>attamen,</strong></span> <span class='ocrx_word' id='word_1_385' title='bbox 1039 4209 1092 4271; x_wconf 93' lang='lat' dir='ltr'><strong>si</strong></span> <span class='ocrx_word' id='word_1_386' title='bbox 1131 4208 1303 4271; x_wconf 91' lang='lat' dir='ltr'><strong>salva</strong></span> <span class='ocrx_word' id='word_1_387' title='bbox 1341 4210 1713 4272; x_wconf 89' lang='lat' dir='ltr'><strong>auctoritate</strong></span> <span class='ocrx_word' id='word_1_388' title='bbox 1753 4209 1916 4271; x_wconf 91' lang='lat' dir='ltr'><strong>Scri·</strong></span> <span class='ocrx_word' id='word_1_389' title='bbox 1946 4208 1997 4271; x_wconf 93' lang='lat' dir='ltr'>D</span> 
     </span>
    </p>
   </div>
   <div class='ocr_carea' id='block_1_13' title="bbox 411 4307 1928 5379">
    <p class='ocr_par' dir='ltr' id='par_1_15' title="bbox 411 4307 1928 5379">
     <span class='ocr_line' id='line_1_62' title="bbox 411 4307 1919 4391; baseline -0.001 -20"><span class='ocrx_word' id='word_1_390' title='bbox 411 4317 618 4391; x_wconf 82' lang='lat' dir='ltr'><strong>pturae</strong></span> <span class='ocrx_word' id='word_1_391' title='bbox 649 4307 776 4369; x_wconf 88' lang='lat' dir='ltr'><strong>dici</strong></span> <span class='ocrx_word' id='word_1_392' title='bbox 810 4315 1038 4389; x_wconf 90' lang='lat' dir='ltr'><strong>potest,</strong></span> <span class='ocrx_word' id='word_1_393' title='bbox 1058 4307 1600 4369; x_wconf 89' lang='lat' dir='ltr'><strong>rationabiliorem</strong></span> <span class='ocrx_word' id='word_1_394' title='bbox 1630 4315 1785 4389; x_wconf 89' lang='lat' dir='ltr'><strong>puto</strong></span> <span class='ocrx_word' id='word_1_395' title='bbox 1815 4326 1919 4388; x_wconf 92' lang='lat' dir='ltr'><strong>po-</strong></span> 
     </span>
     <span class='ocr_line' id='line_1_63' title="bbox 413 4394 1916 4487; baseline -0.003 -17"><span class='ocrx_word' id='word_1_396' title='bbox 413 4408 714 4470; x_wconf 88' lang='lat' dir='ltr'><strong>sitionem</strong></span> <span class='ocrx_word' id='word_1_397' title='bbox 777 4406 1232 4467; x_wconf 79' lang='lat' dir='ltr'><strong>Bonaventurae</strong></span> <span class='ocrx_word' id='word_1_398' title='bbox 1293 4394 1601 4487; x_wconf 86' lang='lat' dir='ltr'><strong>quantum</strong></span> <span class='ocrx_word' id='word_1_399' title='bbox 1659 4406 1736 4466; x_wconf 91' lang='lat' dir='ltr'><strong>ad</strong></span> <span class='ocrx_word' id='word_1_400' title='bbox 1797 4406 1916 4468; x_wconf 90' lang='lat' dir='ltr'><strong>hoc</strong></span> 
     </span>
     <span class='ocr_line' id='line_1_64' title="bbox 415 4503 1921 4589; baseline 0 -22"><span class='ocrx_word' id='word_1_401' title='bbox 415 4506 584 4589; x_wconf 89' lang='lat' dir='ltr'><strong>quod</strong></span> <span class='ocrx_word' id='word_1_402' title='bbox 627 4504 786 4567; x_wconf 90' lang='lat' dir='ltr'><strong>dicit</strong></span> <span class='ocrx_word' id='word_1_403' title='bbox 814 4504 1433 4586; x_wconf 77' lang='lat' dir='ltr'><strong>praedestinationem</strong></span> <span class='ocrx_word' id='word_1_404' title='bbox 1475 4503 1706 4566; x_wconf 89' lang='lat' dir='ltr'><strong>habere</strong></span> <span class='ocrx_word' id='word_1_405' title='bbox 1738 4504 1921 4567; x_wconf 89' lang='lat' dir='ltr'><strong>ratio-</strong></span> 
     </span>
     <span class='ocr_line' id='line_1_65' title="bbox 419 4601 1918 4685; baseline -0.001 -19"><span class='ocrx_word' id='word_1_406' title='bbox 419 4623 566 4667; x_wconf 89' lang='lat' dir='ltr'><strong>nem</strong></span> <span class='ocrx_word' id='word_1_407' title='bbox 609 4603 677 4666; x_wconf 88' lang='lat' dir='ltr'><strong>in</strong></span> <span class='ocrx_word' id='word_1_408' title='bbox 720 4602 1086 4685; x_wconf 88' lang='lat' dir='ltr'><strong>particulari</strong></span> <span class='ocrx_word' id='word_1_409' title='bbox 1133 4622 1246 4665; x_wconf 92' lang='lat' dir='ltr'><strong>seu</strong></span> <span class='ocrx_word' id='word_1_410' title='bbox 1289 4601 1594 4683; x_wconf 85' lang='lat' dir='ltr'><strong>singulari</strong></span> <span class='ocrx_word' id='word_1_411' title='bbox 1646 4603 1811 4665; x_wconf 87' lang='lat' dir='ltr'><strong>sicut</strong></span> <span class='ocrx_word' id='word_1_412' title='bbox 1853 4602 1918 4664; x_wconf 91' lang='lat' dir='ltr'><strong>in</strong></span> 
     </span>
     <span class='ocr_line' id='line_1_66' title="bbox 419 4699 1920 4783; baseline -0.003 -18"><span class='ocrx_word' id='word_1_413' title='bbox 419 4701 770 4775; x_wconf 87' lang='lat' dir='ltr'><strong>communi,</strong></span> <span class='ocrx_word' id='word_1_414' title='bbox 805 4700 892 4762; x_wconf 87' lang='lat' dir='ltr'><strong>ita</strong></span> <span class='ocrx_word' id='word_1_415' title='bbox 930 4702 1098 4783; x_wconf 89' lang='lat' dir='ltr'><strong>quod</strong></span> <span class='ocrx_word' id='word_1_416' title='bbox 1140 4718 1267 4763; x_wconf 88' lang='lat' dir='ltr'><strong>non</strong></span> <span class='ocrx_word' id='word_1_417' title='bbox 1307 4700 1440 4762; x_wconf 89' lang='lat' dir='ltr'><strong>sola</strong></span> <span class='ocrx_word' id='word_1_418' title='bbox 1477 4699 1587 4762; x_wconf 92' lang='lat' dir='ltr'><strong>Dei</strong></span> <span class='ocrx_word' id='word_1_419' title='bbox 1629 4700 1920 4762; x_wconf 82' lang='lat' dir='ltr'><strong>voluntas</strong></span> 
     </span>
     <span class='ocr_line' id='line_1_67' title="bbox 417 4798 1924 4880; baseline -0.001 -17"><span class='ocrx_word' id='word_1_420' title='bbox 417 4810 490 4863; x_wconf 87' lang='lat' dir='ltr'><strong>ut</strong></span> <span class='ocrx_word' id='word_1_421' title='bbox 525 4800 844 4874; x_wconf 81' lang='lat' dir='ltr'><strong>voluntaS‚</strong></span> <span class='ocrx_word' id='word_1_422' title='bbox 879 4807 974 4861; x_wconf 89' lang='lat' dir='ltr'><strong>est</strong></span> <span class='ocrx_word' id='word_1_423' title='bbox 1015 4799 1174 4861; x_wconf 84' lang='lat' dir='ltr'><strong>ratio</strong></span> <span class='ocrx_word' id='word_1_424' title='bbox 1212 4818 1326 4860; x_wconf 90' lang='lat' dir='ltr'><strong>cur</strong></span> <span class='ocrx_word' id='word_1_425' title='bbox 1365 4800 1484 4861; x_wconf 91' lang='lat' dir='ltr'><strong>iste</strong></span> <span class='ocrx_word' id='word_1_426' title='bbox 1524 4798 1924 4880; x_wconf 84' lang='lat' dir='ltr'><strong>praedestina-</strong></span> 
     </span>
     <span class='ocr_line' id='line_1_68' title="bbox 419 4897 1924 4980; baseline -0.003 -17"><span class='ocrx_word' id='word_1_427' title='bbox 419 4909 523 4963; x_wconf 89' lang='lat' dir='ltr'><strong>tur</strong></span> <span class='ocrx_word' id='word_1_428' title='bbox 565 4898 769 4979; x_wconf 86' lang='lat' dir='ltr'><strong>magis</strong></span> <span class='ocrx_word' id='word_1_429' title='bbox 816 4916 1008 4979; x_wconf 90' lang='lat' dir='ltr'><strong>quam</strong></span> <span class='ocrx_word' id='word_1_430' title='bbox 1060 4898 1190 4969; x_wconf 91' lang='lat' dir='ltr'><strong>ille,</strong></span> <span class='ocrx_word' id='word_1_431' title='bbox 1234 4898 1342 4959; x_wconf 91' lang='lat' dir='ltr'><strong>sed</strong></span> <span class='ocrx_word' id='word_1_432' title='bbox 1392 4905 1562 4959; x_wconf 89' lang='lat' dir='ltr'><strong>certa</strong></span> <span class='ocrx_word' id='word_1_433' title='bbox 1609 4904 1796 4980; x_wconf 83' lang='lat' dir='ltr'><strong>atque</strong></span> <span class='ocrx_word' id='word_1_434' title='bbox 1841 4897 1924 4958; x_wconf 91' lang='lat' dir='ltr'><strong>le-</strong></span> 
     </span>
     <span class='ocr_line' id='line_1_69' title="bbox 419 4995 1920 5080; baseline -0.003 -20"><span class='ocrx_word' id='word_1_435' title='bbox 419 4999 643 5080; x_wconf 88' lang='lat' dir='ltr'><strong>gitima</strong></span> <span class='ocrx_word' id='word_1_436' title='bbox 701 4996 862 5059; x_wconf 90' lang='lat' dir='ltr'><strong>ratio</strong></span> <span class='ocrx_word' id='word_1_437' title='bbox 909 4995 993 5058; x_wconf 92' lang='lat' dir='ltr'><strong>ob</strong></span> <span class='ocrx_word' id='word_1_438' title='bbox 1041 5014 1232 5077; x_wconf 88' lang='lat' dir='ltr'><strong>quam</strong></span> <span class='ocrx_word' id='word_1_439' title='bbox 1279 4995 1571 5057; x_wconf 90' lang='lat' dir='ltr'><strong>voluntas</strong></span> <span class='ocrx_word' id='word_1_440' title='bbox 1631 4995 1721 5056; x_wconf 91' lang='lat' dir='ltr'><strong>sic</strong></span> <span class='ocrx_word' id='word_1_441' title='bbox 1769 4995 1920 5075; x_wconf 89' lang='lat' dir='ltr'><strong>agit,</strong></span> 
     </span>
     <span class='ocr_line' id='line_1_70' title="bbox 421 5092 1926 5179; baseline -0.003 -21"><span class='ocrx_word' id='word_1_442' title='bbox 421 5095 777 5179; x_wconf 84' lang='lat' dir='ltr'><strong>praesertim</strong></span> <span class='ocrx_word' id='word_1_443' title='bbox 807 5113 1007 5175; x_wconf 88' lang='lat' dir='ltr'><strong>quum</strong></span> <span class='ocrx_word' id='word_1_444' title='bbox 1039 5094 1330 5156; x_wconf 90' lang='lat' dir='ltr'><strong>voluntas</strong></span> <span class='ocrx_word' id='word_1_445' title='bbox 1361 5093 1472 5155; x_wconf 91' lang='lat' dir='ltr'><strong>Dei</strong></span> <span class='ocrx_word' id='word_1_446' title='bbox 1504 5092 1926 5155; x_wconf 87' lang='lat' dir='ltr'><strong>essentialiter</strong></span> 
     </span>
     <span class='ocr_line' id='line_1_71' title="bbox 423 5190 1921 5277; baseline -0.001 -21"><span class='ocrx_word' id='word_1_447' title='bbox 423 5194 504 5256; x_wconf 88' lang='lat' dir='ltr'><strong>sit</strong></span> <span class='ocrx_word' id='word_1_448' title='bbox 534 5194 674 5277; x_wconf 89' lang='lat' dir='ltr'><strong>ipsa</strong></span> <span class='ocrx_word' id='word_1_449' title='bbox 715 5191 974 5255; x_wconf 88' lang='lat' dir='ltr'><strong>infinita</strong></span> <span class='ocrx_word' id='word_1_450' title='bbox 1012 5191 1323 5273; x_wconf 87' lang='lat' dir='ltr'><strong>sapientia</strong></span> <span class='ocrx_word' id='word_1_451' title='bbox 1355 5210 1427 5253; x_wconf 91' lang='lat' dir='ltr'><strong>ac</strong></span> <span class='ocrx_word' id='word_1_452' title='bbox 1454 5190 1704 5271; x_wconf 83' lang='lat' dir='ltr'><strong>justitia</strong></span> <span class='ocrx_word' id='word_1_453' title='bbox 1733 5190 1872 5270; x_wconf 84' lang='lat' dir='ltr'><strong>ejus</strong></span> <span class='ocrx_word' id='word_1_454' title='bbox 1907 5210 1921 5254; x_wconf 79' lang='lat' dir='ltr'><strong>t</strong></span> 
     </span>
     <span class='ocr_line' id='line_1_72' title="bbox 426 5289 1928 5379; baseline -0.003 -23"><span class='ocrx_word' id='word_1_455' title='bbox 426 5300 685 5379; x_wconf 87' lang='lat' dir='ltr'><strong>propter</strong></span> <span class='ocrx_word' id='word_1_456' title='bbox 727 5291 897 5373; x_wconf 91' lang='lat' dir='ltr'><strong>quod</strong></span> <span class='ocrx_word' id='word_1_457' title='bbox 946 5309 1064 5353; x_wconf 89' lang='lat' dir='ltr'><strong>nec</strong></span> <span class='ocrx_word' id='word_1_458' title='bbox 1109 5290 1558 5353; x_wconf 88' lang='lat' dir='ltr'><strong>irrationabilis</strong></span> <span class='ocrx_word' id='word_1_459' title='bbox 1602 5308 1719 5352; x_wconf 86' lang='lat' dir='ltr'><strong>nec</strong></span> <span class='ocrx_word' id='word_1_460' title='bbox 1765 5289 1928 5370; x_wconf 90' lang='lat' dir='ltr'><strong>inju-</strong></span> 
     </span>
    </p>
   </div>
   <div class='ocr_carea' id='block_1_14' title="bbox 2017 3129 3521 3800">
    <p class='ocr_par' dir='ltr' id='par_1_16' title="bbox 2017 3129 3521 3800">
     <span class='ocr_line' id='line_1_73' title="bbox 2017 3129 3516 3212; baseline -0.002 -20"><span class='ocrx_word' id='word_1_461' title='bbox 2017 3129 2209 3211; x_wconf 87' lang='lat' dir='ltr'><strong>elegit</strong></span> <span class='ocrx_word' id='word_1_462' title='bbox 2256 3131 2421 3192; x_wconf 92' lang='lat' dir='ltr'><strong>Deus</strong></span> <span class='ocrx_word' id='word_1_463' title='bbox 2471 3149 2661 3212; x_wconf 92' lang='lat' dir='ltr'><strong>quam</strong></span> <span class='ocrx_word' id='word_1_464' title='bbox 2718 3129 2921 3204; x_wconf 89' lang='lat' dir='ltr'><strong>illum,</strong></span> <span class='ocrx_word' id='word_1_465' title='bbox 2974 3138 3037 3191; x_wconf 86' lang='lat' dir='ltr'><strong>et.</strong></span> <span class='ocrx_word' id='word_1_466' title='bbox 3084 3130 3267 3192; x_wconf 92' lang='lat' dir='ltr'><strong>illum</strong></span> <span class='ocrx_word' id='word_1_467' title='bbox 3317 3130 3516 3209; x_wconf 92' lang='lat' dir='ltr'><strong>magis</strong></span> 
     </span>
     <span class='ocr_line' id='line_1_74' title="bbox 2019 3226 3520 3309; baseline -0.002 -19"><span class='ocrx_word' id='word_1_468' title='bbox 2019 3248 2211 3309; x_wconf 89' lang='lat' dir='ltr'><strong>quam</strong></span> <span class='ocrx_word' id='word_1_469' title='bbox 2253 3229 2543 3290; x_wconf 89' lang='lat' dir='ltr'><strong>alterum.</strong></span> <span class='ocrx_word' id='word_1_470' title='bbox 2581 3229 2706 3291; x_wconf 88' lang='lat' dir='ltr'><strong>Cur</strong></span> <span class='ocrx_word' id='word_1_471' title='bbox 2737 3246 2884 3291; x_wconf 91' lang='lat' dir='ltr'><strong>vero</strong></span> <span class='ocrx_word' id='word_1_472' title='bbox 2920 3228 2984 3290; x_wconf 91' lang='lat' dir='ltr'><strong>in</strong></span> <span class='ocrx_word' id='word_1_473' title='bbox 3023 3228 3144 3290; x_wconf 85' lang='lat' dir='ltr'><strong>isto</strong></span> <span class='ocrx_word' id='word_1_474' title='bbox 3173 3227 3375 3290; x_wconf 88' lang='lat' dir='ltr'><strong>voluit</strong></span> <span class='ocrx_word' id='word_1_475' title='bbox 3406 3226 3520 3288; x_wconf 91' lang='lat' dir='ltr'><strong>mi-</strong></span> 
     </span>
     <span class='ocr_line' id='line_1_75' title="bbox 2019 3326 3520 3389; baseline -0.002 0"><span class='ocrx_word' id='word_1_476' title='bbox 2019 3327 2428 3389; x_wconf 88' lang='lat' dir='ltr'><strong>sericordiam</strong></span> <span class='ocrx_word' id='word_1_477' title='bbox 2491 3346 2669 3388; x_wconf 89' lang='lat' dir='ltr'><strong>suam</strong></span> <span class='ocrx_word' id='word_1_478' title='bbox 2730 3326 3077 3389; x_wconf 84' lang='lat' dir='ltr'><strong>mirificare</strong></span> <span class='ocrx_word' id='word_1_479' title='bbox 3128 3326 3194 3387; x_wconf 89' lang='lat' dir='ltr'><strong>in</strong></span> <span class='ocrx_word' id='word_1_480' title='bbox 3242 3326 3352 3388; x_wconf 87' lang='lat' dir='ltr'><strong>tali</strong></span> <span class='ocrx_word' id='word_1_481' title='bbox 3410 3333 3520 3387; x_wconf 92' lang='lat' dir='ltr'><strong>aut</strong></span> 
     </span>
     <span class='ocr_line' id='line_1_76' title="bbox 2022 3423 3514 3507; baseline -0.001 -20"><span class='ocrx_word' id='word_1_482' title='bbox 2022 3425 2131 3487; x_wconf 87' lang='lat' dir='ltr'><strong>tali</strong></span> <span class='ocrx_word' id='word_1_483' title='bbox 2173 3425 2370 3506; x_wconf 91' lang='lat' dir='ltr'><strong>gradu</strong></span> <span class='ocrx_word' id='word_1_484' title='bbox 2416 3424 2626 3506; x_wconf 89' lang='lat' dir='ltr'><strong>potius</strong></span> <span class='ocrx_word' id='word_1_485' title='bbox 2669 3445 2861 3507; x_wconf 91' lang='lat' dir='ltr'><strong>quam</strong></span> <span class='ocrx_word' id='word_1_486' title='bbox 2906 3425 2969 3486; x_wconf 93' lang='lat' dir='ltr'><strong>in</strong></span> <span class='ocrx_word' id='word_1_487' title='bbox 3012 3425 3177 3497; x_wconf 81' lang='lat' dir='ltr'><strong>aliis,</strong></span> <span class='ocrx_word' id='word_1_488' title='bbox 3220 3423 3514 3506; x_wconf 92' lang='lat' dir='ltr'><strong>quamvis</strong></span> 
     </span>
     <span class='ocr_line' id='line_1_77' title="bbox 2023 3522 3519 3595; baseline -0.001 -10"><span class='ocrx_word' id='word_1_489' title='bbox 2023 3525 2088 3585; x_wconf 90' lang='lat' dir='ltr'><strong>in</strong></span> <span class='ocrx_word' id='word_1_490' title='bbox 2132 3525 2261 3586; x_wconf 88' lang='lat' dir='ltr'><strong>Deo</strong></span> <span class='ocrx_word' id='word_1_491' title='bbox 2299 3524 2381 3585; x_wconf 87' lang='lat' dir='ltr'><strong>sit</strong></span> <span class='ocrx_word' id='word_1_492' title='bbox 2428 3524 2605 3595; x_wconf 90' lang='lat' dir='ltr'><strong>ratio,</strong></span> <span class='ocrx_word' id='word_1_493' title='bbox 2640 3540 2753 3584; x_wconf 89' lang='lat' dir='ltr'><strong>nos</strong></span> <span class='ocrx_word' id='word_1_494' title='bbox 2798 3532 3009 3585; x_wconf 89' lang='lat' dir='ltr'><strong>tamen</strong></span> <span class='ocrx_word' id='word_1_495' title='bbox 3061 3522 3316 3585; x_wconf 91' lang='lat' dir='ltr'><strong>interim</strong></span> <span class='ocrx_word' id='word_1_496' title='bbox 3370 3522 3519 3583; x_wconf 88' lang='lat' dir='ltr'><strong>latet</strong></span> 
     </span>
     <span class='ocr_line' id='line_1_78' title="bbox 2023 3621 3519 3703; baseline -0.001 -20"><span class='ocrx_word' id='word_1_497' title='bbox 2023 3622 2148 3684; x_wconf 90' lang='lat' dir='ltr'><strong>nisi</strong></span> <span class='ocrx_word' id='word_1_498' title='bbox 2187 3623 2461 3703; x_wconf 90' lang='lat' dir='ltr'><strong>desuper</strong></span> <span class='ocrx_word' id='word_1_499' title='bbox 2500 3621 2835 3694; x_wconf 88' lang='lat' dir='ltr'><strong>reveletur,</strong></span> <span class='ocrx_word' id='word_1_500' title='bbox 2868 3621 3405 3702; x_wconf 89' lang='lat' dir='ltr'><strong>quemadmodum</strong></span> <span class='ocrx_word' id='word_1_501' title='bbox 3441 3621 3519 3681; x_wconf 91' lang='lat' dir='ltr'><strong>de</strong></span> 
     </span>
     <span class='ocr_line' id='line_1_79' title="bbox 2023 3716 3521 3800; baseline -0.002 -19"><span class='ocrx_word' id='word_1_502' title='bbox 2023 3740 2090 3781; x_wconf 90' lang='lat' dir='ltr'><strong>sc</strong></span> <span class='ocrx_word' id='word_1_503' title='bbox 2136 3720 2277 3800; x_wconf 91' lang='lat' dir='ltr'><strong>ipso</strong></span> <span class='ocrx_word' id='word_1_504' title='bbox 2319 3718 2600 3799; x_wconf 91' lang='lat' dir='ltr'><strong>loquitur</strong></span> <span class='ocrx_word' id='word_1_505' title='bbox 2644 3725 2898 3779; x_wconf 90' lang='lat' dir='ltr'><strong>sanctus</strong></span> <span class='ocrx_word' id='word_1_506' title='bbox 2941 3717 3279 3799; x_wconf 90' lang='lat' dir='ltr'><strong>Apostolus</strong></span> <span class='ocrx_word' id='word_1_507' title='bbox 3315 3718 3393 3779; x_wconf 89' lang='lat' dir='ltr'><strong>ad</strong></span> <span class='ocrx_word' id='word_1_508' title='bbox 3425 3716 3521 3778; x_wconf 78' lang='lat' dir='ltr'><strong>&#39;ri-</strong></span> 
     </span>
    </p>
   </div>
   <div class='ocr_carea' id='block_1_15' title="bbox 2027 3815 3813 3891">
    <p class='ocr_par' dir='ltr' id='par_1_17' title="bbox 2027 3815 3813 3891">
     <span class='ocr_line' id='line_1_80' title="bbox 2027 3815 3813 3891; baseline -0.001 -12"><span class='ocrx_word' id='word_1_509' title='bbox 2027 3818 2353 3879; x_wconf 89' lang='lat' dir='ltr'><strong>motheum</strong></span> <span class='ocrx_word' id='word_1_510' title='bbox 2386 3836 2401 3879; x_wconf 77' lang='lat' dir='ltr'><strong>t</strong></span> <span class='ocrx_word' id='word_1_511' title='bbox 2435 3816 2580 3877; x_wconf 89' lang='lat' dir='ltr'><strong>ldeo</strong></span> <span class='ocrx_word' id='word_1_512' title='bbox 2611 3815 3110 3877; x_wconf 87' lang='lat' dir='ltr'><strong>misericordiam</strong></span> <span class='ocrx_word' id='word_1_513' title='bbox 3142 3823 3519 3878; x_wconf 91' lang='lat' dir='ltr'><strong>consecutus</strong></span> <span class='ocrx_word' id='word_1_514' title='bbox 3550 3839 3813 3891; x_wconf 62' lang='lat' dir='ltr'><strong>1r1m,.,¹‹;.</strong></span> 
     </span>
    </p>
   </div>
   <div class='ocr_carea' id='block_1_16' title="bbox 2025 3912 3524 4192">
    <p class='ocr_par' dir='ltr' id='par_1_18' title="bbox 2025 3912 3524 4192">
     <span class='ocr_line' id='line_1_81' title="bbox 2025 3912 3521 3995; baseline -0.003 -18"><span class='ocrx_word' id='word_1_515' title='bbox 2025 3923 2276 3988; x_wconf 87' lang='lat' dir='ltr'><strong>sum,ut</strong></span> <span class='ocrx_word' id='word_1_516' title='bbox 2305 3914 2371 3975; x_wconf 89' lang='lat' dir='ltr'><strong>in</strong></span> <span class='ocrx_word' id='word_1_517' title='bbox 2404 3932 2504 3975; x_wconf 90' lang='lat' dir='ltr'><strong>me</strong></span> <span class='ocrx_word' id='word_1_518' title='bbox 2536 3913 2814 3995; x_wconf 91' lang='lat' dir='ltr'><strong>primum</strong></span> <span class='ocrx_word' id='word_1_519' title='bbox 2846 3914 3205 3975; x_wconf 86' lang='lat' dir='ltr'><strong>ostenderet</strong></span> <span class='ocrx_word' id='word_1_520' title='bbox 3235 3912 3521 3975; x_wconf 89' lang='lat' dir='ltr'><strong>Christus</strong></span> 
     </span>
     <span class='ocr_line' id='line_1_82' title="bbox 2025 4010 3524 4094; baseline -0.003 -18"><span class='ocrx_word' id='word_1_521' title='bbox 2025 4032 2279 4076; x_wconf 90' lang='lat' dir='ltr'><strong>omnem</strong></span> <span class='ocrx_word' id='word_1_522' title='bbox 2321 4012 2713 4094; x_wconf 87' lang='lat' dir='ltr'><strong>patientiam,</strong></span> <span class='ocrx_word' id='word_1_523' title='bbox 2747 4012 2823 4074; x_wconf 86' lang='lat' dir='ltr'><strong>ad</strong></span> <span class='ocrx_word' id='word_1_524' title='bbox 2868 4010 3378 4073; x_wconf 82' lang='lat' dir='ltr'><strong>informationem</strong></span> <span class='ocrx_word' id='word_1_525' title='bbox 3420 4028 3524 4073; x_wconf 89' lang='lat' dir='ltr'><strong>eo-</strong></span> 
     </span>
     <span class='ocr_line' id='line_1_83' title="bbox 2029 4109 2876 4192; baseline -0.004 -19"><span class='ocrx_word' id='word_1_526' title='bbox 2029 4131 2167 4173; x_wconf 90' lang='lat' dir='ltr'><strong>rum</strong></span> <span class='ocrx_word' id='word_1_527' title='bbox 2215 4110 2323 4192; x_wconf 93' lang='lat' dir='ltr'><strong>qui</strong></span> <span class='ocrx_word' id='word_1_528' title='bbox 2367 4109 2667 4172; x_wconf 88' lang='lat' dir='ltr'><strong>credituri</strong></span> <span class='ocrx_word' id='word_1_529' title='bbox 2710 4116 2876 4171; x_wconf 92' lang='lat' dir='ltr'><strong>sunt.</strong></span> 
     </span>
    </p>
   </div>
   <div class='ocr_carea' id='block_1_17' title="bbox 2027 4306 3539 5372">
    <p class='ocr_par' dir='ltr' id='par_1_19' title="bbox 2027 4306 3539 5372">
     <span class='ocr_line' id='line_1_84' title="bbox 2109 4306 3524 4388; baseline 0.001 -21"><span class='ocrx_word' id='word_1_530' title='bbox 2109 4306 2253 4368; x_wconf 81' lang='lat' dir='ltr'><strong>Haec</strong></span> <span class='ocrx_word' id='word_1_531' title='bbox 2296 4306 2373 4367; x_wconf 91' lang='lat' dir='ltr'><strong>de</strong></span> <span class='ocrx_word' id='word_1_532' title='bbox 2415 4306 2988 4387; x_wconf 76' lang='lat' dir='ltr'><strong>praedestinatione,</strong></span> <span class='ocrx_word' id='word_1_533' title='bbox 3024 4306 3422 4388; x_wconf 61' lang='lat' dir='ltr'><strong>praescientia</strong></span> <span class='ocrx_word' id='word_1_534' title='bbox 3462 4314 3524 4369; x_wconf 87' lang='lat' dir='ltr'><strong>et</strong></span> 
     </span>
     <span class='ocr_line' id='line_1_85' title="bbox 2030 4402 3529 4485; baseline 0.002 -21"><span class='ocrx_word' id='word_1_535' title='bbox 2030 4402 2470 4485; x_wconf 90' lang='lat' dir='ltr'><strong>reprobatione</strong></span> <span class='ocrx_word' id='word_1_536' title='bbox 2510 4404 2647 4465; x_wconf 91' lang='lat' dir='ltr'><strong>sine</strong></span> <span class='ocrx_word' id='word_1_537' title='bbox 2687 4404 3060 4485; x_wconf 61' lang='lat' dir='ltr'><strong>praejudicio</strong></span> <span class='ocrx_word' id='word_1_538' title='bbox 3098 4413 3162 4466; x_wconf 89' lang='lat' dir='ltr'><strong>et</strong></span> <span class='ocrx_word' id='word_1_539' title='bbox 3194 4405 3529 4468; x_wconf 87' lang='lat' dir='ltr'><strong>temeraria</strong></span> 
     </span>
     <span class='ocr_line' id='line_1_86' title="bbox 2027 4502 3524 4577; baseline 0.001 -13"><span class='ocrx_word' id='word_1_540' title='bbox 2027 4502 2374 4565; x_wconf 88' lang='lat' dir='ltr'><strong>assertione</strong></span> <span class='ocrx_word' id='word_1_541' title='bbox 2416 4503 2546 4563; x_wconf 90' lang='lat' dir='ltr'><strong>sint</strong></span> <span class='ocrx_word' id='word_1_542' title='bbox 2586 4503 2777 4577; x_wconf 88' lang='lat' dir='ltr'><strong>dicta,</strong></span> <span class='ocrx_word' id='word_1_543' title='bbox 2812 4511 2880 4565; x_wconf 91' lang='lat' dir='ltr'><strong>ut</strong></span> <span class='ocrx_word' id='word_1_544' title='bbox 2924 4504 3245 4565; x_wconf 90' lang='lat' dir='ltr'><strong>discamus</strong></span> <span class='ocrx_word' id='word_1_545' title='bbox 3287 4512 3524 4577; x_wconf 89' lang='lat' dir='ltr'><strong>sancta,</strong></span> 
     </span>
     <span class='ocr_line' id='line_1_87' title="bbox 2031 4600 3529 4683; baseline 0 -21"><span class='ocrx_word' id='word_1_546' title='bbox 2031 4600 2617 4683; x_wconf 87' lang='lat' dir='ltr'><strong>irreprehensibilia</strong></span> <span class='ocrx_word' id='word_1_547' title='bbox 2675 4609 2737 4662; x_wconf 91' lang='lat' dir='ltr'><strong>et</strong></span> <span class='ocrx_word' id='word_1_548' title='bbox 2785 4601 3361 4683; x_wconf 85' lang='lat' dir='ltr'><strong>imperscrutabilia</strong></span> <span class='ocrx_word' id='word_1_549' title='bbox 3417 4602 3529 4664; x_wconf 92' lang='lat' dir='ltr'><strong>Dei</strong></span> 
     </span>
     <span class='ocr_line' id='line_1_88' title="bbox 2027 4697 3533 4779; baseline 0.001 -20"><span class='ocrx_word' id='word_1_550' title='bbox 2027 4697 2271 4779; x_wconf 89' lang='lat' dir='ltr'><strong>judicia</strong></span> <span class='ocrx_word' id='word_1_551' title='bbox 2309 4698 2651 4762; x_wconf 89' lang='lat' dir='ltr'><strong>formidare</strong></span> <span class='ocrx_word' id='word_1_552' title='bbox 2689 4718 2761 4761; x_wconf 89' lang='lat' dir='ltr'><strong>ac</strong></span> <span class='ocrx_word' id='word_1_553' title='bbox 2793 4700 3103 4772; x_wconf 88' lang='lat' dir='ltr'><strong>venerari,</strong></span> <span class='ocrx_word' id='word_1_554' title='bbox 3138 4717 3263 4761; x_wconf 89' lang='lat' dir='ltr'><strong>non</strong></span> <span class='ocrx_word' id='word_1_555' title='bbox 3304 4698 3533 4760; x_wconf 89' lang='lat' dir='ltr'><strong>irreve-</strong></span> 
     </span>
     <span class='ocr_line' id='line_1_89' title="bbox 2033 4796 3533 4878; baseline 0.001 -20"><span class='ocrx_word' id='word_1_556' title='bbox 2033 4806 2245 4860; x_wconf 85' lang='lat' dir='ltr'><strong>renter</strong></span> <span class='ocrx_word' id='word_1_557' title='bbox 2286 4799 2574 4860; x_wconf 89' lang='lat' dir='ltr'><strong>scrutari.</strong></span> <span class='ocrx_word' id='word_1_558' title='bbox 2613 4798 2861 4861; x_wconf 91' lang='lat' dir='ltr'><strong>Scimus</strong></span> <span class='ocrx_word' id='word_1_559' title='bbox 2907 4797 3076 4878; x_wconf 88' lang='lat' dir='ltr'><strong>quod</strong></span> <span class='ocrx_word' id='word_1_560' title='bbox 3122 4798 3259 4878; x_wconf 89' lang='lat' dir='ltr'><strong>ipse</strong></span> <span class='ocrx_word' id='word_1_561' title='bbox 3302 4796 3385 4858; x_wconf 92' lang='lat' dir='ltr'><strong>sit</strong></span> <span class='ocrx_word' id='word_1_562' title='bbox 3426 4796 3533 4860; x_wconf 87' lang='lat' dir='ltr'><strong>bo-</strong></span> 
     </span>
     <span class='ocr_line' id='line_1_90' title="bbox 2035 4896 3536 4978; baseline -0.001 -21"><span class='ocrx_word' id='word_1_563' title='bbox 2035 4896 2197 4958; x_wconf 91' lang='lat' dir='ltr'><strong>nitas</strong></span> <span class='ocrx_word' id='word_1_564' title='bbox 2243 4916 2421 4978; x_wconf 90' lang='lat' dir='ltr'><strong>pura,</strong></span> <span class='ocrx_word' id='word_1_565' title='bbox 2465 4916 2644 4958; x_wconf 90' lang='lat' dir='ltr'><strong>mens</strong></span> <span class='ocrx_word' id='word_1_566' title='bbox 2689 4896 3304 4977; x_wconf 87' lang='lat' dir='ltr'><strong>supersanctissima,</strong></span> <span class='ocrx_word' id='word_1_567' title='bbox 3337 4902 3400 4957; x_wconf 88' lang='lat' dir='ltr'><strong>et</strong></span> <span class='ocrx_word' id='word_1_568' title='bbox 3442 4914 3536 4956; x_wconf 89' lang='lat' dir='ltr'><strong>sa-</strong></span> 
     </span>
     <span class='ocr_line' id='line_1_91' title="bbox 2037 4993 3537 5077; baseline -0.001 -21"><span class='ocrx_word' id='word_1_569' title='bbox 2037 4994 2276 5077; x_wconf 88' lang='lat' dir='ltr'><strong>pientia</strong></span> <span class='ocrx_word' id='word_1_570' title='bbox 2314 4995 2568 5075; x_wconf 88' lang='lat' dir='ltr'><strong>penitus</strong></span> <span class='ocrx_word' id='word_1_571' title='bbox 2608 4993 2865 5056; x_wconf 88' lang='lat' dir='ltr'><strong>infinita</strong></span> <span class='ocrx_word' id='word_1_572' title='bbox 2899 5011 2913 5054; x_wconf 77' lang='lat' dir='ltr'><strong>t</strong></span> <span class='ocrx_word' id='word_1_573' title='bbox 2947 4994 3089 5056; x_wconf 91' lang='lat' dir='ltr'><strong>ideo</strong></span> <span class='ocrx_word' id='word_1_574' title='bbox 3118 4993 3260 5073; x_wconf 88' lang='lat' dir='ltr'><strong>ejus</strong></span> <span class='ocrx_word' id='word_1_575' title='bbox 3292 4993 3537 5074; x_wconf 89' lang='lat' dir='ltr'><strong>judicia</strong></span> 
     </span>
     <span class='ocr_line' id='line_1_92' title="bbox 2036 5092 3539 5175; baseline 0 -21"><span class='ocrx_word' id='word_1_576' title='bbox 2036 5092 2508 5175; x_wconf 89' lang='lat' dir='ltr'><strong>quantumlibet</strong></span> <span class='ocrx_word' id='word_1_577' title='bbox 2558 5094 2719 5155; x_wconf 91' lang='lat' dir='ltr'><strong>mira</strong></span> <span class='ocrx_word' id='word_1_578' title='bbox 2759 5100 2823 5155; x_wconf 91' lang='lat' dir='ltr'><strong>et</strong></span> <span class='ocrx_word' id='word_1_579' title='bbox 2865 5092 3539 5173; x_wconf 84' lang='lat' dir='ltr'><strong>incomprehensibilia</strong></span> 
     </span>
     <span class='ocr_line' id='line_1_93' title="bbox 2037 5191 3534 5273; baseline 0.001 -20"><span class='ocrx_word' id='word_1_580' title='bbox 2037 5192 2186 5264; x_wconf 91' lang='lat' dir='ltr'><strong>sint,</strong></span> <span class='ocrx_word' id='word_1_581' title='bbox 2222 5198 2432 5253; x_wconf 90' lang='lat' dir='ltr'><strong>tamen</strong></span> <span class='ocrx_word' id='word_1_582' title='bbox 2464 5191 2892 5253; x_wconf 88' lang='lat' dir='ltr'><strong>certissimum</strong></span> <span class='ocrx_word' id='word_1_583' title='bbox 2925 5199 3019 5253; x_wconf 91' lang='lat' dir='ltr'><strong>est</strong></span> <span class='ocrx_word' id='word_1_584' title='bbox 3049 5192 3218 5273; x_wconf 92' lang='lat' dir='ltr'><strong>quod</strong></span> <span class='ocrx_word' id='word_1_585' title='bbox 3254 5191 3427 5272; x_wconf 89' lang='lat' dir='ltr'><strong>justa</strong></span> <span class='ocrx_word' id='word_1_586' title='bbox 3460 5210 3534 5254; x_wconf 90' lang='lat' dir='ltr'><strong>ac</strong></span> 
     </span>
     <span class='ocr_line' id='line_1_94' title="bbox 2039 5289 3310 5372; baseline 0.002 -21"><span class='ocrx_word' id='word_1_587' title='bbox 2039 5289 2437 5372; x_wconf 87' lang='lat' dir='ltr'><strong>sapientialia</strong></span> <span class='ocrx_word' id='word_1_588' title='bbox 2481 5289 2545 5351; x_wconf 92' lang='lat' dir='ltr'><strong>in</strong></span> <span class='ocrx_word' id='word_1_589' title='bbox 2588 5296 2897 5353; x_wconf 81' lang='lat' dir='ltr'><strong>aeternum</strong></span> <span class='ocrx_word' id='word_1_590' title='bbox 2942 5292 3310 5355; x_wconf 88' lang='lat' dir='ltr'><strong>consistant.</strong></span> 
     </span>
    </p>
   </div>
  </div>
 </body>
</html>
