4359 6250
606 1335 626 1354 ⁶
655 1329 798 1406 εἶδος

619 2937 702 2978 art.

725 3166 734 3177 ·
831 3126 1090 3200 -Graece,
1141 3126 1359 3188 Latine
1411 3127 1647 3190 dicitur
1694 3127 1899 3191 forma
1950 3145 1964 3189 :

858 473 979 538 396

1496 496 1559 542 ΙΝ
1600 496 1822 542 LIBRUM
1863 497 1882 540 1
1927 496 2409 541 SENTEN'HARUM.
2456 514 2536 523 —
2577 495 2730 542 DIST.
2776 495 3005 557 xxxvl3
3048 496 3273 551 QUAEST.
3320 495 3341 540 1

861 662 1134 725 luntates
1197 667 1639 729 exsistentium
1711 665 2359 747 praedeterminativas
2390 663 2441 727 Α
2471 665 2596 728 dici
2632 666 2771 728 idea
2809 667 3057 741 domus,
3091 665 3394 748 quoniam
3435 661 3661 726 artifex
3694 661 3981 725 intendit.

859 769 924 824 et
967 763 1391 842 productivas.
1425 802 1506 810 —
1535 767 1984 826 Verumtamen
2031 783 2144 846 per
2188 765 2359 826 ideas

861 860 1051 922 habet
1109 862 1274 924 Deus
1333 864 1760 944 cognitionem
1824 882 1950 925 non
2012 863 2355 945 practicam

859 966 1130 1032 tantum,
1165 962 1274 1022 sed
1306 963 1498 1024 etiam
1531 962 1988 1044 speculativam
2021 962 2098 1023 de
2129 961 2355 1024 rebus:

863 1057 1012 1138 quia
1062 1060 1381 1138 cognoscit
1431 1080 1534 1122 eas
1580 1079 1705 1123 non
1750 1061 1956 1123 solum
2005 1060 2359 1122 secundum

861 1157 1030 1238 quod
1069 1165 1368 1220 emanant
1408 1158 1487 1220 ab
1529 1159 1688 1241 ipso,
1725 1160 1833 1222 sed
1873 1160 2028 1221 item
2072 1166 2261 1240 prout
2294 1159 2358 1220 in

862 1255 1120 1336 propria
1149 1263 1374 1317 natura
1411 1257 1787 1319 subsistunt.
1825 1259 1969 1320 Idea
1998 1257 2237 1318 etenim
2270 1256 2361 1317 di-

862 1351 1029 1413 citur
1075 1353 1154 1415 ab
1209 1353 1405 1427 idos*‚
1457 1357 1624 1436 quod
1675 1363 1771 1416 est
1815 1354 2018 1416 forma
2071 1372 2084 1416 :
2137 1354 2358 1436 sicque

861 1449 1000 1512 idea
1061 1461 1368 1533 quantum
1421 1454 1497 1515 ad
1548 1450 1828 1515 nominis
1879 1453 2353 1535 proprietatem,

857 1551 1188 1631 aequaliter
1221 1552 1410 1615 habet
1445 1572 1511 1614 se
1547 1553 1624 1614 ad
1664 1553 2006 1634 practicam
2041 1559 2104 1613 et
2135 1570 2356 1633 specu-

859 1647 1114 1730 lativam
1160 1651 1605 1732 cognitionem.
1646 1651 1973 1733 Siquidem
2019 1651 2224 1712 forma
2264 1649 2353 1731 rei

859 1746 923 1808 in
956 1747 1282 1810 intellectu
1314 1749 1640 1823 exsistens,
1660 1748 2048 1832 principium
2079 1757 2176 1810 est
2208 1749 2355 1810 utri-

2469 765 2822 827 assimilare
2888 766 3151 827 domum
3216 763 3435 827 sormae
3498 781 3689 844 quam
3752 768 3981 823 mente

2472 864 2916 945 praeconcepit.
2952 865 3287 944 Quumque
3329 862 3607 923 mundus
3646 861 3726 922 sit
3762 859 3981 922 sactus

2469 982 2506 1024 a
2546 962 2673 1024 Deo
2717 981 2830 1043 per
2875 961 3268 1024 intellectum
3308 967 3371 1022 et
3414 977 3539 1022 non
3579 979 3617 1021 a
3655 977 3823 1030 casu,
3860 975 3981 1018 ne-

2471 1079 2646 1123 cesse
2686 1068 2780 1122 est
2819 1061 2988 1142 quod
3031 1060 3093 1121 in
3138 1067 3348 1121 mente
3386 1057 3607 1120 divina
3643 1057 3727 1118 sit
3767 1057 3985 1118 forma

2468 1161 2547 1222 ad
2606 1160 2793 1242 cujus
2851 1159 3339 1222 similitudinem
3402 1157 3678 1219 mundus
3734 1163 3828 1218 est
3882 1155 3983 1217 fa-

2472 1266 2630 1320 ctus,
2668 1259 2741 1320 Et
2780 1258 2844 1319 in
2890 1259 3011 1322 hoc
3055 1257 3214 1319 ratio
3254 1256 3543 1319 consistit
3590 1255 3744 1318 ideae
3778 1273 3791 1316 :
3824 1273 3982 1335 quae

2470 1355 2630 1417 nihil
2662 1356 2833 1418 alind
2866 1363 2961 1417 est
2999 1374 3188 1437 quam
3222 1353 3438 1416 divina
3472 1353 3765 1415 essentia.
3800 1353 3981 1414 Deus

2471 1455 2641 1516 enim
2683 1456 3035 1518 secundum
3078 1453 3419 1515 essentiam
3466 1471 3645 1514 suam
3696 1458 3790 1512 est
3830 1468 3981 1513 om-

2471 1553 2649 1615 nium
2700 1572 2912 1616 rerum
2964 1552 3336 1615 similitudo,
3387 1551 3532 1614 Haec
3581 1550 3849 1612 Thomas
3906 1550 3981 1611 in

2470 1651 2748 1714 Summa.

2550 1750 2835 1832 Denique
2880 1748 2943 1810 in
2994 1749 3255 1812 Summa
3304 1755 3522 1810 contra
3563 1745 3853 1828 gentile-S,
3900 1746 3981 1808 li-

857 1865 1060 1927 usque
1120 1848 1522 1929 cognitioniS‚
1577 1867 1940 1930 quanquam
1997 1848 2347 1909 secundum
2392 1853 2438 1914 B
2470 1848 2583 1910 bro
2615 1849 2843 1930 primo,
2870 1847 3149 1929 capitulo
3180 1846 3711 1929 quinquagesimo
3741 1845 3977 1908 tertio:

859 1964 1043 2006 usum
1079 1945 1475 2027 loquentium
1509 1947 1649 2008 idea
1677 1954 1966 2008 sumatur
1997 1965 2112 2028 pro
2148 1947 2353 2009 forma

855 2062 997 2123 quae
1039 2051 1134 2104 est
1176 2045 1468 2124 practicae
1515 2044 1894 2125 cognitionis
1936 2045 2348 2126 principium,

855 2141 1207 2203 secundum
1269 2143 1438 2223 quod
1496 2143 1667 2205 ideas
1719 2161 2018 2206 vocamus
2080 2142 2353 2205 rationes

855 2239 1099 2301 entium
1149 2241 1562 2322 exemplares
1605 2277 1685 2288 —-
1723 2241 1964 2315 Quibus
2014 2242 2354 2303 concordat

855 2337 1024 2419 quod
1069 2338 1406 2401 undecimo
1445 2340 1885 2422 Metaphysicae
1918 2340 2142 2402 asserit
2173 2340 2354 2404 Com-

857 2445 1169 2498 mentator
1212 2455 1226 2499 :
1271 2438 1814 2510 Quemadmodum
1865 2455 2085 2499 omnes
2134 2437 2355 2501 formae

855 2535 1172 2596 naturales
1213 2536 1456 2597 suntin
1501 2537 1782 2617 potentia
1823 2537 1888 2597 in
1935 2536 2197 2598 materia
2228 2537 2357 2617 pri-

859 2652 982 2706 ma,
1017 2634 1106 2696 ita
1135 2643 1282 2696 sunt
1314 2635 1378 2696 in
1409 2643 1553 2696 actu
1588 2635 1651 2697 in
1686 2636 1892 2716 primo
1927 2643 2186 2698 motore.
2212 2636 2355 2698 Haec

858 2732 1128 2794 Thomas
1173 2733 1237 2794 in
1283 2733 1550 2815 Scripto.

936 2830 1012 2891 At
1056 2849 1206 2892 vero
1258 2830 1321 2892 in
1371 2831 1578 2912 prima
1623 2840 1799 2913 parte
1843 2832 2142 2906 Summae,
2190 2853 2355 2914 quae-

857 2928 1061 2990 stione
1104 2929 1597 3009 quintadecima,
1641 2929 1865 2992 scribit
1901 2947 1914 2991 :
1948 2930 2217 2993 Necesse
2258 2939 2354 2993 est

2468 1947 2832 2009 Intellectus
2870 1946 3137 2028 (inquit)
3180 1945 3436 2007 divinus
3484 1944 3661 2006 nulla
3701 1943 3822 2005 alia
3874 1945 3982 2006 in-

2466 2045 2696 2126 telligit
2736 2045 2947 2127 specie
2987 2044 3127 2128 nisi·
3152 2063 3265 2105 sua
3302 2043 3593 2106 essentia.
3630 2043 3979 2124 Quumque

2467 2143 2741 2206 essentia
2770 2138 2995 2205 suasit
3024 2142 3377 2204 similitudo
3405 2142 3693 2203 omnium
3724 2159 3975 2211 rerum,

2468 2242 2755 2324 sequitur
2783 2242 2952 2323 quod
2996 2239 3328 2322 conceptio
3369 2240 3730 2302 intellectus
3760 2239 3977 2301 divini

2470 2348 2657 2422 prout
2715 2340 3130 2421 semetipsum
3182 2338 3502 2419 intelligit,
3554 2357 3696 2419 quae
3744 2355 3981 2401 conce-

2470 2438 2603 2520 ptio
2661 2447 2755 2500 est
2808 2439 3085 2500 Verbum
3148 2438 3372 2520 ipsius,
3427 2456 3555 2500 non
3616 2437 3821 2499 solum
3886 2437 3981 2500 sit

2469 2537 2825 2599 similitudo
2856 2537 3056 2618 ipsius
3090 2537 3199 2599 Dei
3235 2537 3564 2611 intellecti,
3598 2536 3706 2598 sed
3738 2543 3801 2598 et
3828 2553 3977 2598 om-

2470 2637 2648 2697 nium
2680 2653 2953 2717 quorum
2988 2635 3204 2697 divina
3244 2635 3519 2698 essentia
3558 2642 3758 2697 exstat
3788 2634 3977 2698 simi-

2469 2735 2687 2796 litudo.
3148 2785 3155 2796 .
3198 2725 3207 2730 ’
3488 2751 3491 2756 ·

2548 2833 2786 2896 Deinde
2816 2833 3107 2915 sequenti
3149 2833 3386 2895 ibidem
3427 2832 3760 2914 subjungit
3796 2834 3979 2914 capi-

2470 2932 2601 2994 tulo
2645 2949 2659 2993 :
2704 2930 2985 2994 Difficile
3034 2931 3236 2994 videri
3287 2931 3481 2993 alicui
3531 2939 3757 3013 potest,
3790 2933 3974 3013 quod

858 3045 1092 3108 ponere
1127 3027 1190 3088 in
1225 3035 1435 3090 mente
1465 3028 1680 3090 divina
1711 3028 1900 3091 ideas.
1940 3031 2084 3091 Ἰδέα
2113 3030 2350 3092 etenim
2393 3035 2436 3097 C
2470 3049 2668 3092 unum
2700 3038 2763 3092 et
2792 3030 2961 3092 idem
2993 3029 3289 3112 simplex,
3323 3039 3477 3112 puta
3505 3029 3722 3092 divina
3749 3049 3975 3092 essen-

2019 3129 2189 3191 unde
2242 3149 2355 3211 per

855 3224 1026 3287 ideas
1084 3224 1526 3306 intelliguntur
1582 3227 1802 3289 formae
1855 3245 2068 3288 rerum
2127 3236 2354 3309 praeter

857 3324 1025 3405 ipsas
1067 3343 1165 3386 res
1205 3323 1600 3387 exsistentes.
1637 3326 1861 3388 Forma
1905 3334 2117 3388 autem
2156 3326 2352 3389 alicu-

850 3422 956 3502 jus
998 3422 1088 3484 rei
1130 3430 1358 3505 praetcr
1403 3423 1604 3505 ipsam
1651 3423 1984 3499 exsistenS,
2029 3432 2235 3506 potest
2274 3425 2351 3487 ad

851 3521 979 3583 duo
1028 3520 1287 3583 valere:
1322 3521 1551 3602 primo,
1591 3527 1659 3583 ut
1707 3522 1788 3583 sit
1837 3522 2163 3604 exemplar
2211 3523 2352 3605 ejus

854 3619 1041 3701 cujus
1081 3618 1318 3681 dicitur
1356 3619 1593 3698 forma3
1627 3621 1928 3695 secundo,
1962 3629 2030 3681 ut
2062 3622 2145 3683 sit
2181 3623 2353 3704 prin-

855 3716 1098 3799 cipium
1148 3737 1277 3780 suae
1327 3718 1728 3798 cognitioniS‚
1777 3720 2128 3781 secundum
2179 3722 2348 3802 quod

855 3816 1074 3879 sormae
1137 3816 1666 3898 cognoscibilium
1733 3816 2035 3879 dicuntur
2086 3838 2223 3881 esse
2282 3820 2349 3881 in

855 3922 1292 3997 cognoscente.
1319 3915 1395 3975 Et
1424 3923 1735 3996 quantum
1766 3916 1843 3977 ad
1877 3923 2219 3998 utrumque
2251 3937 2353 3979 ne·

852 4034 1028 4077 cesse
1076 4022 1173 4076 est
1215 4031 1450 4095 ponere
1495 4014 1665 4075 ideas
1701 4032 1715 4075 ε
1748 4014 1899 4097 quia
1943 4014 2007 4076 in
2051 4014 2349 4077 omnibus

851 4132 994 4194 quae
1023 4130 1147 4173 non
1179 4118 1560 4193 generantur
1588 4132 1627 4174 a
1664 4131 1836 4186 casu,
1870 4120 2117 4194 oportet
2157 4132 2350 4195 pone-

2466 3129 2573 3202 tia,
2609 3129 2691 3191 sit
2736 3129 2993 3210 propria
3034 3128 3389 3191 similitudo
3438 3147 3510 3191 ac
3554 3128 3713 3191 ratio
3759 3128 3977 3192 dive-r-

2466 3244 2702 3289 sorum.
2736 3226 2894 3289 Nam
2936 3246 3137 3307 quum
3177 3226 3574 3289 diversarum
3618 3245 3831 3288 rerum
3872 3226 3973 3289 di-

2466 3320 2724 3386 stinctio
2754 3324 2836 3385 sit.
2866 3324 3108 3387 ratione
3141 3325 3544 3407 propriarum
3582 3324 3967 3399 formarum,

2464 3423 2633 3504 quod
2683 3422 2875 3485 alicui
2920 3424 3273 3485 secundum
3318 3423 3641 3505 propriam
3686 3423 3969 3487 formam

2464 3521 2675 3583 simile
2707 3520 2921 3595 fuerit,
2954 3528 3203 3603 oportet
3230 3521 3412 3585 alteri
3445 3540 3585 3585 esse
3623 3522 3964 3585 dissimile.

2464 3620 2979 3702 investigandum
3011 3628 3107 3683 est
3144 3639 3315 3702 ergo,
3348 3620 3622 3702 qualiter
3650 3621 3815 3683 Deus
3844 3641 3972 3685 seu

2462 3717 2604 3798 ejus
2633 3716 2907 3781 essentia
2938 3726 3126 3800 queat
3155 3737 3293 3781 esse
3327 3718 3584 3801 propria
3612 3718 3976 3783 similitudo

2463 3836 2536 3878 ac
2567 3816 2727 3879 ratio
2758 3817 3177 3899 singulorum.
3212 3818 3455 3900 Nempe
3486 3827 3556 3879 ut
3593 3827 3815 3881 octavo
3840 3820 3974 3883 Me-

2467 3916 2807 3998 taphysicae
2836 3917 2925 3977 ait
2954 3915 3395 3999 PhilosophuS,
3430 3917 3649 3981 sormae
3680 3937 3791 3979 seu
3822 3938 3971 4000 spe-

2464 4014 2593 4077 cies
2625 4034 2837 4078 rerum
2869 4034 2937 4077 se
2967 4014 3201 4077 habent
3233 4025 3300 4078 ut
3332 4016 3688 4090 numeri,et
3716 4016 3969 4081 similes

2464 4121 2610 4174 sunt
2641 4113 2946 4175 numeris,
2972 4114 3515 4187 Quemadmodum
3548 4114 3718 4177 enim
3752 4115 3819 4177 in
3849 4136 3973 4179 nu·

853 4228 920 4271 re
953 4210 1221 4271 formam
1262 4227 1400 4271 esse
1441 4208 1640 4272 finem
1681 4210 2106 4289 generationis
2137 4213 2349 4293 cujus·
2383 4220 2431 4279 D
2465 4211 2678 4285 meris,
2724 4232 2849 4274 una
2900 4212 3139 4274 unitate
3188 4212 3401 4275 addita
3448 4221 3555 4275 aut
3612 4214 3965 4291 subtracta,

853 4326 1146 4389 cumque.
1199 4307 1406 4388 Agens
1464 4316 1676 4371 autem
1727 4326 1854 4369 non
1906 4308 2034 4389 agit
2094 4318 2351 4393 propter

853 4406 1124 4469 formam
1156 4406 1279 4467 nisi
1314 4406 1379 4468 in
1411 4414 1717 4487 quantum
1751 4406 2105 4470 similitudo
2134 4409 2350 4473 formae

853 4511 948 4567 est
986 4504 1050 4566 in
1091 4503 1232 4585 ipso
1265 4522 1278 4565 :
1315 4505 1482 4585 quod
1529 4505 1838 4587 contingit
1881 4506 2243 4589 dupliciter.
2279 4510 2346 4569 In

852 4602 1237 4684 quibusdam
1280 4622 1555 4683 namque
1594 4604 1929 4684 agentibus
1972 4606 2349 4687 praeexsistit

849 4700 1058 4764 forma
1085 4700 1175 4762 rei
1207 4700 1436 4763 fienda*
1477 4702 1829 4763 secundum
1870 4721 2007 4764 esse
2039 4705 2345 4780 naturale,

849 4798 1015 4861 sicut
1065 4799 1130 4860 in
1174 4800 1273 4861 his
1318 4818 1459 4882 quae
1501 4806 1696 4880 agunt
1746 4819 1857 4880 per
1902 4808 2193 4862 naturam
2229 4812 2349 4863 :ut

850 4898 1042 4959 homo
1090 4905 1348 4978 generat
1394 4898 1743 4971 hominem,
1787 4898 1951 4979 ignis
2003 4900 2235 4979 ignem.
2278 4903 2347 4963 In

848 4994 1415 5076 quibusdam'vero
1456 4996 1834 5076 praeexsistit
1874 4997 2226 5059 secundum
2258 5018 2349 5060 es-

799 5084 806 5093 ’
848 5111 916 5155 εθ
968 5093 1392 5176 intelligibile,
1429 5100 1497 5155 ut
1542 5093 1606 5154 in
1651 5094 1750 5158 his
1801 5114 1942 5177 quae
1991 5104 2187 5177 agunt
2238 5116 2349 5178 per

852 5191 1246 5253 intellectum
1282 5209 1295 5252 :
1331 5191 1497 5253 sicut
1536 5191 1889 5255 similitudo
1929 5193 2155 5255 domus
2196 5214 2351 5276 prae-

854 5288 1102 5351 exsistit
1150 5288 1214 5349 in
1260 5297 1470 5351 mente
1513 5288 1820 5369 artificis;
1853 5298 1916 5352 et
1964 5291 2098 5355 haec
2142 5300 2351 5375 potest

2460 4309 2704 4392 specics
2736 4311 2986 4372 numeri
3020 4311 3329 4390 variatur3
3356 4312 3443 4373 ita
3473 4312 3538 4373 in
3571 4312 3795 4375 formis
3824 4334 3972 4396 spe·

2460 4409 2684 4483 cilicis,
2714 4428 2838 4471 una
2868 4410 3187 4472 essentiali
3222 4409 3587 4473 differentia
3617 4412 3829 4474 addita
3854 4416 3965 4476 vel

2460 4506 2801 4580 subtracta,
2864 4507 3109 4588 species
3170 4508 3467 4570 variatur.
3525 4509 3594 4572 In
3652 4510 3752 4572 his
3807 4530 3967 4575 vero

2459 4623 2601 4687 quae
2632 4604 2696 4665 in
2730 4625 2796 4668 se
2837 4606 3165 4668 continent
3206 4606 3426 4680 multa,
3461 4626 3587 4670 non
3630 4609 3715 4670 ita
3754 4628 3821 4671 se
3850 4610 3967 4673 ha-

2462 4702 2567 4764 bet
2615 4702 2975 4765 intellectus
3020 4704 3184 4765 sicut
3228 4710 3501 4767 natura:
3535 4706 3685 4788 quia
3732 4714 3965 4772 natura

2461 4819 2586 4863 non
2621 4802 2857 4882 patitur
2886 4821 2960 4864 ea
2988 4821 3127 4865 esse
3166 4802 3371 4865 divisa
3410 4824 3552 4885 quae
3581 4805 3658 4866 ad
3692 4825 3832 4868 esse
3862 4808 3958 4871 rei

2458 4900 2829 4980 exigun'tur3
2863 4901 3223 4964 intellectus
3253 4920 3405 4965 vero
3435 4922 3508 4965 ea
3538 4923 3679 4984 quae
3709 4912 3859 4966 sunt
3892 4906 3959 4968 in

2460 4998 2735 5061 essentia
2783 4999 3143 5080 conjuncta,
3190 5008 3397 5082 potest
3444 5002 3704 5065 divisim
3752 5005 3961 5067 consi-

2461 5098 2679 5159 derare
2723 5116 2796 5158 ac
2846 5088 3121 5172 sumere,
3154 5099 3308 5160 dum
3358 5120 3557 5163 unum
3610 5119 3735 5164 non
3786 5104 3960 5165 cadit

2460 5195 2526 5255 in
2592 5186 2833 5257 ratione
2890 5195 3152 5257 alterius
3206 5214 3219 5258 :
3274 5197 3493 5279 sicque
3553 5200 3616 5261 in
3680 5202 3958 5265 ternario

2462 5293 2860 5356 considerare
2892 5301 3097 5376 potest
3137 5294 3457 5357 binarium
3491 5304 3759 5373 tantum,
3792 5308 3855 5361 et
3889 5300 3957 5361 in
