4359 6250
872 480 993 545 610

1527 500 1591 547 IN
1633 496 1855 546 manvu
1898 498 1918 545 1
1960 497 2443 545 SENTENTIARUM.
2489 516 2570 527 -
2612 495 2766 545 DIST.
2812 495 2970 563 XLV}
3013 500 3237 556 QUAEST.
3284 496 3330 545 11

874 678 938 733 et
980 669 1293 744 voluntaS,
1338 690 1542 734 causae
1585 671 2027 752 primordiales
2070 690 2106 732 a
2148 671 2371 734 volun·
2401 668 2454 733 A
2487 670 2775 732 tellectus
2819 670 3168 750 distinguat
3215 671 3381 733 inter
3419 690 3533 733 ens
3571 678 3634 733 et
3673 671 3792 733 boc
3835 690 3980 746 enS,

874 775 1001 831 tate
1050 768 1266 830 divina
1324 776 1625 851 tanquam
1686 769 2205 851 proficiscuntur,
2259 787 2374 851 per

875 867 1254 948 sapientiam
1290 867 1673 949 diriguntur,
1708 885 1821 949 per
1850 866 2200 948 potentiam
2236 884 2374 948 pro-

875 966 1217 1027 ducuntur.
1253 966 1555 1028 Voluntas
1586 965 1821 1027 etenim
1856 974 2088 1039 movet,
2123 965 2374 1046 sapien-

872 1064 962 1125 tia
1010 1063 1314 1145 disponit,
1362 1064 1645 1145 potentia
1692 1063 1985 1145 explicat.
2030 1064 2173 1125 Haec
2224 1071 2374 1124 sunt

805 1236 808 1238 ‚
876 1162 1291 1224 fundamenta
1320 1163 1607 1225 omnium
1642 1181 1974 1224 causarum
2006 1162 2374 1224 aeterna.At-

873 1268 1086 1322 tamen
1119 1260 1270 1341 quia
1309 1259 1576 1322 scientia
1614 1268 1804 1342 atque
1846 1260 2125 1341 potent-ia
2165 1279 2233 1321 se
2271 1260 2373 1320 ha-

874 1358 1030 1420 bent
1072 1358 1555 1421 indeterminate
1601 1359 1679 1420 ad
1726 1358 1945 1429 multa,
1979 1366 2043 1419 et
2082 1357 2373 1418 voluntas

874 1456 1256 1519 determinat
1314 1456 1433 1519 hoc
1492 1457 1591 1518 vel
1652 1456 1847 1535 illud3
1898 1456 2048 1519 binc
2108 1456 2374 1517 actualis

876 1553 1209 1636 productio
1254 1563 1556 1617 creaturae
1600 1555 1802 1635 magis
1844 1553 2228 1616 adscribitur
2272 1571 2375 1616 vo-

874 1652 1121 1715 luntati.

955 1752 1195 1814 Deinde
1234 1752 1311 1814 ad
1357 1752 1773 1834 quaestionem
1817 1751 2000 1823 hanc,
2034 1769 2115 1812 an
2155 1749 2375 1813 volun-

2482 776 2694 830 tamen
2767 769 3051 850 potentia
3124 769 3500 851 productiva
3569 768 3984 851 elicitiveque

2479 884 2998 948 exsequcnS,non
3028 868 3334 929 discernit
3355 869 3528 930 inter
3559 886 3648 943 ea,
3663 886 3780 931 nec
3810 867 3984 957 Deus

2480 974 2694 1046 posset
2742 983 2954 1027 creare
3003 984 3116 1027 ens
3176 965 3294 1027 nisi
3350 966 3622 1028 creando
3671 965 3789 1027 hoc
3836 984 3981 1038 enS,

2483 1081 2600 1124 nec
2657 1071 2931 1126 econtra.
2985 1064 3131 1126 Ideo
3181 1064 3424 1137 dicunt,
3476 1065 3645 1145 quod
3705 1063 3988 1126 effectus

2481 1161 2646 1236 talis,
2696 1170 2824 1223 tam
2877 1181 2914 1224 a
2965 1162 3172 1244 prima
3220 1181 3408 1224 causa
3463 1182 3656 1243 quam
3704 1180 3743 1223 a
3789 1180 3990 1223 causa

2481 1260 2760 1321 secunda
2816 1260 3170 1322 secundum
3228 1278 3296 1323 se
3351 1267 3552 1323 totum
3612 1260 3988 1323 immediate

2481 1356 2755 1430 elicitur,
2790 1365 3001 1420 tamen
3044 1359 3398 1420 secundum
3441 1358 3640 1421 alium
3678 1366 3742 1420 et
3779 1358 3988 1419 alium

2485 1456 2744 1517 modum
2791 1476 2805 1519 :
2849 1456 3000 1537 quia
3047 1476 3084 1517 a
3131 1476 3320 1519 causa
3373 1457 3578 1538 prima
3627 1458 3986 1518 secundum

2483 1554 2878 1634 superiorem
2931 1555 3215 1628 modum,
3247 1562 3331 1627 ,et
3379 1574 3418 1616 a
3465 1573 3656 1617 causa
3702 1555 3992 1617 secunda

2484 1671 2597 1733 per
2629 1653 2891 1715 modum
2925 1652 3313 1715 inferiorem.
3336 1653 3448 1716 Cui
3482 1653 3782 1736 positioni
3813 1654 3994 1715 vide-

2483 1757 2585 1812 tur
2625 1752 3006 1813 concordare
3045 1752 3574 1814 commentarium
3621 1770 3813 1833 super
3853 1750 3990 1833 pri-

874 1858 968 1912 tas
1019 1850 1129 1912 Dei
1190 1850 1272 1912 sit
1321 1851 1685 1912 immediata
1734 1858 1797 1911 et
1847 1850 2137 1931 proxima
2185 1867 2375 1909 causa
2411 1851 2456 1913 B
2485 1866 2654 1909 mam
2682 1848 3182 1930 propositionem
3215 1848 3360 1911 libri
3389 1850 3466 1911 de
3493 1849 3987 1921 Causis‚dicens:

876 1968 1111 2019 rerum,
1166 1949 1504 2030 respondet
1550 1968 1564 2011 :
1610 1948 1911 2011 Voluntas
1959 1947 2073 2009 Dei
2121 1954 2217 2009 est
2264 1946 2374 2009 bo-

874 2065 1103 2109 norum
1153 2055 1553 2110 causatorum
1605 2065 1793 2108 causa
1854 2046 2262 2124 immediata;
2312 2052 2374 2106 et

875 2145 1297 2227 quorumdam
1339 2152 1433 2207 est
1470 2144 1836 2206 immediata
1877 2163 2066 2205 causa
2098 2152 2371 2217 tantum,

878 2252 1032 2325 puta
1060 2262 1283 2307 eorum
1316 2264 1457 2326 quae
1488 2251 1636 2305 sunt
1664 2262 1701 2305 a
1732 2244 1858 2306 Deo
1888 2260 2015 2305 non
2054 2243 2373 2304 mediante

876 2362 1068 2405 causa
1094 2343 1390 2405 secunda.
1420 2341 1784 2404 Effectuum
1814 2348 2025 2402 autem
2058 2340 2371 2403 bonorum

876 2461 1017 2523 quae
1054 2448 1203 2503 sunt
1230 2460 1269 2502 a
1298 2459 1487 2502 causa
1524 2440 1822 2513 secunda,
1857 2440 2022 2501 Deus
2060 2446 2156 2501 est
2188 2457 2377 2501 causa

878 2539 1171 2613 mediata,
1222 2539 1288 2601 in
1338 2546 1645 2621 quantum
1699 2556 1889 2599 causa
1940 2537 2048 2599 illa
2096 2538 2376 2599 secunda

876 2637 956 2700 ab
1019 2638 1156 2720 ipso
1214 2645 1327 2699 est.
1384 2637 1492 2699 Est
1551 2654 1805 2718 quoque
1866 2636 2120 2698 illorum
2185 2655 2376 2697 causa

878 2735 1263 2797 immediata.
1299 2735 1749 2797 Verumtamen
1794 2734 2065 2815 qualiter
2108 2734 2228 2796 hoc
2268 2735 2371 2808 sit,

878 2834 1143 2897 diversae
1172 2841 1321 2895 sunt
1351 2833 1703 2914 opiniones,
1728 2833 1881 2894 Nam
1910 2832 2103 2913 aliqui
2135 2832 2372 2904 dicunt,

878 2933 1048 3013 quod
1080 2939 1228 2993 sunt
1257 2951 1294 2993 a
1324 2950 1512 2993 causa
1552 2931 1832 2992 secunda
1864 2937 1933 2991 ut
1962 2930 2279 3003 eliciente,
2314 2937 2377 2991 et

2484 1944 2683 2007 Causa
2739 1946 2947 2027 prima
3001 1947 3078 2008 ad
3080 1947 3262 2026 juvat
3321 1965 3575 2009 causam
3636 1946 3990 2009 secundam

2483 2062 2676 2125 super
2706 2044 3139 2126 operationem
3173 2064 3372 2119 suam,
3392 2045 3694 2127 quoniam
3723 2063 3990 2107 omnem

2484 2142 2916 2223 operationem
2949 2162 3140 2225 quam
3173 2143 3326 2205 facit
3356 2163 3546 2206 causa
3575 2144 3873 2217 secunda,
3899 2144 3993 2205 ef-

2482 2240 2624 2302 ficit
2662 2242 2855 2303 etiam
2895 2261 3088 2303 causa
3125 2242 3353 2323 prima,
3389 2250 3828 2304 verumtamen
3867 2261 3994 2323 per

2487 2339 2747 2401 modum
2799 2339 3261 2403 sublimiorem.
3315 2341 3548 2403 Dicunt
3595 2358 3764 2422 ergo,
3811 2342 3990 2422 quod

2484 2439 2778 2519 quamvis
2809 2439 2891 2500 sit
2920 2439 3318 2520 impossibile
3348 2440 3646 2502 eumdem
3676 2438 3992 2501 effectum

2484 2537 2836 2598 secundum
2877 2556 2943 2599 se
2975 2544 3179 2600 totum
3222 2538 3588 2600 immediate
3618 2558 3758 2600 esse
3788 2558 3824 2601 a
3855 2539 3992 2619 pri-

2487 2654 2588 2696 ma
2619 2653 2808 2697 causa
2836 2643 2899 2696 et
2919 2655 2956 2697 a
2982 2654 3170 2697 causa
3200 2637 3478 2699 secunda
3509 2637 3778 2699 univoce
3807 2655 3998 2717 agen·

2486 2731 2678 2805 tibus,
2712 2751 2840 2795 non
2872 2743 3084 2795 tamen
3127 2733 3444 2815 loquendo
3473 2735 3551 2796 dc
3582 2734 3792 2796 causis
3831 2754 3996 2815 qua-

2485 2850 2626 2892 rum
2672 2832 2951 2893 actiones
3000 2849 3125 2893 non
3175 2832 3594 2895 univocantur
3637 2834 3704 2894 in
3743 2834 3991 2915 aliquo,

2486 2930 2651 2990 sicut
2714 2937 2862 2991 sunt
2923 2930 3088 2993 actio
3152 2950 3357 2993 causae
3420 2932 3642 3012 primae
3699 2940 3763 2993 et
3819 2932 3997 2995 actio

879 3030 1071 3092 etiam
1116 3031 1480 3093 immediate
1523 3048 1559 3091 a
1596 3028 1725 3090 Deo
1767 3036 1834 3090 ut
1872 3048 1909 3089 a
1948 3048 2138 3090 causa
2181 3029 2378 3111 impe·
2414 3032 2457 3096 C
2489 3046 2694 3091 causae
2737 3029 3051 3091 secundae.
3087 3030 3231 3091 Haec
3275 3029 3646 3092 RicharduS.

882 3137 1081 3204 rante,
1132 3147 1261 3192 non
1309 3127 1627 3201 eliciente,
1678 3128 1815 3190 sine
1868 3127 2055 3208 cujus
2105 3127 2377 3210 imperio

883 3245 1074 3290 causa
1118 3227 1397 3289 secunda
1441 3244 1569 3289 non
1618 3233 1832 3307 posset
1879 3225 2184 3287 effectum
2235 3243 2377 3307 pro-

884 3326 1135 3387 ducere.
1187 3360 1268 3369 —
1313 3324 1471 3386 Aliis
1519 3342 1670 3386 vero
1719 3341 1845 3386 non
1896 3325 2147 3386 videtur
2207 3325 2376 3386 istud

883 3423 1207 3498 sufficere,
1249 3422 1403 3505 quia
1445 3423 1735 3485 voluntas
1789 3442 1902 3504 per
1944 3442 2131 3484 suum
2176 3422 2377 3504 impe-

883 3521 1053 3582 rium
1095 3521 1185 3583 nil
1217 3529 1393 3583 extra
1422 3540 1489 3582 se
1521 3521 1815 3602 producit
1843 3520 1967 3582 nisi
2008 3539 2120 3602 per
2161 3529 2378 3602 poten-

883 3621 1039 3681 tiam
1078 3619 1358 3702 aliquam
1399 3628 1852 3701 exsequentem
1888 3639 1901 3682 :
1938 3620 2157 3701 sicque
2191 3638 2380 3681 causa

883 3718 1163 3780 secunda
1192 3718 1539 3780 dummodo
1571 3725 1969 3799 permaneret
2001 3717 2065 3780 in
2098 3737 2259 3792 esse,
2288 3718 2380 3778 ita

885 3824 1100 3898 posset
1128 3814 1433 3878 effectum
1473 3835 1663 3878 suum
1704 3816 2053 3896 producere
2085 3815 2224 3878 sine
2257 3816 2382 3897 pri-

888 3933 1007 3977 mae
1054 3933 1260 3977 causae
1318 3914 1586 3995 imperio
1637 3913 1803 3975 sicut·
1852 3931 1997 3974 cum
2057 3913 2183 3976 illo.
2236 3914 2382 3976 Ideo

886 4013 1109 4075 dicunt
1146 4013 1235 4086 hi,
1269 4011 1440 4094 quod
1486 4011 1652 4073 idem
1696 4011 1967 4073 effectus
2006 4011 2118 4092 qui
2160 4030 2383 4074 secun-

888 4113 1041 4174 dum
1088 4131 1156 4174 se
1200 4119 1401 4174 totum
1454 4117 1548 4172 est
1586 4118 1649 4171 et
1691 4110 1944 4172 elicitur
1982 4129 2019 4171 a
2058 4130 2248 4172 causa
2288 4130 2383 4173 se-

2568 3127 2756 3190 Porro
2786 3127 2864 3189 de
2897 3127 3018 3190 hoc
3048 3128 3321 3191 Thomas
3357 3128 3582 3190 scribit
3618 3129 3684 3190 in
3722 3129 3998 3193 Summa

2488 3231 2706 3288 contra
2750 3225 3041 3306 gentileS,
3093 3227 3278 3289 tertio
3326 3226 3512 3301 libro,
3554 3227 3666 3289 ubi
3706 3229 3998 3310 capitulo

2489 3325 2880 3405 sexagesimo
2925 3343 3092 3387 nono
3133 3325 3418 3407 disputat
3463 3334 3680 3389 contra
3721 3344 3829 3389 eos
3871 3329 3996 3409 qui

2489 3422 2674 3484 rebus
2705 3417 3101 3485 naturalibus
3133 3423 3513 3487 subtrahunt
3541 3425 3824 3507 proprias
3845 3443 4000 3508 ope-

2491 3521 2762 3582 rationes
2815 3539 2926 3582 seu
2975 3521 3279 3595 actioneS,
3331 3522 3616 3585 dicentes
3666 3523 3834 3604 quod
3884 3545 3998 3587 res

2489 3618 2807 3680 naturales
2857 3619 3215 3682 materiales
3279 3639 3403 3682 non
3455 3629 3752 3682 exercent
3797 3623 4000 3684 actio-

2491 3735 2602 3778 nes
2641 3736 2781 3797 quae
2827 3716 2971 3777 fieri
3016 3717 3314 3780 videntur
3358 3718 3438 3780 ab
3481 3719 3595 3793 eiS,
3629 3720 3738 3781 sed
3781 3719 4000 3782 virtus

2490 3813 2860 3877 substantiae
2900 3814 3251 3896 spiritualis
3292 3824 3629 3898 penetrans
3674 3818 3843 3898 ipsas
3885 3838 3999 3881 res

2494 3911 2872 3986 materialcS,
2897 3912 3063 3974 sicut
3093 3913 3448 3978 Avicebron
3481 3914 3546 3977 in
3581 3915 3744 3978 libro
3773 3916 4002 3979 Fontis

2492 4011 2637 4074 vitae.
2681 4018 2945 4074 conatur
2987 4012 3348 4075 defendere.

2573 4109 2810 4171 Deinde
2841 4118 3146 4190 sequente
3178 4110 3266 4172 ibi
3301 4111 3602 4193 capitulo,
3628 4113 3811 4175 docet
3840 4132 4008 4194 qua-

889 4212 1117 4286 cunda,
1152 4211 1341 4273 etiam
1385 4210 1639 4272 elicitur
1681 4210 2033 4272 secundum
2077 4229 2143 4271 se
2180 4217 2380 4273 totum
2414 4217 2463 4278 D
2496 4209 2638 4271 liter
2678 4209 2846 4271 idem
2889 4209 3159 4272 effectus
3200 4211 3282 4273 sit
3311 4231 3348 4273 a
3385 4212 3513 4274 Deo
3550 4221 3614 4274 et
3647 4233 3684 4275 a
3719 4214 4008 4276 naturali

888 4329 925 4371 a
956 4311 1163 4392 prima
1200 4328 1388 4371 causa
1430 4308 1816 4382 immediate,
1857 4315 2066 4370 tamen
2109 4308 2230 4370 sub
2260 4308 2384 4370 alia

888 4409 1129 4470 ratione
1164 4426 1178 4470 ε
1213 4407 1362 4489 quia
1392 4427 1429 4468 a
1459 4408 1607 4481 Deo,
1642 4426 1841 4489 quum
1874 4408 1956 4469 sit
1984 4407 2386 4488 generalissi-

892 4525 995 4569 ma
1027 4525 1235 4580 causa,
1268 4513 1364 4567 est
1392 4504 1511 4568 sub
1548 4506 1788 4568 ratione
1819 4505 2133 4586 generalis
2181 4506 2385 4568 inten-

889 4604 1104 4679 tioniS,
1150 4623 1261 4666 seu
1311 4603 1377 4664 in
1425 4611 1734 4685 quantum
1785 4611 1882 4664 est
1920 4621 2069 4681 ens;
2122 4622 2158 4665 a
2197 4623 2385 4666 causa

890 4721 1041 4767 vero
1079 4702 1357 4765 secunda
1393 4709 1489 4763 est
1525 4701 1645 4762 sub
1684 4701 1926 4764 ratione
1966 4721 2091 4783 qua
2132 4709 2230 4764 est
2267 4702 2387 4765 hoc

890 4805 1207 4884 signatum
1247 4820 1379 4864 enS.
1416 4801 1491 4862 Et
1522 4800 1825 4881 quoniam
1864 4821 1976 4863 ens
2017 4807 2081 4862 et
2111 4800 2232 4863 hoc
2274 4820 2387 4864 ens

892 4910 1043 4964 sunt
1090 4901 1258 4963 idem
1320 4900 1385 4961 in
1439 4899 1561 4961 isto
1608 4899 1867 4972 effectu,
1921 4899 2063 4962 ideo
2114 4899 2387 4962 effectus

894 5001 1013 5064 iste
1072 4999 1437 5060 immediate
1496 5005 1592 5060 est
1638 5018 1673 5060 a
1728 5017 1918 5060 causa
1976 4997 2183 5079 prima
2241 5006 2304 5060 et
2352 5019 2389 5061 a

894 5118 1083 5162 causa
1131 5098 1409 5160 secunda
1455 5095 1734 5159 elicitive
1783 5097 2135 5159 secundum
2187 5115 2254 5158 se
2298 5106 2386 5160 to-

891 5207 1051 5261 tum.
1076 5233 1156 5242 —
1183 5196 1414 5258 Verum
1447 5204 1509 5257 et
1541 5194 1659 5257 ista
1688 5195 1906 5277 opinio
1944 5213 2070 5257 non
2110 5196 2389 5277 compla-

898 5305 997 5361 cet
1048 5297 1205 5358 aliis.
1254 5295 1411 5357 Nam
1471 5293 1763 5377 quamvis
1822 5293 2244 5356 consideratio
2298 5294 2390 5356 in·

2493 4316 2714 4390 agente
2751 4326 2764 4370 :
2799 4308 3211 4383 Quibusdam,
3248 4309 3565 4392 inquienS,
3601 4310 3870 4374 difficile
3906 4312 4012 4375 vi-

2493 4408 2678 4469 detur
2721 4407 2798 4470 ad
2846 4406 3355 4488 intelligendum,
3392 4409 3559 4491 quod
3607 4409 3799 4472 iidem
3839 4409 4010 4473 effe-

2495 4514 2634 4568 ctus
2686 4505 3003 4567 naturales
3051 4507 3483 4569 attribuantur
3525 4509 3654 4570 Deo
3695 4527 3768 4570 ac
3811 4518 4010 4572 natu-

2496 4605 2611 4666 rali
2669 4603 2899 4685 agenti.
2951 4605 3108 4666 Nam
3168 4606 3390 4668 eadem
3446 4607 3611 4669 actio
3658 4626 3695 4669 a
3741 4607 4010 4672 duobus

2496 4701 2830 4784 agentibus
2869 4720 2996 4765 non
3037 4703 3288 4765 videtur
3327 4705 3620 4786 progredi
3665 4723 3850 4788 posse
3887 4723 3906 4768 ε
3945 4708 4011 4770 si

2496 4820 2644 4882 ergo
2701 4801 2866 4864 actio
2924 4820 3039 4884 per
3097 4822 3288 4883 quam
3352 4803 3657 4866 naturalis
3719 4803 4010 4867 effectus

2500 4901 2890 4982 producitur,
2948 4900 3236 4982 procedit
3286 4920 3322 4962 a
3375 4919 3639 4984 corpore
3695 4904 4009 4978 naturali,

2498 5016 2625 5061 non
2676 4999 2960 5079 procedit
3003 5019 3040 5060 a
3092 4999 3236 5062 Deo.
3280 5000 3541 5076 lterum,
3589 5000 4012 5084 superfluum

2498 5103 2593 5158 est
2642 5095 2784 5158 fieri
2837 5116 2949 5177 per
2999 5098 3207 5179 plura,
3256 5099 3424 5181 quod
3474 5099 3876 5162 sufficienter
3925 5102 4014 5164 fit

2497 5215 2612 5278 per
2659 5215 2881 5257 unum.
2925 5196 3104 5271 Item,
3148 5197 3202 5258 si
3247 5204 3452 5259 totum
3500 5199 3855 5260 naturalem
3913 5202 4014 5263 ef-

2501 5294 2740 5357 fectum
2801 5294 2965 5356 Deus
3023 5295 3338 5377 producit,
3389 5296 3550 5358 nihil
3609 5296 4014 5380 relinquitur
