4359 6250
1259 509 1432 556 unna
1474 510 1493 555 1
1537 507 2019 556 SENTENTIARUM.
2063 525 2144 536 ·—·
2184 508 2337 555 msT.
2382 509 2595 556 XXXVH

3350 489 3473 556 425

381 677 682 759 quoniam
735 678 1032 742 nobiliori
1080 679 1624 762 spiritualiorique
1682 679 1870 742 modo
1898 677 1950 740 A
1977 698 2045 742 se
2085 679 2341 754 habent,
2375 678 2671 742 videlicet
2712 677 2927 754 ide-ale,
2964 687 3035 741 ut
3064 678 3309 742 dictum
3352 686 3464 742 est.

380 783 526 839 sunt
567 796 668 840 res
709 777 774 840 in
815 778 1140 840 intellectu
1181 785 1598 860 cognoscente
1637 785 1866 849 creato,

382 893 570 956 quam
615 895 717 938 res
761 877 916 958 ipsae
958 876 1022 938 in
1067 877 1309 939 mundo
1351 884 1678 940 contentae.
1726 876 1870 940 Haec

376 973 836 1038 Bonaventura.

455 1073 614 1135 Hinc
655 1073 874 1136 Petrus
910 1093 925 1138 ε
957 1075 1122 1138 Dum
1164 1076 1492 1158 quietatur,
1528 1074 1756 1158 inquit,
1789 1095 1868 1138 an

377 1189 474 1232 res
505 1172 722 1234 verius
761 1171 846 1234 sit
877 1171 942 1234 in
972 1181 1198 1237 natura
1228 1174 1485 1258 propria
1513 1174 1612 1236 vel
1646 1173 1711 1236 in
1742 1173 1870 1236 Deo

379 1269 475 1330 vel
510 1269 578 1331 in
609 1270 824 1333 anima
852 1291 963 1334 seu
999 1279 1210 1335 mente
1241 1281 1470 1347 creata,
1503 1281 1612 1336 aut
1639 1272 1870 1335 intelli-

377 1367 548 1450 gitur
579 1371 659 1431 de
688 1388 841 1433 vero
869 1389 1008 1432 esse
1039 1371 1138 1432 sui
1168 1373 1442 1453 generiS,
1475 1381 1584 1435 aut
1612 1373 1690 1435 de
1721 1389 1870 1435 vero

377 1485 514 1528 esse
551 1467 932 1549 generaliter
969 1479 1244 1553 sumpto.
1278 1471 1490 1534 Primo
1529 1472 1736 1546 mode,
1770 1481 1872 1532 ve·-

379 1565 512 1627 rius
551 1575 701 1629 sunt
735 1587 835 1629 res
875 1567 942 1630 in
981 1588 1096 1632 sua
1132 1578 1374 1632 natura.
1417 1571 1708 1632 Secundo
1743 1589 1873 1632 mo-

382 1664 481 1737 do,
515 1664 897 1748 simpliciter
928 1667 1143 1729 verius
1183 1675 1328 1730 sunt
1371 1669 1434 1730 in
1479 1668 1734 1751 propria
1769 1689 1873 1732 na-

383 1769 542 1836 tura,
595 1782 788 1846 quam
837 1764 904 1826 in
952 1765 1166 1830 anima
1215 1775 1322 1830 aut
1376 1775 1588 1829 mente
1642 1775 1869 1843 creata,

1977 779 2120 842 Haec
2160 780 2399 843 PetruS.

2056 976 2342 1059 Denique
2373 997 2572 1059 quum
2604 975 2909 1058 arguitur,
2935 977 3245 1060 quidquid
3276 984 3371 1041 est
3401 979 3466 1042 in

1977 1077 2126 1149 De0,
2175 1083 2269 1137 est
2319 1075 2589 1158 ipsemet
2638 1076 2842 1154 Deus3
2882 1075 3247 1150 dicendum,
3297 1077 3468 1159 quod

1977 1193 2203 1238 verum
2238 1183 2333 1237 est
2368 1175 2721 1237 secundum
2760 1193 2898 1236 esse
2936 1193 3065 1258 quo
3102 1182 3195 1237 est
3237 1175 3301 1237 in
3342 1176 3471 1240 Deo

1977 1281 2041 1334 et
2081 1274 2253 1355 quod
2297 1272 2483 1336 habet
2530 1273 2597 1335 in
2638 1291 2714 1336 eo
2748 1291 2762 1335 ε
2797 1291 2925 1335 11011
2967 1281 3177 1336 autem
3222 1273 3469 1357 simpli-

1979 1371 2138 1434 citer
2167 1371 2479 1454 quidquid
2510 1379 2627 1445 est,
2660 1380 2757 1434 est
2794 1372 2983 1446 Deus,
3016 1372 3116 1434 vel
3155 1373 3469 1455 quidquid

1980 1477 2074 1532 est
2117 1470 2180 1532 in
2221 1471 2370 1543 De0‚
2402 1477 2497 1532 est
2537 1470 2703 1533 Deus
2744 1471 3093 1533 secundum
3138 1471 3467 1554 proprium

1979 1587 2136 1632 esse.
2169 1605 2253 1615 —
2280 1569 2614 1650 Quumque
2653 1569 2977 1650 objicitur,
3020 1569 3188 1652 quod
3228 1577 3469 1632 creatu-

1981 1686 2048 1728 ra
2091 1667 2281 1729 distat
2328 1686 2365 1728 a
2409 1668 2538 1730 Deo
2586 1667 2649 1728 in
2700 1667 3029 1730 infinitum
3055 1685 3071 1746 3
3105 1669 3467 1740 dicendum,

1981 1765 2150 1846 quod
2194 1783 2319 1827 non
2362 1764 2553 1826 distat
2596 1763 2753 1838 1000,
2796 1765 2905 1826 sed
2949 1765 3471 1828 dissimilitudine

382 1862 526 1943 quia
585 1881 724 1925 esse
783 1882 1002 1926 earum
1062 1865 1127 1927 in
1187 1867 1444 1949 propria
1497 1873 1720 1929 natura
1777 1866 2043 1929 estBet
2100 1863 2376 1938 defectu,
2428 1863 2728 1946 quoniam
2788 1864 2955 1926 Deus
3015 1864 3077 1925 in
3141 1863 3469 1927 infinitum

381 1959 816 2035 substantiale,
857 1961 922 2023 in
959 1971 1170 2026 mente
1208 1981 1360 2026 vero
1400 1973 1606 2028 creata
1643 1973 1737 2027 est
1775 1985 1874 2028 ac-

384 2059 738 2140 cidentale3
795 2069 859 2122 et
915 2063 1266 2126 secundum
1330 2063 1486 2145 quid
1542 2070 1638 2126 est
1691 2083 1874 2128 econ-

386 2175 585 2231 verso,
631 2158 784 2240 quia
825 2158 890 2220 in
935 2167 1148 2222 mente
1199 2169 1406 2224 creata
1453 2161 1686 2224 habent
1734 2181 1872 2225 esse

387 2255 738 2336 spirituale,
791 2256 855 2319 in
905 2277 974 2320 se
1023 2258 1178 2341 ipsis
1229 2260 1572 2322 materiale.
1627 2261 1694 2322 ln
1745 2261 1872 2324 Deo

381 2363 588 2416 autem
641 2355 1022 2438 simpliciter
1068 2356 1282 2420 verius
1329 2377 1402 2421 ac
1449 2358 1730 2422 nobilius
1777 2379 1872 2422 es-

1983 1962 2325 2045 persectior
2380 1971 2493 2024 est.
2544 1963 2685 2045 Ipse
2733 1961 2940 2024 nihilo
2999 1962 3209 2025 minus
3258 1965 3475 2027 omnia

1981 2068 2292 2144 penetrat,
2337 2062 2637 2125 omnibus
2682 2081 2959 2144 praesens
3001 2068 3117 2134 est,
3158 2070 3221 2124 et
3262 2081 3473 2126 essen-

1982 2163 2088 2225 tiis
2139 2181 2355 2224 rerum
2411 2160 2712 2223 illabitur.
2765 2160 2861 2222 Ab
2916 2159 3155 2243 iniquis
3202 2179 3353 2224 vero
3410 2170 3474 2224 et

1981 2261 2295 2324 damnatis
2337 2259 2697 2342 specialiter
2740 2259 2923 2338 longe
2965 2265 3082 2331 est,
3127 2267 3191 2321 et.
3232 2260 3309 2321 de
3353 2260 3473 2323 hoc

1981 2360 2273 2442 sequenti
2316 2359 2721 2421 distinctione
2765 2364 2857 2420 est
2900 2375 3129 2419 sermo,

1217 2781 2034 2895 DISTINCTIO
2129 2783 2645 2894 XXXVII

961 3130 1042 3193 A.
1116 3132 1390 3199 Quibus
1431 3134 1673 3195 modis
1723 3132 2020 3194 dicatur
2071 3134 2260 3197 Deus
2309 3145 2465 3194 esse
2515 3134 2593 3195 in
2642 3133 2883 3195 rebus.

386 3354 670 3651 ET
707 3353 1024 3435 quoniam
1053 3354 1574 3417 demonstratum
1605 3357 1701 3419 est
1733 3372 1815 3417 ex
1851 3358 2057 3437 parte,
2086 3355 2421 3437 quomodo
2447 3356 2669 3419 omnia
2706 3356 3005 3420 dicantur
3035 3376 3176 3423 esse
3210 3359 3273 3421 in
3307 3360 3471 3439 De0,

641 3470 1018 3533 addendum
1057 3469 1318 3533 videtur
1344 3468 1474 3549 hic,
1504 3469 1746 3551 quibus
1779 3471 1994 3535 modis
2023 3472 2281 3534 dicatur
2315 3471 2495 3535 Deus
2533 3490 2675 3535 esse
2708 3472 2777 3534 in
2818 3473 3037 3552 rebuS,
3069 3475 3125 3537 si
3158 3476 3377 3539 tamen
3408 3476 3477 3538 id

641 3587 934 3650 humana
970 3603 1158 3649 mens
1185 3585 1290 3648 vel
1320 3602 1400 3648 ex
1429 3586 1611 3667 parte
1641 3586 1836 3668 digne
1863 3587 2078 3651 valeat
2104 3588 2413 3668 cogitare,
2442 3587 2541 3650 vel
2574 3588 2798 3669 lingua
2835 3588 3113 3652 sufficiat
3140 3591 3381 3672 eloqui.

513 3703 870 3768 Sciendum
925 3719 1078 3784 ergo
1121 3704 1242 3782 est,
1285 3702 1462 3783 quod
1505 3703 1684 3766 Deus
1730 3703 2357 3767 incommutabiliter
2402 3722 2661 3785 semper
2702 3704 2769 3767 in
2814 3722 2883 3768 se
2928 3706 3273 3787 exsistens,
3307 3726 3476 3789 prae-

383 3820 768 3901 sentialiter,
819 3818 1284 3901 potentialiter,
1341 3819 1772 3883 essentialiter
1828 3822 1929 3884 est
1983 3822 2048 3883 in
2106 3822 2289 3884 omn'i
2346 3821 2577 3882 natura
2635 3821 2775 3885 sive
2834 3822 3116 3885 essentia
3172 3824 3314 3887 sine
3370 3826 3475 3889 sui

383 3937 792 4015 definitione,
841 3938 905 3999 et
954 3936 1022 3997 in
1071 3935 1252 3998 omni
1296 3935 1439 3998 loco
1487 3936 1630 3999 sine
1680 3936 2307 4017 circumscriptione,
2342 3938 2405 4000 et
2456 3937 2522 3999 in
2574 3938 2754 4000 omni
2802 3938 3097 4020 tempore
3144 3940 3285 4003 sine
3330 3958 3478 4004 mu-

383 4054 729 4117 tabilitate.
775 4052 859 4115 Et
909 4052 1222 4133 praeterea
1269 4052 1337 4114 in
1389 4052 1633 4115 sanctis
1685 4052 2027 4133 spiritibus
2078 4055 2142 4117 et
2191 4052 2535 4117 animabus
2588 4056 2686 4117 est
2730 4054 3177 4136 excellentius,
3226 4057 3477 4121 scilicet

384 4189 499 4251 per
533 4170 816 4251 gratiam
867 4167 1280 4249 inhabitan83
1335 4169 1398 4231 et
1447 4168 1514 4229 in
1563 4168 1830 4232 homine
1873 4168 2132 4231 Christo
2179 4169 2727 4233 excellentissime
2770 4190 2785 4231 z
2836 4171 2903 4233 in
2956 4188 3086 4253 quo
3135 4173 3473 4253 plenitudo
3530 4194 3701 4238 0010...
3722 4208 3768 4246 n,

383 4285 750 4348 divinitatis
801 4283 1223 4364 corporaliter
1259 4283 1604 4364 inhabitat,
1639 4285 1714 4347 ut
1751 4285 1843 4346 ait
1879 4284 2260 4366 Apostolus.
2309 4286 2385 4348 In
2434 4302 2509 4348 eo
2550 4286 2727 4349 enim
2766 4288 2947 4352 Deus
2984 4288 3304 4352 habitavit
3344 4308 3475 4353 non
3503 4260 3545 4301 ⁹‘

383 4420 496 4483 per
522 4402 806 4483 gratiam
843 4399 1239 4481 adoptionis,
1273 4401 1388 4464 sed
1417 4419 1532 4482 per
1560 4401 1838 4483 gratiam
1869 4400 2156 4464 unionis.
2175 4438 2265 4447 -
2289 4402 2388 4465 Ne
2426 4404 2646 4467 autem
2677 4403 2827 4483 ista,
2856 4405 3011 4485 quia
3049 4406 3477 4487 capacitatem

382 4520 688 4583 humanae
747 4515 1198 4597 intelligentiae
1265 4518 1610 4597 excedunt,
1661 4517 1969 4580 falsitatis
2027 4536 2296 4599 arguere
2346 4518 2549 4599 aliqui
2606 4522 3031 4601 praesumant,
3088 4522 3476 4587 Sanctorum

381 4633 882 4699 auctoritatibus
923 4633 1279 4696 munienda
1309 4633 1474 4696 mihi
1507 4634 1832 4697 videntur.
1867 4634 2110 4698 Beatus
2147 4635 2504 4717 GregorIus
2544 4653 2741 4717 super
2770 4636 3035 4700 Cantica
3074 4640 3475 4703 canticorum

381 4753 594 4834 inquit
637 4770 652 4812 :
695 4750 882 4813 Licet
918 4750 1099 4814 Deus
1137 4751 1475 4813 communi
1526 4751 1722 4815 modo
1765 4752 2074 4815 omnibus
2113 4751 2309 4816 rebus
2344 4752 2504 4815 insit
2554 4753 2923 4833 praesentia,
2956 4755 3270 4835 potentia,
3315 4756 3474 4820 sub-
3530 4780 3680 4825 mom
3701 4793 3770 4824 0.-

380 4868 662 4948 stantia3
691 4868 914 4929 tamen
955 4864 1367 4928 familiariori
1401 4867 1598 4931 modo
1637 4886 1753 4950 per
1787 4869 2066 4949 gratiam
2096 4867 2337 4932 dicitur
2374 4886 2516 4932 esse
2560 4868 2626 4930 in
2666 4867 2799 4931 illis
2838 4869 2951 4949 qui
2989 4868 3472 4932 mirificentiam
3502 4842 3773 4957 ἒζζῗῗξξ

381 5001 656 5065 operum
702 4983 826 5046 Dei
875 4982 1132 5045 acutius
1177 4982 1240 5044 et
1289 4982 1550 5047 fidelius
1587 4986 2018 5049 considerant.
2065 4986 2164 5049 De
2214 4984 2335 5047 hoc
2382 4985 2614 5048 eodem
2651 4984 3062 5064 Augustinus
3102 4985 3183 5047 ad
3226 4983 3475 5048 Darda-

377 5117 564 5179 num,
597 5099 668 5163 in
711 5098 882 5161 libro
932 5098 1012 5161 de
1053 5098 1414 5163 Praesentia
1458 5098 1604 5178 Dei,
1651 5100 1745 5163 ait
1777 5120 1790 5161 z
1825 5100 2044 5174 Quum
2082 5104 2265 5167 Deus
2300 5101 2388 5164 sit
2424 5101 2657 5164 natura
2700 5102 3079 5181 incorporea
3117 5103 3177 5164 et
3223 5102 3475 5163 incom-
3517 5118 3767 5176 Aug.Ep÷st.

379 5214 789 5281 mutabiliter
823 5214 1000 5295 viva,
1042 5215 1284 5278 aeterna
1323 5214 1678 5279 stabilitate
1721 5216 1788 5279 in
1831 5233 1902 5279 se
1940 5218 2084 5298 ipso
2123 5235 2419 5295 manem,
2458 5218 2640 5280 totus
2682 5218 2866 5281 adest
2906 5216 3102 5281 rebus
3138 5218 3469 5299 omnibuS,
3506 5186 3660 5233 '⁸⁷³'
3687 5184 3751 5224 ω’

381 5334 452 5400 et
475 5331 760 5414 singulis
787 5331 1008 5413 totus;
1039 5330 1252 5394 sedin
1289 5330 1531 5412 quibus
1559 5331 1834 5413 habitat,
1873 5332 2113 5397 habent
2142 5352 2295 5399 eum
2332 5349 2451 5418 pro
2488 5351 2627 5398 suae
2666 5333 3043 5415 capacitatis
3071 5334 3471 5417 diversitate,
