4359 6250
874 484 995 549 654

1514 502 1579 549 IN
1618 502 1841 549 LIBRUM
1883 505 1903 549 1
1946 502 2430 549 SENTENTIARUM.
2475 521 2555 531 -
2595 502 2746 549 DIST.
2795 502 3023 567 x1.v1n;
3066 504 3289 560 QUAEST.
3337 503 3357 550 1

876 675 1105 746 cundo,
1139 674 1214 735 de
1256 683 1400 736 actu
1433 675 1799 749 voluntatis,
1835 675 1945 757 qui
1990 684 2053 737 et
2082 674 2376 737 voluntas
2407 672 2459 735 A
2491 674 2655 736 Deus
2706 694 2820 736 nos
2869 675 3054 750 velle,
3100 676 3163 737 in
3213 678 3378 758 quo‘d
3434 685 3646 740 nostra
3695 676 3993 739 voluntas

874 780 1135 835 vocatur
1170 790 1183 833 :
1218 780 1276 834 et
1310 774 1389 834 de
1420 773 1535 835 hac
1568 773 2011 835 conformitate
2040 773 2171 853 jam
2206 792 2375 853 quae-

872 871 1055 943 ritur,
1089 872 1239 953 quia
1282 872 1345 933 in
1400 891 1472 933 ea
1516 873 1814 933 meritum
1866 872 2378 952 demeritumque

872 970 1201 1049 consistit3
1248 978 1309 1031 et
1359 970 1477 1032 ista
1527 970 1937 1033 conformitas
1985 978 2081 1031 est
2129 977 2375 1031 tantum

874 1068 1207 1131 bonorum.

956 1168 1043 1229 De
1088 1167 1207 1229 hoc
1249 1175 1483 1241 autem,
1520 1186 1599 1228 an
1639 1167 2049 1230 conformitas
2094 1165 2379 1227 volunta-

872 1272 1009 1327 tum
1058 1266 1419 1327 attendatur
1463 1266 1783 1347 praecipue
1829 1266 2181 1327 secundum
2222 1264 2378 1326 voli-

877 1371 1034 1436 tum,
1088 1363 1307 1426 scribit
1364 1363 1455 1425 sic
1506 1382 1519 1425 :
1568 1363 1655 1425 De
1704 1363 2148 1426 conformitate
2200 1371 2378 1424 actus

874 1462 1220 1524 voluntatis
1248 1462 1381 1541 jam
1424 1462 1731 1544 quaeritur
1762 1482 1905 1543 quae
1945 1469 2039 1523 est
2074 1462 2253 1544 quasi
2287 1480 2380 1523 se·-

877 1561 1159 1622 cundum
1190 1561 1471 1641 speciem
1517 1560 1729 1622 moriS.
1768 1561 1839 1623 Et
1874 1560 2380 1642 quadrupliciter

879 1666 1086 1740 potest
1124 1659 1535 1732 considerari,
1570 1660 1920 1721 secundum
1966 1667 2239 1739 quatuor
2277 1676 2380 1737 ge—

876 1776 1029 1819 nera
1079 1776 1435 1831 causarum,
1486 1765 1683 1839 puta:
1718 1758 2071 1819 secundum
2122 1775 2378 1819 causam

2490 771 2568 833 ab
2621 772 2759 854 ipso
2803 782 2898 835 est
2942 774 3247 837 ordinata.
3291 775 3365 836 Et
3410 776 3529 837 ista
3577 773 3992 838 conformitas

2491 871 3000 934 conformitatem
3049 872 3202 935 finis
3245 874 3536 947 includit,
3573 874 3637 936 in
3677 882 3992 955 quantum

2492 969 2609 1031 hoc
2653 969 2921 1031 volitum
2972 971 3163 1033 habet
3207 972 3514 1033 rationem
3566 972 3868 1033 bonitatis
3913 990 3994 1033 ex

2490 1066 2644 1138 sine,
2693 1069 2986 1148 quamvis
3036 1070 3228 1132 etiam
3282 1070 3601 1132 interdum
3656 1070 3718 1131 in
3769 1089 3837 1132 se
3887 1070 3998 1131 bo-

2491 1185 2646 1227 num
2687 1167 2949 1228 exsistat
2983 1185 2998 1229 τ
3033 1168 3252 1249 sicque
3293 1188 3370 1230 ex
3410 1169 3530 1231 hoc
3571 1168 3996 1231 essentialiter

2491 1264 2838 1326 attenditur
2883 1265 3318 1339 conformitaS,
3354 1284 3478 1329 non
3529 1286 3606 1329 ex
3657 1286 3723 1329 re
3774 1268 3990 1337 volita,

2491 1380 2566 1422 cx
2600 1382 2726 1443 qua
2767 1363 3048 1444 speciem
3091 1364 3226 1445 ipse
3257 1373 3434 1427 actus
3475 1384 3602 1427 non
3635 1365 3844 1427 trahit.
3881 1366 3996 1427 Ha-

2493 1459 2664 1521 bitus
2700 1480 2851 1522 vero
2890 1462 3170 1524 caritatis
3210 1464 3385 1526 addit
3426 1463 3881 1546 perfectionem
3929 1465 3992 1526 in

2497 1557 2773 1621 bonitate
2813 1567 2991 1621 actus
3027 1578 3040 1622 :
3074 1561 3312 1624 idcirco
3351 1564 3702 1625 secundum
3737 1582 3992 1626 cansam

2493 1656 2825 1718 formalem
2875 1659 3226 1720 attenditur
3275 1659 3736 1723 conformitatis
3793 1661 3996 1743 perfe-

2493 1754 2640 1826 ctio,
2678 1755 2764 1816 ita
2797 1763 2864 1816 ut
2894 1764 3073 1818 actus
3116 1766 3346 1821 nostrae
3378 1759 3721 1820 voluntatis
3762 1760 3995 1821 divinae

880 1855 1293 1931 materialem,
1329 1865 1399 1919 ut
1444 1875 1641 1937 quum
1688 1857 1855 1917 circa
1897 1856 2064 1917 idem
2110 1855 2378 1917 volitum
2419 1854 2464 1915 B
2494 1853 2801 1914 voluntati
2848 1853 2930 1915 sit
2969 1860 3143 1917 tanto
3182 1856 3592 1927 conformior,
3629 1866 3866 1938 quanto
3899 1864 3996 1918 est

878 1963 1166 2016 versatur
1194 1961 1371 2017 actus
1404 1954 1747 2016 voluntatis
1789 1954 2021 2016 divinae
2052 1962 2113 2015 et.
2157 1953 2380 2014 huma-

878 2069 1007 2131 nae3
1057 2062 1121 2114 et
1170 2054 1311 2115 ideo
1363 2053 1481 2113 ista
1529 2051 1940 2114 conformitas
1985 2059 2079 2112 est
2130 2059 2379 2113 tantum

880 2151 1232 2212 secundum
1275 2150 1451 2232 quid,
1486 2150 1788 2231 quoniam
1828 2168 1966 2211 esse
2001 2149 2382 2231 simpliciter

880 2267 1005 2311 non
1038 2256 1133 2310 est
1162 2268 1199 2309 a
1240 2250 1521 2322 materia,
1556 2249 1665 2311 sed
1696 2268 1733 2310 a
1774 2248 1994 2311 forma.
2032 2248 2141 2309 Vel
2188 2266 2380 2330 penes

880 2365 1135 2408 causam
1202 2346 1618 2420 efficientem,
1682 2356 1751 2408 ut
1818 2348 1971 2407 dum
2035 2346 2179 2427 quis
2247 2345 2384 2406 vult

879 2446 1047 2527 quod
1094 2445 1259 2507 Deus
1302 2446 1440 2507 vult
1482 2464 1631 2507 eum
1676 2444 1839 2506 velle
1874 2462 1888 2506 ε
1930 2444 2099 2505 hunc
2145 2444 2382 2506 etenim

878 2544 1168 2606 ordinem
1207 2543 1553 2605 voluntatis
1594 2543 1759 2604 Deus
1802 2543 1867 2604 in
1908 2542 2167 2605 homine
2209 2542 2379 2604 facit.

877 2642 991 2704 Vel
1022 2642 1377 2705 secundum
1408 2660 1663 2703 causam
1693 2639 1979 2714 finalem,
2009 2641 2161 2701 dum
2196 2640 2386 2703 homo

880 2741 947 2802 in
988 2741 1256 2822 gloriam
1299 2740 1411 2802 Dei
1454 2758 1567 2801 sua
1609 2740 1854 2801 ordinat
1904 2738 2089 2813 facta,
2127 2746 2386 2820 propter

881 2859 1073 2921 quam
1106 2841 1271 2902 Deus
1313 2839 1528 2901 omnia
1572 2838 1741 2900 facit.
1780 2837 1850 2898 Et
1899 2837 1963 2898 in
1996 2838 2094 2899 his
2136 2836 2386 2899 duobus

880 2939 1303 3001 essentialiter
1342 2936 1754 3000 conformitas
1796 2936 2138 2998 voluntatis
2185 2936 2388 2998 consi-

2498 1950 2722 2012 melior
2770 1958 2958 2032 atque
3019 1953 3379 2033 perfectior.
3431 1990 3512 1999 —
3559 1955 3687 2016 Hoc
3739 1972 3996 2036 quoque

2497 2050 2915 2129 pensandum,
2979 2051 3147 2132 quod
3209 2052 3420 2132 passio
3477 2052 3708 2115 Christi
3771 2052 3996 2114 habuit

2494 2147 2642 2220 (luo,
2675 2148 2972 2210 videlicet
3006 2166 3020 2210 :
3054 2151 3222 2230 quod
3257 2149 3375 2211 fuit
3408 2150 3714 2213 salvativa
3743 2152 3995 2232 generis

2496 2245 2780 2317 humani,
2815 2254 2876 2307 et
2922 2247 3007 2308 ita
3050 2246 3242 2309 volita
3285 2248 3403 2310 fuit
3449 2268 3484 2309 a
3528 2248 3656 2311 Deo
3699 2248 3878 2311 Patre
3920 2268 3995 2311 ac

2495 2344 2742 2406 Sanctis
2771 2362 2786 2421 3
2820 2353 2882 2407 et
2921 2346 3074 2407 item
3107 2346 3275 2427 quod
3317 2346 3442 2409 fuit
3473 2346 3783 2409 afflictiva
3815 2348 3994 2409 inno—

2495 2443 2718 2515 centis,
2743 2451 2804 2504 et
2837 2444 2928 2505 sic
2959 2444 3152 2506 volita
3185 2445 3306 2506 fuit
3334 2445 3414 2507 ab
3447 2446 3687 2528 impiiS,
3714 2446 3826 2527 qui
3857 2466 3995 2528 per-

2497 2560 2676 2603 versa
2711 2561 2784 2604 ac
2828 2543 3025 2625 impia
3054 2543 3380 2606 voluntate
3421 2562 3558 2606 eam
3592 2544 3892 2607 volebant
3926 2554 3994 2606 ut

2496 2640 2814 2721 quoddam
2848 2641 3085 2704 malum
3123 2643 3391 2724 poenale.
3427 2644 3571 2706 Ideo
3610 2661 3738 2705 non
3773 2662 3997 2706 secun-

2496 2739 2648 2800 dum
2694 2741 2982 2802 eamdem
3026 2741 3333 2804 ratione-m
3375 2742 3568 2806 volita
3609 2742 3730 2804 fuit
3768 2761 3805 2804 a
3845 2743 3994 2805 San-

2498 2838 2615 2899 ctis
2659 2858 2731 2899 ac
2779 2838 3014 2921 impiis,

2577 2938 2842 3019 Insuper
2895 2938 2971 2999 ad
3029 2938 3546 3001 conformandam
3600 2939 3992 3003 voluntatem

881 3038 1008 3099 stit.
1043 3037 1154 3099 Vel
1206 3038 1557 3099 secundum
1609 3054 1864 3097 causam
1916 3034 2271 3108 formalem,
2320 3042 2388 3096 ut
2421 3034 2464 3098 C
2500 3042 2778 3097 nostram
2810 3037 3116 3098 voluntati
3151 3038 3384 3101 divinae
3416 3045 3723 3100 tenemur.
3748 3039 3842 3100 Ad
3877 3038 3996 3101 hoc

881 3137 934 3198 si
966 3155 1044 3198 ex
1077 3137 1336 3198 caritate
1367 3136 1510 3217 quis
1542 3135 1692 3198 velit
1730 3153 1743 3197 :
1778 3153 1855 3196 ex
1888 3133 2110 3195 habitu
2145 3134 2386 3216 quippe

882 3241 979 3296 est
1027 3232 1231 3294 forma
1272 3241 1471 3294 actuS.
1508 3233 1581 3294 Et
1632 3233 1695 3293 in
1743 3232 1862 3293 hoc
1905 3232 2198 3293 consistit
2243 3249 2387 3292 con-

886 3332 1225 3394 formitatis
1258 3331 1450 3412 hujus
1483 3330 1809 3413 perfectio
1840 3329 2017 3392 Ratio
2050 3348 2200 3392 vero
2229 3329 2383 3391 dicti

884 3430 1069 3492 istius
1114 3438 1231 3504 est,
1266 3429 1567 3512 quoniam
1608 3428 1964 3491 essentialis
2009 3428 2385 3491 assimilatio

882 3529 1244 3612 aliquorum
1283 3528 1631 3590 attenditur
1659 3527 2009 3589 secundum
2057 3527 2115 3588 id
2150 3545 2226 3588 ex
2258 3545 2384 3608 quo

884 3629 1129 3710 species
1179 3627 1466 3689 trahitur.
1502 3627 1690 3688 Porro
1741 3625 1986 3708 species
2036 3625 2385 3705 cujuslibet

882 3735 1061 3788 actus
1095 3725 1437 3789 voluntarii
1480 3723 1753 3785 trahitur
1789 3743 1868 3786 ex
1906 3723 2179 3803 objectO,
2213 3723 2382 3804 quod

882 3833 979 3887 est
1029 3824 1233 3887 forma
1284 3823 1627 3885 voluntatis
1674 3830 1887 3883 actum
1947 3822 2377 3904 producentis

884 3923 977 3985 Ad
1008 3922 1330 4002 obJectum
1362 3929 1573 3982 autem
1606 3926 1784 3981 actus
1814 3920 1941 3982 duo
1969 3928 2378 3982 concurrunt:

884 4040 1085 4082 unum
1130 4039 1197 4082 se
1243 4019 1423 4100 quasi
1470 4017 1878 4080 materialiter
1926 4017 2204 4096 habens:
2235 4017 2385 4079 alte-

886 4139 1028 4182 rum
1061 4119 1242 4200 quasi
1273 4116 1561 4188 formale,
1599 4117 1905 4179 rationem
1944 4116 2177 4196 objecti
2213 4135 2381 4178 com-

2499 3153 2772 3215 namque
2807 3135 3060 3216 proprie
3093 3136 3234 3218 quis
3271 3144 3538 3210 tenetur,
3573 3138 3741 3219 quod
3779 3138 3830 3200 si
3867 3156 3994 3200 non

2499 3232 2668 3304 facit,
2713 3233 2980 3295 incurrit
3031 3242 3382 3315 peccatum.
3427 3236 3496 3297 In
3540 3235 3840 3297 omnibus
3889 3255 3995 3298 au-

2499 3339 2623 3392 tem
2687 3339 2815 3392 tam
2879 3332 3274 3394 naturalibus
3339 3351 3529 3415 quam
3589 3333 3990 3407 voluntariis,

2497 3430 2807 3510 contingit
2851 3439 3180 3512 peccatum
3227 3450 3302 3493 ex
3348 3432 3466 3494 hoc
3506 3432 3674 3514 quod
3721 3451 3820 3494 res
3865 3451 3991 3494 non

2494 3529 2697 3590 tendit
2745 3547 2862 3591 nec
2913 3531 3201 3611 pervenit
3243 3530 3320 3592 ad
3373 3531 3434 3591 id
3484 3531 3562 3592 ad
3613 3532 3780 3613 quod
3829 3532 3992 3594 ordi-

2495 3633 2639 3686 nata
2688 3633 2804 3695 est,
2860 3635 2929 3688 ut
2978 3626 3042 3688 in
3093 3627 3372 3689 secundo
3420 3627 3654 3689 dicitur
3699 3627 3992 3712 Physico·

2495 3741 2658 3796 rum,
2693 3732 2754 3786 et
2786 3731 2958 3805 patet.
2991 3725 3054 3786 in
3089 3725 3411 3798 monstriS‚
3445 3733 3634 3807 atque
3664 3725 3988 3788 erroribus

2494 3820 2560 3882 in
2610 3821 3086 3902 operationibus
3142 3822 3314 3883 artiS.
3369 3823 3822 3884 Verumtamen
3871 3823 3988 3884 dif-

2495 3917 2771 3980 ferenter
2799 3927 2895 3980 est
2930 3919 2993 3982 in
3033 3919 3430 3982 naturalibus
3469 3928 3530 3982 et
3561 3921 3937 3983 voluntariis
3971 3939 3983 3982 :

2492 4017 2644 4098 quia
2686 4017 2747 4078 in
2789 4017 3186 4079 naturalibus
3216 4015 3502 4079 defectus
3533 4018 3614 4079 ab
3642 4019 3868 4081 ordine
3899 4020 3986 4080 in·

2494 4115 2648 4176 cidit
2696 4134 2772 4176 ex
2824 4116 3234 4194 necessitate3
3279 4115 3345 4177 in
3392 4116 3769 4178 voluntariis
3817 4135 3984 4188 vero,

886 4217 1069 4300 plens
1104 4235 1117 4278 ε
1152 4215 1691 4298 quemadmodum
1723 4215 1799 4276 ad
1834 4214 2087 4276 visibile
2118 4233 2382 4277 concur·
2416 4218 2464 4279 D
2493 4231 2568 4274 ex
2611 4213 2921 4287 libertate,
2958 4215 3124 4275 unde
3164 4213 3450 4276 defectus
3491 4215 3608 4276 iste
3640 4223 3902 4277 vocatur
3929 4223 3990 4276 et.

887 4323 1034 4376 runt
1066 4315 1173 4376 lux
1202 4322 1261 4377 et
1296 4313 1481 4374 color.
1505 4312 1569 4374 ld
1600 4329 1748 4374 vero
1776 4312 1941 4392 quod
1976 4312 2384 4373 materialiter

887 4413 1077 4474 habet
1106 4431 1174 4474 se
1211 4412 1288 4473 ad
1330 4410 1655 4490 objectum
1684 4409 2052 4484 voluntatiS,
2086 4418 2181 4472 est
2214 4429 2383 4491 quae-

885 4528 1161 4591 cumque
1201 4529 1301 4571 res
1334 4508 1559 4584 volita3
1593 4507 1702 4568 sed
1743 4507 1903 4569 ratio
1940 4507 2174 4587 objecti
2219 4527 2386 4570 com-

886 4608 1095 4690 pletur
1125 4626 1202 4669 ex
1235 4607 1476 4668 ratione
1518 4604 1688 4667 boni.
1726 4605 1899 4667 Unde
1940 4625 2016 4667 ex
2048 4605 2167 4667 hoc
2205 4613 2383 4667 actus

882 4707 1227 4771 voluntatis
1270 4705 1565 4767 humanae
1605 4703 2039 4766 conformatur
2068 4704 2379 4766 voluntati

882 4807 1138 4879 divium,
1183 4806 1350 4887 quod
1403 4803 1605 4865 tendit
1658 4804 1719 4865 in
1773 4802 2011 4865 bonum
2062 4803 2227 4864 sicut
2278 4821 2384 4865 vo-

884 4907 1093 4968 luntas
1123 4905 1372 4982 divina3
1396 4911 1455 4965 et
1487 4921 1563 4964 ex
1595 4902 1713 4964 hoc
1745 4902 1935 4963 etiam
1967 4909 2145 4964 actus
2177 4902 2383 4964 bonus

880 5013 979 5068 est
1031 5009 1489 5086 repraesentans
1545 5000 1894 5063 bonitatem
1947 4999 2254 5062 divinam.
2309 5001 2385 5061 Et

884 5105 1019 5166 haec
1049 5111 1143 5165 est
1175 5099 1587 5164 conformitas
1620 5099 1972 5160 secundum
2006 5117 2263 5160 causam
2294 5099 2384 5160 ef—

882 5201 1210 5263 ficientem
1238 5217 1251 5260 :
1277 5197 1580 5279 quoniam
1614 5215 2130 5278 unamquamque
2163 5197 2382 5258 volun-

882 5307 1075 5361 tatem
1110 5299 1275 5360 Deus
1314 5295 1563 5358 ordinat
1595 5296 1657 5356 in
1697 5293 1961 5370 bonum,
1996 5301 2059 5356 et
2094 5294 2214 5356 hoc
2245 5293 2382 5355 vult

2492 4318 2588 4372 est
2619 4312 3176 4393 culpa.Quumque
3207 4312 3616 4375 conformitas
3648 4312 3989 4375 voluntatis

2493 4410 2793 4472 consistat
2847 4409 2910 4471 in
2973 4411 3091 4472 hoc
3141 4411 3310 4491 quod
3370 4430 3484 4492 per
3528 4417 3742 4472 actum
3803 4431 3987 4473 suum

2493 4509 2696 4570 tendit
2729 4509 2792 4570 in
2832 4509 2893 4570 id
2929 4509 3006 4570 ad
3039 4509 3208 4590 quod
3239 4509 3526 4572 ordinata
3553 4517 3669 4582 est,
3704 4509 3989 4572 defectus

2494 4605 2955 4670 conformitatis
2989 4608 3162 4670 illius
3194 4615 3526 4689 peccatum
3559 4616 3617 4669 et
3651 4607 3844 4689 culpa
3875 4617 3986 4670 est.

2493 4703 2652 4765 Ilinc
2710 4706 2785 4767 ad
2848 4705 3358 4767 conformitatem
3419 4705 3764 4766 voluntatis
3829 4714 3992 4768 tene-

2497 4821 2657 4862 mur.
2710 4839 2790 4847 —
2839 4803 3124 4883 Denique
3169 4803 3245 4865 ad
3295 4803 3508 4885 aliqua
3555 4810 3856 4865 tenemur
3901 4804 3991 4865 di·

2494 4908 2684 4973 recte,
2719 4901 3016 4963 videlicet
3045 4902 3124 4962 ad
3153 4920 3228 4962 ea
3257 4921 3394 4982 quae.
3426 4919 3540 4982 per
3573 4920 3640 4962 se
3675 4901 3739 4962 in
3781 4911 3993 4964 nostra

2493 5007 2643 5059 sunt
2674 5006 3015 5080 potestate:
3040 4999 3259 5081 sicque
3293 5009 3583 5062 tenemur
3611 5000 3692 5062 ad
3727 4999 3792 5061 id
3823 5001 3990 5082 quod

2493 5097 2784 5178 congruit
2831 5114 2946 5158 nos
2997 5098 3182 5171 velle,
3226 5105 3290 5159 et
3339 5097 3690 5159 secundum
3743 5107 3988 5160 rectum

2493 5194 2715 5268 finem,
2749 5195 3052 5276 quoniam
3090 5196 3154 5258 in
3195 5204 3537 5278 utrumque
3572 5195 3844 5258 istorum
3879 5215 3990 5278 per

2491 5294 2804 5355 naturalia
2833 5301 3047 5355 nostra
3077 5295 3336 5356 tendere
3368 5311 3727 5376 possumus
3755 5295 3850 5357 Ad
3885 5295 3992 5360 ali-
