4359 6250
842 468 963 532 340
1484 484 1547 529 m
1588 483 1809 528 Limum
1852 484 1873 527 ι
1915 482 2396 527 summm-unum.
2442 500 2522 509 —
2563 483 2714 528 ms'r.
2763 483 2973 543 xxxn3
3017 482 3241 536 QUAEST.
3290 483 3310 527 1

842 656 1083 739 Spiritu
1129 655 1372 716 Sancto.
1410 653 1487 715 Et
1528 653 1738 714 denuo
1772 670 1786 714 :
1821 651 2093 732 Diligere
2140 650 2333 732 Spiri-
2365 649 2417 712 A
2449 651 2710 712 secundi
2760 650 2928 713 modi
2974 669 2988 714 ε
3031 657 3095 711 θῖ
3137 649 3245 712 illa
3295 649 3507 713 forsan
3551 657 3648 712 est
3699 657 3942 711 mutua.

838 763 909 817 tu
970 755 1196 818 Sancto
1254 770 1379 815 non
1440 752 1737 814 convenit
1783 751 1989 812 tribus
2048 749 2336 832 personis

838 855 1080 917 ratione
1122 851 1487 935 spirationis
1528 869 1720 933 quam
1763 851 2035 932 Spiritus
2068 850 2333 911 Sanctus

838 953 1157 1033 importat.
1192 987 1274 996 -
1302 951 1446 1013 Haec
1484 957 1697 1012 tamen
1739 949 2052 1011 dissensio
2082 949 2334 1030 videtur

837 1049 1301 1113 concordabilis
1350 1067 1510 1122 esse,
1564 1056 1634 1108 ut
1682 1048 1871 1130 paulo
1930 1054 2073 1129 post
2118 1044 2332 1108 forsan

835 1157 1145 1230 tangetur.
1201 1147 1278 1209 Et
1325 1147 1491 1209 sicut
1537 1147 1830 1220 Thomas,
1868 1146 1975 1208 sic
2025 1152 2089 1207 et
2136 1144 2333 1207 Bona-

834 1255 1101 1309 ventura
1159 1245 1447 1326 sequitur
1504 1252 1568 1307 et
1625 1244 2029 1313 commendat
2075 1243 2180 1305 hic
2240 1260 2333 1303 re—

835 1345 1245 1428 sponsionem
1289 1344 1569 1425 Hugonis
1610 1343 1687 1404 de
1730 1344 1789 1406 S.
1825 1342 2096 1416 Victore,
2132 1340 2330 1423 quali-

835 1451 932 1506 ter
974 1462 1123 1506 vera
1171 1443 1255 1505 sit
1297 1443 1438 1517 ista,
1480 1443 1658 1504 Pater
1700 1450 1764 1504 et
1809 1441 2005 1503 Filius
2055 1440 2329 1520 diligunt

835 1561 902 1604 se
946 1542 1185 1624 Spiritu
1232 1541 1481 1616 Sancto,
1524 1541 1611 1602 ita
1650 1541 1820 1622 quod
1858 1539 2173 1601 ablativus
2223 1537 2328 1599 ille

834 1641 1224 1704 construitur
1271 1639 1337 1702 in
1396 1639 1638 1702 ratione
1688 1638 1958 1701 effectus
2016 1636 2326 1710 formaliS,

832 1740 1220 1802 nominando
1264 1738 1570 1801 effectum
1615 1737 1679 1799 id
1724 1738 1891 1820 quod
1933 1757 1970 1799 a
2009 1735 2328 1819 principio

2445 748 2644 811 Habet
2692 749 2884 811 etiam
2934 750 3026 811 ad·
3063 748 3389 829 objectum
3449 747 3639 810 aliam
3697 748 3950 810 relatio-

2447 866 2594 909 nem
2646 847 3068 930 pertinentem
3113 848 3189 909 ad
3237 847 3494 908 tertium
3544 848 3806 909 modum
3849 865 3950 908 re-

2446 946 2783 1009 lativorum
2819 964 2832 1008 :
2869 966 3010 1028 quae
3040 964 3166 1008 non
3197 954 3293 1008 est
3323 953 3563 1008 mutua.
3589 946 3748 1008 Nam
3777 946 3954 1008 sicut

2445 1045 2711 1107 scientia
2759 1045 3032 1108 refertur
3077 1046 3156 1107 ad
3205 1044 3452 1118 scibile,
3507 1046 3594 1107 ita
3639 1063 3819 1108 amor
3863 1045 3950 1106 ad

2444 1143 2739 1218 amabile,
2772 1162 2900 1206 non
2931 1151 3205 1207 econtra.
3243 1145 3320 1205 Et
3349 1144 3515 1206 sicut
3544 1161 3722 1206 amor
3752 1143 3950 1205 habet

2445 1240 2798 1305 formaliter
2839 1242 3280 1304 habitudinem
3324 1242 3604 1323 aliquam
3646 1243 3726 1305 ad
3767 1241 3944 1323 obje-

2445 1348 2641 1414 ctum,
2677 1342 2764 1402 ita
2794 1340 2856 1402 id
2888 1341 3056 1422 quod
3090 1340 3384 1422 producit
3413 1358 3694 1404 amorem
3727 1348 3946 1422 posset

2444 1440 2838 1503 denominari
2870 1440 2950 1502 ab
2980 1440 3354 1503 habitudine
3387 1440 3515 1514 illa,
3531 1440 3583 1502 si
3614 1447 3781 1502 esset
3810 1457 3947 1501 ver-

2444 1538 2598 1600 bum
2632 1539 3004 1622 impositum
3036 1539 3155 1602 hoc
3185 1539 3390 1602 active
3421 1537 3812 1620 significans.
3849 1538 3947 1599 Ita

2443 1637 2586 1700 dico
2630 1637 2696 1699 in
2741 1638 3000 1712 divinis,
3035 1639 3201 1720 quod
3248 1637 3522 1719 Spiritus
3566 1637 3832 1699 Sanctus
3872 1637 3942 1699 vi

2444 1735 2878 1816 productionis
2937 1755 3088 1809 suae,
3151 1754 3278 1798 non
3336 1735 3595 1816 quidem
3655 1735 3938 1817 proprie,

830 1844 945 1899 est.
988 1836 1232 1918 Allegat
1275 1855 1528 1919 quoque
1574 1837 1633 1898 S.
1678 1836 2066 1898 Bernardum
2111 1835 2191 1895 de
2235 1834 2326 1895 di·
2365 1830 2412 1892 B
2443 1835 2552 1896 sed
2592 1835 3018 1916 appropriate,
3052 1842 3149 1897 est
3177 1852 3355 1897 amor
3383 1834 3592 1897 omnis
3621 1834 3788 1896 entis
3829 1853 3941 1896 ne·

830 1935 981 1999 vino
1025 1953 1237 1998 amore
1282 1936 1599 1997 dicentem
1638 1953 1652 1996 ε
1685 1935 1875 1996 Amas
1920 1941 2000 2006 te,
2034 1933 2326 1995 amabilis
2441 1933 2716 1995 cessario
2753 1933 2944 1994 amati
2989 1952 3003 1996 ε
3048 1941 3383 2016 propterea
3424 1932 3614 1994 habet
3654 1931 3938 2015 aliquam

829 2034 1118 2108 Domine,
1164 2053 1363 2115 quum
1412 2052 1449 2094 a
1496 2033 1672 2095 Patre
1721 2039 1785 2094 et
1832 2031 1993 2093 Filio
2041 2030 2329 2112 procedit
2439 2030 2809 2093 relationem
2850 2031 3112 2094 rationis
3151 2030 3504 2094 formaliter
3531 2030 3610 2092 ad
3647 2030 3740 2092 sic
3767 2049 3942 2092 ama-

828 2133 1104 2214 Spiritus
1164 2133 1451 2206 Sanctus,
1503 2150 1680 2194 amor
1728 2131 1927 2193 Patris
1977 2130 2043 2191 in
2092 2128 2325 2208 Filium
2439 2135 2597 2202 tum,
2630 2137 2695 2191 et
2733 2131 3092 2211 producens
3137 2130 3347 2212 ipsum
3387 2146 3692 2202 amorem,
3727 2136 3942 2210 potest

828 2237 891 2292 et
931 2230 1073 2292 Filii
1118 2231 1195 2292 ad
1238 2231 1505 2304 Patrem,
1549 2237 1611 2291 et
1654 2236 1866 2290 tantus
1908 2246 2086 2291 amor
2130 2234 2201 2289 ut
2243 2227 2327 2288 sit

828 2329 1076 2390 unicuS.

907 2428 987 2490 At
1014 2445 1164 2490 vero
1205 2427 1282 2488 de
1312 2427 1430 2488 hac
1471 2426 1733 2488 materia
1772 2442 1899 2486 non
1940 2424 2163 2486 scribit
2202 2424 2324 2486 Du-

828 2527 1064 2588 randus
1096 2526 1161 2588 in
1193 2526 1442 2608 Scripto
1472 2544 1588 2588 suo
1622 2525 1789 2607 quod
1822 2523 1977 2598 vidi,
2012 2523 2121 2584 sed
2154 2531 2224 2584 ut
2257 2522 2322 2583 in

826 2623 1114 2703 ejusdem
1147 2623 1430 2704 margine
1461 2623 1734 2696 additur,
1768 2623 1833 2683 in
1864 2620 1989 2683 alio
2018 2638 2133 2682 suo
2168 2619 2322 2682 scri-

827 2729 937 2804 pto
983 2721 1213 2802 quaerit
1270 2721 1363 2782 sic
1419 2738 1433 2782 z
1488 2720 1715 2801 prim0‚
1770 2727 1985 2780 utrum
2044 2718 2178 2780 haec
2239 2718 2322 2780 sit

822 2837 993 2891 vera,
1045 2819 1224 2881 Pater
1270 2827 1333 2881 et
1380 2818 1577 2881 Filius
1637 2818 1913 2899 diligunt
1960 2836 2026 2879 se
2078 2817 2317 2897 Spiritu

823 2919 1086 2996 Sanct03
1128 2917 1428 2990 secundo,
1470 2936 1551 2978 an
1592 2917 1771 2978 Pater
1813 2915 2033 2995 diligat
2076 2933 2143 2976 se
2185 2914 2320 2996 Spi-

2436 2226 2834 2288 denominari
2893 2225 2974 2289 ab
3035 2228 3254 2289 eadem
3317 2226 3690 2288 habitudine
3749 2225 3938 2308 quasi

2438 2323 2920 2406 principiative3
2967 2325 3185 2407 sicque
3234 2324 3541 2387 habitudo
3586 2331 3656 2385 ut
3700 2324 3940 2407 princi-

2436 2423 2672 2504 piative
2719 2424 3158 2497 denominanS,
3213 2425 3592 2507 importatur
3650 2443 3763 2506 per
3811 2424 3936 2486 hoc

2433 2522 2726 2598 verbum,
2770 2523 3057 2604 diligere,
3101 2525 3354 2605 quando
3402 2523 3705 2585 dicuntur
3751 2524 3936 2585 Pater

2432 2628 2495 2681 et
2544 2620 2742 2682 Filius
2789 2640 2856 2682 se
2906 2621 3169 2703 diligere
3219 2621 3459 2703 Spiritu
3511 2621 3756 2684 Sancto.
3801 2621 3934 2683 Hoc

2432 2719 2672 2800 quippe
2723 2726 2818 2780 est
2866 2720 3111 2782 Patrem
3171 2720 3530 2801 Filiumque
3581 2719 3934 2802 producere

2430 2835 2712 2880 amorem
2761 2817 2872 2898 qui
2920 2825 3016 2880 est
3065 2817 3262 2881 Patris
3306 2837 3381 2880 ac
3425 2817 3589 2890 Filii,
3633 2817 3936 2899 quemad-

2433 2916 2690 2978 modum
2735 2917 2980 2978 Patrem
3023 2916 3233 2979 dicere
3277 2935 3344 2978 se
3387 2916 3616 2990 Verbo,
3649 2923 3744 2978 est
3784 2933 3932 2997 pro·

822 3016 950 3076 ritu
1000 3014 1248 3087 Sancto,
1292 3021 1355 3076 et
1402 3013 1599 3075 Filius
1644 3032 1710 3075 se
1760 3013 2000 3095 Spiritu
2050 3013 2315 3090 Sancto3
2357 3011 2400 3075 C
2431 3014 2662 3076 ducere
2694 3014 2971 3076 Verbum
3013 3016 3182 3097 quod
3222 3022 3319 3077 est
3347 3015 3673 3077 declarans
3712 3014 3928 3097 ipsum

819 3113 1030 3188 tertio,
1065 3132 1145 3174 an
1185 3111 1458 3194 Spiritus
1503 3111 1767 3175 Sanctus
1812 3110 2033 3192 diligat
2078 3131 2145 3173 se
2184 3110 2320 3192 Spi-

822 3213 951 3273 ritu
982 3212 1229 3275 Sancto.
1249 3211 1440 3272 —Ad
1474 3210 1746 3291 primam
1779 3210 2119 3291 respondet
2149 3210 2317 3292 quod

822 3310 938 3385 sic,
972 3309 1276 3392 quoniam
1321 3308 1595 3390 Spiritus
1639 3308 1903 3370 Sanctus
1955 3308 2242 3389 procedit
2283 3327 2320 3369 a

822 3410 999 3471 Patre
1031 3415 1095 3471 et
1123 3407 1282 3470 Filio
1312 3414 1382 3468 ut
1412 3423 1590 3468 amor
1623 3424 1636 3467 :
1670 3406 1778 3467 sed
1810 3406 2083 3489 quilibet
2111 3405 2320 3487 diligit

820 3523 1036 3569 amore
1080 3525 1116 3567 a
1159 3524 1225 3567 se
1271 3505 1669 3587 procedente.
1712 3540 1792 3549 —
1829 3505 1921 3567 Ad
1972 3505 2316 3566 secundam

822 3623 1076 3688 quoque
1109 3604 1448 3687 respondet
1478 3603 1646 3685 quod
1679 3603 1792 3676 sic,
1818 3604 2117 3685 quoniam
2152 3604 2316 3665 sicut

822 3724 889 3766 se
938 3704 1130 3765 habet
1177 3703 1387 3765 dicere
1436 3702 1514 3764 ad
1564 3701 1865 3775 Verbum,
1917 3702 2006 3764 ita
2051 3702 2314 3782 diligere

820 3803 900 3865 ad
945 3802 1255 3883 Spiritum
1302 3801 1623 3863 Sanctum.
1662 3800 1780 3862 Sed
1826 3801 1959 3862 haec
2003 3808 2099 3863 est
2142 3819 2312 3874 vera,

820 3902 998 3964 Pater
1040 3901 1197 3962 dicit
1240 3918 1307 3962 se
1350 3899 1557 3961 Verbo
1600 3916 1614 3960 ε
1659 3917 1809 3979 ergo
1847 3906 1911 3960 et
1954 3899 2094 3973 ista,
2136 3899 2316 3960 Pater

820 3999 1028 4080 diligit
1070 4017 1137 4061 se
1182 3997 1422 4079 Spiritu
1462 3998 1707 4060 Sancto.
1744 3996 1951 4059 Simili
1993 3998 2181 4059 modo
2220 3996 2316 4058 Fi-

822 4098 947 4159 lius
995 4096 1204 4177 diligit
1244 4115 1311 4158 se
1360 4095 1602 4177 Spiritu
1652 4096 1897 4158 Sanct0.
1940 4131 2021 4140 —
2060 4096 2154 4157 Ad
2197 4102 2317 4157 ter-

2430 3113 2693 3175 Patrem.
2738 3150 2818 3159 —
2858 3114 3032 3177 Unde
3080 3134 3282 3195 quum
3331 3113 3587 3189 dicitur,
3639 3113 3816 3176 Pater
3861 3120 3930 3176 et

2429 3212 2626 3274 Filius
2670 3212 2945 3294 diligunt
2983 3232 3050 3275 se
3090 3213 3330 3295 Spiritu
3373 3214 3623 3288 Sancto,
3656 3212 3926 3275 verbum

2429 3312 2571 3384 hoc,
2613 3310 2899 3391 diligere,
2947 3330 3064 3373 nec
3115 3331 3286 3374 mere
3335 3312 3758 3375 essentialiter
3801 3330 3927 3374 nec

2429 3427 2602 3471 mere
2651 3407 3055 3472 notionaliter
3114 3410 3410 3484 sumitur,
3459 3411 3571 3473 sed
3630 3418 3928 3473 connotat

2428 3508 2774 3581 notionem,
2812 3508 3108 3571 videlicet
3139 3509 3411 3591 Spiritus
3444 3509 3654 3571 Sancti
3692 3508 3924 3590 produ-

2429 3607 2726 3680 ctionem,
2771 3615 2836 3669 et
2883 3607 3205 3688 significat
3253 3608 3427 3671 illam
3478 3607 3924 3671 habitudinem

2428 3714 2921 3787 consequentem
2964 3705 3274 3788 Spiritum
3313 3708 3616 3769 Sanctum
3646 3708 3722 3769 ad
3755 3726 3925 3769 ama-

2428 3809 2585 3876 tum,
2619 3821 2745 3865 non
2778 3802 3150 3878 formaliter,
3185 3805 3295 3867 sed
3337 3805 3819 3886 principiative3
3857 3812 3926 3867 et

2427 3901 2666 3963 ratione
2699 3901 2871 3962 illius
2904 3900 3296 3963 habitudinis
3332 3903 3680 3983 sequentiS,
3707 3910 3802 3964 est
3831 3922 3929 3965 es-

2425 3999 2691 4061 sentiale
2721 4007 3031 4082 quantum
3061 4000 3138 4061 ad
3171 3999 3345 4061 illius
3375 3999 3769 4062 habitudinis
3799 4008 3926 4062 ter-

2427 4096 3012 4180 minum‚quoniam
3044 4098 3352 4160 terminus
3384 4095 3491 4161 ille
3520 4116 3648 4161 non
3679 4105 3924 4161 tantum

820 4196 977 4258 tiam
1040 4194 1215 4267 dicit,
1278 4194 1446 4276 quod
1508 4192 1649 4274 ejus
1712 4192 1942 4256 solutio
2005 4200 2175 4276 patet
2237 4200 2314 4255 e'x
2344 4197 2394 4258 D
2425 4202 2520 4257 est
2563 4194 2837 4276 Spiritus
2883 4196 3169 4270 Sanctus,
3215 4195 3325 4257 sed
3369 4203 3433 4257 θῖ
3474 4212 3664 4258 omne
3707 4214 3924 4259 neces—

822 4293 1030 4356 dictis.
1084 4292 1256 4355 Unde
1306 4298 1369 4353 θῖ
1418 4291 1593 4353 illam
1644 4292 1895 4353 videtur
1944 4291 2310 4365 concedere,

823 4391 1099 4473 Spiritus
1139 4390 1405 4452 Sanctus
1444 4389 1651 4470 diligit
1681 4408 1749 4451 se
1780 4389 2021 4470 Spiritu
2061 4390 2310 4464 Sanct0,

822 4491 909 4552 ita
967 4489 1136 4572 quod
1194 4487 1257 4570 ly
1305 4505 1372 4549 se
1419 4486 1809 4550 construitur
1866 4487 1956 4549 ibi
2006 4488 2189 4568 quasi
2248 4488 2314 4549 in

819 4587 1193 4652 habitudine
1242 4585 1463 4649 formae
1508 4592 1618 4647 aut
1663 4593 1862 4659 actuS,
1904 4587 2313 4667 quemadmo-

819 4689 974 4750 dum
1005 4685 1259 4759 dicitur,
1283 4685 1406 4746 Iste
1435 4683 1608 4745 videt
1637 4684 1901 4746 visione.
1927 4684 2135 4747 Multae
2167 4692 2317 4746 sunt

818 4804 1093 4867 namque
1126 4783 1543 4866 proprietates
1574 4780 1815 4855 formae,
1839 4782 2139 4844 videlicet
2172 4802 2186 4846 :
2223 4783 2314 4845 di—

816 4887 1159 4966 stinguere,
1212 4882 1559 4955 continere‚
1625 4882 2051 4957 manifestare,
2107 4883 2310 4957 unire,

816 4992 936 5047 etc.
970 4984 1115 5046 Haec
1158 4981 1512 5045 DuranduS.

898 5081 1183 5163 Denique
1223 5079 1447 5141 Scotus
1481 5095 1495 5139 ε
1529 5078 1722 5139 Amor
1749 5076 1893 5158 (ait)
1925 5077 1991 5138 in
2031 5077 2217 5140 nobis
2250 5078 2315 5140 in

821 5187 1129 5262 quantum
1178 5186 1275 5241 est
1322 5177 1476 5259 quid
1537 5176 1941 5259 productum,
1996 5176 2186 5238 habet
2237 5178 2314 5239 ad

824 5278 1212 5341 voluntatem
1271 5284 1341 5337 ut
1400 5275 1879 5358 producentem,
1944 5274 2316 5337 relationem

2425 4294 2588 4355 sario
2644 4293 2940 4369 amabile,
2990 4301 3052 4356 et
3099 4295 3308 4376 quoad
3361 4294 3504 4356 hoc⁴
3534 4293 3612 4355 fit
3659 4312 3922 4357 conver-

2425 4391 2541 4466 sio,
2591 4409 2720 4454 non
2773 4400 3083 4473 quantum
3129 4392 3208 4454 ad
3256 4392 3576 4455 notionale
3624 4402 3920 4456 connota-

2423 4496 2581 4551 tum.
2635 4489 2942 4553 Similiter
2982 4492 3200 4551 dicere
3251 4490 3527 4553 sumitur
3579 4510 3696 4554 nec
3745 4510 3922 4555 mere

2423 4587 2845 4652 essentialiter
2887 4607 3005 4651 nec
3049 4608 3222 4652 mere
3266 4590 3692 4664 notionaliter,
3724 4610 3924 4673 quan-

2424 4688 2506 4749 do
2545 4686 2914 4749 conceditur
2941 4688 3120 4750 Pater
3153 4706 3219 4750 se
3259 4688 3470 4751 dicere
3500 4688 3706 4752 Verbo
3737 4708 3752 4752 :
3787 4688 3921 4753 imo

2425 4792 2723 4848 connotat
2767 4785 3113 4860 notionem,
3166 4794 3320 4867 puta
3365 4786 3805 4867 gignitionem,
3855 4796 3922 4849 et

2427 4884 2727 4965 importat
2757 4884 2822 4944 in
2856 4884 3070 4964 genito
3110 4884 3554 4946 habitudinem
3592 4885 3921 4947 declarati-

2427 4982 2488 5043 vi
2539 4982 2616 5043 ad
2666 4999 2854 5044 omne
2901 4982 3299 5045 declarabile.
3351 5018 3433 5027 —
3479 4983 3622 5046 Haec
3671 4984 3918 5047 Scotus.

2425 5080 2544 5153 Qui
2573 5080 2767 5141 etiam
2806 5080 3212 5161 reprehendit
3241 5081 3608 5163 exemplum
3651 5080 3808 5143 illud
3839 5082 3925 5144 ab

2425 5178 2568 5239 aliis
2616 5178 3072 5251 introductum,
3120 5178 3442 5253 videlicet,
3488 5178 3690 5241 Arbor
3732 5178 3928 5242 floret.

2427 5276 2697 5340 floribus
2751 5294 2764 5339 :
2816 5278 3118 5359 quoniam
3173 5277 3404 5340 florere
3463 5295 3589 5340 non
3637 5286 3736 5340 est
3781 5297 3926 5343 ver-
