4359 6250
1267 479 1441 523 mssa
1483 479 1504 524 1
1546 477 2027 524 summi-unum.
2074 496 2154 506 -—
2195 479 2346 525 msr.
2393 479 2516 524 xxv
3327 458 3444 524 193

356 648 728 712 non'rerum
776 650 1075 713 omnium
1124 667 1320 714 causa
1366 653 1474 714 sit.
1517 653 1667 716 Non
1715 653 1892 717 enim
1930 653 2121 716 facile
2168 654 2386 735 potest
2426 652 2707 717 inveniri
2749 668 2990 715 nomen
3029 651 3208 733 quod
3244 650 3441 713 tantae

354 762 739 830 excellentiae
778 767 1145 847 conveniat,
1177 767 1307 830 nisi
1346 769 1524 848 quod
1562 768 1802 833 melius
1838 769 2080 832 dicitur
2114 769 2402 832 Trinitas
2444 768 2584 832 haec
2620 785 2795 831 unus
2831 769 3032 831 Deus,
3066 767 3252 831 Sicut
3288 781 3441 848 ergo
3491 827 3494 832 .

352 879 466 942 tres
515 897 619 944 res
655 881 985 961 dicuntur,
1030 884 1094 946 et
1130 882 1234 946 hae
1282 884 1438 947 sunt
1482 903 1615 948 una
1660 903 1800 965 res3
1843 886 1934 948 ita
1957 887 2107 948 tres
2152 885 2598 952 subsistentiae
2648 884 2980 964 dicuntur,
3021 884 3086 947 et
3133 884 3236 948 hae
3287 883 3443 946 sunt

348 1014 466 1060 una
490 999 795 1062 essentia.
828 1000 995 1063 Ecce
1033 1001 1373 1064 ostensum
1410 1002 1511 1065 est
1547 1019 1695 1083 quae
1733 1003 1821 1064 sit
1857 1001 2291 1084 intelligentia
2326 1001 2528 1084 hujus
2556 1001 2870 1081 nominiS,
2902 1017 3205 1082 persona,
3231 1016 3442 1081 quum

345 1113 611 1178 dicimus
659 1115 793 1179 tres
838 1133 1172 1196 personas

604 1348 657 1411 Ι.
708 1353 825 1410 Εω
869 1365 1007 1426 quo
1052 1365 1273 1416 sensu
1316 1353 1639 1426 dicatur,
1681 1355 1851 1414 Alia
1900 1352 2010 1414 est
2046 1366 2372 1426 persona
2423 1353 2702 1425 Patri&
2747 1354 2906 1414 alia
2955 1353 3155 1425 Filii,

1456 1471 1614 1531 alia
1662 1469 1986 1542 Spiritus
2030 1470 2306 1532 Sancti.

466 1678 653 1742 Nunc
690 1679 1122 1761 inspiciamus
1158 1681 1383 1744 utrum
1433 1680 1797 1744 secundum
1844 1679 2143 1744 eamdem
2190 1681 2511 1745 rationem
2552 1683 2618 1745 et
2653 1697 2918 1744 causam
2968 1681 3244 1761 dicatur,
3285 1680 3437 1743 Alia

346 1796 435 1858 est
467 1812 745 1876 persona
779 1795 1019 1876 PatriS‚
1059 1796 1191 1860 alia
1226 1796 1405 1877 Filii,
1438 1797 1568 1860 alia
1603 1797 1889 1878 Spiritus
1926 1797 2167 1860 Sancti.
2205 1797 2398 1870 Quod
2425 1798 2654 1878 utique
2683 1813 2840 1860 sane
2876 1797 3155 1878 intelligi
3191 1798 3431 1878 potest,

343 1913 409 1975 ut
450 1913 534 1974 sit
580 1929 815 1977 sensus
863 1912 1017 1976 talis
1068 1933 1082 1974 ε
1133 1913 1284 1977 Alia
1330 1915 1431 1978 est
1483 1913 1908 1978 subsistentia
1959 1912 2063 1977 vel
2117 1912 2496 1995 hypostasis
2543 1914 2782 1994 Patris,
2827 1914 2956 1977 alia
3010 1913 3436 1978 subsistentia

342 2027 505 2106 Filii,
544 2029 675 2092 alia
720 2030 1147 2093 subsistentia
1194 2030 1482 2112 Spiritus
1532 2029 1789 2110 Sancti;
1842 2031 1908 2094 et
1944 2030 2074 2092 alia
2120 2029 2547 2094 subsistentia
2595 2031 2811 2110 Pater,
2854 2030 2982 2093 alia
3027 2030 3263 2109 Filius,
3304 2029 3434 2092 alia

342 2143 613 2226 Spiritus
659 2147 961 2210 Sanctus
1026 2221 1037 2234 ,

620 2386 703 2450 Κ.
760 2389 1125 2454 Quomodo
1173 2393 1321 2453 haec
1370 2390 1915 2467 intezctaantur,
1970 2391 2178 2452 Alius
2223 2390 2333 2452 est
2377 2389 2611 2451 Pater
2661 2392 2739 2453 in
2777 2403 3134 2464 persona,

1135 2510 1332 2570 alius
1378 2510 1635 2582 Filius,
1679 2509 1876 2570 alius
1916 2507 2243 2581 Spiritus
2287 2507 2622 2570 Sanctus.

462 2717 713 2783 Deinde
758 2720 1098 2800 quaeritur,
1139 2721 1365 2789 utrum
1400 2720 1763 2783 secundum
1806 2722 2105 2785 eamdem
2148 2720 2474 2784 rationem
2510 2718 2888 2800 accipiatur,
2922 2737 3129 2800 quum
3167 2721 3428 2802 dicitur,

340 2832 517 2897 Alius
550 2838 652 2899 est
686 2835 884 2900 Pater
920 2836 990 2900 in
1031 2853 1335 2918 persona,
1380 2836 1551 2900 alius
1597 2837 1667 2899 in
1703 2853 1983 2917 persona
2026 2838 2263 2915 Filius,
2305 2836 2476 2899 alius
2512 2837 2581 2898 in
2622 2852 2903 2916 persona
2942 2836 3227 2916 Spiritus
3273 2838 3435 2902 San-

336 2951 503 3032 ctus;
554 2953 721 3032 sive,
781 2951 973 3015 Alius
1027 2951 1459 3033 personaliter
1514 2953 1731 3032 Pater,
1783 2952 1954 3016 alius
2008 2951 2440 3033 personaliter
2497 2950 2729 3031 Filius,
2785 2951 2956 3015 alius
3005 2952 3434 3033 personaliter

335 3065 613 3147 Spiritus
639 3068 937 3133 Sanctus.
967 3067 1073 3133 Ad
1101 3068 1281 3150 quod
1309 3068 1614 3149 dicimuS,
1641 3069 1799 3151 quia
1827 3069 1950 3132 etsi
1981 3067 2193 3150 possit
2223 3067 2451 3131 eodem
2482 3067 2681 3131 modo
2711 3067 2944 3149 accipi,
2967 3070 3434 3150 congruentius

333 3184 543 3247 tamen
584 3201 665 3248 ex
706 3185 959 3248 ratione
996 3184 1157 3248 dicti
1187 3184 1316 3247 alia
1352 3185 1641 3248 variatur
1685 3184 2138 3265 intelligentia,
2170 3186 2247 3247 ut
2283 3184 2392 3247 hic
2428 3201 2724 3264 personae
2764 3186 3031 3249 nomine
3067 3186 3433 3268 proprietas

330 3316 620 3378 personae
656 3301 1082 3382 intelligatur,
1109 3301 1186 3364 ut
1214 3301 1302 3365 sit
1338 3318 1573 3364 sensus
1609 3299 1759 3364 talis
1796 3321 1809 3361 :
1848 3299 2037 3363 Alius
2075 3303 2173 3365 est
2204 3302 2272 3364 in
2303 3317 2584 3381 persona
2613 3300 2718 3364 vel
2754 3301 3184 3382 personaliter
3210 3303 3426 3382 Pater,

334 3416 395 3477 id
438 3419 557 3497 est,
592 3418 990 3499 proprietate
1028 3434 1150 3481 sua
1185 3418 1382 3480 Pater
1427 3417 1597 3480 alius
1644 3418 1743 3481 est
1781 3433 1982 3498 quam
2022 3417 2256 3497 Filius,
2299 3419 2364 3481 et
2405 3416 2619 3479 Filius
2662 3418 3059 3497 proprietate
3104 3435 3224 3481 sua
3258 3418 3431 3482 alius

332 3550 521 3615 quam
558 3535 775 3599 Pater.
810 3534 1140 3597 Pater-nali
1180 3534 1359 3597 enim
1395 3534 1790 3615 proprietate
1828 3533 2258 3613 distinguitur
2295 3533 2675 3615 hypostasis
2712 3533 2930 3596 Patris
2971 3533 3052 3596 ab
3089 3534 3430 3615 hypostasi

333 3649 499 3729 Filii,
540 3652 609 3715 et
651 3651 1031 3732 hypostasis
1066 3648 1224 3712 Filii
1266 3649 1453 3713 filiali
1494 3649 1892 3730 proprietate
1929 3649 2322 3712 discernitur
2364 3667 2404 3712 a
2446 3649 2665 3729 Patre,
2714 3651 2779 3711 et
2824 3649 3108 3730 Spiritus
3151 3651 3432 3715 Sanctus

335 3764 411 3827 ab
448 3768 731 3847 utroque
778 3766 1188 3847 processibili
1234 3766 1633 3849 proprietate
1680 3765 2130 3847 distinguitur.

789 4006 867 4070 L.
927 4012 1123 4077 Quod
1166 4014 1565 4073 secundum
1607 4013 1796 4074 hunc
1840 4014 2143 4074 modum
2189 4011 2421 4073 etiam
2467 4012 2547 4075 in
2586 4011 2969 4086 praedictis
3067 4036 3082 4049 ·

1156 4125 1163 4129 ’
1380 4128 1865 4191 locutionibus
1902 4128 2144 4201 potest
2189 4129 2449 4202 accipi.

452 4341 601 4405 Hoc
645 4342 847 4406 etiam
898 4340 1097 4404 modo
1144 4358 1301 4404 sane
1347 4342 1566 4423 potest
1613 4341 1819 4423 accipi
1868 4358 2149 4423 persona
2197 4340 2264 4402 in
2310 4340 2674 4421 praemissis
2723 4340 3188 4423 locutionibuS,
3221 4361 3430 4425 quum

330 4457 582 4538 dicitur,
624 4458 775 4521 Alia
819 4460 919 4522 est
954 4475 1235 4538 persona
1270 4458 1509 4537 Patris,
1550 4458 1682 4521 alia
1727 4458 1904 4540 Filii,
1941 4460 2011 4521 id
2057 4458 2177 4534 est,
2212 4457 2342 4520 alia
2389 4459 2488 4521 est
2533 4459 2899 4539 proprietas
2934 4476 3065 4539 qua
3101 4459 3296 4524 Pater
3334 4459 3434 4523 est

332 4573 537 4653 Pater,
570 4574 703 4637 alia
738 4591 871 4657 qua
906 4574 1118 4638 Filius
1156 4575 1256 4637 est
1291 4574 1527 4654 Filius,
1560 4575 1690 4637 alia
1728 4593 1860 4657 qua
1901 4576 2187 4657 Spiritus
2225 4573 2504 4637 Sanctus
2542 4576 2642 4637 est
2678 4574 2964 4655 Spiritus
3001 4575 3298 4640 Sanctus.
3335 4576 3434 4639 Ita

338 4691 529 4755 etiam
575 4692 847 4755 nomine
884 4708 1181 4774 personae
1230 4691 1501 4772 quidam
1537 4692 1967 4772 proprietates
2010 4690 2374 4772 intelligere
2416 4690 2670 4770 volunt,
2702 4707 2912 4772 quum
2955 4692 3262 4756 dicuntur
3301 4693 3433 4755 tres

338 4824 665 4891 personae3
697 4809 817 4873 sed
852 4808 1093 4873 melius
1121 4808 1323 4871 estut
1349 4806 1808 4871 subsistentias
1835 4808 1943 4871 vel
1979 4807 2370 4888 hypostases
2399 4806 2870 4887 intelligamuS,
2903 4824 3112 4888 quum
3149 4807 3433 4871 dicimus

342 4924 466 4986 tres
508 4942 849 5006 personas.

462 5041 567 5104 Ex
606 5040 939 5123 praedictis
976 5040 1329 5121 colligitur,
1370 5039 1547 5121 quod
1583 5056 1825 5102 nomen
1860 5054 2156 5119 personae
2196 5038 2266 5100 in
2301 5038 2618 5101 Trinitate
2656 5037 2984 5117 triplicem
3023 5040 3199 5101 tenet
3234 5040 3434 5103 ratio·

338 5170 505 5220 nem.
546 5157 671 5220 Est
722 5155 903 5221 enim
953 5155 1068 5220 ubi
1122 5155 1279 5219 facit
1330 5154 1832 5237 intelligentiam
1890 5155 2213 5235 essentiae,
2264 5156 2330 5217 et
2391 5156 2490 5217 est
2542 5153 2657 5216 ubi
2718 5152 2876 5215 facit
2933 5153 3430 5234 intelligentiam

334 5266 731 5354 hypostasiS,
773 5275 839 5338 et
886 5274 987 5338 est
1028 5272 1144 5336 ubi
1191 5272 1349 5335 facit
1392 5271 1897 5353 intelligentiam
1939 5271 2383 5353 proprietatis.

584 5410 651 5462 Τ.
685 5411 768 5463 20.
3125 5408 3186 5459 13
