4359 6250
852 472 971 536 334

1495 492 1559 538 m
1601 493 1822 538 Lmnnu
1862 492 1887 538 1
1930 491 2412 538 SENTENTIARUR.
2457 508 2537 518 —
2579 491 2730 536 msr.
2777 490 2988 552 xxxn;
3033 489 3254 545 QUAES'r.
3297 487 3320 533 1

854 679 933 721 ne
964 660 1386 722 essentialiter
1416 660 1604 734 dicta,
1642 667 1850 723 tamen
1892 659 2352 743 appropriabili
2385 658 2436 721 A
2465 659 2929 740 diligitur,quae
2958 667 3019 721 et
3053 659 3326 742 Spiritus
3357 657 3624 720 Sanctus
3655 661 3773 728 est,
3793 661 3952 734 agat,

853 758 1119 841 Spiritui
1169 759 1414 822 Sancto.
1460 759 1691 822 Contra
1740 759 1855 822 hos
1904 766 1999 820 est
2045 758 2216 839 quod
2264 776 2357 819 se-

853 857 1135 918 cundum
1174 857 1338 918 hanc
1370 856 1741 938 opinionem
1781 856 2056 938 Spiritus
2088 857 2354 917 Sanctus

853 972 981 1016 non
1028 961 1463 1016 removeretur
1509 973 1545 1016 a
1592 955 1769 1017 Patre
1818 962 1880 1016 et
1928 953 2108 1025 Fi1i0,
2152 971 2353 1034 quum

852 1052 1031 1113 Pater
1077 1060 1140 1115 et
1192 1052 1391 1114 Filius
1447 1053 1749 1114 dicuntur
1797 1052 2061 1133 diligere
2110 1051 2352 1132 Spiritu

852 1151 1102 1224 Sancte,
1156 1150 1307 1232 quia
1364 1158 1425 1212 et
1484 1151 1759 1232 Spiritus
1818 1151 2085 1213 Sanctus
2144 1148 2354 1229 diligit

852 1267 1371 1331 unamquamque
1420 1249 1703 1311 divinam
1754 1266 2089 1331 personam
2143 1266 2354 1309 essen-

849 1347 983 1409 tiali
1016 1347 1393 1410 dilectione:
1419 1348 1529 1410 sed
1558 1348 1951 1429 Augustinus
1982 1345 2160 1419 dicit,
2180 1346 2351 1428 quod

848 1445 1123 1526 Spiritus
1154 1446 1421 1508 Sanctus
1451 1464 1579 1508 non
1610 1454 1706 1508 est
1734 1445 1894 1507 alter
1918 1446 2190 1507 duorum
2223 1461 2351 1525 quo

843 1543 1097 1623 genitus
1141 1562 1179 1603 a
1219 1544 1505 1624 genitore
1554 1543 1859 1625 diligitur.
1897 1579 1977 1588 —
2015 1541 2208 1604 Tertii
2258 1559 2350 1604 se-

844 1648 1133 1722 quuntur
1178 1641 1501 1704 Simonem
1546 1642 2029 1713 Tornacensem,
2064 1640 2348 1702 dicentes

845 1739 1017 1820 quod
1062 1741 1413 1821 propositio
1464 1741 1573 1802 illa
1622 1741 1704 1802 sit
1748 1759 1897 1802 vera
1943 1758 2016 1801 ac
2063 1738 2342 1820 propria,

2463 765 2652 838 atque
2699 757 2872 819 illius
2915 765 3135 820 auctor
3178 764 3240 820 6ῖ
3281 756 3460 837 origo
3503 753 3827 816 consistat.
3861 753 3958 814 Di-

2465 856 2633 917 citur
2678 874 2828 937 ergo
2876 857 3055 918 Pater
3103 854 3344 938 Spiritu
3395 854 3624 916 Sancto
3670 851 3958 932 diligere,

2465 971 2591 1016 non
2636 954 2805 1036 quod
2847 955 3025 1016 Pater
3070 972 3183 1036 per
3221 972 3370 1016 eum
3411 951 3638 1014 habeat
3677 949 3962 1011 dilectio·

2466 1071 2634 1124 nem,
2677 1053 2787 1114 sed
2831 1052 3128 1114 exhibeat
3170 1060 3234 1113 et
3277 1051 3622 1132 impendat.
3655 1084 3739 1094 —
3769 1048 3844 1108 Et
3888 1047 3966 1109 ad

2465 1150 2585 1212 hoc
2632 1151 2809 1231 Hugo
2853 1151 3100 1213 inducit
3144 1149 3314 1231 quod
3364 1150 3564 1220 Pater,
3608 1146 3964 1209 secundum

2464 1249 2821 1331 Scripturas
2868 1257 2932 1311 et
2979 1249 3263 1321 Sanctos,
3309 1255 3610 1330 operatur
3658 1264 3773 1328 per
3821 1245 3968 1306 Fili·

2463 1366 2595 1422 um,
2631 1366 2756 1410 non
2788 1349 2958 1428 quod
2987 1366 3024 1409 a
3053 1347 3214 1410 Filio
3249 1345 3522 1428 accipiat
3551 1344 3818 1427 aliquid,
3853 1344 3966 1406 sed

2462 1447 2631 1526 quod
2673 1446 2972 1528 potentiae
3009 1446 3350 1529 operativae
3379 1452 3475 1507 est
3504 1451 3726 1506 auctor
3766 1443 3834 1504 in
3866 1442 3964 1504 Fi·

2463 1544 2566 1606 lio.
2601 1545 2834 1607 Verum
2875 1551 3094 1607 contra
3136 1544 3256 1607 hoc
3298 1563 3438 1606 esse
3480 1542 3754 1611 videtur,
3787 1542 3960 1623 quod

2460 1661 2662 1723 quum
2702 1643 2956 1716 dicitur,
2990 1644 3169 1705 Pater
3207 1648 3506 1725 operatur
3545 1659 3660 1723 per
3699 1640 3957 1713 Filium,

2461 1748 2713 1803 notatur
2734 1740 3005 1804 effectus
3039 1742 3103 1803 in
3135 1748 3422 1803 creatura
3453 1740 3518 1801 in
3549 1758 3736 1821 quam
3763 1746 3964 1800 trans·

844 1838 937 1900 sic
983 1839 1151 1920 quod
1196 1838 1511 1902 ablativus
1558 1839 1949 1902 construitur
1994 1838 2059 1900 in
2102 1837 2344 1899 ratione
2383 1839 2429 1900 Β
2462 1839 2509 1900 it
2551 1857 2746 1921 opus;
2788 1858 2989 1922 quum
3035 1857 3184 1902 vero
3227 1839 3484 1912 dicitur,
3527 1838 3705 1900 Pater
3747 1837 3960 1916 diligit

844 1936 1010 2017 signi
1040 1937 1286 2016 (contra
1315 1938 1484 2019 quod
1517 1937 1911 2020 disputatum
1940 1936 2074 2017 jam
2102 1937 2244 2016 est).
2265 1971 2345 1980 —

844 2035 1075 2107 Quarta
1117 2042 1215 2096 est
1257 2035 1477 2116 opinio
1518 2033 2056 2097 Antisiodorensis
2097 2035 2346 2114 (contra

845 2151 1039 2214 quam
1086 2133 1277 2195 etiam
1323 2133 1458 2213 jam
1506 2133 1900 2215 disputatum
1944 2139 2041 2195 est
2080 2131 2161 2194 ab
2204 2130 2345 2194 Ale-

844 2231 1128 2311 xandro).
1164 2232 1459 2294 Attamen
1490 2231 1861 2313 opinionem
1894 2230 2070 2293 illam
2102 2229 2346 2292 salvan-

844 2329 947 2403 do,
997 2329 1124 2391 dici
1185 2337 1399 2411 posset
1447 2331 1617 2413 quod
1676 2330 1912 2412 duplex
1972 2337 2067 2391 est
2114 2328 2340 2403 forma,

844 2435 998 2508 puta
1028 2428 1291 2490 interior
1328 2437 1516 2510 atque
1548 2429 1841 2491 exterior.
1878 2427 2165 2501 Interior,
2202 2445 2344 2508 quoe

844 2527 1089 2588 confert
1141 2545 1299 2588 esse.
1352 2527 1641 2589 Exterior
1698 2527 1937 2608 duplex
1996 2534 2094 2588 est
2148 2543 2162 2587 z
2219 2543 2344 2586 una

843 2624 1176 2687 continens
1206 2632 1270 2687 et
1299 2625 1651 2688 terminans
1682 2644 1839 2700 rem,
1862 2633 1928 2686 ut
1962 2624 2171 2702 locus;
2194 2623 2340 2697 alia,

840 2723 920 2784 ad
968 2742 1162 2804 quam
1208 2722 1287 2785 fit
1336 2742 1457 2798 reS,
1512 2732 1582 2785 ut
1628 2723 1957 2805 exemplar
2003 2730 2113 2784 aut
2165 2742 2342 2805 para-

843 2821 1074 2901 digma.
1112 2821 1188 2882 Et
1231 2822 1409 2884 nullo
1454 2822 1681 2884 horum
1728 2823 2063 2884 modorum
2108 2820 2345 2883 dicitur

843 2919 1159 2982 ablativus
1200 2920 1307 2982 ille
1338 2921 1621 2982 construi
1655 2921 1721 2982 in
1751 2920 2127 2983 habitudine
2158 2919 2342 3001 quasi

2459 1936 2690 1999 Filium
2731 1937 2972 2019 Spiritu
3005 1938 3254 2012 Sancto,
3287 1944 3397 1999 aut
3427 1952 3794 2008 econverso,
3827 1952 3960 1996 non

2457 2043 2710 2099 notatur
2751 2037 2986 2119 aliquis
3028 2036 3299 2099 effectus
3339 2036 3406 2096 in
3447 2053 3640 2117 quem
3679 2041 3962 2095 transeat

2456 2134 2734 2209 dilectio,
2769 2135 2880 2196 sed
2911 2135 3124 2217 potius
3156 2133 3559 2214 significatur
3587 2131 3856 2194 transire
3889 2131 3960 2191 in

2458 2233 2712 2306 Filium,
2747 2233 2848 2296 vel
2888 2241 3146 2295 econtra
3194 2232 3260 2295 in
3304 2233 3574 2304 Patrem,
3617 2249 3816 2311 quum
3867 2229 3966 2290 di-

2459 2332 2644 2407 citur,
2679 2331 2876 2393 Filius
2907 2332 3118 2412 diligit
3146 2332 3392 2394 Patrem
3427 2330 3670 2412 Spiritu
3703 2329 3958 2392 Sancto.

2457 2430 2577 2492 Sed
2619 2431 2697 2492 ad
2737 2431 2857 2492 hoc
2898 2430 3283 2512 respondent
3318 2427 3594 2510 praefatae
3631 2426 3963 2509 opinionis

2457 2547 2781 2611 sequaceS,
2826 2529 2994 2611 quod
3044 2528 3338 2611 quamvis
3387 2527 3453 2588 in
3503 2527 3819 2609 praetactis
3871 2526 3966 2587 lo-

2457 2627 2823 2690 cutionibus
2881 2628 3060 2689 Pater
3106 2634 3168 2688 et
3226 2625 3422 2688 Filius
3480 2625 3964 2705 distinguantur

2456 2725 2637 2806 quasi
2681 2725 2959 2788 materiae
2994 2743 3069 2786 ac
3107 2724 3366 2786 termini
3406 2722 3789 2795 dilectionis,
3823 2739 3959 2783 non

2453 2831 2550 2885 est
2599 2831 2810 2885 tamen
2861 2823 2948 2885 ita
2997 2823 3064 2884 in
3112 2840 3217 2901 re;
3261 2822 3373 2884 sed
3423 2821 3622 2902 magis
3669 2822 3848 2883 Pater
3887 2827 3962 2880 et

2455 2922 2653 2985 Filius
2682 2930 2831 2984 sunt
2863 2939 2961 2983 res
2993 2921 3411 2984 subsistentes
3440 2939 3477 2982 a
3506 2919 3742 3002 quibus
3775 2937 3962 2999 egre-

846 3037 1051 3080 causae
1088 3017 1397 3093 formalis,
1431 3019 1543 3080 sed
1588 3026 1684 3080 est
1728 3017 1909 3100 quasi
1949 3017 2155 3081 forma
2200 3037 2342 3099 quae
2379 3021 2422 3084 C
2454 3021 2627 3082 ditur
2683 3027 2860 3083 actus
2918 3019 3300 3092 dilectionis,
3352 3026 3415 3081 et
3463 3018 3736 3099 Spiritus
3795 3017 3964 3079 San·

845 3116 1037 3179 habet
1075 3125 1290 3180 actum
1328 3116 1551 3181 formae
1590 3125 1654 3179 et
1684 3117 1851 3181 cadit
1889 3117 1971 3180 ab
2010 3125 2155 3180 actu
2197 3136 2340 3179 cau-

846 3236 951 3279 sae.
987 3217 1193 3290 Quum
1231 3217 1404 3278 enim
1439 3218 1603 3291 dicO,
1638 3218 1837 3280 Causa
1873 3216 2181 3291 formalis,
2216 3217 2342 3278 duo

846 3315 1011 3388 dico,
1048 3315 1344 3378 videlicet
1378 3335 1392 3380 :
1427 3316 1882 3389 causalitatem,
1906 3323 1970 3377 et
2000 3316 2120 3377 hoc
2151 3314 2342 3377 habet

848 3413 1254 3475 influentiam
1302 3434 1495 3496 super
1536 3422 1901 3493 causatum;
1942 3422 2005 3476 et
2042 3413 2338 3487 formam,

846 3532 989 3594 quae
1030 3512 1221 3575 habet
1252 3514 1488 3575 multos
1526 3521 1727 3588 actus,
1762 3521 1979 3595 utpote
2019 3513 2166 3574 dare
2203 3530 2341 3573 esse

847 3618 911 3672 et
954 3612 1285 3685 rationem,
1330 3612 1692 3686 terminare,
1735 3612 1919 3673 unire
1954 3618 2065 3675 :et
2108 3611 2175 3671 in
2223 3610 2342 3672 hoc

848 3710 1076 3774 ultimo
1104 3718 1249 3773 actu
1280 3710 1557 3792 Spiritus
1589 3712 1857 3773 Sanctus
1886 3718 1983 3773 est
2012 3708 2197 3791 quasi
2225 3707 2346 3771 for-

848 3831 953 3874 ma
991 3812 1188 3874 Patris
1226 3830 1299 3872 ac
1329 3811 1493 3884 Filii,
1528 3811 1832 3892 quoniam
1873 3810 2013 3872 unit
2049 3827 2179 3883 eOS,
2215 3826 2342 3871 non

848 3909 1169 3985 effective,
1222 3910 1330 3971 sed
1389 3909 1556 3972 sicut
1603 3909 1665 3971 id
1717 3909 1783 3971 in
1832 3925 1960 3990 quo
2010 3908 2340 3979 uniuntur,

848 4009 1019 4090 quod
1059 4027 1172 4089 per
1200 4007 1552 4070 ablativum
1591 4007 1774 4069 illum
1811 4006 2232 4087 significatur.
2269 4004 2346 4065 Et

851 4126 965 4188 per
1008 4107 1128 4170 hoc
1172 4106 1569 4169 solverentur
1610 4105 1880 4186 objecta.

2454 3130 2594 3183 ctus
2653 3128 2749 3183 est
2809 3119 3118 3183 terminus
3181 3117 3539 3181 dilectionis
3601 3136 3713 3179 seu
3773 3123 3966 3179 actus

2455 3219 2628 3281 illius
2664 3237 2677 3281 :
2713 3219 2864 3302 quia
2901 3219 3119 3281 divina
3156 3226 3382 3280 natura
3409 3216 3752 3298 dupliciter
3781 3232 3966 3277 com-

2457 3318 2837 3391 municatur,
2879 3317 3180 3379 videlicet
3223 3334 3338 3398 per
3379 3314 3851 3396 generationem
3889 3320 3964 3373 et

2455 3415 2889 3497 spirationem,
2923 3434 3066 3496 quae
3104 3413 3368 3496 spiratio
3414 3413 3793 3494 importatur
3837 3428 3966 3492 per

2455 3513 2883 3576 dilectionem.
2936 3513 3096 3575 Hinc
3147 3511 3688 3594 quemadmodum
3746 3528 3962 3591 quum

2453 3612 2708 3686 dicitur,
2732 3612 2911 3675 Pater
2939 3611 3096 3673 dicit
3125 3610 3353 3683 Verbo,
3389 3628 3502 3692 per
3532 3608 3812 3671 Verbum
3846 3625 3968 3669 no-

2455 3718 2622 3772 tatur
2660 3729 2788 3773 non
2827 3709 2987 3772 ratio
3015 3709 3170 3771 dicti
3200 3726 3277 3770 ex
3313 3714 3488 3790 parte
3527 3706 3803 3779 dicendi,
3837 3706 3964 3768 sed

2457 3809 2668 3891 potius
2729 3809 2910 3890 quasi
2967 3807 3241 3870 effectus
3301 3814 3480 3868 actus
3546 3804 3802 3886 ipsius3
3864 3803 3968 3865 ita

2455 3926 2657 3989 quum
2705 3908 2961 3980 dicitur,
3005 3906 3184 3968 Pater
3221 3912 3284 3967 et
3325 3904 3522 3965 Filius
3567 3902 3840 3983 diligunt
3881 3920 3966 3965 se

2455 4007 2697 4089 Spiritu
2739 4008 2989 4081 Sancto,
3033 4013 3286 4069 notatur
3335 4004 3599 4067 materia
3643 4000 3964 4083 diligendi

2455 4106 2636 4187 quasi
2666 4105 2936 4168 effectus
2968 4122 3082 4186 per
3109 4103 3457 4166 ablativum
3490 4100 3970 4181 illum,Spiritu

930 4206 1161 4279 Quinta
1206 4205 1427 4286 opinio
1469 4212 1587 4277 est,
1629 4204 1799 4286 quod
1841 4222 2041 4283 quum
2084 4202 2341 4276 dicitur,
2376 4204 2425 4265 D
2457 4205 2707 4267 Sancto,

851 4304 1029 4366 Pater
1057 4310 1122 4364 et
1152 4302 1350 4364 Filius
1388 4302 1664 4382 diligunt
1702 4320 1769 4364 se
1810 4300 2050 4383 Spiritu
2092 4301 2342 4373 Sancto,

850 4401 1166 4463 ablativus
1212 4400 1318 4462 ille
1363 4400 1753 4463 construitur
1796 4398 1863 4460 in
1909 4400 2148 4461 ratione
2193 4397 2346 4461 effe-

852 4506 1014 4573 ctus,
1048 4507 1109 4561 et
1156 4517 1282 4562 non
1327 4517 1533 4562 causae
1574 4506 1684 4560 aut
1726 4498 1911 4579 signi.
1958 4497 2033 4558 Et
2075 4498 2212 4560 haec
2256 4497 2347 4560 vi-

850 4599 1036 4659 detur
1093 4616 1231 4660 esse
1292 4597 1513 4679 opinio
1574 4596 1858 4677 magistri
1922 4596 2204 4676 Hugonis
2266 4596 2343 4657 de

851 4698 911 4761 S.
946 4698 1195 4760 Victore
1238 4696 1303 4757 in
1344 4696 1613 4779 epistola
1650 4696 1727 4757 de
1768 4695 2172 4776 processione
2206 4694 2345 4775 Spi-

850 4797 1013 4859 ritus
1062 4796 1272 4859 Sancti
1320 4797 1400 4858 ad
1447 4795 1512 4857 B.
1558 4794 1970 4866 Bernardum,
2017 4792 2288 4855 dicentis
2325 4813 2340 4857 ε

850 4898 1029 4959 Pater
1058 4895 1322 4976 diligere
1352 4895 1587 4956 dicitur
1617 4892 1858 4975 Spiritu
1888 4893 2139 4966 Sancto,
2174 4893 2345 4974 quod

850 5013 977 5059 non
1010 4996 1097 5057 ita
1126 4994 1524 5075 intelligitur,
1558 4992 1738 5075 quasi
1772 4991 2047 5073 Spiritus
2078 4992 2344 5053 Sanctus

848 5102 1071 5158 auctor
1109 5102 1221 5156 aut
1261 5094 1440 5175 origo
1483 5092 1745 5154 exsistat
1788 5092 1957 5174 quod
2003 5091 2181 5152 Pater
2224 5097 2341 5165 est,

848 5202 914 5256 et
951 5211 1067 5275 pro
1104 5211 1220 5256 suo
1262 5192 1527 5254 arbitrio
1567 5198 1737 5253 amat
1774 5190 1945 5272 quod
1989 5195 2193 5267 amat3
2235 5190 2345 5252 sed

852 5292 1023 5377 quod
1079 5292 1257 5354 Pater
1304 5310 1445 5353 eam
1501 5289 1910 5353 dilectionem
1963 5306 2089 5371 qua
2148 5287 2346 5350 Filius

2536 4301 2771 4362 Verum
2829 4300 3134 4382 quoniam
3194 4300 3420 4362 modus
3483 4299 3592 4361 ille
3651 4296 3974 4379 loquendi

2455 4406 2792 4462 extraneus
2822 4407 2938 4472 est,
2973 4398 3186 4479 potius
3218 4406 3393 4479 put0,
3427 4397 3597 4479 quod
3636 4395 3974 4458 ablativus

2457 4498 2564 4561 ille
2609 4498 3000 4561 construitur
3048 4497 3113 4558 in
3163 4496 3538 4558 habitudine
3587 4494 3974 4557 exsistentis

2456 4597 2533 4658 de
2566 4596 2903 4679 principio,
2938 4596 3107 4678 quod
3147 4594 3337 4657 habet
3364 4601 3578 4656 actum
3612 4592 3793 4675 quasi
3826 4590 3976 4653 for-

2457 4715 2576 4759 mae
2615 4696 2680 4757 in
2723 4696 3018 4758 uniendo.
3057 4694 3133 4755 Et
3170 4694 3304 4757 haec
3343 4701 3439 4755 est
3479 4700 3654 4755 sexta
3691 4690 3968 4773 positia,

2455 4814 2596 4877 quoe
2628 4794 3074 4875 complectitur
3111 4794 3288 4865 duas,
3322 4792 3621 4854 videlicet
3657 4796 3968 4872 quartam

2455 4900 2518 4954 et
2547 4893 2836 4975 quintam
2875 4898 3186 4974 quantum
3223 4891 3303 4953 ad
3343 4889 3407 4952 id
3447 4889 3616 4972 quod
3658 4896 3826 4950 recte
3855 4888 3972 4949 di-

2457 4998 2627 5053 cunt.
2673 4991 2908 5073 Estque
2951 4990 3160 5052 simile
3209 5008 3409 5070 quum
3452 4987 3688 5050 dicitur
3719 5004 3733 5048 ε
3767 4985 3972 5049 Pater

2455 5090 2610 5152 dicit
2649 5089 2874 5152 Verbo.
2912 5090 3025 5151 Per
3064 5089 3128 5171 ly
3157 5087 3363 5149 Verbo
3403 5086 3805 5168 significatur
3842 5104 3970 5147 ex-

2455 5188 2684 5251 sistens
2715 5189 2792 5250 de
2824 5187 3164 5269 principio,
3193 5186 3440 5249 scilicet
3467 5185 3687 5259 Filius,
3707 5184 3819 5266 qui
3851 5194 3970 5248 est

2457 5288 2534 5351 de
2559 5288 2735 5350 Patre
2766 5305 2881 5369 per
2906 5294 3122 5348 actum
3153 5284 3406 5348 dicendi
3439 5285 3518 5346 ad
3549 5284 3735 5359 intra,
3759 5284 3964 5365 quasi
