4359 6250
42 390 58 489 σ--ι
42 353 53 377 Γ
42 293 57 344 «τ’

877 482 998 549 484
1474 508 1538 553 m
1578 505 1800 553 uanum
1842 508 1864 553 1
1905 503 2513 553 saNrnN‘r1Anun.·—-
2556 504 2711 552 msr.
2757 504 3034 570 xxxvm3
3078 503 3301 562 oms-r.
3351 505 3396 552 11

879 675 1191 758 quidquid
1225 680 1524 742 convenit
1553 680 1667 754 rei,
1700 687 1762 741 et
1803 679 2114 761 quidquid
2154 696 2269 742 nos
2301 679 2377 740 de
2406 676 2459 739 A
2492 685 2587 740 est
2638 679 2993 760 peremptio
3028 677 3461 740 antecedentis
3505 695 3519 739 :
3562 676 3617 738 si
3658 676 3831 738 enim
3875 693 3987 758 po-

879 792 953 834 ca
1002 791 1380 856 cognoscere
1431 795 1774 859 possumus
1821 797 1835 841 z
1885 777 2125 859 alioqui
2177 777 2377 838 Deum

879 871 1102 935 lateret
1143 875 1297 956 quid
1341 893 1456 938 nos
1499 896 1740 938 sumus.

959 971 1048 1033 Ex
1096 972 1196 1034 his
1256 992 1510 1057 quoque
1569 982 1740 1057 patet
1791 975 2126 1038 Mahometi
2186 974 2377 1057 perfi-

876 1068 1001 1144 dia,
1035 1071 1146 1152 qui
1191 1072 1255 1134 in
1294 1073 1603 1137 Alcorano
1643 1074 1868 1136 asserit
1906 1074 2122 1137 omnia
2158 1074 2224 1135 in
2257 1073 2376 1135 hoc

811 1211 814 1214 -
877 1167 1116 1231 mundo
1156 1169 1233 1231 de
1273 1171 1649 1234 necessitate
1687 1171 1852 1234 sicut
1891 1171 2196 1234 eveniunt
2240 1189 2378 1233 eve-

875 1266 1054 1345 nire3
1105 1275 1167 1328 ct
1216 1287 1438 1331 rursus
1482 1270 1884 1351 apertissime
1932 1270 2040 1344 ait,
2088 1270 2259 1353 quod
2310 1270 2375 1331 in

874 1364 1327 1444 conjunctione
1378 1369 1609 1431 animae
1669 1369 2176 1450 uniuscujusque
2228 1388 2375 1430 cum

874 1480 1158 1545 corpore,
1222 1465 1486 1546 angelus
1546 1467 1667 1549 ipsi
1730 1467 1958 1529 anirnae
2017 1466 2375 1548 praescribit

875 1561 1172 1624 universa
1218 1582 1360 1645 quae
1407 1564 1466 1626 ei
1517 1565 1844 1638 eveniunt,
1889 1572 1947 1627 et
1995 1564 2249 1646 qualem
2296 1565 2374 1627 fi-

873 1678 1022 1721 nem
1070 1660 1350 1736 habebit,
1405 1682 1522 1724 nec
1571 1663 1812 1744 aliquid
1862 1663 2088 1725 horum
2142 1664 2375 1745 poterit

874 1757 1218 1821 immutari.
1254 1760 1377 1822 Hos
1412 1760 1739 1823 damnatos
1780 1759 2373 1843 perfidissimosque

2488 784 2677 839 natur
2718 795 2843 841 non
2884 777 3165 851 evenire,
3199 777 3489 858 sequitur
3526 776 3697 858 quod
3736 793 3863 836 non
3906 774 3989 836 sit

2485 894 2522 937 a
2565 875 2691 938 Deo
2734 874 3121 957 praescitum.
3168 875 3312 938 Haee
3355 874 3673 937 AlbertuS.

2566 975 2635 1036 In
2677 974 2841 1036 libro
2886 991 3141 1056 quoque
3181 975 3259 1036 de
3299 973 3377 1036 IV
3420 972 3827 1056 CoaequaeviS,
3871 979 3995 1033 tra·

2486 1080 2658 1135 ctatu
2706 1073 2784 1134 de
2834 1072 3028 1148 coelo,
3070 1071 3376 1135 diffusius
3426 1071 3651 1135 scribit
3700 1071 3779 1133 de
3828 1071 3930 1132 his
3974 1088 3989 1132 :

2486 1171 2849 1234 Secundum
2890 1171 3304 1253 philosophos
3344 1169 3701 1253 (inquiens)
3742 1186 3991 1251 praeno-

2486 1270 2785 1333 sticantes
2826 1270 2891 1331 in
2931 1270 3141 1344 astriS,
3176 1270 3342 1332 sicut
3385 1269 3565 1332 docet
3609 1268 3987 1331 Ptolemaeus

2486 1368 2551 1429 in
2594 1369 2981 1440 Tetrascum,
3026 1377 3087 1430 et
3128 1368 3528 1442 Albumasar,
3574 1375 3635 1430 et
3680 1367 3985 1429 Aristote-

2485 1467 2597 1542 leS,
2647 1486 2721 1529 ac
2769 1467 2877 1529 alii
2929 1467 3138 1542 multi,
3188 1466 3253 1529 in
3306 1467 3460 1529 hora
3508 1465 3984 1546 conjunctionis

2483 1566 2824 1648 respicitur
2859 1566 3207 1628 ascendens
3238 1574 3302 1628 et
3331 1567 3557 1629 domus
3588 1584 3701 1627 seu
3733 1564 3985 1626 mansio

2480 1664 2903 1738 ascendentiS,
2938 1673 3000 1726 et
3039 1663 3365 1727 confertur
3404 1683 3549 1725 cum
3597 1662 3724 1726 alio
3768 1663 3985 1744 plane-

2482 1769 2545 1823 ta
2586 1762 2696 1844 qui
2742 1763 3003 1845 respicit
3050 1763 3399 1825 ascendens
3449 1781 3563 1844 per
3605 1781 3673 1824 se
3712 1761 3816 1824 vel
3868 1781 3985 1844 per

872 1864 1228 1937 sequuntur
1273 1876 1540 1932 erroreS,
1594 1860 1704 1941 qui
1757 1858 1958 1940 legem
2011 1860 2372 1941 suscipiunt
2409 1864 2455 1926 B
2482 1861 2702 1935 alium,
2744 1869 2807 1922 et
2856 1879 3003 1923 cum
3050 1862 3221 1935 luna,
3264 1881 3405 1943 quae
3446 1879 3746 1942 magnum
3790 1860 3984 1922 habet

871 1955 1343 2017 sceleratissimi
1375 1956 1732 2019 Mahometi.
1763 1957 2089 2020 Avicenna
2117 1976 2371 2039 quoque

872 2050 936 2114 in
969 2052 1394 2136 Metaphysica
1435 2073 1548 2116 sua
1585 2054 1869 2116 affirmat
1907 2056 2124 2118 omnia
2153 2057 2220 2118 in
2251 2057 2371 2119 hoe

873 2150 1114 2214 mundo
1155 2151 1332 2213 fatali
1377 2154 1754 2215 necessitate
1798 2154 2184 2236 contingere.

947 2251 1240 2332 Amplius
1281 2251 1693 2333 praeinductis
1733 2271 1812 2314 ex
1842 2253 2081 2316 Thoma
2111 2271 2370 2317 concor-

869 2346 1017 2409 dant
1069 2349 1305 2431 scripta
1359 2349 1626 2424 Alberti,
1676 2350 1948 2412 dicentis
2002 2368 2015 2412 :
2069 2351 2369 2425 Quamvis

867 2446 1034 2508 Deus
1073 2446 1155 2509 sit
1196 2466 1386 2510 causa
1425 2449 1869 2523 immutabilis,
1914 2450 2273 2512 necessaria
2307 2458 2370 2512 et

866 2551 1120 2620 aeterna,
1162 2546 1367 2610 nihilo
1408 2547 1620 2610 minus
1663 2546 1936 2610 effectus
1979 2555 2188 2630 potest
2230 2547 2367 2611 esse

867 2643 1263 2725 contingenS,
1308 2645 1460 2727 quia
1504 2664 1631 2708 non
1675 2646 1904 2727 recipit
1949 2646 2367 2729 proprietates

868 2742 1092 2823 primae
1137 2761 1362 2806 causae.
1405 2744 1664 2806 Nullum
1709 2744 1881 2806 enim
1935 2752 2217 2807 creatum
2264 2763 2370 2827 po-

863 2848 987 2902 test
1031 2840 1312 2923 perfecte
1354 2843 1734 2925 participare
1778 2843 2197 2926 proprietates
2239 2845 2367 2926 pri-

865 2958 984 3001 mae
1035 2958 1262 3014 causae,
1314 2958 1390 3003 eo
1447 2941 1618 3023 quod
1678 2941 1934 3004 infinita
1990 2942 2368 3005 excellentia

2481 1958 2839 2022 dominium
2882 1959 3016 2022 fere
3062 1960 3127 2021 in
3171 1959 3459 2041 qualibet
3502 1959 3979 2039 conjunctione,

2480 2058 2605 2119 nisi
2655 2059 2737 2119 sit
2798 2059 2861 2119 in
2918 2057 3360 2120 combustione
3418 2058 3589 2120 solis.
3644 2058 3708 2121 Si
3764 2066 3981 2120 autern

2480 2174 2607 2219 non
2637 2164 2733 2219 est
2760 2156 2923 2218 alius
2958 2157 3212 2238 planeta
3250 2155 3601 2238 respiciens
3643 2157 3856 2239 ipsum
3886 2176 3983 2220 as-

2480 2255 2778 2328 cendenS,
2814 2255 3140 2316 confertur
3182 2273 3331 2316 cum
3376 2255 3509 2317 sola
3557 2255 3707 2317 luna
3748 2255 3979 2318 domus

2478 2353 2901 2426 ascendentiS,
2950 2372 3097 2415 cum
3149 2354 3338 2416 domo
3388 2353 3615 2416 domus
3664 2353 3757 2415 rei
3806 2373 3979 2435 quae·

2480 2451 2647 2530 sitae3
2679 2458 2741 2513 et
2772 2451 3125 2513 secundum
3160 2450 3330 2532 quod
3370 2449 3465 2512 illi
3505 2451 3981 2532 conjungentur

2477 2550 2578 2612 vel
2632 2566 2758 2612 non
2813 2547 3303 2630 conjungentur,
3354 2549 3455 2610 vel
3508 2547 3856 2631 respicient
3906 2569 3978 2612 se

2477 2647 2579 2709 vel
2635 2664 2761 2709 non
2822 2647 3187 2729 respicient,
3248 2645 3325 2708 fit
3381 2645 3699 2727 judicium
3762 2647 3841 2710 de
3906 2666 3977 2710 re

2479 2746 2765 2827 quaesita,
2818 2745 3034 2807 fienda
3082 2745 3182 2807 vel
3238 2763 3364 2807 non
3415 2744 3649 2807 fienda.
3698 2745 3791 2807 Ex
3838 2746 3981 2827 qui·

2476 2844 2597 2906 bus
2638 2844 2911 2918 videtur,
2947 2844 3116 2926 quod
3154 2851 3323 2906 astra
3362 2844 3425 2905 in
3466 2843 3767 2908 omnibus
3804 2843 3982 2925 vigo·

2477 2961 2612 3005 rem
2644 2943 2918 3005 habeant
2949 2949 3011 3004 et
3041 2942 3366 3005 virtutem.
3394 2977 3475 2986 —
3504 2942 3773 3024 Insuper
3802 2943 3978 3005 Isaac

863 3037 946 3098 sit
993 3037 1185 3100 illius.
1239 3039 1419 3113 Item,
1471 3047 1724 3101 causata
1773 3040 2204 3123 contingentia
2258 3061 2365 3103 na—
2403 3045 2447 3110 C
2478 3041 2757 3102 Israelita
2814 3039 3255 3123 philosophuS‚
3308 3039 3374 3101 in
3428 3040 3591 3102 libro
3642 3040 3977 3104 Definitio-

861 3136 1152 3198 turaliter
1199 3156 1235 3199 a
1283 3137 1666 3219 quibusdam
1713 3139 2106 3201 secundariis
2154 3142 2364 3203 causis

862 3234 1380 3315 contingentibus
1412 3236 1778 3298 immediate
1815 3246 2176 3313 causantur,
2210 3258 2363 3321 qua-

860 3351 1004 3393 rum
1053 3334 1312 3395 modum
1358 3334 1746 3399 causalitatis
1789 3353 1914 3398 non
1962 3337 2128 3399 tollit
2171 3357 2361 3400 causa

861 3431 1068 3512 prima
1108 3451 1222 3513 per
1257 3450 1437 3494 suam
1481 3432 1882 3495 influentiam
1921 3454 2114 3517 super
2147 3454 2361 3498 causa-

861 3536 1016 3591 tum.
1052 3530 1294 3593 Idcirco
1326 3548 1453 3594 non
1483 3531 1773 3613 sequitur
1807 3550 1820 3594 :
1857 3534 2058 3595 Causa
2088 3534 2359 3597 effectus

858 3628 1053 3708 hujus
1087 3638 1184 3692 est
1214 3630 1588 3705 necessaria,
1622 3650 1770 3713 ergo
1811 3632 2082 3695 effectus
2122 3641 2218 3695 est
2257 3653 2360 3696 ne-

857 3727 1170 3791 cessarius
1210 3736 1273 3791 et
1313 3728 1753 3792 immutabilis.
1790 3730 1862 3791 Et
1895 3738 1991 3792 est
2021 3732 2255 3807 simile,
2290 3740 2361 3794 ut

857 3824 911 3887 si
958 3844 1251 3889 accessus
1309 3826 1462 3889 solis
1524 3827 1589 3889 in
1648 3827 1912 3909 obliquo
1973 3830 2214 3893 circulo
2264 3838 2359 3893 est

856 3923 1213 3985 necessaria
1253 3943 1442 3987 causa
1478 3926 1926 4006 generationiS,
1970 3946 2098 3991 non
2142 3935 2356 3990 tamen

855 4022 1328 4101 generationem
1379 4021 1522 4085 fieri
1574 4032 1669 4085 est
1721 4044 2000 4101 necesse,
2053 4028 2356 4107 quoniam

855 4127 1063 4200 potest
1110 4138 1250 4183 esse
1295 4120 1828 4203 impedimentum
1872 4142 1949 4184 ex
1996 4132 2172 4206 parte
2219 4144 2359 4207 pro-

2474 3160 2629 3201 num
2656 3140 2861 3203 :Deus
2888 3140 3031 3221 (ait)
3050 3138 3201 3201 fecit
3232 3158 3495 3220 regnare
3526 3139 3747 3203 orbem
3777 3159 3979 3222 super

2475 3237 2798 3312 inferiora,
2850 3245 2913 3299 et
2960 3237 3242 3319 disponit
3296 3238 3649 3300 secundum
3710 3238 3975 3320 imperi·

2473 3356 2584 3398 um
2625 3336 2787 3415 ejuS‚
2822 3354 3014 3416 regua
3049 3342 3112 3397 et
3142 3335 3330 3409 bella,
3358 3354 3431 3397 ac
3465 3343 3673 3398 cetera
3705 3355 3847 3418 quae
3886 3336 3973 3399 ab

2473 3433 2843 3496 hominibus
2886 3432 3339 3513 gubernantur.

2561 3532 2682 3594 Sed
2730 3531 2807 3593 ad
2856 3531 2991 3594 haec
3048 3538 3110 3593 et
3168 3531 3530 3595 consimilia
3586 3533 3973 3614 responden-

2470 3632 2646 3705 dum,
2680 3630 2849 3712 quod
2886 3629 3162 3692 coelestis
3194 3630 3534 3692 influentia
3561 3650 3676 3712 per
3706 3631 3971 3694 modum

2469 3728 2858 3801 inclinantiS,
2902 3744 3031 3790 non
3077 3728 3540 3803 necessitantis,
3582 3728 3713 3809 agit
3755 3728 3823 3791 in
3867 3748 3974 3791 su-

2470 3827 2783 3909 periorem
2843 3826 3073 3889 animae
3132 3834 3397 3908 partem.
3456 3826 3630 3889 Unde
3688 3824 3971 3889 dicimus

2468 3926 2842 4007 sauguinem
2895 3926 3063 3987 circa
3112 3942 3220 3987 cor
3265 3943 3607 3987 accensum
3656 3925 3969 3989 inclinare

2467 4026 2545 4086 ad
2588 4024 2747 4086 iram
2791 4024 3077 4086 animum
3124 4023 3424 4098 hominis,
3462 4041 3590 4087 non
3632 4030 3843 4085 tamen
3886 4025 3969 4087 de

2468 4123 2841 4185 necessitate
2894 4122 3230 4201 irascitur3
3279 4129 3343 4183 et
3390 4122 3743 4184 secundum
3792 4124 3967 4204 quod

855 4216 1170 4279 ximarum
1222 4237 1580 4293 causarum,
1622 4220 1788 4281 sicut
1839 4222 1903 4282 in
1950 4222 2087 4284 loco
2131 4242 2357 4305 perpe.-
2384 4233 2433 4295 D
2465 4222 2718 4282 animus
2752 4220 3096 4282 inclinatur
3123 4220 3202 4281 ad
3234 4219 3741 4301 complexionem
3772 4227 3967 4302 atque

854 4323 978 4378 tuae
1025 4315 1413 4396 frigiditatis.
1457 4316 1616 4379 Hinc
1665 4318 2036 4382 Ptolemaeus
2088 4320 2152 4382 in
2206 4322 2359 4384 Cen-

853 4413 1074 4494 tilogio
1131 4414 1314 4489 dixit,
1375 4416 1544 4497 quod
1609 4418 1862 4498 sapiens
1921 4419 2357 4484 dominabitur

852 4512 1061 4587 astris,
1095 4513 1246 4594 quia
1287 4514 1620 4577 contrariis
1659 4516 2188 4597 dispositionibus
2232 4521 2355 4583 dis-

853 4618 1179 4693 ponuntur
1217 4630 1422 4676 causae
1461 4614 1773 4677 secundae.
1809 4615 1968 4677 Hinc
2009 4634 2200 4678 causa
2231 4619 2354 4699 pri-

851 4729 956 4773 ma
986 4727 1113 4773 non
1145 4709 1320 4792 ponit
1356 4712 1800 4774 necessitatem
1829 4713 2207 4791 absolutam,
2240 4718 2352 4779 sed

849 4808 1092 4873 ordinis
1130 4809 1231 4872 vel
1272 4810 1765 4891 consequentiae,
1799 4828 1926 4873 non
1963 4830 2353 4895 consequen-

849 4908 948 4969 tis.
973 4944 1054 4952 —
1083 4908 1147 4970 Si
1178 4914 1392 4969 autem
1423 4906 1767 4987 objiciatur
1797 4928 1811 4973 :
1846 4910 1975 4971 Hoc
2005 4911 2347 4992 praevisum

845 5013 941 5068 est
999 5024 1036 5067 a
1095 5006 1222 5068 Deo
1280 5006 1450 5087 quod
1498 5006 1733 5080 veniet,
1787 5025 1937 5087 ergo
1989 5010 2349 5073 necessario

844 5104 1062 5182 venit3
1102 5104 1201 5167 vel
1248 5104 1434 5165 detur
1481 5105 1652 5186 quod
1701 5123 1828 5167 non
1873 5106 2145 5180 eveniat,
2200 5125 2349 5189 ergo

845 5202 1244 5283 praescientia
1293 5202 1403 5263 Dei
1455 5201 1756 5264 frustrata
1804 5209 1917 5264 est.
1967 5203 2343 5280 Dicendum,

843 5300 1012 5387 quod
1059 5300 1325 5363 remotio
1373 5299 1817 5381 hujuscemodi
1869 5304 2339 5383 consequentia,

2465 4319 2819 4393 materiam,
2872 4318 3222 4380 secundum
3274 4318 3393 4381 hoc
3452 4317 3645 4380 habet
3694 4318 3758 4379 in
3812 4336 3964 4381 eum

2464 4418 2597 4479 vim
2637 4416 3031 4479 constellatio
3063 4416 3413 4478 secundum
3445 4415 3623 4497 quid,
3657 4433 3783 4478 non
3816 4416 3967 4478 sim-

2464 4514 2733 4597 pliciter.
2769 4514 2970 4576 Aliter
3010 4514 3247 4596 periret
3286 4533 3469 4576 casus
3508 4513 3860 4576 secundum
3892 4514 3967 4575 li-

2462 4613 2689 4675 berum
2746 4611 3085 4674 arbitrium
3145 4619 3209 4674 et
3265 4611 3630 4685 consilium,
3682 4611 3736 4673 si
3796 4612 3964 4675 nihil

2460 4718 2627 4773 esset
2658 4710 3031 4791 contingens
3070 4710 3149 4772 ad
3193 4710 3571 4773 utrumlibet
3606 4710 3683 4772 de
3717 4708 3961 4787 futuro,

2462 4816 2529 4871 ut
2585 4809 2825 4891 optime
2884 4808 3165 4889 disputat
3220 4807 3641 4889 Philosophus
3699 4807 3765 4869 in
3825 4807 3965 4871 fine

2459 4908 2654 4989 primi
2696 4905 3199 4969 Perihermenias
3242 4913 3307 4968 et
3347 4906 3627 4969 secundo
3664 4906 3967 4989 Physieo-

2460 5026 2621 5068 rum.
2666 5004 2827 5066 Hinc
2872 5004 3034 5067 libro
3080 5004 3360 5067 secundo
3402 5003 3703 5066 disseruit
3740 5004 3971 5068 Dama-

2458 5123 2686 5167 scenus
2722 5122 2735 5165 :
2778 5104 3149 5166 Nostrorum
3194 5111 3453 5165 actuum
3499 5120 3689 5165 causa
3726 5120 3973 5186 nequa-

2456 5221 2648 5285 quam
2708 5209 2857 5264 sunt
2912 5202 3141 5274 sidera,
3194 5200 3443 5263 scilicet
3490 5200 3963 5266 necessitando.

2452 5303 2578 5365 Nos
2608 5302 2779 5364 enim
2818 5300 3001 5363 liberi
3041 5300 3290 5363 arbitrii
3330 5319 3367 5362 a
3406 5300 3743 5363 Conditore
3773 5299 3961 5379 facti,
