4359 6250
863 457 984 524 528
1807 477 1982 524 unna
2023 477 2044 522 1
2085 475 2569 524 seuram-unm«.
2616 496 2697 505 —
2736 477 2889 525 ms‘r.
2937 477 3037 524 xu

866 653 1179 730 effectus,
1201 652 1541 734 Accipitur
1585 653 1805 715 tamen
1855 653 2210 734 aliquando
2254 651 2626 734 reprobatio
2664 671 2783 735 pro
2824 653 3276 735 obduratione,
3318 655 3492 718 sicut
3532 656 3599 718 et
3636 653 3982 736 praedesti-

866 770 1046 832 natio
1084 787 1203 851 pro
1242 788 1365 833 suo
1402 770 1660 848 effectu,
1706 770 1822 851 qui
1854 771 1954 834 est
1989 770 2200 852 gratia
2236 769 2538 852 apposita
2580 791 2594 831 ε
2636 771 2846 852 gratia
2882 771 3058 834 enim
3098 789 3247 853 quae
3290 771 3664 853 apponitur,
3707 771 3981 835 effectus

867 887 966 948 est
1004 885 1620 966 praedestinationis.
1655 886 1876 960 Quum
1917 903 2070 967 ergo
2109 886 2361 968 gratiae,
2403 903 2552 967 quae
2599 887 2955 968 apponitur
2992 887 3249 950 homini
3289 888 3371 951 ad
3402 887 3973 968 Justificationem,

867 1002 1051 1065 nulla
1097 1003 1234 1066 sint
1286 1003 1542 1084 merita,
1585 1003 1795 1067 multo
1848 1004 2070 1067 minus
2117 1005 2181 1066 et
2238 1002 2450 1084 ipsius
2501 1003 3121 1084 praedestinationiS,
3164 1021 3293 1086 qua
3350 1004 3434 1068 ab
3476 1005 3719 1068 aeterno
3778 1005 3977 1084 elegit

867 1119 1050 1183 Deus
1100 1137 1269 1201 quos
1316 1120 1550 1200 voluit,
1582 1120 1805 1202 aliqua
1852 1122 2129 1202 possunt
2181 1120 2497 1184 exsistere
2552 1120 2833 1184 merita:
2868 1121 2957 1183 ita
3007 1138 3127 1184 nec
3166 1121 3669 1203 reprobationis,
3710 1139 3845 1203 qua
3898 1121 3983 1184 ab

592 1252 839 1306 namna,
870 1238 1113 1300 aeterno
1167 1237 1489 1318 quosdam
1544 1237 1876 1318 praescivit
1933 1235 2193 1300 futuros
2250 1236 2463 1299 malos
2522 1237 2587 1298 et
2640 1235 3091 1318 damnandos;
3150 1238 3323 1300 sicut
3381 1239 3576 1319 elegit
3630 1238 3860 1318 Jacob,
3916 1241 3983 1301 et

574 1319 616 1370 ἰ’
639 1321 678 1362 ³'
871 1353 1244 1436 reprobavit
1280 1355 1455 1418 Esau
1490 1375 1505 1416 :
1540 1354 1718 1435 quod
1754 1371 1887 1417 non
1926 1353 2054 1417 fuit
2094 1371 2215 1436 pro
2254 1353 2509 1417 meritis
2556 1371 2785 1416 eorum
2826 1370 2974 1435 quae
3017 1356 3175 1418 tunc
3222 1354 3557 1435 haberent,
3597 1356 3755 1437 quia
3798 1356 3985 1420 nulla

869 1470 1216 1551 habebant,
1259 1471 1571 1552 quoniam
1601 1487 1722 1534 nec
1754 1470 1884 1552 ipsi
1923 1468 2367 1551 exsistebant3
2397 1485 2517 1533 nec
2546 1471 2813 1552 propter
2851 1468 3073 1533 futura
3108 1471 3345 1534 merita
3385 1488 3533 1552 quae
3562 1471 3978 1553 praevideret,

869 1586 975 1650 vel
1012 1587 1202 1650 illum
1250 1587 1469 1668 elegit,
1520 1588 1625 1651 vel
1671 1587 1862 1650 illum
1910 1585 2306 1668 reprobavit.

1197 1822 1274 1885 B.
1331 1825 1584 1898 opinio
1633 1827 2153 1899 quorumdam,
2208 1825 2287 1886 in
2335 1839 2479 1899 qua
2522 1823 2671 1896 fuit
2730 1827 3130 1900 aliquando
3176 1826 3647 1902 Aaou-atinus,

1939 1945 2090 2004 sed-
2105 1942 2370 2014 postea
2417 1941 2886 2005 retractavit.

1007 2146 1274 2228 Opinati
1333 2147 1489 2210 sunt
1544 2147 1764 2210 tamen
1812 2145 2106 2227 quidam,
2148 2146 2365 2210 Deum
2414 2144 2562 2209 ideo
2609 2145 2883 2226 elegisse
2934 2145 3161 2226 Jacob,
3214 2147 3370 2228 quia
3422 2146 3623 2211 talem
3680 2137 3987 2210 futuru'm

627 2285 737 2339 Aug.
762 2281 844 2328 no-
873 2263 1209 2345 praescivit
1246 2263 1360 2345 qui
1400 2264 1470 2325 in
1509 2279 1662 2326 eum
1701 2263 1990 2326 crederet
2019 2263 2084 2325 et
2121 2263 2179 2326 ei
2211 2262 2505 2325 serviret.
2530 2261 2723 2336 Quod
2750 2261 3104 2344 aliquando
3140 2262 3556 2345 Augustinus
3591 2281 3661 2328 se
3698 2263 3990 2328 sensisse

573 2347 839 2462 ἷῖζζὲζῗ
869 2381 1035 2445 dicit
1072 2379 1142 2442 in
1182 2379 1350 2443 libro
1399 2379 1966 2443 Retractationum
2010 2399 2026 2442 :
2068 2378 2183 2443 ubi
2229 2382 2451 2461 aperte
2499 2380 2807 2459 ostendit,
2848 2380 3027 2461 quod
3074 2379 3129 2443 si
3170 2381 3437 2463 propter
3482 2379 3705 2445 futura
3751 2381 3993 2444 merita

868 2497 1116 2562 electus
1173 2498 1369 2577 esset,
1405 2496 1547 2576 Jam
1593 2513 1728 2559 non
1775 2513 1856 2559 ex
1906 2495 2116 2577 gratia
2167 2497 2342 2560 esset
2392 2496 2624 2560 electio
2668 2516 2685 2557 ε
2724 2513 2859 2559 non
2907 2513 3061 2578 ergo
3110 2495 3258 2560 ideo
3308 2497 3555 2562 electus
3592 2498 3693 2561 est
3726 2515 3767 2559 a
3812 2497 3982 2576 Deo,

868 2614 1025 2695 quia
1067 2613 1219 2676 talis
1257 2605 1522 2676 futurus
1559 2613 1720 2692 erat,
1751 2611 1869 2675 sed
1911 2629 1994 2676 ex
2032 2611 2146 2674 tali
2187 2612 2505 2676 electione
2549 2612 2700 2675 talis
2742 2614 2842 2676 est
2880 2611 3133 2696 factus3
3164 2613 3256 2676 ita
3292 2612 3517 2677 dicens
3559 2633 3575 2676 :
3616 2591 3987 2694 Disputans

867 2747 990 2811 ego
1042 2728 1203 2811 quid
1257 2729 1526 2810 elegerit
1578 2729 1761 2792 Deus
1807 2727 1877 2790 in
1921 2729 2219 2792 nondum
2276 2728 2455 2807 nat0,
2501 2726 2607 2791 cui
2664 2728 2837 2791 dixit
2890 2729 3289 2793 serviturum
3345 2748 3489 2794 esse
3534 2730 3883 2811 majorem,
3918 2732 3985 2793 et

868 2845 1030 2928 quid
1067 2845 1136 2908 in
1173 2845 1405 2909 eodem
1448 2843 1700 2924 majore
1736 2843 2044 2907 similiter
2079 2843 2377 2907 nondum
2415 2844 2569 2906 nato
2612 2843 3091 2924 reprobaverit3
3125 2845 3208 2908 ad
3245 2846 3371 2908 hoc
3399 2845 3681 2926 perduxi
3717 2845 3985 2908 ratioci-

867 2963 1203 3026 nationem
1240 2962 1317 3024 ut
1354 2960 1640 3025 dicerem
1684 2980 1698 3022 :
1739 2960 1888 3024 Non
1929 2976 2083 3041 ergo
2123 2959 2319 3040 elegit
2361 2959 2542 3022 Deus
2582 2976 2779 3042 opera
2817 2960 3209 3043 cuiusquam
3254 2961 3323 3024 in
3352 2961 3789 3042 praescientia,
3830 2978 3981 3042 quae

867 3079 1013 3160 ipse
1065 3078 1338 3142 daturus
1393 3077 1530 3159 est3
1583 3076 1700 3140 sed
1748 3076 1945 3141 fidem
2003 3076 2199 3158 elegit
2245 3076 2313 3139 in
2359 3077 2794 3159 praescientia,
2835 3079 2901 3143 et
2949 3095 3148 3161 quem
3194 3078 3322 3144 sibi
3378 3079 3784 3144 crediturum
3838 3095 3985 3143 esse

868 3196 1224 3278 praescivit,
1258 3195 1481 3277 ipsum
1523 3194 1743 3275 elegit,
1777 3194 1884 3257 cui
1922 3194 2243 3276 Spiritum
2283 3194 2599 3257 Sanctum
2634 3196 2841 3277 daret,
2876 3198 2951 3260 ut
2985 3196 3159 3260 bona
3196 3198 3525 3279 operando
3556 3197 3753 3261 etiam
3792 3198 3985 3260 aeter-

873 3330 1028 3376 nam
1059 3313 1265 3376 vitam
1305 3312 1834 3392 consequeretur.
1867 3346 1955 3356 —
1992 3312 2158 3375 Ecce
2190 3310 2297 3374 hic
2327 3314 2548 3393 aperte
2585 3311 2767 3393 dicit,
2807 3329 2941 3377 non
2970 3316 3237 3395 propter
3266 3330 3463 3396 opera
3491 3331 3645 3379 eum
3676 3313 3980 3395 elegisse,

580 3449 830 3505 *praeivit
869 3430 986 3494 sed
1015 3431 1281 3513 propter
1316 3428 1513 3492 fidem
1554 3444 1684 3509 qua
1713 3444 1864 3491 eum
1902 3423 2255 3509 praevidit*
2292 3428 2717 3491 crediturum.

1003 3546 1132 3611 Sed
1161 3546 1319 3628 quia
1355 3546 1422 3610 et
1464 3546 1532 3609 in
1574 3544 1700 3609 fide
1740 3544 2052 3608 meritum
2103 3545 2225 3624 est,
2267 3545 2462 3609 sicuti
2500 3547 2567 3609 et
2607 3546 2677 3608 in
2725 3545 3057 3628 operibuS,
3097 3546 3224 3611 hoc
3260 3546 3658 3627 retractavit,
3689 3547 3919 3611 dicens
3961 3565 3979 3608 ε

613 3684 790 3729 maen..
866 3663 1177 3728 Nondum
1215 3662 1598 3745 diligentius
1637 3662 2072 3743 quaesiveram
2113 3677 2233 3724 nec
2278 3661 2492 3725 adhuc
2529 3662 2907 3726 inveneram
2945 3662 3161 3745 qualis
3197 3664 3287 3727 sit
3332 3663 3563 3728 electio
3601 3664 3853 3745 gratiae,
3896 3664 3981 3727 de

569 3801 698 3845 nom.
718 3804 834 3853 ns..
865 3797 997 3861 qua
1039 3778 1202 3842 dicit
1226 3777 1589 3860 Apostolus
1623 3797 1639 3839 τ
1680 3776 2007 3857 Reliquiae
2045 3794 2162 3859 per
2205 3777 2593 3841 electionem
2638 3779 2865 3859 gratiae
2903 3779 3104 3843 salvae
3140 3779 3319 3843 fient.
3362 3779 3525 3853 Quae
3561 3780 3794 3861 utique
3840 3796 3979 3842 non

865 3898 966 3961 est
1001 3896 1234 3978 gratia,
1274 3895 1332 3958 si
1381 3912 1464 3958 ex
1499 3894 1756 3957 meritis
1801 3893 2120 3975 procedit,
2153 3895 2231 3957 ut
2258 3893 2399 3973 Jam
2452 3894 2631 3975 quod
2683 3894 2875 3958 datur
2919 3912 3053 3958 non
3100 3896 3467 3959 secundum
3511 3896 3816 3977 gratiam,
3856 3894 3979 3958 sed

865 4013 1227 4078 secundum
1265 4010 1586 4090 debitum,
1628 4010 1939 4074 reddatur
1973 4011 2198 4091 potius
2228 4010 2511 4091 merida,
2545 4027 2744 4092 quam
2783 4011 3085 4075 donetur.
3124 4012 3403 4075 Perinde
3442 4012 3623 4093 quod
3659 4012 3975 4075 continuo

570 4148 835 4199 iconum.
863 4129 1005 4192 dixi
1039 4149 1054 4190 z
1085 4128 1266 4192 Dicit
1303 4127 1478 4191 enim
1517 4126 1695 4189 idem
1726 4125 2110 4207 Apostolus,
2144 4126 2329 4189 Idem
2359 4126 2540 4190 Deus
2578 4126 2693 4208 qui
2733 4128 3038 4208 operatur
3067 4128 3291 4191 omnia
3323 4128 3392 4190 in
3428 4126 3779 4208 omnibus;
3818 4144 3982 4189 nus-

865 4262 1065 4327 quam
1095 4245 1317 4307 autem
1355 4241 1607 4305 dictum
1647 4242 1769 4322 est,
1803 4241 1984 4304 Deus
2022 4242 2230 4305 credit
2266 4242 2489 4304 omnia
2519 4242 2587 4304 in
2626 4242 2970 4324 omnibus;
3000 4259 3075 4306 ac
3113 4242 3348 4307 deinde
3387 4242 3745 4324 subjunxi:
3780 4242 3979 4316 Quod

865 4381 1019 4444 ergo
1058 4362 1409 4442 credimus,
1443 4362 1744 4424 nostrum
1774 4361 1918 4440 est3
1957 4359 2137 4440 quod
2174 4377 2329 4423 vero
2371 4359 2620 4441 bonum
2660 4377 3032 4441 operamur,
3063 4360 3245 4424 illius
3282 4361 3526 4442 estqui
3556 4360 3977 4425 credentibus

862 4482 976 4544 dat
1027 4478 1346 4561 Spiritum
1405 4477 1743 4543 Sanctum.
1797 4476 1942 4540 Hoc
1998 4474 2293 4557 profecto
2349 4492 2482 4540 non
2540 4477 2850 4557 dicerem,
2904 4478 2962 4541 si
3013 4477 3155 4558 jam
3210 4477 3447 4542 scirem
3504 4478 3703 4541 etiam
3754 4477 3975 4558 ipsam

861 4599 1062 4663 fidem
1111 4596 1281 4660 inter
1328 4595 1454 4659 Dei
1504 4611 1778 4659 munera
1837 4594 2108 4677 reperiri
2165 4611 2315 4675 quae
2371 4594 2609 4658 dantur
2663 4595 2733 4659 in
2789 4595 3020 4659 eodem
3070 4596 3343 4677 Spiritu.
3395 4595 3765 4676 Utrumque
3814 4612 3975 4676 ergo

862 4715 1164 4780 nostrum
1203 4714 1302 4777 est
1338 4714 1605 4795 propter
1632 4712 1978 4776 arbitrium
2008 4712 2391 4792 voluntatis,
2424 4712 2491 4776 et
2527 4713 2882 4793 utrumque
2920 4712 3148 4775 datum
3177 4712 3279 4775 est
3303 4729 3423 4794 per
3457 4710 3775 4793 Spiritum
3818 4710 3979 4776 fidei

567 4851 833 4905 ammaon.
863 4836 928 4898 et
957 4830 1270 4896 caritatis.
1292 4831 1378 4893 Et
1406 4828 1587 4910 quod
1622 4827 1819 4909 paulo
1858 4828 2008 4909 post
2045 4826 2210 4906 dixi,
2231 4828 2550 4891 Nostrum
2578 4828 2757 4891 enim
2790 4829 2889 4891 est
2921 4828 3181 4892 credere
3210 4829 3276 4891 et
3312 4827 3505 4907 velle,
3537 4826 3718 4891 illius
3746 4828 3977 4892 autem

567 4914 829 5019 ffbh'fe'n'
863 4950 1018 5013 dare
1047 4946 1464 5012 credentibus
1501 4946 1568 5009 et
1603 4942 1978 5007 volentibus
2017 4942 2396 5008 facultatem
2424 4943 2589 5008 bene
2627 4945 2939 5026 operandi
2977 4961 3094 5027 per
3121 4945 3441 5026 Spiritum
3480 4944 3819 5023 Sanctum,
3852 4962 3981 5025 per

580 5039 818 5089 ⁸⁰²¹⁸''''⁵'
862 5082 1061 5147 quem
1100 5062 1338 5127 caritas
1389 5062 1513 5126 Dei
1565 5059 1957 5124 diffunditur
2004 5060 2069 5122 in
2123 5060 2432 5124 cordibus
2476 5061 2721 5125 nostris
2756 5082 2771 5123 :
2806 5077 3039 5125 verum
3090 5062 3191 5125 est
3230 5060 3533 5142 quidem;
3577 5059 3693 5124 sed
3740 5059 3977 5123 eadem

862 5182 1115 5264 regula,
1173 5183 1240 5245 et
1305 5182 1660 5261 utrumque
1725 5176 1938 5259 ipsius
1999 5178 2122 5257 est,
2188 5178 2345 5260 quia
2408 5177 2550 5259 ipse
2609 5179 2936 5260 praeparat
2997 5178 3428 5258 voluntatem,
3488 5178 3549 5240 et
3612 5179 3975 5259 utrumque

859 5300 1186 5379 nostrum,
1230 5296 1387 5380 quia
1433 5311 1567 5360 non
1615 5295 1692 5359 fit
1740 5294 1870 5358 nisi
1908 5294 2285 5360 volentibus
2324 5292 2539 5359 nobis.
2582 5328 2666 5341 —
2710 5296 2884 5376 Ergo
2922 5298 2989 5359 et
3036 5295 3348 5359 meritum
3396 5293 3547 5358 fidei
3592 5292 3675 5357 de
3710 5294 3977 5358 miseri·
