4359 6250
852 485 929 550 12
1501 505 1566 551 m
1607 503 1828 552 mnam!
1871 507 1890 550 1
1931 503 2414 550 summanum,
2460 521 2541 530 —
2582 501 2734 547 n1s·r.
2782 501 2949 562 xv113
2993 500 3216 556 Qufflsr.
3264 501 3283 544 1

849 677 1098 739 essendi
1155 686 1344 758 atque
1395 676 1652 757 regendi
1703 673 2026 747 inferiora,
2079 681 2341 754 propter
2369 669 2421 734 A
2452 671 2575 732 lem
2628 671 2965 734 excludere
3014 671 3417 735 influentiam
3467 671 3576 734 Dei
3626 671 3763 734 sine
3815 689 3940 752 qua

849 775 1016 856 quod
1079 783 1289 836 movet
1337 775 1635 836 continue
1685 792 1874 834 suum
1921 771 2161 834 orbem.
2217 769 2341 832 Alii

848 892 999 936 vero
1030 873 1499 935 considerantes
1531 871 1699 952 quod
1731 888 1918 933 omne
1948 887 2086 931 esse
2117 877 2180 930 et
2209 887 2345 948 age-

848 991 917 1033 re
959 979 1055 1033 est
1095 971 1176 1032 ab
1218 971 1430 1052 aliqua
1473 969 1677 1032 forma
1721 968 2066 1030 inhaerente
2107 967 2341 1047 agenti,

850 1089 992 1153 quae
1021 1077 1116 1132 est
1146 1070 1412 1132 formale
1453 1067 1840 1149 principium
1882 1066 2209 1147 operandi,
2244 1084 2346 1127 ve-

851 1169 983 1231 rius
1015 1169 1236 1230 dicunt
1266 1167 1434 1248 quod
1478 1165 1751 1246 Spiritus
1792 1166 2056 1228 Sanctus
2087 1164 2346 1246 perficit

851 1267 1242 1329 voluntatem
1283 1265 1752 1348 exemplariter,
1784 1263 2144 1327 efficienter
2177 1270 2242 1325 et
2270 1262 2345 1325 fi-

851 1365 1099 1438 naliter,
1153 1383 1266 1446 per
1316 1365 1641 1426 caritatem
1690 1372 1903 1425 tamen
1959 1369 2233 1424 creatam
2283 1367 2345 1422 et

851 1463 1130 1525 infusam
1187 1482 1260 1524 ac
1320 1463 1732 1525 inhaerentem
1792 1461 2161 1524 formaliter.
2217 1460 2343 1522 Nec

851 1570 945 1624 cst
986 1561 1196 1624 simile
1239 1562 1316 1623 de
1358 1562 1546 1624 modo
1585 1560 1890 1642 diligendi
1931 1577 2058 1641 quo
2097 1578 2164 1622 se
2206 1559 2346 1620 dili—

850 1669 1007 1742 gunt
1045 1660 1224 1722 Pater
1261 1669 1324 1722 et
1365 1660 1579 1722 Filius.
1615 1661 1743 1741 Ipsi
1783 1677 2058 1740 namque
2099 1658 2345 1739 spirant

854 1760 1046 1820 istum
1083 1776 1365 1820 amorem
1406 1777 1483 1820 ex
1523 1777 1590 1820 se
1625 1775 1640 1820 z
1674 1758 1842 1840 quod
1883 1775 2010 1820 non
2045 1757 2344 1819 convenit

2452 770 2627 832 nulla
2672 779 2959 832 creatura
3007 771 3073 832 in
3121 779 3335 833 actum
3384 789 3571 832 suum
3617 769 3789 831 exire
3834 786 3939 852 po-

2451 879 2591 932 test.
2628 870 2747 932 Sed
2789 878 3085 952 praetacta
3122 870 3341 951 opinio
3378 869 3544 932 ultra
3578 869 3938 950 generalem

2451 969 2857 1032 influentiam
2892 970 3067 1032 illam
3108 969 3269 1032 nihil
3308 968 3561 1030 videtur
3597 985 3833 1049 ponere
3874 968 3939 1028 in

2451 1068 2776 1133 voluntate
2824 1069 2947 1131 nisi
2994 1069 3197 1150 ipsius
3239 1067 3594 1130 naturalem
3635 1065 3939 1129 virtutem

2452 1188 2564 1231 seu
2614 1169 3120 1250 dispositionem,
3172 1187 3288 1250 per
3345 1185 3538 1249 quam
3585 1172 3795 1248 potest
3843 1184 3941 1228 ac-

2450 1268 2706 1351 quirere
2749 1268 2919 1349 quod
2962 1266 3394 1329 necessarium
3434 1274 3531 1328 est
3570 1265 3651 1326 ad
3690 1263 3941 1327 merito-

2451 1367 2619 1428 rium
2666 1366 2850 1429 velle.
2903 1403 2984 1412 —
3032 1366 3152 1428 Sed
3201 1364 3465 1428 forsitan
3525 1364 3719 1436 (ἰίθθε,
3770 1364 3939 1444 quod

2450 1466 2530 1529 ad
2568 1465 2955 1528 eliciendum
3002 1464 3399 1528 meritorium
3442 1464 3627 1536 velle,
3666 1463 3939 1545 Spiritus

2453 1565 2719 1627 Sanctus
2751 1582 2877 1627 non
2909 1565 3115 1627 solum
3144 1563 3523 1644 generaliter
3552 1562 3791 1635 influit,
3814 1562 3941 1625 imo

2452 1664 2645 1725 etiam
2676 1664 3067 1726 voluntatem
3100 1671 3313 1725 movet
3343 1661 3604 1743 speciali
3636 1661 3936 1728 motione.

2454 1762 2821 1825 sufficiente
2854 1763 2933 1825 ad
2976 1762 3362 1824 eliciendum
3408 1760 3804 1823 meritorium
3843 1779 3941 1822 ac-

853 1864 1172 1920 creaturae.
1204 1893 1286 1902 ——
1314 1857 1457 1919 Haec
1497 1857 1733 1918 Petrus.
1778 1857 1846 1918 In
1895 1856 2079 1935 cujus
2128 1855 2340 1916 verbis
2380 1857 2425 1918 B
2456 1868 2615 1934 tum,
2666 1868 2731 1922 et
2783 1862 2860 1923 ad
2924 1861 3044 1924 hoc
3102 1861 3272 1942 quod
3322 1858 3614 1921 voluntas
3674 1859 3757 1921 sit
3814 1858 3942 1922 Deo

852 1957 1197 2019 obscurum
1233 1965 1330 2018 est
1367 1956 1536 2038 quod
1575 1956 1731 2017 dicit
1768 1955 2160 2017 voluntatem
2204 1971 2342 2015 esse

855 2055 1202 2138 potentiam
1261 2055 1586 2128 motivam,
1643 2072 1768 2117 non
1831 2062 2088 2127 motam,
2141 2072 2342 2134 quum

855 2163 1098 2216 certum
1139 2153 1220 2215 sit
1250 2153 1640 2216 voluntatem
1670 2171 1707 2214 a
1737 2170 1854 2214 suo
1893 2152 2134 2214 moveri
2173 2151 2345 2232 obje-

854 2261 956 2314 cto
992 2261 1183 2333 atque
1213 2271 1248 2314 a
1280 2252 1519 2333 Spiritu
1561 2252 1788 2314 Sancto
1821 2268 1835 2313 :
1870 2251 1993 2312 nisi
2035 2250 2249 2313 forsan
2282 2251 2343 2313 id

853 2353 1041 2424 dicat,
1075 2352 1226 2433 quia
1273 2351 1562 2414 voluntas
1605 2350 1804 2414 libere
1846 2359 1910 2412 et
1953 2369 2077 2412 non
2130 2359 2344 2412 coacte

855 2451 1004 2513 ferri
1037 2469 1110 2512 ac
1152 2451 1390 2514 moveri
1430 2452 1754 2524 asseritur,
1789 2450 1887 2512 vel
1929 2451 2082 2531 quia
2118 2456 2216 2510 est
2255 2449 2347 2510 in-

854 2549 1150 2630 organica
1190 2557 1253 2610 et
1297 2548 1734 2610 immaterialis
1781 2548 2078 2629 potentia.

933 2649 1218 2729 Insuper,
1255 2647 1319 2708 in
1351 2647 1600 2728 Scripto
1629 2647 1821 2720 tertii,
1849 2647 2176 2708 caritatem
2208 2664 2345 2708 esse

852 2746 1155 2809 virtutem
1205 2753 1478 2808 creatam
1532 2744 1809 2806 infusam
1863 2744 2138 2806 declarat
2192 2745 2283 2806 sic
2327 2761 2341 2805 t

853 2845 1142 2907 Felicitas
1191 2843 1336 2906 vitae
1385 2844 1678 2906 humanae
1727 2851 1822 2904 est
1870 2843 2106 2924 duplex
2151 2862 2165 2907 t
2220 2861 2345 2904 una

852 2942 1184 3015 naturalis,
1251 2942 1329 3003 ad
1391 2961 1582 3023 quam
1646 2948 1870 3002 natura
1936 2941 2201 3002 inclinat
2268 2959 2343 3002 ex

2454 1966 2714 2040 accepta
2752 1967 2816 2020 et
2854 1977 3016 2020 cara.
3049 1959 3283 2019 Verum
3323 1955 3493 2037 quod
3533 1956 3652 2018 ista
3688 1974 3945 2037 respon-

2455 2057 2549 2120 sio
2580 2057 2662 2119 sit
2702 2055 3128 2130 insufficienS,
3162 2055 3255 2117 sic
3295 2055 3560 2118 ostendo
3592 2073 3607 2118 ε
3641 2054 3943 2118 Voluntas

2451 2155 2607 2235 justi
2640 2173 2767 2217 non
2798 2162 3045 2217 tantum
3076 2162 3173 2216 est
3203 2154 3332 2215 Deo
3367 2171 3511 2215 cara
3549 2153 3703 2214 dum
3742 2160 3839 2214 est
3877 2153 3942 2214 in

2452 2261 2598 2316 actu
2642 2254 3024 2327 dilectioniS‚
3068 2254 3180 2316 sed
3222 2259 3285 2315 et
3328 2261 3480 2314 tunc
3526 2251 3779 2333 quando
3815 2269 3941 2314 non

2452 2362 2548 2415 est
2595 2353 2661 2414 in
2710 2361 2878 2425 actu,
2926 2352 3091 2414 sicut
3140 2353 3204 2414 in
3257 2368 3499 2414 somno.
3544 2351 3749 2424 Quum
3794 2368 3944 2431 ergo

2453 2460 2606 2514 tunc
2648 2470 2775 2514 non
2820 2459 3150 2514 moveatur
3186 2471 3223 2512 a
3262 2450 3504 2532 Spiritu
3538 2451 3767 2512 Sancto
3806 2469 3943 2531 spe-

2454 2550 2597 2612 ciali
2650 2550 2757 2612 illa
2807 2551 3105 2622 motione,
3148 2549 3309 2611 nihil
3361 2556 3456 2611 est
3504 2548 3570 2609 in
3624 2567 3698 2611 ea
3747 2567 3941 2630 quare

2454 2651 2535 2712 sit
2575 2650 2702 2713 Deo
2746 2668 2909 2722 cara,
2947 2649 3071 2710 nisi
3117 2656 3340 2710 natura
3384 2667 3498 2709 sua
3537 2647 3639 2708 vel
3679 2646 3943 2728 disposi-

2453 2749 2543 2811 tio
2590 2768 2667 2810 ex
2716 2747 3112 2809 naturalibus
3152 2746 3465 2828 acquisita
3506 2763 3520 2806 τ
3564 2746 3785 2827 sicque
3830 2764 3945 2826 per

2454 2848 2587 2910 sola
2618 2847 2929 2909 naturalia
2967 2853 3133 2907 esset
3164 2846 3291 2908 Deo
3320 2852 3597 2926 accepta.
3633 2880 3714 2890 —
3744 2843 3807 2906 Si
3838 2863 3945 2906 au-

2454 2955 2583 3007 tem
2642 2946 2836 3016 dicas,
2889 2944 3058 3025 quod
3118 2961 3195 3004 ex
3254 2943 3460 3024 prima
3510 2942 3618 3005 illa
3668 2943 3945 3004 motione

853 3061 942 3115 se,
977 3041 1214 3102 idcirco
1253 3040 1330 3101 ad
1373 3059 1513 3101 eam
1553 3039 1975 3120 appetendam
2007 3056 2134 3101 non
2163 3056 2345 3120 opor·
2376 3040 2418 3102 C
2458 3052 2671 3107 manet
2716 3044 2781 3104 in
2834 3043 3158 3106 voluntate
3206 3041 3419 3123 aliqua
3467 3040 3800 3123 dispositio
3844 3041 3947 3103 ha-

851 3140 975 3202 tuit
1023 3140 1157 3203 dari
1207 3138 1498 3201 habitum
1556 3137 2022 3217 inclinantem3
2072 3138 2197 3200 alia
2245 3158 2345 3200 su-

852 3238 1296 3321 pernaturaliS‚
1330 3238 1406 3299 ad
1440 3256 1632 3319 quam
1664 3254 1789 3299 non
1824 3237 2090 3299 inclinat
2120 3244 2345 3298 natura

853 3358 929 3400 ex
977 3356 1067 3409 se,
1110 3337 1252 3399 ideo
1289 3335 1572 3417 oportuit
1619 3336 1753 3397 dari
1796 3335 2084 3398 habitum
2128 3354 2347 3416 super—

853 3435 1206 3497 naturalem
1246 3433 1662 3496 inclinantem
1711 3434 1788 3495 ad
1834 3434 2227 3495 tendendum
2278 3434 2343 3495 in

853 3534 1029 3595 illam
1060 3551 1074 3594 :
1109 3533 1220 3614 qui
1251 3533 1506 3595 habitus
1540 3532 1767 3594 caritas
1798 3532 2174 3613 appellatur.
2202 3532 2345 3594 Haec

851 3632 1088 3694 Petrus.

931 3730 1197 3811 Insuper
1227 3728 1575 3791 Richardus
1615 3730 1783 3790 circa
1814 3728 1947 3791 haec
1979 3728 2347 3790 notabiliter

853 3829 1075 3891 scribit
1109 3846 1122 3889 :
1157 3828 1448 3908 Magister
1479 3827 1731 3888 videtur
1759 3825 1957 3887 fuisse
1990 3826 2183 3905 hujus
2213 3827 2347 3907 opi-

853 3926 1083 3998 nioniS‚
1121 3927 1290 4008 quod
1338 3942 1464 3987 non
1511 3925 1593 3986 sit
1637 3924 1704 3985 in
1742 3924 1954 3985 anima
1994 3923 2210 4005 aliqua
2250 3944 2347 3986 ca-

775 4036 782 4043 ·
853 4026 1003 4087 ritas
1045 4032 1274 4097 creata,
1318 4023 1440 4084 nisi
1493 4023 1847 4085 secundum
1897 4023 2064 4103 quod
2118 4023 2346 4085 caritas

855 4142 969 4206 pro
998 4131 1143 4185 actu
1177 4120 1456 4184 caritatis
1488 4120 1822 4200 accipitur,
1858 4122 1966 4182 sed
2008 4122 2178 4200 quod
2210 4121 2348 4202 Spi-

2457 3143 2716 3207 bitualis
2776 3161 2891 3223 per
2949 3161 3142 3223 quam
3203 3148 3487 3203 remanet
3545 3141 3672 3203 Deo
3730 3159 3875 3202 cara
3928 3160 3942 3204 :

2459 3243 2631 3306 illam
2678 3258 2793 3321 ego
2838 3257 2996 3303 voco
3040 3240 3329 3302 habitum
3376 3239 3673 3301 caritatis.
3708 3275 3789 3284 —
3827 3238 3947 3301 Sed

2457 3341 2617 3405 forte
2653 3340 2837 3411 dicis,
2872 3340 3040 3420 quod
3078 3338 3253 3400 nulla
3281 3338 3613 3418 dispositio
3646 3338 3790 3400 talis
3822 3356 3950 3399 ma—

2456 3445 2563 3498 net
2614 3436 2678 3498 in
2728 3435 3073 3507 voluntate,
3116 3444 3180 3497 et
3226 3442 3439 3497 tamen
3490 3440 3775 3496 remanet
3820 3434 3948 3496 Deo

2458 3554 2571 3616 per
2599 3535 2864 3615 gratiam
2899 3552 3063 3607 cara,
3096 3552 3239 3615 quae
3276 3541 3373 3595 est
3412 3534 3475 3594 in
3518 3533 3792 3595 essentia
3820 3534 3950 3595 ani-

2458 3654 2598 3706 mae,
2633 3652 2773 3714 quae
2813 3632 3171 3695 necessaria
3210 3640 3307 3694 est
3344 3632 3421 3694 ad
3464 3632 3582 3693 hoc
3613 3631 3782 3712 quod
3814 3631 3948 3712 Spi—

2458 3732 2617 3792 ritus
2650 3731 2915 3793 Sanctus
2949 3738 3199 3792 moveat
3240 3715 3629 3792 voluntatem
3673 3729 3781 3790 illa
3810 3748 3950 3811 spe-

2458 3829 2600 3891 ciali
2636 3828 2913 3890 motione
2945 3848 3085 3909 quae
3116 3826 3463 3908 requiritur
3501 3828 3576 3889 ad
3617 3827 3735 3889 hoc
3778 3827 3945 3907 quod

2460 3929 2521 3989 in
2571 3928 2893 3990 voluntate
2956 3934 3251 3988 causetur
3310 3925 3707 3987 meritorium
3758 3925 3941 3987 velle.

2458 4026 2706 4097 Contra,
2749 4024 3139 4106 Augustinus
3184 4023 3662 4105 quintodecimo
3705 4023 3783 4085 de
3822 4022 3949 4085 Tri-

2456 4125 2652 4186 nitate
2689 4144 2702 4187 :
2746 4123 2909 4192 Sola,
2947 4123 3175 4203 inquit,
3212 4122 3439 4184 caritas
3479 4128 3575 4183 est
3613 4141 3755 4203 quae
3795 4122 3951 4183 divi-

856 4224 1014 4284 ritus
1055 4222 1321 4283 Sanctus
1362 4219 1444 4280 sit
1484 4218 1708 4279 caritas
1750 4237 1864 4299 per
1904 4238 2096 4300 quam
2131 4226 2345 4281 actum
2377 4222 2427 4283 D
2457 4224 2547 4285 dit
2595 4223 2760 4284 inter
2799 4220 2969 4283 filios
3012 4220 3187 4301 regni
3230 4228 3292 4281 et
3334 4220 3507 4282 filios
3550 4220 3943 4301 perditionis

854 4320 1212 4382 dilectionis
1253 4317 1566 4381 elicimus.
1602 4317 1808 4389 Quum
1849 4318 2022 4380 enim
2055 4318 2346 4381 voluntas

855 4419 937 4479 sit
968 4418 1366 4480 nobilissima
1396 4415 1678 4497 potentia
1706 4416 1956 4491 animm,
1989 4417 2144 4479 alias
2177 4417 2345 4479 vires

856 4533 1160 4594 movens3
1204 4516 1365 4588 ideo,
1410 4514 1704 4596 quamvis
1755 4514 2029 4596 Spiritus
2079 4516 2345 4578 Sanctus

857 4614 1150 4697 perficiat
1197 4614 1351 4676 alias
1402 4614 1570 4675 vires
1620 4632 1734 4694 per
1778 4613 2031 4676 habitus
2078 4623 2341 4689 creatOS,

857 4714 1246 4777 voluntatem
1290 4719 1501 4773 tamen
1547 4711 1804 4793 perficit
1846 4730 1961 4792 per
1999 4731 2066 4774 se
2106 4713 2341 4794 ipsum,

856 4830 982 4875 non
1017 4818 1084 4872 ut
1115 4810 1320 4873 forma
1351 4809 1688 4883 inhaerenS‚
1725 4811 1834 4871 sed
1869 4818 1938 4871 ut
1974 4810 2124 4873 finis
2154 4820 2346 4894 atque

853 4909 1182 4991 exemplar
1222 4916 1285 4971 et
1329 4914 1551 4969 motor.
1595 4908 1740 4970 Haec
1786 4916 2000 4970 autem
2042 4910 2261 4991 opinio
2311 4931 2348 4973 a

857 5007 1176 5089 magistris
1218 5007 1404 5069 modo
1444 5006 1871 5068 communiter
1910 5025 2035 5070 non
2071 5016 2345 5083 tenetur,

857 5107 1008 5189 quia
1039 5098 1432 5167 rationabilis
1472 5122 1600 5166 non
1643 5112 1757 5179 est,
1791 5114 1854 5167 et
1884 5106 2352 5188 appropinqua-

860 5224 927 5268 re
967 5204 1221 5266 videtur
1259 5203 1455 5265 errori
1494 5203 1745 5283 Pelagii.
1781 5204 1917 5266 Non
1949 5204 2120 5265 enim
2151 5205 2353 5268 inten-

861 5301 1052 5365 debat
1087 5301 1374 5383 Pelagius
1417 5301 1498 5363 ab
1543 5308 1688 5363 actu
1735 5302 2059 5365 meritorio
2100 5322 2357 5383 genera-

2458 4322 2619 4401 Ergo
2668 4336 2782 4401 pro
2836 4317 3014 4381 nullo
3074 4326 3359 4399 tempore
3418 4318 3609 4380 homo
3666 4325 3764 4379 est
3822 4317 3950 4379 Deo

2456 4439 2638 4482 carus
2678 4418 2815 4480 sine
2856 4418 3136 4489 caritate,
3179 4424 3368 4497 atque
3406 4416 3608 4497 gratia
3644 4424 3739 4477 est
3780 4416 3946 4477 idem

2458 4536 2604 4579 cum
2636 4536 2710 4579 ea
2750 4517 2848 4578 vel
2893 4514 3335 4596 inseparabilis
3376 4515 3455 4576 ab
3494 4515 3715 4576 eadem
3750 4534 3764 4577 ε
3799 4532 3951 4596 quo-

2458 4636 2599 4679 rum
2633 4616 2947 4679 contraria
2978 4615 3160 4687 dicis»,
3196 4614 3349 4675 dum
3391 4613 3780 4677 voluntatem
3822 4630 3947 4675 non

2456 4723 2857 4776 exercentem
2897 4720 3109 4775 actum
3152 4712 3452 4785 caritatiS,
3486 4728 3613 4775 non
3652 4712 3949 4774 concedis

2458 4812 2690 4875 habere
2724 4809 3003 4873 caritatis
3034 4810 3347 4883 habitum,
3383 4818 3446 4871 et
3478 4816 3691 4872 tamen
3730 4809 3949 4871 fateris

2457 4931 2597 4975 eam
2629 4910 2758 4972 Deo
2787 4916 3112 4990 acceptam
3143 4917 3207 4970 et
3236 4926 3466 4970 caram.
3488 4942 3569 4952 —
3594 4907 3658 4969 Si
3688 4907 3947 4979 dixeriS,

2457 5010 2627 5091 quod
2659 5008 2891 5089 positio
2921 5014 3029 5069 tua
3059 5024 3187 5069 non
3218 5004 3485 5067 includit
3514 5005 3781 5086 gratiam
3812 5023 3951 5067 esse

2460 5116 2811 5189 separatam
2842 5126 2879 5169 a
2911 5106 3169 5168 caritate
3202 5122 3316 5186 pro
3352 5122 3759 5186 quocumque
3799 5110 3953 5166 tem-

2463 5224 2637 5289 pore,
2681 5206 2832 5288 quia
2872 5224 2987 5286 per
3024 5203 3293 5286 gratiam
3336 5203 3628 5265 voluntas
3672 5201 3956 5264 habitua-

2464 5304 2610 5367 liter
2650 5303 2840 5367 habet
2884 5302 3195 5385 Spiritum
3236 5301 3559 5375 Sanctum,
3592 5300 3703 5383 qui
3734 5308 3831 5362 est
3860 5317 3956 5362 ca·
