4359 6250
880 467 1001 532 364

1494 495 1557 540 IN
1598 496 1819 541 LIBRUM
1861 497 1882 541 1
1924 496 2406 543 SENTENTIARUM.
2453 515 2534 525 -
2573 498 2726 543 DIST.
2773 498 3008 560 xxx1113
3051 498 3276 554 QUAEST.
3321 499 3366 544 11

881 656 956 718 Et
986 659 1040 719 si
1073 660 1435 741 objiciatur,
1459 665 1627 746 quod
1659 683 1786 728 non
1818 666 2024 728 solum
2057 666 2248 746 igniS,
2269 666 2377 728 sed
2407 665 2460 728 A
2569 665 2854 748 Denique
2894 667 2947 728 si
2988 674 3327 748 quaeratur,
3360 675 3575 729 utrum
3625 667 3986 748 personalia

881 765 943 819 et
992 759 1276 822 caliditas
1328 763 1652 844 calefacit3
1691 765 2055 840 dicendum,
2093 767 2263 848 quod
2311 766 2380 826 il-

880 856 939 918 la
982 865 1077 919 est
1120 858 1493 944 impropria,
1538 863 1832 926 Caliditas
1876 865 2208 943 calefacit3
2250 882 2377 927 non

878 963 1089 1020 tamen
1152 957 1239 1020 ita
1297 960 1647 1043 impropria
1704 971 1774 1024 ut
1830 963 1986 1038 haec,
2033 963 2377 1026 Paternitas

879 1067 1137 1138 generat
1174 1076 1186 1120 :
1221 1060 1523 1140 quoniam
1572 1061 1856 1124 caliditas
1896 1070 1989 1124 est
2028 1062 2234 1125 forma
2270 1063 2376 1124 ab·

876 1156 1109 1228 soluta,
1173 1157 1517 1238 paternitas
1584 1159 1863 1222 relativa.
1924 1196 2005 1205 —
2061 1161 2206 1222 Haec
2271 1161 2376 1223 Ri-

877 1253 1167 1316 ahardus,

957 1352 1117 1414 Hinc
1168 1353 1391 1416 scribit
1432 1354 1727 1418 Albertus
1781 1375 1795 1418 :
1847 1357 2123 1430 Quatuor
2171 1357 2376 1420 modis

880 1470 947 1512 se
1006 1459 1273 1532 possunt
1332 1452 1563 1515 habere
1620 1455 1981 1517 essentialia
2038 1455 2372 1536 adjectiva,

881 1548 1116 1630 quibus
1149 1550 1573 1632 impediantur
1602 1552 1681 1614 de
1713 1553 2071 1616 notionibus
2101 1573 2211 1616 seu
2241 1571 2379 1635 pro-

882 1647 1257 1729 prietatibus
1309 1650 1634 1730 praedicari
1681 1669 1695 1714 ε
1740 1652 1969 1732 prim0,
2005 1653 2057 1714 si
2109 1652 2237 1714 sint
2284 1672 2376 1715 es-

878 1746 1169 1809 sentialia
1200 1767 1312 1829 per
1345 1749 1601 1810 modum
1635 1750 1958 1830 essentiae3
1990 1752 2290 1826 secundo,
2320 1752 2370 1814 si

2488 765 2800 846 adjectiva
2848 766 2926 828 de
2974 767 3340 829 notionibus
3388 767 3852 848 praedicentur3
3891 766 3986 827 di-

2488 867 2784 938 cendum,
2818 866 2986 946 quod
3028 865 3384 947 personalia
3425 865 3537 927 illa
3577 873 3647 927 ut
3685 884 3986 947 persona-

2489 964 2594 1038 lia,
2635 981 2763 1026 non
2813 964 3112 1026 dicuntur
3159 965 3238 1026 de
3285 964 3652 1027 notionibus
3698 983 3712 1026 :
3762 965 3989 1046 quoni-

2487 1082 2589 1125 am
2621 1062 2980 1145 personalia
3005 1063 3319 1143 adjectiva
3348 1071 3418 1125 ut
3447 1063 3841 1144 hujusmodi,
3873 1073 3988 1126 aut

2490 1161 2880 1224 conveniunt
2935 1179 3222 1242 personae
3281 1161 3346 1223 in
3403 1181 3470 1224 se
3527 1169 3600 1223 ut
3653 1180 3794 1224 esse
3855 1161 3985 1224 dis-

2487 1262 2761 1323 tinctum
2811 1277 2824 1322 :
2873 1269 2934 1322 et
2984 1261 3076 1322 sic
3129 1279 3256 1324 non
3309 1269 3577 1343 possunt
3619 1269 3988 1343 competere

2487 1359 2729 1422 notioni
2759 1366 3020 1440 propter
3049 1359 3413 1441 oppositum
3445 1359 3707 1422 modum
3737 1358 3988 1440 signifi-

2488 1456 2692 1531 candi,
2728 1457 3029 1538 quoniam
3061 1457 3236 1520 notio
3276 1477 3388 1519 seu
3430 1458 3784 1539 proprietas
3817 1457 3986 1520 desi-

2485 1564 2714 1636 gnatur
2762 1563 2832 1616 ut
2889 1555 3048 1618 ratio
3095 1555 3515 1636 distinguenS‚
3567 1573 3694 1618 non
3755 1564 3824 1617 ut.
3881 1575 3988 1618 res

2486 1653 2786 1716 distincta
2823 1671 2937 1735 per
2973 1672 3041 1716 se
3083 1654 3394 1716 exsistens
3429 1672 3443 1715 ε
3475 1661 3587 1716 aut
3623 1653 3988 1735 personalia

2487 1760 2633 1814 sunt
2664 1752 2900 1834 quibus
2931 1770 3202 1834 persona
3240 1761 3490 1815 emanat
3520 1771 3556 1814 a
3585 1770 3876 1833 persona,
3911 1761 3990 1814 ut

877 1846 1005 1906 sint
1045 1847 1406 1908 essentialia
1446 1849 1851 1930 appropriata
1889 1867 2213 1930 personae3
2254 1858 2373 1912 ter·
2409 1855 2457 1918 B
2484 1870 2807 1931 generare,
2855 1851 3117 1932 spirare,
3164 1870 3306 1932 quae
3353 1858 3565 1912 actum
3613 1850 3989 1932 significant

878 1943 987 2016 tio,
1029 1944 1081 2004 si
1132 1945 1258 2005 sint
1307 1945 1668 2007 essentialia
1717 1946 2115 2008 cointellecta
2164 1967 2374 2029 perso-

876 2060 998 2118 na;
1032 2051 1275 2124 quarto,
1311 2043 1361 2104 si
1396 2044 1525 2105 sint
1563 2044 1924 2106 essentialia
1965 2064 2078 2127 per
2109 2048 2369 2109 modum

873 2147 1051 2201 actus
1100 2139 1321 2202 divini.
1376 2141 1751 2204 Essentialia
1807 2163 1921 2226 per
1971 2145 2232 2206 modum
2280 2165 2372 2207 es-

875 2237 1115 2312 sentiae,
1150 2246 1298 2299 sunt
1347 2247 1417 2300 ut
1464 2258 1589 2302 non
1637 2241 1964 2323 distingui,
1998 2243 2370 2305 relationem

876 2353 1004 2398 non
1053 2335 1437 2416 significare,
1472 2345 1535 2399 et
1584 2339 1958 2402 consimilia.
1998 2341 2372 2403 Essentialia

875 2435 1284 2516 appropriata
1312 2455 1423 2498 seu
1454 2437 1758 2501 attributa
1787 2457 2094 2520 personae,
2119 2448 2269 2501 sunt
2298 2459 2372 2501 ea

876 2551 1019 2612 quae
1049 2534 1408 2596 concretive
1448 2535 1770 2610 dicuntur,
1805 2538 2107 2618 quoniam
2149 2537 2258 2599 illa
2291 2538 2372 2599 si-

875 2630 1187 2711 gnificant
1234 2632 1575 2695 essentiam
1626 2633 1692 2695 in
1748 2635 2035 2717 personis
2090 2654 2103 2697 :
2157 2644 2226 2698 ut
2276 2655 2369 2697 sa-

878 2731 1083 2812 piens,
1134 2738 1378 2812 potens,
1431 2733 1605 2794 Unde
1664 2733 1930 2795 stultum
1990 2741 2087 2796 est
2133 2734 2367 2809 dicere,

876 2830 1046 2910 quod
1105 2830 1448 2910 paternitas
1506 2838 1602 2892 est
1661 2831 1933 2913 sapiens.
1996 2832 2372 2895 Essentialia

874 2945 1027 2989 vero
1070 2927 1468 2990 cointellecta
1511 2947 1799 3010 persona,
1834 2937 1983 2991 sunt
2026 2939 2096 2991 ut
2137 2931 2366 3006 trinuS,

2486 1949 2940 2030 personalem3
3000 1957 3108 2011 aut
3168 1949 3479 2030 adjective
3540 1949 3842 2011 dicuntur
3900 1950 3988 2012 de

2484 2065 2776 2128 persona,
2823 2055 2894 2108 ut
2938 2065 3269 2128 generans,
3313 2047 3584 2128 spiram,
3624 2048 3984 2109 secundum

2485 2145 2654 2227 quod
2685 2145 2998 2225 adjective
3027 2153 3326 2207 tenentur
3356 2145 3694 2227 participia
3725 2145 3833 2207 illa
3868 2165 3881 2206 ε
3917 2155 3987 2206 et

2483 2250 2638 2304 tunc
2667 2251 2993 2324 nequeunt
3021 2242 3261 2305 notioni
3298 2243 3661 2316 convenire,
3676 2244 3984 2325 quoniam

2485 2359 2610 2404 non
2669 2341 3070 2422 significatur
3120 2349 3190 2403 ut
3236 2361 3449 2422 agenS,
3501 2342 3611 2404 sed
3662 2342 3862 2423 magis
3911 2352 3988 2404 ut

2483 2440 2642 2503 ratio
2673 2441 2935 2521 agentis,
2973 2441 3034 2503 Si
3067 2458 3219 2503 vero
3259 2441 3388 2502 sint
3424 2440 3739 2521 adjectiva
3777 2442 3985 2504 nomi-

2482 2538 2710 2600 naliter
2750 2537 3130 2619 significata,
3167 2539 3398 2600 iterum
3441 2556 3570 2601 non
3609 2547 3988 2621 competunt

2481 2636 2724 2699 notioni
2772 2655 2785 2698 :
2828 2637 2980 2718 quia
3022 2638 3114 2699 sic
3156 2638 3379 2700 dicunt
3423 2637 3732 2699 rationem
3783 2657 3986 2719 quare

2482 2735 2582 2797 vel
2633 2735 2906 2817 qualiter
2956 2755 3082 2797 una
3129 2754 3400 2817 persona
3447 2743 3663 2797 manat
3704 2736 3786 2798 ab
3832 2737 3982 2800 alia.

2482 2834 2641 2895 Hinc
2690 2833 3034 2916 paternitas
3083 2852 3211 2897 non
3262 2842 3358 2896 est
3407 2834 3607 2908 Pater,
3649 2834 3702 2896 si
3759 2834 3822 2918 ly
3867 2835 3988 2897 Pa-

2483 2939 2579 2994 ter
2607 2931 2921 3011 adjective
2960 2939 3232 3006 tenetur,
3267 2931 3569 3013 quoniam
3608 2939 3991 3013 sequeretur

876 3025 1259 3087 incarnatus,
1304 3026 1545 3089 Idcirco
1591 3044 1718 3089 non
1763 3028 2059 3103 dicimuS,
2093 3029 2369 3090 Paterni·
2409 3036 2452 3099 C
2482 3030 2651 3111 quod
2691 3029 2922 3092 Filium
2966 3029 3307 3110 genuisset.
3345 3028 3548 3091 Simili
3593 3030 3783 3092 modo
3817 3029 3989 3094 filia-

871 3130 967 3186 tas
1016 3131 1111 3185 est
1160 3124 1344 3198 trina,
1380 3124 1441 3186 id
1491 3134 1587 3187 est
1634 3127 1826 3189 trium
1878 3146 2039 3205 una3
2072 3116 2372 3209 quemad-

876 3223 1135 3284 modum
1167 3222 1462 3298 dicimuS,
1499 3223 1786 3287 Essentia
1822 3233 1917 3288 est
1956 3226 2142 3300 trina,
2177 3225 2240 3287 id
2275 3236 2366 3289 est

874 3322 1069 3383 trium
1117 3341 1259 3383 una.
1296 3322 1669 3386 Essentialia
1712 3343 1826 3405 per
1866 3326 2124 3387 modum
2165 3335 2366 3400 actm,

874 3428 1023 3481 sunt
1071 3428 1141 3481 ut
1190 3438 1424 3495 creare,
1467 3421 1839 3502 gubernare.
1876 3423 2050 3485 Unde
2099 3442 2227 3486 non
2275 3432 2370 3487 est

874 3518 1215 3580 dicendum
1251 3536 1265 3580 :
1299 3519 1644 3581 Paternitas
1677 3527 1867 3594 creat,
1900 3521 2228 3601 gubernat.
2258 3522 2368 3585 Ce-

873 3624 1007 3679 tera
1044 3617 1259 3680 omnia
1299 3626 1565 3699 possunt
1605 3619 1681 3680 de
1720 3620 2217 3701 proprietatibus
2257 3640 2366 3683 seu

875 3714 1240 3779 notionibus
1282 3716 1431 3789 dici,
1467 3717 1816 3797 praesertim
1858 3718 2168 3799 negativa,
2204 3718 2369 3781 sicut

875 3814 1284 3887 immensum,
1320 3814 1693 3877 increatum.
1727 3852 1808 3861 —
1840 3815 1903 3878 Si
1941 3825 2262 3897 quaeratur
2290 3819 2368 3880 de

874 3912 1080 3975 causis
1119 3913 1344 3974 harum
1385 3913 1833 3994 exceptionum
1880 3913 1944 3975 in
1988 3914 2368 3977 substantia-

873 4011 1043 4073 libus
1086 4010 1440 4091 adjectiviS,
1484 4011 1826 4074 dicendum
1865 4012 2033 4093 quod
2074 4014 2368 4094 quamvis

872 4109 1146 4171 essentia
1190 4109 1271 4171 sit
1299 4110 1675 4192 proprietas,
1710 4118 1922 4172 tamen
1966 4110 2138 4175 modi
2179 4112 2370 4193 signi-

2481 3129 2572 3191 tio
2619 3147 2745 3192 non
2795 3137 2891 3191 est
2939 3129 3158 3203 Filius,
3200 3147 3318 3191 nec
3366 3129 3639 3191 essentia
3680 3130 3883 3205 Pater,
3929 3131 3984 3192 si

2482 3229 2661 3290 Pater
2716 3227 3030 3307 adjective
3091 3235 3379 3289 sumatur
3431 3245 3445 3289 :
3498 3227 3648 3308 quia
3704 3230 3988 3295 essentia

2483 3343 2610 3387 non
2652 3326 2891 3406 genuit.
2927 3324 3309 3389 Praedicatur
3347 3334 3558 3389 tamen
3599 3344 3873 3407 persona
3903 3329 3984 3391 de

2484 3423 2888 3505 proprietate,
2935 3423 3288 3485 seeundum
3337 3423 3506 3505 quod
3556 3441 3790 3487 nomen
3839 3444 3986 3507 per-

2483 3539 2652 3585 sonae
2693 3521 3089 3584 substantive
3126 3528 3401 3596 tenetur,
3436 3523 3984 3603 quemadmodum

2482 3629 2543 3682 et
2575 3620 2653 3682 de
2683 3620 2994 3683 essentia:
3019 3620 3238 3702 sicque
3271 3621 3390 3683 ista
3423 3629 3520 3683 est
3547 3640 3718 3695 vera,
3752 3622 3986 3685 Essen-

2482 3720 2570 3781 tia
2611 3728 2708 3781 est
2748 3720 2947 3793 Pater,
2981 3720 3102 3781 hoc
3149 3728 3265 3793 est,
3299 3720 3572 3781 essentia
3619 3730 3716 3783 est
3765 3720 3818 3782 is
3867 3722 3984 3803 qui

2482 3826 2577 3879 est
2633 3817 2863 3897 Pater3
2925 3817 3222 3880 similiter
3280 3818 3421 3893 ista,
3479 3819 3824 3881 Paternitas
3883 3828 3984 3883 est

2481 3915 2680 3989 Pater,
2715 3915 2778 3977 id
2809 3923 2926 3989 est,
2960 3915 3304 3997 paternitas
3335 3923 3432 3978 est
3461 3916 3569 3978 ille
3599 3918 3710 3998 qui
3741 3926 3838 3979 est
3869 3918 3980 3980 Pa—

2482 4022 2597 4076 ter.
2631 4049 2712 4083 —‚
2739 4014 2882 4077 Haec
2924 4014 3240 4077 Albertus.

2561 4113 2640 4176 At
2687 4131 2838 4176 vero
2885 4114 3327 4177 Bonaventura
3375 4112 3480 4175 hic
3525 4122 3918 4177 contestatur
3963 4134 3978 4178 ε

874 4208 1113 4269 ficandi
1143 4208 1484 4288 quamdam
1517 4207 1753 4271 habent
1782 4209 2370 4291 oppositionemtet
2399 4213 2449 4276 D
2482 4212 2777 4285 Quaedam
2833 4219 2930 4273 est
2976 4211 3343 4293 praedicatio
3389 4231 3504 4294 per
3553 4212 3979 4289 identitatem,

875 4306 1022 4368 inde
1072 4306 1277 4387 prima
1326 4306 1648 4387 consurgit
1697 4308 1993 4370 conditio.
2038 4307 2366 4383 Similiter,

874 4404 1203 4485 supposita
1232 4421 1523 4485 persona,
1557 4423 1683 4467 non
1724 4406 2106 4487 supponitur
2142 4408 2318 4470 notio
2351 4425 2365 4469 :

874 4510 937 4564 et
988 4502 1135 4564 inde
1177 4502 1451 4565 trahitur
1492 4504 1698 4578 tertia,
1732 4504 1884 4585 quia
1928 4512 2080 4566 tunc
2126 4506 2368 4587 aliquid

877 4601 1175 4664 convenit
1222 4601 1333 4662 uni
1388 4602 1555 4683 quod
1606 4620 1735 4664 non
1783 4603 1911 4664 alii.
1964 4604 2143 4679 Item,
2196 4604 2371 4668 notio

873 4698 1274 4781 significatur
1318 4699 1384 4761 in
1430 4700 1765 4775 abstracto,
1801 4708 1989 4782 atque
2033 4709 2103 4763 ut
2143 4721 2256 4765 ens
2303 4702 2368 4763 in

870 4799 997 4862 alio
1031 4816 1045 4861 ε
1081 4798 1224 4861 ideo
1267 4815 1394 4860 non
1436 4799 1823 4861 conveniunt
1863 4799 1921 4861 ei
1964 4800 2071 4861 illa
2110 4820 2252 4882 quae
2288 4802 2371 4863 si-

873 4897 1183 4979 gnificant
1212 4896 1452 4978 aliquid
1485 4905 1554 4958 ut
1584 4916 1698 4978 per
1729 4916 1797 4960 se
1826 4898 2135 4961 exsistens
2165 4918 2374 4981 perso-

876 4997 1125 5071 naliter,
1172 5002 1243 5057 ut
1290 4995 1566 5077 sapicnS,
1614 4996 1857 5076 bonus3
1890 5004 1953 5059 et
2001 4997 2149 5059 inde
2197 4998 2373 5060 venit

874 5095 1153 5157 secunda
1182 5093 1481 5157 conditiO.
1517 5095 1778 5168 RursuS,
1812 5094 2087 5158 notionis
2118 5113 2247 5158 non
2277 5104 2374 5159 est

878 5212 1084 5275 agere,
1128 5194 1238 5255 sed
1283 5211 1567 5275 personae
1601 5211 1615 5255 :
1652 5194 1925 5277 indeque
1970 5195 2171 5258 oritur
2215 5194 2375 5257 ratio

882 5299 1120 5375 quartae
1162 5290 1573 5374 exceptionis.

2480 4319 2542 4373 et
2592 4311 2878 4393 quasdam
2936 4330 3051 4392 per
3098 4309 3558 4374 inhaerentiam.
3609 4312 3986 4377 Praedicatio

2481 4428 2596 4491 per
2635 4408 3071 4472 inhaerentiam
3112 4408 3192 4470 fit
3229 4410 3589 4471 concretive
3631 4419 3696 4472 et
3732 4411 3984 4475 ratione

2482 4507 2818 4589 suppositi,
2854 4514 2924 4569 ut
2964 4507 3182 4570 album
3227 4516 3324 4569 est
3364 4508 3718 4587 musicum3
3751 4510 3984 4591 praedi-

2482 4606 2647 4668 catio
2677 4623 2826 4668 vero
2866 4624 2980 4687 per
3012 4606 3407 4668 identitatem
3447 4605 3521 4668 fit
3554 4606 3621 4668 in
3657 4607 3986 4672 abstracto

2481 4709 2545 4763 et
2573 4701 2816 4763 ratione
2846 4701 3088 4774 formae,
3112 4719 3238 4764 non
3269 4702 3606 4783 suppositi,
3629 4711 3700 4764 ut
3723 4703 3986 4784 justitia

2481 4806 2578 4861 est
2610 4799 2879 4861 bonitas.
2914 4800 3131 4881 Itaque
3171 4800 3347 4862 notio
3384 4801 3463 4862 ad
3501 4800 3826 4863 notionem
3869 4822 3984 4885 po-

2481 4906 2606 4960 test
2655 4898 3008 4979 comparari
3059 4897 3422 4980 dupliciter,
3457 4907 3674 4981 utpote
3723 4918 3988 4965 concre-

2483 4996 2611 5058 tive
2669 5004 2732 5058 et
2789 4996 3171 5059 abstractive
3224 5015 3237 5058 :
3290 4996 3343 5059 si
3408 4997 3791 5073 concretive,
3853 5019 3990 5064 una

2486 5101 2690 5178 potest
2740 5095 3068 5177 praedicari
3118 5096 3195 5157 de
3242 5095 3385 5170 alia,
3418 5104 3490 5158 ut
3528 5114 3841 5177 generans
3885 5110 3990 5163 est

2485 5193 2777 5276 spirans;
2823 5194 2876 5255 si
2925 5193 3327 5268 abstractive,
3373 5212 3500 5257 non
3549 5203 3778 5276 potest,
3827 5216 3990 5279 quo-

2485 5292 2658 5354 niam
2702 5292 2793 5354 sic
2836 5309 2962 5354 non
3007 5298 3182 5354 notat
3221 5291 3348 5355 nisi
3389 5300 3750 5375 respectum
3787 5311 3802 5357 ε
3839 5295 3990 5359 ideo
