4359 6250
839 471 958 538 442

1452 497 1514 544 IN
1555 497 1776 544 LIBRUM
1819 499 1838 543 1
1881 497 2363 544 SENTENTLARUM.
2408 516 2489 526 —
2529 499 2682 544 DIST.
2728 499 2981 562 xxxvn;
3026 500 3247 554 QUAEST.
3296 501 3340 546 11
3620 533 3649 556 ,

918 663 1183 746 Insuper
1219 667 1527 747 arguitur,
1563 669 1731 750 quod
1763 687 1902 730 6556
1936 669 2174 750 ubique
2208 687 2334 731 non
2370 670 2420 731 A
2449 689 2573 751 que
2618 671 2783 732 Deus
2832 689 2961 732 non
3008 678 3105 733 est
3149 670 3213 733 in
3263 670 3453 733 rebus
3503 671 3627 733 nisi
3681 690 3792 753 per
3834 688 3951 753 po-

839 763 1173 826 conveniat
1223 766 1340 827 soli
1390 768 1536 829 De0.
1581 768 1751 830 Plato
1794 768 1964 829 enim
2017 769 2081 830 in
2127 769 2337 850 primo

839 861 1076 935 Timaei,
1111 871 1173 924 et
1203 865 1457 927 Proclus
1493 866 1850 929 Platonicus
1889 867 1952 928 in
1985 867 2337 929 Elementa—

835 960 1009 1022 tione
1045 961 1416 1043 theologica,
1450 965 1672 1026 dicunt
1705 973 1766 1026 et
1806 965 2094 1046 probant,
2131 974 2334 1027 totum

839 1060 1150 1120 mundum
1209 1063 1578 1126 sensibilem
1640 1083 1778 1126 esse
1837 1064 2071 1125 animal
2133 1083 2333 1125 unum

839 1155 1264 1219 intellectuale
1295 1159 1638 1242 divinaque
1671 1161 1998 1223 sanctione
2029 1162 2329 1243 prudens.

837 1254 998 1334 Ergo
1049 1257 1261 1318 anima
1311 1259 1534 1320 mundi
1582 1267 1676 1320 est
1723 1260 1783 1322 in
1837 1260 2011 1322 omni
2061 1261 2219 1322 loco.
2254 1297 2335 1306 —-

836 1353 1096 1428 Rursus,
1131 1355 1515 1418 universalia
1557 1357 1856 1420 dicunt-ur
1904 1379 2044 1421 esse
2094 1360 2333 1441 ubique

837 1459 896 1512 et.
930 1471 1200 1534 semper.
1238 1454 1356 1516 Sed
1389 1463 1449 1517 et
1483 1457 1744 1518 materia
1774 1457 1980 1539 prima
2010 1457 2335 1520 invenitur

838 1549 904 1612 in
951 1552 1127 1613 omni
1178 1551 1336 1626 loco,
1378 1573 1576 1634 quum
1628 1555 1842 1617 nullus
1895 1555 2068 1618 locus
2111 1557 2195 1617 sit
2232 1576 2334 1618 va-

838 1668 996 1710 cuus
1033 1667 1045 1710 :
1081 1669 1229 1731 crgo
1261 1651 1326 1712 in
1365 1670 1439 1713 eo
1481 1661 1575 1714 est
1605 1653 1859 1734 aliquod
1901 1673 2131 1736 corpus
2173 1655 2333 1717 loca-

835 1755 973 1808 tum
1018 1749 1084 1810 in
1128 1768 1255 1830 quo
1297 1751 1586 1812 consistit
1631 1752 1944 1814 materia.-

2449 769 2710 831 tentiam
2754 778 2861 831 aut
2901 788 3015 852 per
3054 769 3427 852 sapientiam
3472 777 3580 832 aut
3618 789 3731 852 per
3768 771 3955 832 boni-

2448 875 2661 930 tatem.
2711 868 2773 931 Si
2816 876 3029 930 autem
3074 876 3363 930 sumatur
3405 869 3653 930 bonitas
3699 877 3953 931 tantum

2449 985 2564 1047 pro
2605 967 2885 1029 bonitate
2930 967 3224 1042 naturali,
3264 975 3413 1028 tunc
3458 987 3565 1028 sex
3611 969 3813 1030 modis
3856 969 3957 1031 di-

2450 1066 2614 1127 citur
2654 1067 2819 1128 Deus
2862 1085 3003 1128 esse
3048 1066 3113 1128 in
3159 1065 3371 1128 rehuS.
3406 1066 3648 1128 Dicitur
3691 1085 3952 1148 quoque

2449 1164 2613 1226 Deus
2664 1184 2802 1227 esse
2850 1165 3083 1226 alicubi
3148 1184 3261 1246 per
3308 1172 3590 1247 apertam
3640 1167 3955 1247 operatio-

2448 1282 2617 1336 nem,
2653 1263 2819 1325 sicut
2850 1264 2915 1325 in
2956 1264 3117 1326 coelo
3152 1281 3166 1325 :
3204 1264 3313 1346 qui
3358 1264 3581 1326 modus
3620 1264 3955 1326 reducitur

2446 1362 2523 1423 ad
2556 1381 2693 1424 esse
2735 1362 2801 1424 in
2844 1381 2909 1424 re
2944 1381 3055 1445 per
3097 1361 3465 1444 potentiam.
3500 1363 3643 1426 Haec
3672 1362 3953 1426 Antisio-

2448 1461 2755 1522 dorensis,

2526 1559 2878 1622 Alexander
2938 1579 3191 1642 quoque
3241 1560 3630 1642 respondens
3686 1561 3761 1622 ad
3820 1561 3957 1642 pri-

2448 1677 2625 1720 mum
2658 1659 2921 1720 istorum
2946 1677 2959 1720 :
2980 1659 3523 1741 DeuS,inquit,est
3554 1659 3619 1720 in
3648 1658 3952 1721 omnihus

2448 1776 2561 1838 per
2608 1756 2971 1831 essentiam,
3016 1758 3418 1839 praesentiam
3464 1765 3525 1819 et
3570 1759 3947 1839 potentiam.

914 1847 1176 1908 Videtur
1215 1867 1467 1930 quoque
1507 1851 1674 1932 quod
1715 1851 1794 1912 ab
1834 1859 2070 1913 aeterno
2109 1870 2332 1913 conve·
2369 1852 2416 1914 B
2448 1855 2564 1928 Qui
2597 1862 2740 1916 sunt
2775 1863 2901 1916 tres
2936 1855 3106 1918 modi
3136 1857 3483 1937 generales,
3518 1873 3787 1937 quorum
3822 1857 3955 1918 dis-

835 1943 968 2005 niat
1008 1946 1134 2007 Deo
1173 1965 1311 2008 esse
1356 1947 1594 2029 ubique
1630 1965 1643 2008 :
1677 1949 1826 2030 quia
1867 1969 2038 2011 nnnc
2080 1957 2174 2011 est
2220 1951 2328 2011 ubi

833 2043 913 2104 ab
955 2050 1192 2106 aeterno
1245 2043 1384 2117 fuit,
1431 2053 1493 2107 et
1535 2064 1899 2120 econverSO,
1944 2067 2140 2130 quum
2197 2049 2331 2130 ipse

755 2155 758 2160 ·
835 2141 916 2203 sit
961 2160 1218 2223 prorsus
1270 2143 1682 2205 invariabilis,

915 2341 1006 2402 Ad
1057 2342 1336 2422 primum
1397 2343 1622 2404 horum
1675 2344 2013 2425 respondet
2063 2345 2335 2406 Antisio-

834 2438 1120 2501 dorensis
1161 2440 1226 2501 in
1269 2441 1530 2503 Summa
1569 2458 1702 2515 sua,
1739 2442 1902 2503 libro
1943 2442 2150 2524 primo
2186 2462 2199 2505 :
2234 2443 2334 2504 vi-

832 2537 1111 2599 dendum
1163 2546 1258 2600 est
1307 2546 1461 2619 quot
1511 2540 1713 2601 modis
1771 2540 1854 2600 sit
1902 2541 2066 2602 Deus
2121 2540 2187 2603 in
2239 2560 2331 2602 re-

834 2636 972 2697 buS.
1009 2637 1253 2698 Dicitur
1291 2646 1500 2700 autem
1543 2657 1682 2701 esse
1725 2639 1788 2700 in
1831 2639 2022 2701 rebus
2062 2647 2333 2721 quatuor

837 2735 1058 2797 modis.
1112 2736 1338 2810 Prim0,
1392 2756 1504 2818 per
1553 2746 1842 2799 naturam
1887 2757 1900 2801 :
1943 2745 2006 2799 et
2055 2738 2174 2800 hoc
2228 2739 2333 2800 tri-

835 2832 1107 2914 pliciter,
1152 2841 1368 2915 utpote
1417 2834 1860 2909 essentialiter,
1902 2836 2332 2917 potentialiter

832 2938 896 2992 et
928 2932 1426 3011 praesentialiter.
1463 2933 1773 3001 Secundo,
1810 2953 1923 3014 per
1951 2934 2217 3014 gratiam
2264 2934 2327 2996 in

2446 1954 2669 2015 tinctio
2719 1954 2805 2016 ita
2861 1955 3173 2036 accipitur
3225 1972 3239 2015 :
3294 1955 3361 2015 In
3420 1955 3547 2016 Deo
3606 1962 3751 2016 sunt
3802 1957 3949 2028 tria,

2445 2051 2765 2125 videlicet,
2791 2053 3086 2122 essentia,
3114 2053 3338 2125 virtus,
3364 2060 3427 2114 et
3455 2051 3776 2133 operatio:
3802 2073 3953 2134 quae

2443 2155 2655 2209 tamen
2716 2147 2971 2209 realiter
3028 2148 3199 2209 idem
3258 2157 3427 2220 sunt,
3479 2155 3542 2208 et
3590 2149 3951 2210 secundum

2446 2247 2756 2308 rationem
2817 2246 3251 2326 intelligentiae
3310 2246 3806 2325 distinguuntur.
3870 2247 3955 2309 Et

2444 2365 2639 2426 penes
2680 2346 2814 2408 haec
2843 2346 2965 2407 tria
2994 2345 3474 2426 distinguuntur
3508 2345 3615 2406 isti
3646 2351 3769 2407 tres
3812 2363 3954 2407 mo-

2442 2445 2531 2514 di,
2563 2444 2651 2506 ita
2694 2445 2861 2526 quod
2914 2444 3154 2506 ratione
3198 2445 3488 2506 essentia-³
3538 2463 3669 2506 suae
3710 2443 3957 2506 dicitur

2442 2544 2609 2604 Deus
2671 2562 2807 2604 esse
2867 2543 2953 2625 in·
2997 2541 3189 2604 rebus
3247 2542 3691 2614 essentialiter,
3750 2542 3955 2604 ratio·-

2444 2661 2524 2702 nc
2564 2641 2819 2702 virtutis
2864 2640 3315 2722 potentialiter,
3351 2641 3591 2702 ratione
3634 2640 3955 2722 operatio-

2442 2739 2542 2800 nis
2594 2738 3094 2819 praesentialiter,
3142 2737 3294 2820 quia
3349 2757 3465 2820 per
3510 2738 3952 2820 operationem

2444 2837 2763 2919 praecipue
2828 2837 3187 2900 innotescit.
3251 2838 3457 2910 Quum
3521 2855 3671 2916 ergo
3726 2855 3953 2899 essen-

2441 2935 2529 2996 tia
2574 2942 2637 2997 et
2683 2935 2965 3016 potentia
3013 2955 3085 2996 ac
3135 2934 3418 3017 operatio
3465 2935 3575 2997 Dei
3624 2936 3953 3015 attingunt

831 3029 1068 3090 sanctis
1102 3049 1115 3092 :
1150 3038 1211 3090 et
1254 3029 1340 3090 ita
1383 3049 1508 3092 non
1554 3031 1788 3092 dicitur
1834 3031 1897 3092 in
1943 3032 2034 3093 eis
2081 3039 2326 3094 tantum
2369 3040 2411 3102 C
2445 3052 2543 3094 res
2588 3051 2830 3106 omneS,
2873 3034 3108 3095 dicitur
3148 3052 3285 3095 esse
3328 3034 3393 3094 in
3434 3032 3623 3095 rebus
3665 3033 3766 3095 his
3814 3053 3951 3096 mo-

832 3146 992 3201 esse,
1037 3129 1146 3189 sed
1190 3129 1380 3190 etiam
1425 3128 1730 3191 habitare.
1768 3130 1996 3204 Tertio,
2041 3150 2154 3211 per
2202 3131 2329 3212 glo-

833 3224 990 3287 riam
1048 3246 1062 3289 :
1115 3235 1177 3287 et
1226 3226 1310 3289 ita
1359 3235 1454 3289 est
1505 3227 1569 3288 in
1629 3228 1854 3289 BeatiS.
1909 3230 2161 3302 Quarto,
2216 3249 2330 3311 per

833 3324 1158 3399 unionem,
1206 3325 1268 3386 id
1317 3334 1412 3387 est
1454 3326 1914 3408 hypostaticam
1960 3347 2070 3389 seu
2117 3348 2330 3409 perso—

832 3424 1041 3485 nalem
1106 3424 1645 3505 conjunctionem,
1708 3425 1874 3487 sicut
1934 3426 1998 3487 in
2057 3427 2324 3488 Christo,

831 3523 1079 3585 Primus
1131 3525 1354 3586 modus
1403 3532 1498 3585 est
1548 3524 1774 3596 bonuS,
1827 3526 2145 3587 secundus
2202 3545 2328 3587 me-

832 3621 973 3695 lior,
1026 3623 1264 3683 tertius*
1309 3622 1610 3703 optimuS‚
1664 3630 1925 3703 quartus
1977 3625 2332 3705 superopti-

835 3740 998 3793 muS,
1031 3727 1092 3782 et
1137 3721 1214 3781 de
1259 3720 1380 3781 isto
1425 3720 1586 3781 nihil
1631 3721 1707 3782 ad
1754 3740 2050 3802 prensens.
2085 3757 2166 3765 —
2209 3723 2328 3783 Sed

832 3838 1031 3899 quum
1083 3818 1186 3880 isti
1235 3826 1506 3900 quatuor
1556 3820 1748 3893 modi,
1790 3820 1889 3880 vel
1943 3839 2050 3881 sex
2091 3820 2329 3901 (primo

833 3917 1019 3978 modo
1068 3917 1272 3979 diviso
1323 3917 1386 3979 in
1439 3917 1614 3997 tres),
1666 3936 1793 3979 non
1844 3917 2145 3979 differant
2207 3919 2328 3981 nisi

831 4034 945 4096 per
983 4014 1274 4089 effectus,
1308 4022 1370 4075 et
1412 4015 1594 4096 longe
1638 4014 1850 4096 plures
1891 4016 2018 4077 sint
2058 4016 2329 4079 effectus

830 4113 940 4175 Dei
988 4133 1178 4195 quam
1224 4132 1356 4181 sex,
1401 4132 1514 4174 cur
1555 4114 1761 4175 solum
1813 4114 1912 4175 his
1964 4134 2070 4176 sex
2123 4115 2329 4178 modis

2442 3133 2560 3194 dis.
2606 3169 2687 3177 —
2735 3133 2923 3195 Porro
2982 3131 3091 3194 alii
3151 3133 3237 3194 ita
3294 3133 3690 3213 distinguunt
3747 3150 3762 3194 z
3816 3134 3953 3215 pri-

2444 3251 2620 3293 mum
2667 3231 2834 3312 quod
2880 3232 3047 3293 cadit
3092 3232 3157 3292 in
3204 3231 3621 3303 intellectum,
3663 3238 3757 3293 est
3803 3252 3947 3304 enS,

2442 3338 2503 3391 et
2554 3338 2696 3411 post
2743 3350 2855 3391 ens
2910 3330 3211 3411 potentia,
3265 3329 3495 3391 deinde
3552 3348 3664 3391 ens
3724 3330 3789 3391 in
3840 3350 3949 3392 ac-

2443 3435 2527 3489 tu.
2566 3430 2952 3491 Connotatur
2981 3447 3129 3509 ergo
3159 3428 3448 3489 divinum
3480 3446 3618 3490 esse
3648 3439 3948 3511 respectu

2441 3527 2605 3589 entis
2665 3527 3066 3609 simpliciter,
3128 3546 3327 3609 quum
3387 3526 3622 3587 dicitur
3677 3529 3949 3590 essenti-

2440 3626 2623 3687 aliter
2682 3644 2819 3687 esse
2882 3626 2944 3687 in
3009 3625 3248 3695 rebus:
3314 3632 3691 3687 connotatur
3746 3626 3945 3689 etiam

2442 3731 2734 3805 respectu
2784 3724 2949 3785 entis
3001 3723 3065 3784 in
3116 3723 3419 3804 potentia,
3462 3742 3663 3804 quum
3704 3723 3949 3786 dicitur

2442 3822 2873 3903 potentialiter
2903 3840 3043 3883 esse
3075 3822 3139 3883 in
3174 3820 3400 3899 rebus:
3443 3829 3505 3883 et
3535 3821 3687 3883 item
3729 3841 3947 3903 respe-

2442 3928 2547 3982 ctu
2598 3921 2763 3983 entis
2815 3921 2879 3982 in
2933 3928 3100 3993 actu,
3154 3939 3353 4001 quum
3403 3919 3638 3981 dicitur
3686 3940 3824 3983 6556
3876 3921 3945 3983 ἰιι

2442 4019 2632 4081 rebus
2675 4019 3175 4101 praesentialiter.
3209 4017 3302 4081 Ad
3343 4019 3805 4081 ostendendum
3844 4040 3946 4082 er-

2440 4136 2519 4198 go
2550 4118 2717 4199 quod
2750 4117 3040 4179 divinum
3072 4137 3210 4179 esse
3243 4137 3555 4199 nusquam
3591 4119 3767 4179 deest
3796 4138 3950 4200 qua-

831 4211 1065 4273 dicitur
1113 4230 1251 4273 esse
1313 4211 1376 4273 in
1437 4211 1682 4273 rebus?
1733 4212 2106 4285 Dicendum,
2159 4215 2327 4295 quod
2362 4221 2411 4282 D
2446 4217 2864 4296 litercumque
2908 4224 3199 4277 sumatur
3235 4234 3369 4288 enS,
3413 4216 3649 4277 dicitur
3689 4217 3788 4278 his
3832 4218 3947 4280 tri-

829 4328 1050 4372 omnes
1094 4307 1364 4371 effectus
1411 4309 1474 4369 in
1518 4309 1751 4390 quibus
1797 4319 2084 4372 creatura
2129 4311 2331 4373 imita-

833 4416 934 4468 tur
963 4409 1163 4470 Deum
1197 4408 1587 4469 reducuntur
1616 4409 1691 4470 ad
1724 4409 2093 4472 Trinitatem
2130 4430 2143 4473 :
2179 4411 2333 4491 quia

833 4506 896 4568 in
929 4506 1020 4567 eis
1052 4513 1338 4567 creatura
1369 4505 1652 4567 imitatur
1682 4507 1924 4569 Patrem
1957 4516 2065 4569 aut
2097 4509 2325 4570 Filium

829 4612 935 4665 aut
982 4604 1288 4685 Spiritum
1335 4604 1654 4666 Sanctum.
1699 4605 1854 4666 Nam
1901 4606 2062 4667 Patri
2107 4625 2331 4688 appro-

832 4703 1079 4785 priatur
1127 4702 1429 4784 potentia,
1483 4703 1639 4765 Filio
1689 4704 2024 4785 praesentia
2071 4724 2185 4767 seu
2235 4724 2329 4767 sa-

832 4802 1092 4885 pientia,
1137 4802 1400 4883 Spiritui
1455 4802 1683 4864 Sancto
1730 4801 2000 4875 bonitaS,
2043 4824 2185 4885 quae
2234 4812 2328 4865 est

830 4902 940 4964 Dei
985 4910 1211 4963 natura
1243 4918 1256 4962 :
1293 4900 1512 4981 sicque
1543 4920 1681 4962 esse
1713 4900 1777 4961 in
1824 4900 2013 4962 rebus
2056 4922 2167 4983 per
2196 4922 2330 4983 gra-

831 5001 1007 5074 tiam,
1042 5018 1156 5081 per
1195 4999 1483 5078 gloriam,
1518 5006 1580 5059 et
1621 4998 1682 5059 in
1713 4998 1960 5061 Christo
2001 5019 2114 5080 per
2155 5001 2332 5063 unio-

830 5118 994 5171 nem,
1011 5098 1372 5161 continetur
1400 5096 1519 5158 sub
1551 5097 1735 5158 tertio
1767 5098 2329 5169 mod0‚secundum

831 5197 1001 5279 quod
1033 5196 1280 5257 bonitas
1312 5196 1424 5258 Dei
1453 5194 1767 5276 accipitur
1798 5196 2224 5259 communiter
2252 5198 2330 5259 ad

831 5295 1180 5359 bonitatem
1213 5293 1565 5356 naturalem
1597 5301 1783 5375 atque
1813 5294 2173 5375 gratuitam.
2202 5296 2330 5358 Sic-

2442 4315 2561 4377 bus
2604 4314 2807 4376 modis
2847 4333 2985 4376 6556
3028 4314 3094 4375 in
3138 4314 3348 4376 rebuS.
3384 4315 3525 4377 Haec
3564 4314 3941 4378 Alexander.

2521 4412 2806 4492 Denique
2854 4412 3020 4473 idem
3067 4412 3306 4485 doctor,
3351 4413 3738 4493 respondens
3787 4433 3946 4495 qua-

2444 4512 2586 4573 liter
2630 4529 2767 4571 esse
2812 4509 2877 4571 in
2922 4508 3223 4571 omnibus
3268 4518 3326 4571 et
3381 4508 3617 4591 ubique
3667 4511 3750 4571 sit
3797 4530 3947 4592 pro-

2444 4610 2655 4691 prium
2702 4609 2850 4680 Dec,
2884 4607 2973 4669 ait
3016 4624 3029 4667 :
3072 4608 3277 4680 Quum
3322 4608 3487 4669 Deus
3530 4607 3765 4669 dicitur
3801 4628 3947 4671 esse

2443 4706 2704 4789 ubique,
2758 4705 3243 4786 intelligendum
3302 4713 3397 4768 est
3448 4724 3721 4788 semper,
3772 4710 3947 4788 quod

2444 4823 2844 4887 nequaquam
2902 4804 3219 4885 dependet
3268 4804 3347 4866 ab
3404 4804 3619 4885 aliquo
3680 4807 3795 4865 ubi
3840 4806 3949 4867 vel

2442 4912 2586 4965 ente
2626 4910 2733 4965 aut
2776 4902 2931 4964 loco.
2968 4901 3209 4964 Idcirco
3252 4921 3364 4983 per
3402 4902 3521 4963 hoc
3562 4920 3688 4964 non
3728 4904 3949 4965 exclu-

2442 5002 2614 5065 ditur
2658 5002 2812 5083 quin
2859 5000 2942 5062 sit
2985 5001 3051 5061 in
3099 5020 3166 5061 se
3211 5000 3369 5082 ipso.
3416 5000 3645 5082 Sicque
3694 5020 3833 5065 esse
3878 5004 3951 5065 in

2442 5099 2741 5163 omnihus
2772 5107 2831 5162 et
2864 5098 3126 5180 ubique,
3152 5106 3211 5161 et
3245 5118 3358 5180 per
3386 5101 3751 5174 essentiam,
3786 5120 3951 5183 prze-

2444 5199 2713 5261 sentiam
2757 5204 2945 5278 atque
2989 5196 3362 5278 potentiam,
3396 5204 3457 5260 et
3498 5216 3636 5260 esse
3676 5199 3739 5261 in
3785 5200 3953 5282 ipsis

2444 5316 2517 5359 ac
2560 5314 2633 5359 ea
2675 5294 2944 5377 replere,
2978 5294 3095 5357 soli
3142 5294 3439 5357 convenit
3481 5295 3627 5358 Deo.
