4359 6250
993 514 1078 560 AN
1119 514 1346 561 Divum:
1386 511 1674 559 PnnsoNAE
1717 512 1851 557 SINT
1893 511 2009 557 SIBI
2053 510 2301 557 mvlcmt
2342 508 2725 567 GOAEQUALES,
2767 509 2894 557 mc.

3379 488 3489 553 101

389 693 550 759 tem,
585 691 646 745 et
677 682 1198 763 aequiparantiam
1230 681 1676 744 immensitatis
1707 680 1896 762 aequi-
1925 680 1974 741 A
2084 680 2229 741 Haec
2288 679 2481 741 verba
2539 680 2904 761 praehabitis
2964 680 3172 741 verbis
3228 678 3493 751 Albe-rti,

387 782 897 863 pollentiamque
948 780 1356 863 perfectionis
1401 782 1464 841 in
1515 799 1642 860 qua
1689 779 1891 859 digni-

385 888 488 943 tas
531 888 718 963 atque
757 879 1057 942 nobilitas
1101 880 1212 941 Dei
1261 878 1569 940 consistit.
1606 877 1891 959 Denique

385 979 758 1041 divinarum
817 995 1232 1058 personarum
1291 984 1388 1039 est
1441 996 1564 1038 una
1623 993 1890 1038 numero

384 1076 714 1159 quantitas
771 1075 1084 1148 virtualiS,
1135 1095 1278 1158 quae
1337 1081 1431 1137 est
1481 1075 1618 1157 ipsa
1674 1074 1892 1136 divina

383 1174 688 1237 essentia.
725 1174 884 1236 Hinc
926 1174 992 1235 in
1031 1173 1266 1236 divinis
1308 1174 1562 1236 realiter
1597 1172 1766 1234 idem
1798 1179 1891 1233 est

383 1273 722 1355 aequalitas
761 1281 825 1334 et
865 1272 1161 1334 identitas
1200 1271 1574 1334 neutraliter
1605 1271 1794 1343 dicta,
1830 1277 1892 1331 et

385 1370 668 1433 includit
699 1371 902 1453 ipsam
935 1371 1001 1432 in
1033 1378 1340 1452 quantum
1374 1370 1529 1432 dicit
1562 1369 1894 1451 perfectio-

385 1490 548 1533 nem
596 1477 852 1533 nat-urai.
899 1469 1173 1531 Includit
1221 1487 1477 1551 quoquc
1525 1467 1892 1530 similitudi—

385 1588 548 1630 nem
599 1568 664 1629 in
715 1574 1024 1648 quantum
1083 1567 1437 1629 similitudo
1485 1566 1640 1628 dicit
1691 1564 1894 1647 perfe-

383 1667 674 1729 ctionem
719 1665 1248 1746 consequentium
1292 1672 1585 1727 naturam
1633 1684 1776 1746 quai
1825 1682 1892 1725 se

385 1764 634 1826 habent
683 1783 796 1846 per
839 1763 1100 1826 modum
1144 1763 1490 1845 qualitatis,
1529 1770 1597 1824 ut
1647 1762 1892 1844 sapien-

2006 778 2282 849 Thoinae‚
2317 786 2377 839 et
2410 777 2701 853 aliorum,
2726 786 2973 839 exstant
3004 776 3335 849 contraria,
3367 776 3497 837 imo

2005 884 2068 935 et
2097 875 2309 937 verbis
2343 876 2543 956 ipsius
2576 876 2846 937 Udalrici
2891 875 3226 957 praetactis,
3261 872 3496 955 quibus

2003 972 2092 1034 ait
2127 990 2140 1033 τ
2174 973 2286 1035 Est
2318 973 2578 1054 insuper
2608 974 2932 1055 aequalitas
2967 973 3326 1034 divinarum
3357 990 3495 1053 per-

2005 1088 2304 1132 sonarum
2334 1071 2411 1132 ad
2445 1071 2742 1145 invicem,
2776 1091 2916 1153 quae
2949 1070 3233 1153 implicat
3261 1069 3496 1131 realem

2004 1167 2377 1230 relationem
2424 1168 2613 1229 unius
2661 1168 3065 1250 personae·ad
3108 1166 3317 1229 aliam.
3351 1167 3497 1229 Ideo

2003 1266 2198 1327 verba
2228 1266 2338 1328 illa
2367 1266 2640 1328 Udalrici
2681 1284 2805 1329 non
2843 1271 2992 1327 sunt
3028 1264 3398 1347 accipienda
3428 1271 3499 1325 ut

2003 1372 2249 1437 sonant,
2286 1364 2639 1445 praesertim
2672 1384 2871 1445 quum
2905 1364 3175 1445 ipsemet
3206 1363 3497 1446 protinus

2003 1464 2185 1525 addat
2217 1464 2461 1525 eisdem
2495 1481 2509 1524 ε
2544 1464 2773 1526 Praeter
2801 1463 2913 1524 has
2944 1462 3281 1525 relationes
3312 1462 3496 1524 ratio—

2003 1562 2125 1634 niS,
2161 1562 2508 1643 important
2539 1561 2731 1623 etiam
2772 1561 3031 1622 nomina
3070 1560 3200 1634 illa,
3234 1560 3497 1641 aequalis

2003 1668 2064 1722 et
2111 1661 2365 1735 similiS,
2416 1661 2778 1744 personales
2827 1660 3163 1723 relationes
3210 1668 3272 1723 et
3322 1660 3495 1722 inde-

2003 1759 2371 1821 terminatas
2412 1768 2683 1834 tantum,
2717 1768 2779 1820 et
2819 1778 2968 1820 cum
3008 1759 3127 1820 hoc
3165 1758 3497 1839 designant

385 1863 499 1935 tia,
543 1862 813 1942 justitia,
858 1862 1078 1942 pietas,
1113 1897 1192 1907 —
1232 1862 1392 1923 Hinc
1436 1867 1680 1924 constat
1721 1860 1891 1941 quod
1927 1859 1974 1921 B
2004 1856 2286 1919 divinam
2326 1858 2687 1919 essentiam.
2722 1858 2926 1930 Quum
2968 1858 3139 1919 enim
3171 1856 3495 1938 aequalitas

383 1960 744 2042 aequalitaS‚
768 1952 1141 2033 similitudo,
1175 1959 1492 2033 identitaS‚
1517 1958 1758 2039 aliquid
1791 1976 1895 2039 po—

383 2066 562 2121 nunt
592 2059 658 2120 in
699 2058 848 2131 Deo,
883 2076 1001 2119 nec
1033 2057 1098 2118 in
1141 2058 1275 2120 sola
1306 2056 1660 2138 privatione
1691 2056 1894 2119 consi-

384 2163 594 2231 stunt,
618 2176 818 2238 quum
847 2164 910 2217 et
939 2156 1148 2217 unitas
1178 2154 1455 2229 virtutis,
1478 2173 1670 2237 super
1699 2174 1892 2236 quam

386 2256 768 2329 fundantur,
801 2254 884 2317 sit
921 2254 1163 2336 aliquid
1210 2253 1577 2335 positivum.
1616 2253 1744 2316 Nec
1788 2253 1894 2316 oh-

384 2362 514 2415 stat
577 2353 748 2435 quod
796 2353 884 2414 ait
941 2352 1382 2433 PhilosophuS,
1434 2352 1603 2433 quod
1652 2352 1892 2433 aequale

381 2452 739 2534 opponitur
767 2450 1078 2532 privative
1109 2468 1333 2531 magno
1363 2458 1426 2511 et
1454 2467 1672 2532 pai-vc,
1689 2468 1896 2531 quem-

381 2550 742 2613 admodum
788 2568 986 2610 unum
1035 2548 1234 2612 multo
1269 2566 1282 2610 :
1319 2549 1438 2611 hoc
1479 2568 1756 2630 namque
1800 2549 1892 2610 in-

383 2648 707 2729 telligitur
736 2647 814 2709 de
854 2647 1212 2729 aequalitate
1253 2666 1446 2729 penes
1488 2647 1551 2708 id
1594 2646 1764 2729 quod
1793 2665 1893 2708 ac-

383 2748 552 2809 cidit
582 2746 640 2809 ei
675 2745 1028 2808 secundum
1066 2746 1235 2826 quod
1277 2752 1371 2806 est
1402 2745 1795 2827 principium
1828 2744 1891 2806 in

380 2864 627 2927 genere
678 2844 1184 2926 proportionum,
1218 2842 1384 2904 sicut
1429 2862 1626 2905 unum
1679 2844 1744 2905 in
1794 2861 1896 2923 ge-

381 2964 546 3007 nere
577 2960 1014 3005 numerorum.
1051 2942 1226 3005 Unde
1255 2948 1317 3003 et
1356 2942 1481 3002 alia
1509 2960 1651 3022 quae
1687 2941 1894 3022 prima

2003 1955 2086 2017 sit
2134 1974 2345 2017 rerum
2398 1954 2837 2017 differentium
2883 1956 3105 2017 eadem
3152 1954 3492 2037 quantitaS,

2001 2060 2065 2115 et
2112 2053 2467 2118 similitudo
2516 2055 2598 2116 sit
2648 2073 2862 2116 rerum
2912 2053 3349 2117 differentium
3396 2070 3497 2115 ea-

2001 2154 2146 2215 dem
2179 2153 2473 2235 qualita8‚
2507 2172 2606 2215 res
2647 2153 2771 2216 illae
2804 2153 2870 2215 in
2910 2153 3145 2215 divinis
3179 2160 3328 2214 sunt
3356 2170 3497 2233 per-

2002 2269 2190 2315 sonae.
2245 2252 2584 2313 Distinctio
2626 2260 2861 2325 autem,
2916 2271 3057 2332 quae
3106 2258 3200 2313 est
3255 2250 3320 2311 in
3370 2251 3499 2313 Deo

2004 2349 2142 2413 loco
2191 2350 2595 2423 differentiae,
2640 2350 2939 2431 importat
2987 2349 3323 2412 relationes
3372 2349 3497 2411 dis-

2005 2449 2365 2530 tinguentes
2411 2450 2477 2510 in
2522 2448 2869 2521 communi,
2906 2465 3030 2510 non
3074 2447 3495 2509 determinan-

2003 2547 2083 2610 do
2113 2547 2276 2609 hanc
2307 2554 2415 2609 aut
2446 2547 2639 2609 illam.
2666 2547 2854 2609 Porro
2884 2546 3094 2607 unitas
3125 2545 3495 2627 quantitatis

2003 2646 2159 2708 dicit
2201 2665 2391 2707 unam
2432 2645 2715 2708 divinam
2754 2644 3093 2707 essentiam
3136 2652 3323 2726 prout
3360 2644 3499 2725 ipsa

2002 2752 2098 2806 est
2160 2744 2479 2825 quantitas
2544 2743 2851 2805 virtualis.
2915 2742 3222 2804 Similiter
3286 2741 3495 2803 unitas

2002 2842 2325 2924 qualitatis
2375 2842 2531 2904 dicit
2582 2860 2773 2905 unam
2824 2841 3107 2903 divinam
3155 2840 3495 2902 essentiam

2003 2949 2193 3024 prout
2234 2940 2370 3022 ipsa
2409 2940 2811 3021 significatur
2842 2938 3211 3002 nominibus
3250 2938 3494 3019 signifi-

380 3041 718 3126 principia
758 3047 928 3115 sunt,
961 3059 1076 3123 per
1121 3039 1526 3120 negationem
1577 3037 1895 3101 definiun-
1926 3046 1968 3109 C
2003 3039 2297 3101 cantibus
2328 3040 2681 3101 secundum
2719 3056 2898 3099 suam
2939 3037 3247 3099 rationem
3279 3054 3495 3099 conse-

379 3151 511 3204 tur.
552 3141 658 3202 Sic
691 3148 756 3201 et
795 3156 910 3201 nos
942 3139 1288 3202 definimus
1328 3138 1591 3221 aequale,
1625 3137 1894 3200 dicendo

381 3239 553 3302 illud
605 3257 746 3300 esse
803 3238 1067 3318 aequale,
1120 3238 1291 3319 quod
1341 3255 1458 3298 nec
1520 3235 1724 3316 majus
1775 3253 1892 3297 nec

381 3339 611 3400 minus
652 3344 767 3398 est.
804 3335 1066 3398 Ratione
1097 3353 1350 3417 quoque
1390 3334 1584 3415 hujus
1615 3333 1893 3415 negatio-

379 3437 488 3499 nis
523 3434 1002 3516 consequentiS,
1035 3433 1380 3516 opponitur
1421 3432 1732 3514 privative
1764 3451 1892 3494 ma-

377 3553 518 3617 gno
569 3541 630 3595 et
684 3550 878 3614 parvo
928 3550 941 3594 ε
991 3551 1182 3613 quam
1234 3539 1443 3594 tamen
1491 3531 1890 3612 negationem

381 3651 656 3696 necesse
697 3639 794 3694 est
833 3630 1089 3692 fundari
1129 3649 1321 3712 super
1350 3628 1888 3708 affirmationem3

383 3733 540 3794 ideo
577 3731 788 3792 adhuc
828 3728 990 3790 redit
1034 3729 1203 3809 quod
1242 3727 1566 3808 aequalitas
1610 3727 1892 3789 affirma-

379 3831 522 3892 tive
571 3827 814 3909 aliquid
858 3827 1033 3889 dicit.
1082 3827 1227 3889 Haec
1269 3826 1616 3888 UdalricuS.

467 3928 594 4001 Qui
647 3927 747 3988 his
799 3925 1012 3988 verbis
1073 3925 1285 4006 aliqua
1341 3924 1516 3986 addit
1566 3943 1706 4006 quae
1764 3941 1892 3985 non

381 4025 698 4088 videntur
739 4024 904 4086 bene
953 4042 1178 4086 sonare
1213 4041 1227 4085 ε
1262 4023 1331 4084 In
1382 4021 1618 4084 divinis
1659 4021 1895 4103 (inqui-

381 4125 536 4204 ens)
592 4123 920 4204 aequalitas
983 4123 1139 4184 dicit
1196 4121 1567 4184 relationem
1631 4119 1894 4182 rationis

2001 3139 2264 3221 quentia
2320 3138 2743 3200 substantiam
2796 3155 2810 3198 ε
2866 3144 2934 3198 ut
2991 3144 3159 3210 sunt,
3221 3135 3492 3211 bonitaS,

2001 3237 2334 3319 sapientia,
2368 3236 2654 3310 scientia,
2688 3242 2877 3316 atque
2908 3234 3295 3317 hujusmodi.
3322 3235 3497 3297 Unde

2002 3340 2247 3397 constat
2296 3335 2464 3415 quod
2509 3333 2767 3395 nomina
2810 3335 3085 3412 (equalis
3128 3341 3188 3394 et
3232 3334 3495 3403 simili-3,

2003 3433 2348 3514 important
2398 3431 2532 3494 haec
2575 3432 2807 3493 omnia.
2851 3432 2994 3494 Haec
3038 3430 3383 3493 Udalricus.
3416 3466 3499 3476 -

2003 3531 2092 3592 Ex
2136 3529 2372 3612 quibus
2422 3529 2782 3603 innotescit,
2835 3530 3003 3610 quod
3048 3547 3175 3590 non
3226 3528 3498 3591 intendit

2001 3627 2289 3690 absolute
2334 3646 2563 3708 negare
2606 3628 2774 3708 quod
2816 3627 3076 3689 nomina
3120 3627 3238 3688 ista
3282 3627 3496 3688 dicant

2003 3727 2238 3788 realem
2288 3726 2658 3788 relationem
2704 3726 2769 3786 in
2812 3725 2960 3799 Deo,
2995 3725 3104 3786 sed
3148 3724 3316 3805 quod
3366 3742 3495 3786 non

2002 3825 2215 3886 dicant
2280 3824 2511 3886 realem
2578 3823 2948 3885 relationem
3012 3823 3376 3887 distinctam
3432 3829 3496 3884 et

2002 3923 2191 3984 aliam
2222 3943 2259 3985 a
2288 3922 2591 3984 relatione
2634 3921 2951 4004 personali
2990 3922 3167 3996 reali,
3201 3920 3288 3983 ita
3326 3921 3496 4002 quod

2003 4020 2225 4082 relatio
2275 4039 2467 4102 quam
2518 4028 2744 4101 praeter
2794 4019 2969 4081 illam
3018 4019 3383 4099 important,
3414 4017 3498 4080 sit

2005 4119 2226 4180 relatio
2270 4119 2532 4181 rationis
2578 4119 2932 4180 dumtaxat:

383 4230 669 4294 tantum,
703 4219 1036 4283 fundatam
1071 4239 1262 4302 super
1291 4218 1766 4281 indifferentem
1800 4237 1892 4279 es·
1925 4225 1973 4285 D
2083 4217 2214 4278 Hoc
2245 4235 2498 4298 quoque
2531 4216 2949 4297 pensandum,
2971 4216 3122 4297 quia
3152 4222 3222 4276 ut
3241 4215 3499 4278 Alexan-

383 4320 670 4384 sentiam
722 4319 790 4381 in
847 4312 1052 4380 tr‘ibus
1109 4317 1400 4401 personis
1458 4317 1890 4390 exsistentem,

385 4439 522 4484 non
573 4426 644 4480 ut
687 4417 962 4479 essentia
1001 4425 1117 4491 est,
1151 4416 1260 4478 sed
1302 4423 1371 4477 ut
1411 4416 1730 4498 quantitas
1771 4416 1894 4476 vir-

385 4517 607 4581 tualis.
643 4516 708 4579 Si
741 4515 918 4578 enim
957 4515 1196 4577 diceret
1227 4514 1596 4577 relationem
1634 4513 1890 4587 realem,

385 4619 614 4700 plures
658 4615 998 4678 relationes
1036 4633 1228 4696 quam
1269 4621 1540 4695 quatuor
1575 4620 1787 4676 essent
1828 4613 1894 4674 in

385 4715 659 4788 diviniS‚
692 4721 989 4794 essetque
1033 4713 1121 4774 ibi
1169 4713 1356 4775 realis
1400 4713 1623 4775 relatio
1667 4720 1896 4794 praeter

387 4812 739 4876 relationes
789 4809 1074 4890 originis
1119 4810 1195 4871 Et
1238 4811 1390 4892 quia
1429 4811 1754 4892 aequalitas
1805 4809 1896 4872 nil

386 4911 575 4974 addit
623 4928 818 4991 supra
874 4908 1239 4981 essentiam,
1293 4909 1548 4989 quidam
1600 4909 1898 4970 dixerunt

389 5010 660 5075 nomine
701 5007 1084 5090 aequalitatis
1128 5006 1290 5069 nihil
1331 5007 1481 5090 poni
1527 5008 1590 5068 in
1637 5007 1894 5084 diviniS,

389 5109 510 5172 sed
543 5114 791 5169 tantum
823 5105 1135 5168 removeri
1180 5105 1384 5186 majus
1415 5113 1477 5167 et
1517 5105 1749 5166 minuS.
1786 5105 1898 5167 Ea-

391 5209 548 5269 dem
606 5204 766 5267 rat-io
813 5211 912 5266 est
959 5203 1036 5265 de
1093 5204 1316 5266 eodem
1366 5213 1428 5266 et
1487 5203 1703 5265 simili.
1757 5205 1898 5268 Haec

395 5303 752 5368 Udalricus.

2004 4317 2117 4378 der
2156 4322 2442 4389 testatur,
2475 4315 2627 4375 dum
2678 4315 3003 4394 aequalitas
3045 4322 3107 4376 et
3146 4312 3499 4376 similitudo

2005 4413 2404 4476 definiuntur
2429 4412 2595 4474 sicut
2622 4412 2809 4474 modo
2839 4431 3211 4493 expressum
3242 4420 3349 4482 est,
3370 4430 3497 4474 non

2005 4521 2101 4575 est
2133 4511 2497 4595 praedicatio
2526 4509 2815 4572 formalis
2846 4517 2906 4571 et
2939 4511 3217 4592 propria,
3248 4529 3365 4572 nec
3395 4510 3497 4573 de-

2003 4611 2218 4674 finitio
2250 4629 2363 4693 per
2393 4609 2755 4682 essentiam,
2789 4609 2898 4670 sed
2930 4627 3045 4689 per
3083 4627 3359 4684 causam,
3393 4610 3494 4672 vel

2007 4711 2187 4791 quasi
2223 4728 2334 4791 per
2364 4725 2639 4769 causam.
2676 4706 3021 4787 AEqualitas
3064 4726 3338 4789 namque
3368 4727 3493 4770 non

2007 4816 2102 4870 est
2128 4807 2447 4890 quantitas
2480 4806 2637 4886 ipsa,
2659 4805 2768 4866 sed
2801 4806 3119 4886 quantitas
3150 4812 3245 4867 est
3275 4805 3495 4868 funda-

2009 4915 2297 4969 mentum
2326 4913 2388 4966 et
2419 4923 2607 4966 causa
2636 4923 2747 4965 seu
2781 4903 2939 4965 ratio
2975 4903 3370 4984 aequalitatis.
3405 4905 3495 4966 Si-

2008 5005 2247 5066 militer
2284 5003 2636 5064 similitudo
2675 5018 2802 5063 non
2843 5009 2939 5062 est
2976 5000 3396 5062 essentialiter
3434 5008 3498 5062 et

2009 5102 2265 5185 proprie
2318 5101 2609 5182 qualitaS,
2664 5100 2773 5160 sed
2825 5099 3096 5180 qualitas
3141 5105 3236 5160 est
3274 5098 3497 5161 funda-

2011 5209 2323 5275 mentum,
2352 5217 2541 5261 causa
2578 5216 2691 5258 seu
2728 5196 2888 5258 ratio
2927 5195 3387 5258 similitudinis.
3424 5197 3501 5258 Et

2016 5300 2309 5383 quamvis
2351 5299 2415 5359 in
2458 5295 2691 5358 divinis
2734 5294 2816 5356 sit
2856 5295 3110 5357 realiter
3148 5294 3341 5370 idem,
3376 5315 3502 5359 ma-
