4359 6250
153 2389 240 2427 nrt.
273 2387 345 2426 1³.

745 519 948 571 mmm
989 515 1400 570 PRAEscmNnA
1445 516 1556 569 seu
1597 514 2006 568 rnovmmvru
2046 513 2148 566 nm
2192 513 2461 566 mroNAr
2500 514 2691 566 1113an
2732 513 3185 566 Necesstu‘rnu

3402 490 3521 564 483

417 695 796 769 Dicendum,
867 696 1036 778 quod
1103 695 1244 768 ista,
1313 695 1512 758 Omne
1580 693 1812 755 scitum
1879 711 1918 754 a
1949 690 1998 753 A
2030 699 2241 755 torum
2271 710 2517 766 eorum,
2546 692 2680 754 sive
2713 692 2805 754 illi
2836 691 3130 754 dicantur
3156 690 3386 752 animae
3418 706 3524 751 no-

417 794 546 856 Deo
587 812 850 856 necesse
892 802 987 856 est
1029 813 1249 856 verum
1291 810 1450 864 esse,
1493 800 1588 854 est
1628 792 1863 873 duplex
1898 808 1913 853 ε

417 893 720 973 quoniam
755 899 964 974 potest
998 911 1137 954 esse
1176 892 1254 954 de
1294 892 1464 953 dicto
1501 899 1564 952 et
1602 892 1679 952 de
1721 909 1805 952 re.
1843 890 1918 951 Et

416 990 470 1050 si
522 990 606 1051 sit
653 990 732 1052 de
780 990 971 1064 dicte,
1013 997 1110 1052 est
1156 1008 1346 1070 vera3
1391 989 1446 1051 si
1495 989 1572 1050 de
1621 1008 1709 1062 re,
1759 987 1920 1050 falsa

415 1095 530 1150 est.
575 1088 888 1150 Similiter
932 1088 1257 1152 conclusio
1302 1089 1539 1170 duplex
1580 1095 1694 1149 est.
1739 1087 1916 1149 Ratio

415 1195 632 1248 autem
664 1186 860 1266 hujus
889 1187 1316 1249 distinctionis
1346 1187 1481 1249 haec
1511 1187 1734 1250 datur:
1769 1202 1921 1267 quo-

415 1285 592 1347 niam
623 1303 725 1346 res
758 1285 876 1347 ista
907 1286 1075 1347 sumi
1118 1293 1325 1366 potest
1363 1285 1714 1346 secundum
1746 1285 1916 1365 quod

417 1382 710 1462 subjacet
759 1383 992 1446 divinae
1039 1383 1342 1456 seientiae,
1389 1382 1685 1444 videlicet
1731 1389 1918 1464 prout

417 1481 609 1543 habet
650 1499 790 1544 esse
835 1481 1328 1543 determinatum
1374 1481 1440 1542 in
1481 1489 1669 1559 actu;
1715 1487 1777 1542 et
1825 1481 1917 1542 sic

415 1579 612 1642 habet
641 1580 1108 1642 necessitatem.
1143 1579 1350 1641 Potest
1380 1579 1574 1641 etiam
1608 1579 1776 1640 sumi
1817 1597 1916 1640 res

419 1677 538 1738 ista
570 1678 710 1740 sine
743 1676 854 1739 tali
886 1677 1248 1739 conditione
1281 1676 1653 1758 subjacendi
1685 1676 1918 1740 divinae

417 1775 745 1854 scientiae3
784 1783 848 1836 et
885 1775 978 1838 sic
1017 1792 1144 1838 non
1189 1781 1285 1838 est
1323 1774 1678 1837 necessaria
1711 1793 1725 1837 ε
1769 1776 1919 1857 quia

419 1881 630 1956 potest
660 1873 753 1936 sic
785 1873 1172 1936 considerari
1213 1880 1284 1934 ut
1320 1881 1418 1934 est
1449 1872 1514 1934 in
1544 1873 1752 1934 causis
1784 1873 1916 1935 suis
1954 1872 2001 1934 B
2030 1871 2332 1934 ferentias
2387 1891 2400 1936 ε

417 1980 764 2053 antequam
813 1971 898 2032 sit
947 1971 1012 2032 in
1061 1978 1230 2044 actu,
1281 1979 1343 2032 et
1392 1969 1481 2032 ibi
1542 1988 1669 2033 non
1728 1970 1919 2033 habet

417 2071 887 2132 necessitatem.
922 2105 1004 2115 -—-
1040 2069 1184 2132 Haec
1221 2069 1492 2132 Thomas
1537 2069 1600 2130 in
1647 2069 1914 2151 Scripto.

500 2168 744 2242 Quibus
787 2169 1172 2231 concordant
1213 2187 1354 2251 quae
1393 2169 1470 2230 de
1509 2168 1730 2230 eadem
1771 2168 1921 2230 scri-

420 2266 516 2328 bit
549 2268 814 2329 materia
855 2267 920 2329 in
963 2266 1172 2348 prima
1209 2273 1386 2348 part-e
1418 2266 1716 2338 Summae,
1752 2285 1919 2348 quae-

421 2366 628 2428 stione
671 2366 1166 2447 quartadecima,
1211 2364 1320 2426 ubi
1367 2383 1529 2447 pene
1568 2365 1660 2426 nil
1699 2364 1921 2427 scribit

421 2465 500 2526 de
530 2464 631 2526 his
664 2465 834 2546 quod
865 2482 992 2527 non
1025 2463 1424 2526 contineatur
1459 2463 1921 2525 sententialiter

420 2563 487 2625 in
538 2581 712 2625 nunc
761 2563 968 2625 dictis.
1021 2563 1256 2625 Tamen
1304 2562 1381 2623 ad
1432 2561 1917 2642 intelligendum

419 2659 700 2722 lucidius
737 2659 1027 2741 quasdam
1065 2658 1198 2738 jam
1236 2658 1426 2731 dicta,
1459 2659 1916 2720 advertendum

418 2758 588 2839 quod
621 2759 790 2820 inter
820 2763 1027 2820 cetera
1058 2756 1282 2818 scribit
1312 2755 1576 2830 ibidem,
1605 2757 1914 2820 dicendo:

413 2857 680 2930 Quando
742 2857 808 2919 in
867 2856 1281 2918 antecedente
1349 2855 1610 2937 ponitur
1673 2855 1916 2937 aliquid

413 2953 746 3036 pertinens
803 2955 882 3016 ad
940 2962 1154 3016 actum
1212 2953 1463 3026 animae,
1521 2971 1917 3035 consequens

2028 789 2212 864 biles,
2254 791 2388 852 sive
2438 791 2912 871 intelligentiae3
2956 797 3019 852 et
3060 789 3231 872 quod
3272 788 3525 850 electio-

2027 907 2139 951 nes
2185 889 2671 971 voluntatesque
2716 897 2945 952 nostrae
2988 906 3115 951 non
3160 887 3525 950 subdunt-ur

2027 986 2156 1049 illis
2208 987 2562 1050 necessarie
2610 995 2719 1049 aut
2768 988 3023 1050 directe.
3080 987 3261 1048 Esset
3309 993 3524 1048 autem

2027 1085 2219 1147 nimis
2270 1086 2593 1168 prolixum
2652 1086 2786 1148 haec
2834 1086 3050 1148 omnia
3105 1085 3213 1146 hic
3262 1083 3519 1146 referre.

2027 1184 2290 1246 Summa
2335 1202 2485 1247 vero
2534 1184 2863 1246 sententiae
2919 1185 2985 1245 in
3044 1183 3162 1245 hoc
3212 1182 3521 1256 consistit,

2025 1283 2197 1363 quod
2227 1282 2305 1344 ad
2338 1283 2569 1344 summi
2606 1283 3048 1345 universorum
3080 1280 3393 1363 principis
3423 1280 3526 1341 de-

2026 1379 2460 1442 centissimam
2500 1399 2573 1442 ac
2614 1379 3151 1462 sapientissimam
3190 1377 3525 1460 providen—

2027 1479 2180 1540 tiam
2228 1479 2502 1560 pertinet
2546 1479 2639 1540 sic
2682 1479 2977 1541 universa
3021 1485 3083 1540 et
3126 1477 3377 1558 singula
3417 1495 3527 1558 gu-

2029 1576 2493 1651 bernare,sicut
2520 1595 2737 1640 eorum
2768 1577 3011 1639 naturis
3042 1585 3104 1639 et
3134 1575 3523 1638 naturalibus

2029 1675 2525 1758 proprietatibus
2569 1676 2887 1750 convenit,
2922 1695 3035 1738 nec
3078 1675 3297 1737 tollere
3339 1693 3376 1736 a
3416 1692 3526 1755 gu-

2031 1774 2310 1836 bernatis
2365 1775 2656 1837 ordinem
2714 1775 3086 1837 eorumdem
3138 1791 3345 1854 neque
3404 1772 3525 1834 dif-

2460 1873 2601 1936 ideo
2660 1880 2978 1935 creaturas
3040 1871 3521 1944 intellectualeS,

2031 1971 2390 2046 rationaleS,
2444 1971 2629 2034 liberi
2685 1971 2931 2034 arbitrii
2985 1970 3383 2044 exsistenteS,
3434 1970 3526 2032 sic

2031 2069 2248 2150 dirigit
2300 2077 2367 2131 ut
2416 2079 2641 2152 sponte
2685 2089 2757 2132 ac
2802 2068 3000 2132 libere
3043 2074 3406 2151 operentur,
3452 2085 3526 2129 ac

2033 2168 2355 2230 meritorie
2401 2169 2661 2230 tendant
2711 2168 2775 2230 in
2824 2167 3125 2229 ultimum
3170 2165 3394 2240 finem,
3439 2171 3527 2227 at-

2030 2285 2154 2347 que
2186 2285 2301 2348 per
2329 2267 2795 2348 providentiam
2832 2267 2941 2328 Dei
2984 2284 3111 2328 non
3152 2264 3357 2328 solum
3389 2283 3528 2346 per-

2031 2373 2328 2426 maneant
2376 2365 2441 2426 in
2493 2364 2761 2427 naturali
2822 2364 2913 2426 eis
2965 2363 3163 2426 indita
3210 2363 3522 2438 libertate,

2030 2463 2160 2525 imo
2190 2470 2253 2524 et
2284 2461 2703 2544 perficiantur
2734 2463 2799 2525 in
2830 2482 2923 2537 ea,
2956 2469 3016 2524 et
3049 2461 3201 2525 ordo
3242 2461 3523 2523 universi

2029 2561 2347 2642 persistat,
2380 2561 2491 2643 qui
2531 2561 2821 2623 consistit
2859 2560 2921 2622 in
2964 2561 3105 2634 hoc,
3148 2561 3316 2642 quod
3357 2579 3527 2642 quae-

2030 2660 2174 2721 dam
2217 2667 2364 2721 sunt
2404 2660 2736 2734 naturalia,
2772 2659 3059 2741 quaedam
3102 2658 3321 2732 libera,
3355 2678 3525 2740 quae-

2029 2757 2174 2819 dam
2236 2758 2613 2832 necessaria,
2675 2758 2965 2840 quaedam
3024 2757 3455 2838 contingentia
3506 2776 3521 2820 z

2029 2875 2222 2937 quem
2266 2857 2555 2918 ordinem
2596 2858 2762 2919 Deus
2802 2875 2915 2918 sua
2954 2855 3352 2937 providentia
3395 2873 3523 2918 non

2028 2953 2392 3027 demolitur,
2444 2956 2553 3017 sed
2603 2955 2768 3017 sicut
2824 2974 2938 3016 sua
2990 2954 3300 3036 sapientia
3349 2952 3526 3016 insti-

411 3051 866 3135 accipiendum
897 3059 994 3113 est
1025 3069 1153 3113 non
1186 3051 1540 3112 secundum
1571 3070 1708 3114 esse
1747 3051 1916 3133 quod
1948 3049 1992 3113 C
2028 3053 2170 3127 tuit,
2207 3071 2321 3114 sua
2351 3053 2633 3135 potentia
2664 3051 2836 3127 fecit,
2870 3053 2962 3114 sic
3001 3071 3149 3115 eum
3188 3051 3523 3136 providen-

415 3152 484 3214 in
527 3171 596 3213 se
634 3159 753 3225 est,
786 3151 896 3213 sed
934 3151 1288 3213 secundum
1327 3151 1497 3232 quod
1536 3159 1632 3213 est
1672 3151 1738 3213 in
1778 3151 1917 3213 ani-

413 3267 542 3311 ma.
577 3249 768 3312 Aliud
799 3268 1075 3332 namque
1115 3256 1211 3311 est
1247 3267 1386 3311 esse
1427 3250 1517 3311 rei
1561 3249 1626 3311 in
1657 3268 1724 3311 se
1756 3250 1914 3331 ipsa,

411 3356 482 3410 et
509 3347 688 3409 aliud
717 3348 784 3409 in
815 3348 1028 3410 anima
1063 3365 1077 3409 ε
1113 3356 1183 3410 ut
1211 3347 1264 3409 si
1295 3347 1526 3421 dicam,
1556 3347 1716 3410 lllud
1748 3348 1917 3429 quod

409 3446 636 3507 anima
677 3446 995 3526 intelligit,
1039 3444 1229 3507 habet
1273 3462 1410 3507 esse
1457 3445 1915 3524 immateriale3

411 3544 908 3625 intelligendum
941 3552 1038 3606 est
1065 3544 1234 3625 quod
1265 3544 1386 3607 hoc
1411 3544 1600 3606 habet
1629 3562 1768 3606 esse
1801 3544 1917 3605 im-

411 3641 748 3704 materiale
798 3642 1150 3704 secundum
1200 3642 1368 3724 quod
1417 3648 1512 3703 est
1562 3642 1628 3703 in
1673 3642 1917 3704 intelle--

412 3748 553 3813 ctu,
587 3758 714 3802 non
745 3739 1096 3801 secundum
1130 3740 1297 3821 quod
1327 3747 1423 3801 est
1454 3740 1519 3801 in
1550 3758 1616 3802 se
1659 3740 1819 3822 ipso,
1863 3740 1915 3803 si

409 3840 502 3903 sit
545 3839 610 3900 in
650 3856 718 3900 se
757 3856 872 3900 ens
913 3838 1256 3899 materiale.
1302 3838 1608 3901 Similiter
1657 3840 1709 3900 si
1753 3839 1918 3901 dica-

409 3947 546 4010 tur,
601 3938 768 3999 Deus
827 3936 1148 4018 praescivit
1193 3936 1334 4011 hoc,
1385 3955 1537 4018 ergo
1583 3937 1704 4000 hoc
1753 3936 1914 4017 erit3

410 4053 820 4117 consequens
871 4034 1356 4115 intelligendum
1414 4043 1510 4097 est
1563 4037 1917 4100 secundum

411 4133 592 4216 quod
635 4132 857 4195 subest
898 4132 1130 4195 divinae
1172 4132 1473 4195 scientiae.
1523 4134 1666 4197 Haec
1709 4134 1819 4196 ibi.

2027 3152 2115 3213 tia
2144 3170 2259 3213 sua
2294 3159 2625 3215 conservat
2664 3160 2727 3215 et
2768 3151 3041 3234 perficit.
3076 3152 3251 3214 Unde
3282 3159 3344 3214 et
3374 3151 3525 3214 scri-

2029 3258 2210 3331 ptum
2244 3257 2336 3311 est
2374 3268 2387 3312 :
2420 3249 2688 3332 Attingit
2726 3270 2763 3312 a
2804 3250 2935 3312 fine
2976 3268 3177 3332 usque
3214 3250 3290 3312 ad
3322 3249 3521 3313 finem
3551 3271 3814 3329 Sap.vm,¹.

2028 3348 2298 3422 sortiter,
2341 3356 2401 3410 et
2443 3348 2725 3431 disponit
2772 3349 2989 3411 omnia
3030 3348 3327 3411 suaviter.
3362 3350 3522 3423 Quid

2027 3453 2122 3509 est
2171 3448 2472 3521 suaviter,
2515 3448 2638 3508 nisi
2682 3446 2863 3527 juxta
2910 3448 3227 3509 naturales
3276 3448 3527 3511 univer—

2029 3563 2245 3607 sorum
2296 3545 2695 3627 capacitates,
2750 3552 3004 3607 naturas
3061 3553 3124 3607 et
3171 3545 3524 3607 inclinatio-

2028 3646 2189 3705 nes?
2231 3644 2373 3706 Haec
2418 3643 2483 3705 in
2527 3643 2843 3706 sententia
2886 3643 2997 3705 ibi.

2107 3743 2176 3805 In
2210 3741 2619 3824 praeinductis
2651 3742 2750 3802 his
2782 3741 2995 3803 verbis
3025 3742 3279 3805 Thomae
3319 3761 3519 3804 unum

2027 3839 2409 3913 continetur,
2444 3846 2595 3920 puta
2624 3839 2793 3920 quod
2823 3839 2909 3899 ait
2940 3840 3006 3901 in
3038 3839 3321 3921 Scripto:
3355 3840 3520 3902 Deus
3552 3858 3812 3914 csspssm.

2030 3956 2154 4001 non
2186 3938 2356 4000 videt
2398 3937 2560 3999 hanc
2598 3956 2736 3999 rem
2774 3944 3066 4019 respectu
3110 3938 3521 4019 praecedentis

2028 4036 2335 4118 temporis
2376 4054 2513 4099 esse
2555 4035 2858 4109 futuram,
2901 4042 2965 4097 et
3014 4044 3303 4118 respectu
3352 4035 3522 4099 futu-

2029 4135 2082 4197 ri
2126 4134 2555 4217 praeteritam3
2588 4135 2697 4196 sed
2736 4134 2911 4197 videt
2951 4141 3203 4216 tempus
3244 4134 3413 4197 istud
3456 4135 3524 4199 in

419 4254 424 4257 ·
500 4232 827 4305 Praeterea,
862 4230 926 4293 in
967 4228 1229 4293 Summa
1269 4238 1486 4292 contra
1525 4232 1816 4312 gentileS‚
1852 4233 1918 4296 in
1949 4238 1998 4299 D
2030 4252 2156 4315 quo
2196 4251 2295 4295 res
2330 4240 2426 4294 est
2463 4249 2762 4314 praesens,
2802 4240 2865 4294 et
2904 4250 3039 4294 rem
3078 4250 3216 4295 esse
3258 4252 3528 4315 praesen·

409 4329 582 4393 locis
611 4328 880 4391 diversis
918 4346 1033 4410 per
1073 4328 1322 4391 diversa
1363 4329 1662 4411 capitula,
1696 4331 1918 4393 scribit

409 4429 500 4489 de
551 4426 651 4489 his
699 4426 998 4501 fideliter,
1043 4426 1489 4506 magistraliter
1536 4445 1610 4489 ac
1657 4427 1912 4491 diffuse.

411 4524 754 4606 Siquidem
796 4524 883 4586 ibi
915 4524 1080 4587 libro
1111 4525 1319 4598 tertio,
1355 4525 1635 4607 capitulo
1673 4534 1921 4607 septua-

411 4623 670 4705 gesimo
698 4622 906 4696 tertio,
939 4622 1214 4685 ostendit
1246 4623 1416 4705 quod
1456 4622 1673 4685 divina
1710 4625 1919 4706 provi-

413 4720 640 4785 dentia
669 4738 796 4784 non
835 4720 1118 4783 excludit
1146 4720 1394 4781 arbitrii
1427 4720 1783 4784 libertatem
1810 4740 1826 4802 3
1859 4729 1920 4783 et

412 4819 718 4901 sequenti
776 4818 1057 4900 capitulo
1115 4818 1299 4882 docet
1366 4818 1640 4901 qualiter
1705 4820 1922 4882 divina

413 4916 826 5001 providentia
873 4935 1000 4979 non
1050 4916 1368 4979 subtrahit
1407 4936 1444 4979 a
1487 4916 1678 4979 rebus
1728 4916 1923 4980 fortu-

411 5034 574 5079 nam
621 5023 684 5078 et
731 5034 970 5077 casum.
1024 5015 1264 5078 Deinde
1320 5023 1462 5097 post
1513 5034 1628 5097 per
1675 5016 1923 5079 diversa

409 5113 702 5195 capitula
741 5112 906 5175 libro
945 5114 1223 5176 declarat
1261 5114 1508 5187 eodem,
1543 5114 1713 5195 quod
1744 5122 1922 5176 actus

409 5211 686 5276 humani
727 5228 857 5274 non
897 5211 1262 5274 subduntur
1299 5212 1378 5275 de
1417 5212 1792 5275 necessitate
1830 5212 1924 5274 in-

407 5310 707 5377 fluentiae
755 5308 1115 5373 coelestium
1165 5328 1503 5393 corporum
1545 5329 1753 5394 neque
1800 5328 1928 5373 mo-

2028 4339 2158 4393 tem
2195 4331 2258 4392 in
2303 4338 2588 4412 tempore
2627 4331 2767 4394 isto.
2803 4330 2963 4404 Quid
3002 4338 3257 4393 sanctus
3298 4332 3527 4394 Doctor

2029 4448 2145 4511 per
2192 4428 2386 4491 verba
2434 4428 2555 4491 ista
2604 4429 2947 4491 intenderit
2992 4429 3225 4504 dicere,
3279 4439 3524 4493 certum

2028 4544 2156 4590 non
2206 4526 2427 4589 habeo,
2474 4528 2606 4589 Imo
2654 4526 2753 4589 his
2794 4526 3007 4590 verbis
3051 4527 3246 4607 objici
3286 4538 3521 4610 posset,

2029 4626 2199 4709 quod
2243 4626 2409 4688 Deus
2456 4626 2745 4688 excelsus
2789 4632 2849 4687 et
2893 4625 3249 4688 adorandus
3290 4627 3355 4688 in
3395 4646 3525 4690 suae

2030 4723 2397 4787 aeternitatis
2448 4730 2772 4786 momento
2825 4723 3303 4806 simplicissimo
3352 4742 3527 4785 men-

2031 4822 2112 4883 tis
2170 4821 2403 4883 intuitu
2455 4821 2930 4884 distinctissime
2978 4823 3183 4884 noscit
3239 4831 3526 4904 tempora

2030 4927 2093 4981 et
2123 4919 2496 5001 temporalia
2528 4920 2845 4993 universa,
2874 4938 3095 4981 omnes
3126 4938 3378 5001 quoque
3409 4920 3527 4982 dif-

2032 5018 2333 5079 ferentias
2382 5026 2767 5098 temporum,
2819 5023 2882 5079 et
2929 5033 3185 5079 omnem
3233 5017 3524 5080 ordinem

2031 5116 2533 5187 successionum,
2595 5115 2973 5178 relationum
3034 5123 3097 5177 et
3156 5117 3529 5197 comparati-

2033 5230 2229 5276 onum
2292 5211 2799 5294 uniuscujusque
2866 5211 2958 5273 rei
3022 5212 3389 5294 temporalis
3446 5212 3524 5274 ad

2035 5328 2507 5392 quamcumque
2575 5308 3005 5372 differentiam
3072 5310 3403 5393 temporiS,
3462 5318 3527 5396 et
