4359 6250
831 469 910 533 44
1455 491 1516 537 IN
1559 491 1780 536 LIBRUM
1823 495 1842 538 1
1889 491 2370 538 SENTENTIARIJM.
2418 509 2499 518 -
2539 492 2690 536 DIST.
2738 491 2905 552 xvng
2949 492 3173 547 QUAEST.
3216 493 3302 537 vn

839 701 846 707 ·
911 659 1174 721 Videtur
1216 662 1474 723 demum
1516 662 1581 724 in
1622 662 1740 723 hac
1785 661 2048 724 materia
2095 661 2327 742 positio
2354 660 2404 722 A
2436 669 2681 741 ponunt
2744 662 2822 723 ad
2891 662 3030 742 ejus
3100 661 3509 735 infusionem,
3572 660 3923 742 praesertim

829 757 1084 820 Thomae
1122 760 1559 822 rationabilior
1595 779 1756 834 esse,
1793 769 2052 842 propter
2093 760 2326 822 motiva

827 855 978 917 hinc
1039 856 1185 918 inde
1246 858 1611 938 praehabita.
1665 858 1900 920 Tamen
1961 859 2025 919 in
2086 858 2204 920 hac
2258 876 2324 919 re

827 953 1174 1016 Richardus
1223 957 1591 1038 opinionem
1641 957 2096 1020 Bonaventurae
2145 975 2324 1018 secu-

827 1060 928 1113 tus
975 1061 1090 1123 est,
1138 1061 1360 1116 tenens
1412 1055 1738 1118 caritatem
1797 1055 2013 1136 augeri
2063 1075 2178 1136 per
2226 1074 2325 1117 ca—

826 1151 1030 1213 ritatis
1092 1152 1503 1226 additionem,
1565 1161 1628 1214 et
1687 1154 1857 1236 quod
1915 1173 1992 1215 ex
2055 1153 2324 1216 diversis

825 1249 1125 1329 gradibus
1165 1269 1278 1312 seu
1311 1251 1681 1314 caritatibus
1723 1251 1850 1314 illis
1882 1252 1997 1314 fiat
2027 1271 2154 1313 una
2185 1271 2323 1334 per-

827 1347 1069 1410 fectior.
1112 1348 1445 1430 Quumque
1486 1349 1810 1430 objicitur,
1844 1351 2014 1432 quod
2053 1368 2129 1412 ex
2170 1350 2323 1411 duo-

829 1445 948 1506 bus
989 1446 1053 1508 in
1092 1454 1236 1508 actu
1277 1465 1405 1510 non
1445 1448 1522 1510 fit
1559 1469 1780 1522 unum,
1813 1457 1876 1510 et
1905 1449 2074 1530 quod
2115 1448 2323 1511 omnis

827 1543 1033 1606 forma
1080 1545 1163 1606 sit
1213 1546 1504 1627 simplex,
1553 1566 1670 1608 nec
1718 1555 1928 1628 partes
1977 1566 2053 1608 ex
2103 1567 2169 1609 se
2220 1547 2324 1608 ha-

828 1641 986 1704 bens
1035 1643 1156 1704 nisi
1207 1645 1526 1724 quantitas
1565 1663 1579 1706 τ
1624 1645 1984 1726 respondet,
2027 1645 2197 1727 quod
2244 1664 2321 1706 ex

826 1741 1076 1803 duobus
1131 1741 1584 1804 exsistentibus
1649 1743 1712 1804 in
1776 1751 1920 1804 actu
1980 1743 2317 1825 completo,

2434 777 2627 840 opera
2668 760 3139 834 misericordiae,
3183 761 3349 822 sicut
3388 760 3464 822 ad
3505 759 3565 822 S.
3605 758 3929 821 Eustachi-

2436 877 2543 920 um
2576 866 2720 920 ante
2751 859 2891 940 ejus
2923 860 3402 922 conversionem
3435 859 3594 920 dixit
3622 859 3923 921 Salvator.

2436 956 2598 1036 Ergo
2644 957 2848 1019 multo
2895 957 3041 1038 plus
3090 975 3283 1039 opera
3329 956 3496 1019 facta
3543 976 3621 1018 ex
3670 957 3928 1018 caritate

2436 1054 2773 1116 conferunt
2816 1056 2893 1117 ad
2936 1056 3076 1136 ejus
3116 1064 3550 1137 augmentum.
3583 1091 3663 1100 —
3693 1055 3928 1118 Secun-

2434 1153 2536 1225 do,
2570 1153 2733 1215 sicut
2766 1152 3019 1215 habitus
3058 1154 3411 1235 acquisitus
3454 1173 3568 1235 per
3595 1162 3773 1215 actus
3803 1152 3927 1215 sibi

2434 1251 2997 1332 correspondentes
3037 1259 3098 1313 et
3128 1271 3205 1313 ex
3244 1270 3321 1314 eo
3352 1259 3700 1324 mananteS,
3735 1250 3927 1332 perfi-

2434 1349 2601 1409 citur
2637 1356 2701 1409 et
2742 1357 3043 1429 augetur3
3077 1349 3162 1411 ita
3200 1356 3262 1410 et
3302 1349 3505 1411 virtus
3546 1346 3777 1419 infusa,
3812 1366 3927 1429 per

2430 1456 2610 1509 actus
2660 1467 2736 1510 ex
2785 1467 2859 1510 ea
2909 1448 3200 1511 fluentes.
3248 1485 3329 1494 —
3371 1448 3601 1522 TertiO,
3652 1447 3925 1530 quilibet

2430 1554 2609 1608 actus
2639 1567 2715 1608 ex
2747 1547 3005 1609 caritate
3038 1548 3408 1629 procedenS,
3432 1555 3531 1609 est
3562 1546 3923 1609 meritorius

2432 1645 2577 1707 vitae
2619 1653 2867 1708 aeternae
2901 1663 2915 1707 ε
2948 1663 3097 1726 ergo
3144 1655 3208 1707 et
3253 1646 3469 1726 gratiae
3518 1645 3921 1726 caritatisque

2431 1742 2780 1823 amplioriS,
2824 1763 3021 1825 quum
3072 1744 3273 1824 gloria
3322 1744 3525 1823 major
3570 1743 3654 1804 sit
3697 1743 3918 1823 gratia.

827 1855 952 1900 non
998 1837 1074 1900 sit
1122 1857 1357 1918 unum3
1401 1841 1627 1902 caritas
1671 1859 1822 1903 vero
1864 1841 2169 1922 quamdiu
2209 1859 2318 1922 po-
2358 1842 2403 1903 B
2432 1877 2512 1884 —
2550 1841 2800 1913 QuartO,
2854 1841 3019 1902 sicut
3074 1849 3251 1904 actus
3311 1841 3563 1903 fervens
3620 1849 3684 1902 et
3741 1840 3923 1903 sortis

824 1944 946 1998 test
980 1937 1244 2009 intendi,
1280 1945 1376 1998 est
1416 1938 1818 2020 incompleta.
1851 1939 1932 2000 At
1965 1940 2318 2001 secundum

825 2033 1034 2108 solvit,
1087 2035 1356 2098 dicendo
1403 2037 1574 2117 quod
1631 2037 1836 2099 forma
1884 2037 2119 2099 dicitur
2169 2037 2319 2098 sim-

825 2132 970 2214 plex
1020 2151 1134 2215 per
1172 2134 1604 2196 exclusionem
1655 2134 2135 2216 compositionis
2178 2155 2319 2216 quae

825 2239 922 2292 est
951 2249 1028 2293 ex
1070 2232 1274 2293 forma
1311 2240 1500 2314 atque
1534 2234 1817 2307 materia,
1851 2234 1952 2296 vel
1995 2241 2065 2295 ut
2095 2234 2318 2296 Scotus

823 2329 933 2402 ait,
967 2348 1044 2391 ex
1088 2331 1526 2411 quantitativis
1565 2340 1629 2394 et
1669 2331 2082 2413 integralibus
2125 2331 2318 2412 parti-

824 2427 966 2500 buS‚
1013 2445 1139 2490 non
1196 2447 1310 2509 per
1353 2429 1787 2492 exclusionem
1837 2429 2317 2511 compositionis

821 2545 899 2586 ex
940 2525 1234 2607 pluribus
1272 2526 1573 2607 gradibus
1611 2527 2012 2590 actualitatis,
2054 2528 2316 2589 Verum-

822 2632 1031 2686 tamen
1062 2625 1523 2700 Bonaventura,
1555 2627 1794 2698 PetruS‚
1827 2626 2198 2699 Richardus,
2236 2627 2318 2689 lo-

821 2733 1105 2806 quuntur
1161 2724 1266 2786 hic
1329 2725 1540 2788 sobrie
1602 2732 1667 2787 et
1728 2725 2051 2807 opinative
2115 2727 2315 2807 magis

820 2842 1011 2904 quam
1054 2823 1377 2885 assertive.

2434 1957 2734 2020 magnum
2770 1948 3047 2001 meretur
3076 1941 3354 2002 caritatis
3384 1948 3447 2001 et
3476 1939 3692 2020 gloriae
3722 1940 3925 2000 incre-

2434 2046 2744 2112 mentum,
2777 2038 2870 2099 sic
2918 2045 3096 2100 actus
3145 2039 3424 2100 caritatis
3465 2037 3791 2099 remissior
3830 2036 3925 2100 vi—

2432 2137 2616 2197 detur
2647 2137 2911 2198 minoris
2942 2137 3166 2198 saltem
3196 2137 3519 2218 augmenti
3563 2137 3924 2199 meritorius

2430 2253 2588 2296 esse.
2622 2271 2703 2280 —
2731 2235 2982 2308 Quinto,
3016 2235 3268 2297 nullum
3312 2235 3551 2298 bonum
3595 2254 3632 2297 a
3674 2236 3803 2297 Deo
3841 2235 3923 2296 ir-

2433 2341 2904 2395 remuneratum
2956 2334 3340 2415 relinquitur
3386 2351 3400 2395 :
3452 2351 3601 2415 ergo
3650 2332 3923 2415 quilibet

2428 2441 2607 2494 actus
2658 2432 2935 2494 caritatis
2985 2431 3457 2514 quantumlibet
3506 2451 3761 2514 parvus,
3811 2431 3922 2492 ali-

2429 2530 2582 2610 quid
2632 2531 2848 2611 gloriae
2896 2539 3311 2612 promeretur.
3346 2531 3465 2593 Sed
3516 2549 3643 2592 non
3693 2531 3924 2593 crescit

2428 2629 2632 2692 viator
2679 2629 2745 2691 in
2807 2630 3035 2692 merito
3090 2629 3327 2709 gloriae,
3380 2629 3504 2691 nisi
3554 2637 3795 2691 crescat
3851 2629 3919 2691 in

2428 2728 2706 2789 caritate.

2509 2826 2577 2886 ln
2626 2826 3013 2888 contrarium
3072 2835 3168 2888 est
3216 2825 3576 2888 communis
3634 2825 3922 2888 doctrina

2428 2923 2781 2997 doctorum,
2805 2931 2867 2985 et
2898 2923 3051 2985 item
3086 2923 3489 2985 auctoritates
3520 2923 3918 2998 Sanctorum,

902 3019 996 3081 Ad
1027 3019 1309 3101 primum
1341 3037 1490 3100 ergo
1519 3019 2070 3103 dicendum‚quod
2101 3041 2318 3103 quam·
2353 3024 2395 3086 C
2430 3020 2779 3082 dicent-ium
2820 3020 2988 3102 quod
3029 3040 3220 3103 opera
3263 3021 3429 3083 bona
3470 3019 3683 3102 tepide
3725 3029 3789 3082 et
3828 3040 3921 3083 re-

823 3117 919 3181 vis
950 3118 1176 3181 caritas
1207 3118 1290 3180 sit
1328 3118 1600 3200 simplex
1631 3118 1837 3182 forma
1877 3119 2318 3183 indivisibilis-

823 3236 948 3299 que
977 3218 1272 3291 essentia,
1290 3216 1481 3279 habet
1511 3225 1722 3279 tamen
1752 3220 2168 3300 quantitatem
2200 3221 2321 3281 vir—

822 3316 1059 3377 tualem
1117 3322 1180 3377 et
1240 3316 1638 3378 latitudinem
1699 3317 2059 3398 quamdam.
2111 3354 2192 3363 —
2242 3319 2316 3380 Et

823 3432 937 3494 per
984 3414 1104 3475 hoc
1148 3422 1321 3495 patet
1361 3414 1440 3476 ad
1482 3415 1834 3477 secundum
1879 3416 2132 3490 solutio,
2165 3434 2317 3498 quo-

822 3511 994 3573 niam
1035 3512 1261 3574 caritas
1298 3513 1416 3574 etsi
1463 3531 1588 3575 non
1634 3514 1716 3574 sit
1757 3522 1993 3595 quanta
2034 3533 2147 3576 seu
2194 3534 2319 3576 ma-

821 3627 944 3690 gna
973 3610 1325 3672 dimensive
1356 3611 1456 3673 vel
1499 3612 1931 3693 corporaliter,
1965 3612 2168 3675 nihilo
2204 3613 2319 3674 mi-

822 3728 943 3771 nus
989 3727 1215 3789 magna
1261 3717 1357 3771 est
1399 3710 1772 3772 virtualiter.
1805 3746 1886 3756 —
1914 3712 2006 3773 Ad
2059 3712 2314 3773 tertium

824 3808 1261 3890 respondetur,
1323 3810 1493 3890 quod
1551 3810 1980 3889 augmentatio
2037 3810 2315 3872 caritatis

823 3925 950 3968 non
983 3906 1251 3988 requirit
1283 3915 1524 3969 motum
1558 3906 1822 3969 localem
1859 3925 1872 3969 :
1911 3908 2038 3970 imo
2069 3908 2315 3970 sufficit

822 4004 1108 4077 variatio,
1133 4004 1420 4067 alteratio
1449 4014 1511 4066 et
1543 4006 1897 4068 melioratio
1927 4025 2040 4067 seu
2072 4006 2315 4087 vigora-

823 4104 906 4165 tio
932 4102 1104 4183 ejus3
1127 4112 1310 4184 atque
1341 4104 1440 4184 (ut
1471 4104 1702 4185 patuit)
1731 4104 2005 4167 intensio
2036 4105 2315 4167 caritatis

2431 3119 2623 3181 misse
2673 3128 2947 3201 peracta,
2995 3119 3193 3200 magis
3243 3119 3591 3201 disponunt
3637 3119 3717 3181 ad
3766 3119 3922 3182 cari-

2425 3218 2572 3279 tatis
2615 3217 3027 3280 amissionem
3070 3237 3263 3298 quam
3308 3217 3685 3299 profectum.

2507 3418 2598 3479 Ad
2630 3418 2765 3481 haec
2794 3418 3063 3480 Thomas
3104 3418 3443 3499 respondet
3478 3434 3491 3478 τ
3524 3418 3661 3480 Non
3690 3418 3916 3481 eodem

2428 3517 2615 3579 modo
2658 3535 2725 3578 se
2767 3516 2958 3577 habet
3004 3523 3181 3578 actus
3232 3514 3609 3578 informatus
3658 3516 3919 3579 caritate

2425 3616 2503 3678 ad.
2562 3616 2702 3696 ejus
2760 3624 3194 3695 augmentum,
3245 3622 3307 3675 et
3354 3622 3531 3676 actus
3592 3615 3919 3678 caritatem

2428 3714 2790 3796 praecedens
2832 3713 2911 3773 ad
2961 3712 3101 3793 ejus
3145 3712 3532 3775 infusionem
3568 3730 3581 3774 :
3615 3714 3917 3795 quoniam

2425 3820 2602 3874 actus
2645 3831 2722 3873 ex
2766 3811 3025 3873 caritate
3072 3811 3443 3893 procedens,
3474 3806 3803 3873 ordinatur
3840 3814 3921 3874 ad

2426 3910 2565 3989 ejus
2596 3916 3008 3989 augmentum
3041 3928 3155 3991 per
3186 3910 3445 3971 modum
3486 3909 3921 3991 dispositionis

2424 4016 2488 4071 et
2517 4009 2709 4070 etiam
2740 4007 2984 4086 meriti3
3015 4014 3193 4069 actus
3225 4026 3374 4069 vero
3410 4008 3735 4069 caritatem
3768 4028 3922 4090 prae-

2427 4109 2679 4179 cedenS,
2712 4106 3042 4169 ordinatur
3082 4106 3159 4167 ad
3203 4106 3343 4186 ejus
3388 4106 3775 4169 infusionem
3821 4125 3919 4170 so-

821 4201 1274 4281 congruentius
1317 4201 1604 4264 alteratio
1648 4221 1839 4283 quam
1887 4204 2316 4283 augmentatio
2347 4208 2395 4268 D
2427 4205 2559 4266 lum
2614 4224 2727 4287 per
2777 4204 3037 4266 modum
3087 4204 3541 4285 dispositionis,
3578 4204 3654 4265 Et
3694 4213 3922 4266 neuter

729 4376 744 4387 ·
820 4307 1170 4361 vocaretur.

1227 4614 1702 4689 QUAESTIO
1769 4615 1920 4679 VII

945 4890 1200 4972 Eptimo
1243 4890 1569 4970 quaeritur‚
1611 4891 1741 4957 An
1787 4892 2087 4958 caritas
2131 4906 2320 4972 quo-

972 4988 1174 5055 libet
1213 4990 1404 5055 actu
1445 4987 1908 5056 dilectionis
1956 4989 2320 5057 intenda-

824 5089 962 5153 tur
997 5102 1141 5153 seu
1177 5088 1590 5166 augeatur.

905 5185 1168 5248 Videtur
1197 5186 1367 5267 quod
1397 5186 1508 5247 sic.
1543 5184 1773 5259 Primo,
1799 5186 2100 5267 quoniam
2132 5204 2325 5270 opera

831 5283 996 5346 bona
1024 5303 1100 5346 ex
1129 5302 1380 5363 genere,
1415 5284 1581 5346 faeta
1609 5292 1785 5347 extra
1816 5285 2164 5361 caritatem,
2198 5286 2322 5349 dis-

2425 4311 2603 4365 actus
2663 4302 2993 4365 ordinatur
3048 4302 3125 4363 ad
3186 4302 3466 4364 caritatis
3530 4302 3916 4365 infusionem

2425 4409 2533 4463 aut
2566 4399 3146 4481 augmentationem
3187 4418 3301 4481 per
3332 4400 3592 4461 modum
3630 4399 3922 4461 efficien-

2427 4500 2529 4572 tis,
2580 4498 2747 4561 sicut
2793 4497 3168 4560 ordinantur
3214 4505 3393 4559 actus
3438 4498 3640 4560 nostri
3686 4499 3765 4560 ad
3814 4498 3922 4560 ha-

2428 4598 2709 4659 bendum
2754 4596 3009 4658 habitus
3048 4596 3411 4677 acquisitos
3448 4596 3770 4658 Interdum
3814 4615 3923 4657 au-

2428 4704 2557 4759 tem
2624 4703 2801 4756 actus
2864 4694 3142 4756 caritatis
3212 4694 3574 4775 praecedens
3636 4702 3733 4757 est
3792 4704 3924 4756 tam

2429 4794 2780 4875 vigorosuS,
2828 4792 2997 4874 quod
3041 4793 3214 4855 solus
3262 4791 3511 4855 sufficit
3555 4792 3927 4855 immediate

2430 4894 2768 4974 disponere
2810 4892 2886 4952 ad
2936 4891 3203 4971 gratiam
3248 4889 3659 4953 obtinendam
3704 4910 3929 4953 secun-

2429 4993 2585 5053 dum
2619 4990 2948 5052 immobile
2989 4989 3463 5070 beneplacitum
3498 4989 3801 5053 bonitatis
3831 4990 3929 5051 di-

2431 5090 2617 5163 vinae,
2679 5108 2821 5169 quae
2879 5088 3229 5169 unicuique
3290 5087 3553 5168 largitur
3612 5096 3799 5169 prout
3854 5108 3928 5151 se

2432 5194 2761 5272 praeparat.
2800 5186 3127 5252 Interdum
3170 5203 3322 5249 vero
3363 5206 3529 5248 unus
3569 5194 3749 5248 actus
3795 5203 3926 5249 non

2434 5286 2718 5368 disponit
2744 5286 2823 5348 ad
2864 5285 3189 5348 caritatem
3222 5285 3346 5346 nisi
3382 5284 3796 5366 dispositione
3826 5302 3925 5345 re-
