4359 6250
1380 538 1557 585 mmm
1599 538 1620 584 1
1659 538 2140 585 sumt-:numum
2185 558 2266 567 —
2305 540 2460 585 msr.
2503 538 2621 584 ην
2747 524 2768 595 ”,
3430 518 3554 586 599

442 714 591 795 ipse
630 715 753 789 est,
792 714 935 778 haec
970 714 1110 795 sive
1149 714 1263 777 illa
1298 713 1593 795 subJecta
1623 715 1797 777 sunt.
1832 714 2080 778 Volens
2117 732 2271 796 ergo
2309 716 2450 779 sive
2486 715 2655 778 velle
2692 714 2932 778 dicitur
2967 716 3150 778 Deus
3186 714 3552 779 secundum

446 832 827 910 essentiam,
860 830 1051 912 cujus
1088 831 1394 893 voluntas
1436 832 1719 893 essentia
1757 832 1855 894 est
1884 832 2286 912 sempiterna
2322 833 2387 894 et
2425 831 2880 909 immutabilis,
2912 832 3066 894 licet
3105 848 3181 894 ea
3216 832 3552 895 varientur

443 950 511 1011 et
558 948 913 1026 transeant,
952 964 1099 1027 quae
1148 947 1209 1009 ei
1262 946 1557 1026 subjecta
1603 948 1759 1009 sunt
1800 967 1813 1007 ε
1857 965 2005 1028 quae
2050 964 2181 1009 non
2231 948 2449 1029 potest
2499 965 2641 1011 esse
2693 947 2940 1028 injusta
2987 948 3092 1011 vel
3147 947 3341 1027 mala,
3394 946 3550 1028 quia

447 1064 629 1127 Deus
676 1064 797 1126 est.

440 1298 526 1361 D.
594 1302 793 1367 Quod
846 1302 979 1361 Dei
1032 1299 1375 1362 volunta-s·
1428 1314 1713 1361 summe
1770 1302 1987 1373 bona,
2044 1314 2274 1362 causa
2334 1301 2444 1361 est
2499 1302 2832 1363 omnium
2884 1315 3042 1375 quoe
3087 1300 3549 1362 naturaliter

573 1417 747 1479 sunt
794 1437 820 1476 :
871 1418 1090 1489 cujus
1145 1430 1373 1478 causa
1439 1429 1589 1479 non
1643 1417 1752 1478 est
1809 1420 2233 1491 quaerenda,
2289 1419 2465 1493 quia
2522 1420 2815 1479 nullam
2869 1418 3110 1492 habet,
3173 1432 3395 1493 quum
3448 1417 3548 1479 sit

580 1533 891 1597 ceter-na.

575 1746 737 1810 Haec
775 1746 997 1827 itaque
1033 1762 1293 1827 summe
1330 1745 1503 1809 bona
1540 1746 1867 1827 voluntas,
1900 1762 2097 1809 causa
2135 1749 2236 1817 est
2276 1748 2572 1811 omnium
2613 1766 2761 1829 quae
2797 1746 3182 1811 naturaliter
3217 1745 3406 1828 fiunt,
3439 1745 3545 1808 vel

442 1863 615 1927 facta
662 1862 803 1925 sive
853 1863 1073 1926 fut-ura
1118 1864 1275 1926 sunt
1315 1882 1329 1921 :
1373 1878 1519 1943 quae
1568 1861 1749 1923 nulla
1798 1864 2132 1943 praeventa
2184 1864 2284 1926 est
2330 1880 2549 1939 causa,
2597 1866 2753 1945 quia
2799 1866 3041 1929 aeterna
3086 1865 3206 1927 est.
3259 1863 3545 1942 Ideoque

442 1996 641 2043 causa
691 1978 904 2059 ipsius
950 1978 1301 2059 quaerenda
1354 1994 1486 2039 non
1535 1977 1656 2040 est.
1699 1976 1828 2049 Qui
1876 1976 2053 2040 enim
2102 1977 2246 2058 ejus
2289 1996 2555 2042 causam
2603 1980 2860 2061 quaerit,
2907 1979 3160 2061 aliquid
3205 1979 3424 2059 majus
3470 1994 3547 2041 ea

441 2094 704 2174 quaerit,
746 2110 949 2173 quum
1002 2093 1167 2155 nihil
1218 2110 1295 2156 ea
1340 2092 1560 2173 majus
1614 2093 1721 2155 sit.
1776 2092 1963 2155 Unde
2009 2093 2423 2172 Augustinus
2479 2096 2547 2157 in
2604 2095 2769 2157 libro
2818 2096 3171 2157 LXXXIII
3222 2094 3546 2168 Quaestio-

440 2228 603 2273 num
648 2230 663 2270 z
707 2210 836 2282 Qui
875 2209 1112 2289 quaerit
1158 2226 1358 2289 quare
1396 2209 1681 2271 voluerit
1724 2208 1905 2271 Deus
1950 2208 2276 2271 mundum
2325 2210 2558 2289 facere,
2601 2228 2866 2273 causam
2913 2212 3149 2291 quaerit
3186 2210 3545 2274 voluntatis
3619 2226 3728 2280 Aug.
3757 2223 3836 2267 m».

439 2328 589 2391 Dei.
632 2326 869 2390 Omnis
904 2326 1126 2389 autem
1166 2342 1363 2388 causa
1399 2324 1698 2388 efficiens
1746 2325 1959 2404 major
1995 2326 2095 2387 est
2136 2341 2213 2387 eo
2257 2326 2435 2405 quod
2472 2326 2747 2389 efficitur
2788 2346 2802 2387 ε
2845 2326 3010 2388 nihil
3059 2328 3280 2390 autem
3327 2325 3545 2405 maJus
3575 2286 3840 2405 3³23}quss

444 2445 544 2507 est
585 2442 925 2506 voluntate
964 2442 1111 2505 Dei.
1142 2442 1294 2505 Non
1336 2458 1488 2521 ergo
1528 2440 1673 2521 ejus
1720 2457 1917 2503 causa
1962 2442 2315 2521 quaerenda
2357 2444 2476 2504 est.
2508 2442 2692 2505 Idem
2740 2443 2809 2504 in
2855 2443 3021 2505 libro
3061 2444 3288 2506 contra
3332 2442 3546 2505 Mani-

445 2562 664 2625 chaeos
705 2581 720 2621 :
764 2560 834 2624 Si
873 2559 988 2640 qui
1025 2558 1335 2638 dixerint,
1378 2558 1552 2631 Quid
1588 2558 1836 2639 placuit
1870 2558 2009 2622 Deo
2051 2558 2260 2621 facere
2310 2557 2548 2621 coelum
2586 2560 2652 2622 et
2687 2558 2976 2623 terram?
3013 2559 3543 2640 respondendum
3611 2580 3743 2623 1400
3761 2580 3840 2623 oe-

3570 2643 3662 2685 neei
3691 2647 3842 2685 eontra

444 2679 544 2741 est
589 2678 710 2758 θίε,
744 2678 860 2758 qui
898 2676 1305 2739 voluntatem
1351 2674 1473 2739 Dei
1518 2692 1711 2737 nosse
1750 2674 2141 2754 desiderant,
2176 2690 2406 2737 causas
2449 2674 2514 2737 et
2550 2675 2956 2738 voluntatem
3004 2675 3126 2738 Dei
3165 2676 3330 2739 scire
3369 2692 3545 2755 quae-
3573 2704 3836 2748 ammuh,

442 2795 620 2873 runt,
662 2793 839 2875 quod
880 2793 1187 2855 voluntas
1222 2793 1348 2861 Dei
1387 2791 1685 2854 omnium
1734 2809 1882 2871 quae
1930 2792 2107 2871 sunt,
2141 2792 2286 2871 ipsa
2321 2790 2409 2853 sit
2453 2808 2668 2854 causa.
2711 2791 2781 2855 Si
2825 2792 3002 2854 enim
3045 2791 3241 2854 habet
3277 2808 3544 2854 causam
3573 2771 3729 2818 '’''·⁴‘

443 2911 775 2989 voluntas,
808 2910 909 2973 est
943 2909 1194 2989 aliquid
1237 2908 1415 2989 quod
1462 2908 1800 2971 antecedat
1842 2908 2250 2971 voluntatem
2297 2907 2423 2971 Dei
2464 2928 2478 2967 ε
2516 2907 2692 2988 quod
2733 2908 2918 2971 nefas
2960 2910 3059 2971 est
3103 2907 3380 2972 credere.
3418 2907 3546 2980 Qui

445 3044 599 3107 ergo
646 3026 830 3105 dicit,
872 3025 1087 3099 Quare
1134 3024 1289 3088 fecit
1335 3025 1515 3088 Deus
1563 3024 1803 3087 coelum
1850 3025 1915 3087 et
1963 3024 2256 3087 terram?
2293 3024 2816 3105 respondendum
2873 3026 2971 3087 est
3018 3025 3117 3086 illi
3159 3044 3173 3085 :
3217 3023 3390 3097 Quia
3429 3041 3548 3086 vo-

444 3141 590 3205 luit.
634 3142 957 3206 Voluntas
1005 3143 1181 3205 enim
1226 3141 1347 3205 Dei
1398 3159 1595 3204 causa
1642 3142 1741 3204 est
1788 3141 1935 3203 coeli
1983 3141 2049 3204 et
2094 3142 2308 3219 terrae,
2359 3141 2424 3204 et
2471 3141 2616 3204 ideo
2665 3140 2879 3222 major
2926 3143 3025 3204 est
3073 3142 3378 3205 voluntas
3423 3140 3548 3204 Dei

446 3277 647 3341 quam
702 3258 939 3322 coelum
992 3259 1057 3322 et
1112 3259 1304 3320 terra.
1356 3257 1486 3330 Qui
1535 3257 1756 3320 autem
1812 3256 1994 3336 dicit,
2040 3256 2256 3330 Quare
2314 3257 2525 3319 voluit
2577 3256 2787 3320 facere
2845 3259 3083 3321 coelum
3142 3258 3207 3320 et
3256 3257 3549 3320 terram?

444 3377 665 3456 majus
710 3374 960 3456 aliquid
1007 3374 1244 3456 quaerit
1280 3391 1479 3454 quam
1528 3374 1627 3436 est
1678 3372 1983 3435 voluntas
2030 3373 2190 3454 Dei;
2230 3373 2396 3436 nihil
2446 3374 2664 3436 autem
2714 3373 2931 3454 majus
2980 3373 3258 3438 inveniri
3305 3375 3542 3455 potest.

445 3491 837 3573 Compescat
871 3508 941 3554 se
979 3508 1132 3572 ergo
1172 3491 1461 3553 humana
1498 3490 1855 3568 temeritaS,
1891 3490 1956 3551 et
1996 3489 2064 3550 id
2101 3490 2280 3570 quod
2326 3507 2458 3552 non
2501 3491 2622 3568 est,
2655 3507 2789 3552 non
2831 3491 3104 3570 quaerat,
3146 3507 3228 3552 ne
3265 3489 3332 3552 id
3371 3490 3549 3570 quod

446 3610 570 3688 est,
610 3626 745 3671 non
785 3607 1093 3671 inveniat.
1128 3641 1215 3653 —-
1243 3606 1411 3669 Ecce
1448 3606 1555 3668 his
1593 3605 2091 3669 auctoritatibus
2128 3607 2348 3687 aperte
2386 3605 2780 3687 insinuatur,
2811 3606 2989 3687 quod
3028 3606 3388 3669 voluntatis
3423 3606 3548 3670 Dei

446 3742 647 3789 causa
693 3724 875 3787 nulla
922 3724 1043 3803 est,
1085 3725 1151 3787 et
1196 3723 1345 3786 ideo
1394 3721 1745 3803 quaerenda
1790 3739 1921 3784 non
1970 3722 2088 3784 est.

794 3967 871 4029 E.
922 3970 1117 4035 Quod
1152 3968 1498 4030 voluntas
1534 3968 1668 4027 Dei
1695 3969 1953 4038 prima
1992 3967 2064 4027 et
2099 3979 2394 4029 summa
2433 3981 2661 4029 causa
2702 3969 2809 4030 est
2846 3970 3199 4030 omnium.

577 4181 902 4244 Voluntas
956 4199 1111 4262 ergo
1161 4180 1309 4259 Dei,
1360 4181 1435 4243 ut
1482 4179 1574 4242 ait
1622 4177 2036 4259 Augustinus
2093 4180 2159 4242 in
2214 4181 2406 4244 tertio
2463 4180 2630 4243 libro
2687 4181 2766 4243 de
2821 4179 3161 4259 Trinitate,
3212 4178 3426 4260 prima
3477 4179 3544 4241 et
3599 4191 3731 4266 {aaa
3749 4191 3841 4265 τε-

440 4314 707 4364 summa
742 4314 940 4360 causa
980 4297 1077 4360 est
1120 4296 1419 4358 omnium
1468 4295 1834 4376 specierum
1874 4297 2069 4376 atque
2110 4296 2506 4359 motionum.
2539 4295 2721 4358 Nihil
2763 4296 2939 4358 enim
2975 4296 3050 4358 fit
3087 4295 3264 4375 quod
3299 4311 3432 4356 non
3459 4293 3541 4356 de
3569 4253 3836 4368 ffifssahb'

442 4415 739 4479 interiori
769 4415 965 4494 atque
992 4412 1390 4493 intelligibili
1430 4412 1581 4475 aula
1609 4412 1857 4474 summi
1887 4412 2302 4493 imperatoris
2342 4412 2712 4492 egrediatur
2741 4412 3104 4476 secundum
3141 4411 3540 4474 ineffabilem

436 4529 793 4612 justitiam.
822 4527 949 4590 Ubi
992 4529 1168 4591 enim
1212 4545 1343 4591 non
1384 4529 1689 4608 operatur
1726 4527 1904 4607 quod
1948 4527 2090 4590 vult
2126 4527 2251 4591 Dei
2299 4527 2770 4608 omnipotentis
2817 4528 3160 4608 sapientia,
3200 4546 3348 4609 quae
3395 4546 3542 4610 per·
3589 4551 3761 4594 inan.
3814 4583 3825 4592 .

442 4645 643 4726 tingit
688 4661 727 4706 a
772 4643 902 4707 fine
950 4660 1161 4722 usque
1208 4643 1292 4705 ad
1337 4643 1537 4706 finem
1594 4642 1870 4722 fortiter,
1915 4644 1978 4705 et
2018 4642 2312 4723 disponit
2359 4643 2583 4704 omnia
2633 4642 2972 4706 suaviter?
3015 4643 3101 4705 Et
3146 4660 3276 4705 non
3324 4644 3543 4707 solum
3572 4613 3836 4732 ἰζζζζζζῑῖζ

445 4761 605 4824 facit
640 4777 718 4823 ea
763 4775 912 4839 quae
959 4758 1440 4838 perseverantia
1488 4757 1983 4820 consuetudinis
2030 4757 2532 4820 admirationem
2578 4774 2710 4819 non
2757 4757 3136 4836 admittunt,
3178 4758 3292 4820 sed
3344 4759 3542 4822 etiam
3570 4739 3835 4788 ¹¹¹³·¹¹¹·¹¹·⁷·

446 4896 523 4942 ea
572 4893 723 4958 quae
770 4875 1038 4956 propter
1086 4874 1421 4937 raritatem
1476 4875 1541 4937 et
1583 4873 1922 4936 insolitum
1974 4872 2284 4934 eventum
2336 4871 2503 4934 mira
2553 4872 2878 4952 videntur,
2928 4873 3003 4934 ut
3049 4873 3204 4934 sunt
3250 4874 3544 4937 defectus

443 4991 900 5069 luminarium,
952 4991 1017 5052 et
1064 4991 1251 5053 terrae
1310 4990 1554 5069 motus,
1606 4990 1670 5051 et
1727 4987 2126 5050 monstruosi
2179 4987 2616 5049 animantium
2667 4989 2917 5068 partuS,
2971 4989 3036 5051 et
3087 4987 3191 5050 his
3237 4987 3482 5052 similia
3524 4997 3552 5050 ε’

447 5126 732 5192 quorum
779 5107 946 5169 nihil
996 5107 1072 5171 fit
1120 5107 1261 5170 sine
1319 5106 1653 5168 voluntate
1701 5103 1847 5183 Dei,
1889 5103 2003 5167 sed
2051 5103 2382 5184 plerisque
2441 5120 2574 5166 non
2621 5105 2909 5185 apparet.
2963 5105 3249 5185 Ideoque
3299 5105 3549 5187 placuit

446 5224 725 5286 vanitati
763 5221 1337 5303 philosophorum,
1371 5220 1568 5283 etiam
1612 5219 1826 5282 causis
1862 5219 2013 5282 aliis
2050 5236 2126 5282 ea
2163 5218 2537 5298 attribuere,
2579 5236 2784 5299 quum
2835 5219 3105 5281 omnino
3148 5220 3370 5284 videre
3414 5239 3547 5283 non

454 5340 729 5422 possent
782 5338 1191 5418 superiorem
1240 5337 1471 5400 ceteris
1522 5335 1829 5400 omnibus
1878 5350 2168 5415 causam,
2219 5333 2289 5396 id
2338 5335 2436 5398 est
2485 5334 2890 5398 voluntatem
2936 5335 3082 5400 Dei.
3133 5335 3362 5418 Itaque
3417 5354 3550 5400 non
