4359 6250
773 506 974 553 mmm
1013 506 1168 552 DEUS
1210 505 1414 551 Possrr
1453 504 1574 550 AUT
1615 503 1905 549 ro'russm'r
1945 501 2299 550 GREATURAS
2340 502 2577 550 FACERE
2617 504 2936 562 MELIORES,
2980 504 3107 552 ETG.

3369 485 3491 551 589

375 677 546 739 Deus
589 676 798 739 facere
839 675 1085 738 meliori
1133 675 1342 749 modo,
1377 674 1440 737 id
1478 683 1595 748 est,
1630 672 1878 735 meliori
1909 671 1960 736 A
1990 673 2211 739 tabilia
2254 675 2623 756 praevidere,
2657 693 2807 756 ergo
2846 682 3053 757 potest
3097 673 3490 736 mutabiliter

375 775 712 857 sapientia,
747 775 996 837 meliori
1036 775 1339 848 bonitate,
1373 772 1622 836 meliori
1660 779 1879 854 poten-

376 874 490 948 tia,
541 893 741 954 quum
797 873 934 954 ipse
989 873 1072 936 sit
1124 873 1456 955 sapientia,
1514 871 1764 934 bonitas
1817 877 1880 931 et

377 972 666 1050 potentia
713 991 845 1034 sua.
900 972 964 1034 Si
1013 990 1164 1034 vero
1213 972 1438 1033 modus
1489 970 1880 1050 intelligatur

374 1087 456 1129 ex
511 1078 692 1150 parte
751 1071 840 1131 rei
896 1069 1097 1143 factae,
1146 1077 1352 1152 potest
1406 1070 1570 1131 Deus
1633 1066 1878 1129 meliori

375 1167 592 1228 facere
641 1168 850 1241 m0d0‚
894 1168 1014 1230 hoc
1060 1177 1178 1239 est,
1223 1174 1293 1228 ut
1339 1185 1439 1228 res
1483 1166 1566 1228 sit
1608 1165 1774 1228 facta
1813 1164 1876 1225 in

377 1265 570 1326 modo
621 1265 892 1339 meliori,
939 1285 1050 1328 seu
1101 1266 1331 1328 melius
1380 1265 1641 1326 habens.
1685 1299 1768 1308 —
1815 1263 1878 1324 si

375 1371 594 1424 autem
645 1363 1009 1443 objiciatur,
1051 1365 1220 1445 quod
1270 1364 1449 1443 Hugo
1497 1362 1563 1423 in
1613 1360 1745 1424 suis
1791 1361 1878 1422 ait

377 1461 724 1523 Sententiis
779 1480 792 1524 :
845 1461 1162 1543 Quidquid
1211 1461 1363 1522 facit
1411 1461 1594 1533 DeuS‚
1646 1459 1699 1520 si
1751 1476 1878 1520 me-

377 1558 506 1620 lius
546 1558 756 1621 facere
796 1567 1004 1640 potest
1039 1579 1230 1640 quam
1270 1559 1445 1633 facit,
1479 1559 1545 1619 in
1586 1558 1706 1620 hoc
1741 1557 1878 1639 ipse

374 1673 507 1718 non
574 1655 737 1719 bene
797 1656 950 1719 facit
1007 1658 1176 1740 quod
1237 1675 1362 1719 non
1428 1656 1667 1738 optime
1728 1655 1879 1717 facit

375 1755 550 1835 quod
593 1754 762 1816 facit.
799 1756 1025 1818 Facere
1065 1757 1304 1837 quippe
1345 1762 1406 1816 et
1445 1755 1612 1816 nolle
1651 1754 1878 1815 melius

1990 772 2357 854 praevidere.
2395 773 2678 836 Dicimus
2722 792 2891 854 erge,
2936 773 3105 856 quod
3148 773 3339 835 homo
3382 790 3491 854 op-

1991 871 2144 932 time
2184 879 2281 932 est
2312 879 2559 933 creatus
2603 873 2667 934 in
2708 880 2873 934 statu
2902 879 2965 933 et.
2993 872 3215 934 ordine
3256 870 3323 932 in
3362 887 3490 952 quo

1989 976 2084 1031 est
2115 978 2385 1044 creatuS,
2419 971 2539 1032 hoc
2577 978 2672 1032 est
2708 971 2773 1031 in
2812 970 3014 1033 libero
3051 969 3333 1032 arbitrio.
3368 969 3491 1030 Un-

1989 1067 2067 1129 de
2120 1067 2400 1150 loquitur
2442 1069 2853 1149 AugustinuS,
2897 1068 3067 1151 quod
3113 1069 3278 1130 Deus
3323 1067 3491 1147 judi·

1989 1167 2157 1228 cavit
2199 1167 2490 1230 homines
2534 1167 2849 1240 melioreS‚
2882 1168 2935 1230 si
2981 1166 3391 1230 deliberative
3428 1167 3488 1227 ei

1989 1264 2320 1326 servirent.
2357 1265 2655 1338 Quamvis
2694 1266 2867 1327 enim
2911 1285 3109 1327 unum
3154 1265 3361 1326 solum
3407 1263 3490 1326 sit

1987 1361 2307 1443 optimum
2355 1363 2643 1426 absolute
2689 1363 3025 1446 loquend0‚
3069 1371 3283 1426 tamen
3326 1380 3493 1424 com·

1989 1462 2225 1541 paratis
2264 1461 2562 1523 omnibus
2604 1462 2794 1524 rebus
2831 1462 2908 1524 ad
2949 1463 3147 1524 Deum
3189 1469 3377 1543 prout
3408 1460 3489 1522 ab

1991 1558 2130 1640 ipso
2179 1558 2347 1620 fiunt
2394 1567 2457 1622 et.
2504 1559 2899 1634 ordinantur,
2951 1559 3279 1643 quodlibet
3329 1559 3490 1641 opti-

1993 1676 2168 1718 mum
2218 1664 2315 1719 est
2361 1675 2486 1720 non
2538 1658 2937 1740 simpliciter,
2986 1659 3096 1721 sed
3147 1659 3211 1720 in
3260 1677 3489 1739 genere

1989 1761 2052 1816 et
2100 1755 2322 1817 ordine
2380 1774 2515 1818 suo.
2570 1757 2903 1838 Propterea
2960 1757 3271 1838 scriptum
3322 1764 3417 1820 est
3470 1774 3483 1818 :

375 1852 612 1926 facere,
662 1860 758 1914 est
806 1853 1064 1915 facienti
1117 1853 1278 1914 male
1328 1852 1589 1914 efficere
1641 1870 1654 1913 :
1708 1850 1876 1933 quod
1913 1853 1961 1915 Β
1991 1853 2162 1914 Vidit
2201 1854 2366 1915 Deus
2407 1862 2635 1916 cuncta
2675 1874 2816 1936 quae
2854 1853 3027 1932 fecit,
3060 1862 3122 1916 et
3160 1863 3339 1917 erant
3362 1854 3489 1916 val·

375 1950 548 2011 bona
587 1969 766 2012 mens
797 1951 876 2012 de
913 1952 1039 2013 Deo
1070 1951 1195 2013 dici
1229 1967 1354 2012 non
1395 1951 1681 2012 sustinet.
1718 1949 1888 2028 Ergo

376 2067 508 2112 non
549 2057 758 2132 potest
784 2050 1028 2131 aliquid
1068 2049 1274 2112 facere
1313 2049 1564 2123 melius,
1597 2067 1716 2110 nec
1747 2065 1879 2110 mo-

375 2149 460 2209 do
519 2147 770 2210 meliori
835 2166 1024 2229 quam
1088 2147 1256 2210 facit.
1321 2146 1876 2228 Respondendum,

375 2245 550 2327 quod
581 2246 774 2307 verba
803 2245 1083 2326 liugonis
1116 2246 1324 2307 locum
1361 2244 1597 2308 habent
1627 2245 1880 2327 quando

373 2361 572 2424 agens
603 2352 902 2425 operatur
931 2362 1008 2406 ex
1038 2343 1284 2422 debito;
1308 2344 1472 2432 peus
1502 2350 1714 2405 autem
1748 2343 1882 2404 nul-

377 2443 420 2503 li
474 2449 572 2504 est
620 2442 888 2504 debitor.
935 2443 1100 2504 Deus
1148 2460 1400 2525 quoque
1448 2443 1688 2524 optime
1735 2460 1881 2523 ope-

375 2547 557 2602 ratur
597 2549 910 2622 quantum
953 2548 1048 2602 est
1091 2559 1168 2602 ex
1208 2548 1383 2621 parte
1429 2540 1551 2613 sui,
1586 2539 1878 2622 quamvis

372 2655 508 2700 non
552 2656 630 2700 ex
674 2645 852 2720 parte
895 2645 1215 2700 creaturae.
1250 2638 1393 2700 Haec
1435 2637 1806 2700 Alexander.

453 2737 650 2798 Porro
707 2736 1241 2799 Antisiodorensis
1300 2735 1364 2797 in
1424 2736 1686 2798 Summa
1741 2754 1876 2808 sua,

374 2835 590 2916 primo
639 2833 824 2908 libr0,
868 2833 1206 2916 respondet
1239 2853 1252 2897 :
1285 2833 1584 2896 Nonnulli
1635 2833 1876 2908 dicunt,

375 2933 550 3014 quod
583 2933 638 2994 si
668 2933 1041 2994 adverbium
1073 2934 1306 2992 melius
1334 2931 1714 2994 determinat
1743 2950 1879 2992 ver-

1990 1951 2067 2012 de
2113 1949 2295 2012 bona.
2334 1951 2515 2014 Circa
2556 1953 2724 2034 quod
2773 1953 2997 2015 asserit
3043 1953 3433 2034 Augustinus
3468 1971 3483 2016 ε

1990 2050 2497 2133 Unumquodque
2539 2070 2651 2133 per
2689 2071 2755 2114 se
2797 2052 3060 2127 bonum,
3094 2054 3203 2114 sed
3249 2052 3314 2113 in
3354 2053 3489 2114 uni-

1989 2147 2351 2210 versalitate
2383 2149 2564 2211 valde
2595 2157 2743 2211 sunt
2772 2149 2955 2212 bona.
2980 2187 3061 2196 —
3090 2150 3153 2212 Si
3186 2157 3489 2232 praeterea

1991 2244 2355 2325 objiciatur,
2417 2247 2581 2308 Deus
2643 2263 2768 2308 non
2832 2254 3039 2327 potest
3096 2244 3305 2308 facere
3362 2246 3487 2308 nisi

1991 2343 2157 2425 quod
2191 2343 2378 2405 debet
2397 2360 2413 2422 3
2446 2344 2809 2418 dicendum,
2842 2345 3011 2426 quod
3041 2343 3309 2406 verbum
3342 2345 3483 2418 hoc,

1990 2440 2199 2515 debet,
2224 2459 2349 2503 non
2382 2441 2680 2504 convenit
2709 2441 2965 2524 proprie
2996 2443 3138 2516 Deo,
3172 2461 3289 2504 nec
3320 2443 3486 2504 Deus

1989 2538 2173 2600 nobis
2226 2539 2480 2620 proprie
2524 2539 2862 2620 obligatur,
2906 2559 3104 2622 quum
3152 2539 3292 2620 ejus
3343 2557 3485 2621 pro-

1991 2637 2327 2700 missiones
2380 2655 2504 2700 non
2556 2636 2683 2698 sint
2730 2639 2853 2699 nisi
2903 2657 3031 2701 suae
3081 2637 3377 2701 bonitatis
3422 2647 3487 2701 et

1989 2735 2387 2798 liberalitatis
2436 2736 2911 2798 declarationes
2950 2737 3091 2798 Haec
3134 2737 3489 2800 Antisiodo-

1989 2835 2213 2897 rensis.
2252 2835 2446 2915 Cujus
2490 2835 2819 2917 responsio
2857 2835 3109 2896 videtur
3150 2835 3485 2898 dissentire

1989 2931 2068 2993 ab
2110 2932 2482 2995 Alexandro.

374 3031 536 3092 bum
585 3033 753 3107 facit
801 3031 866 3092 in
917 3031 1138 3092 ordine
1185 3029 1262 3092 ad
1311 3029 1716 3112 suppositum
1767 3048 1879 3091 seu
1916 3029 1959 3092 C
2069 3028 2365 3092 Albertus
2400 3047 2551 3092 vero
2591 3030 2929 3112 respondet
2964 3050 2977 3093 :
3011 3031 3283 3103 Quaestio
3323 3051 3489 3114 quae·

373 3150 514 3192 rem
567 3129 968 3202 nominativi,
1001 3147 1126 3192 non
1179 3136 1384 3211 potest
1426 3130 1590 3191 Deus
1637 3128 1880 3210 aliquid

374 3228 615 3290 melius
666 3228 896 3301 facere,
939 3246 1139 3308 quum
1181 3228 1397 3289 omnia
1442 3234 1740 3309 operetur
1788 3245 1882 3288 ra-

377 3328 566 3389 tione·
592 3334 828 3389 aeterna
856 3334 918 3387 et
947 3326 1318 3407 exemplari,
1351 3344 1470 3388 nec
1501 3324 1748 3386 meliori
1787 3344 1880 3386 ra-

371 3426 552 3488 tione
613 3423 821 3486 facere
881 3431 1107 3506 potest.
1169 3424 1232 3486 Si
1294 3441 1443 3486 vero
1500 3422 1877 3485 determinet

370 3522 726 3585 factionem
758 3522 836 3583 ad
865 3540 1000 3583 rem
1031 3519 1400 3594 accusativi,
1434 3519 1642 3583 facere
1674 3527 1881 3603 potest

373 3619 637 3694 melius,
673 3618 734 3680 id
766 3628 862 3680 est
893 3637 1027 3680 rem
1066 3618 1414 3680 meliorem.
1451 3619 1624 3681 Unde
1661 3606 1882 3680 secun-

371 3720 532 3781 dum
574 3718 1026 3797 Augustinum‚
1058 3718 1224 3779 Deus
1269 3716 1476 3779 facere
1525 3718 1730 3799 potuit
1775 3718 1883 3779 ho-

372 3818 626 3879 minem
669 3816 776 3889 ita,
820 3823 891 3877 ut
926 3816 1118 3878 homo
1164 3834 1429 3897 peccare
1469 3834 1594 3878 non
1645 3823 1875 3897 posset.

368 3952 458 3962 —-
487 3915 614 3978 Sed
646 3914 746 3975 his
775 3913 973 3995 objici
1007 3921 1232 3996 potest,
1266 3914 1418 3996 quia
1446 3914 1498 3975 si
1531 3914 1882 3996 propositio

373 4015 490 4077 illa
519 4021 622 4075 est
651 4031 798 4075 vera
828 4021 1016 4094 prout
1043 4012 1416 4075 adverbium
1452 4013 1594 4085 hoc,
1627 4013 1878 4085 meliuS,

373 4112 766 4175 determinat
814 4130 948 4172 rem
1009 4110 1405 4183 nominativi,
1458 4110 1558 4172 vel
1619 4110 1738 4172 hoc
1788 4120 1882 4173 est

1991 3148 2135 3191 rens
2167 3128 2245 3191 de
2278 3129 2559 3213 bonitate
2599 3129 2994 3209 singularum
3036 3148 3248 3192 rerum
3290 3130 3353 3191 in
3394 3150 3483 3203 se,

1990 3226 2333 3307 dupliciter
2371 3234 2578 3308 potest
2626 3227 2896 3308 intelligi
2933 3248 2946 3291 :
2983 3246 3109 3291 uno
3159 3228 3368 3303 modo,
3411 3229 3489 3291 de

1991 3322 2271 3386 bonitate
2304 3343 2518 3385 rerum
2548 3344 2690 3406 quae
2722 3332 2870 3386 sunt
2900 3325 2965 3387 in
2999 3344 3087 3399 se,
3114 3326 3178 3387 in
3210 3326 3488 3407 propriis

1991 3423 2233 3484 naturis
2272 3421 2741 3504 generibusque
2780 3424 3159 3505 suppositae3
3191 3424 3318 3485 alio
3358 3442 3489 3486 mo-

1990 3520 2092 3594 do,
2153 3520 2232 3582 de
2288 3519 2477 3582 rebus
2539 3519 2990 3582 exsistentibus
3053 3520 3121 3582 in
3180 3521 3489 3584 Creatoris

1990 3618 2273 3700 potentia
2331 3624 2595 3680 tantum.
2650 3618 2713 3679 Si
2764 3618 2971 3699 primo
3020 3619 3228 3692 m0d0‚
3280 3619 3489 3681 adhuc

1990 3718 2333 3799 dupliciter
2380 3724 2587 3798 potest
2634 3715 2949 3797 intelligi:
2985 3717 3214 3798 primo,
3259 3718 3335 3779 de
3383 3717 3489 3780 bo-

1991 3814 2187 3875 nitate
2226 3814 2581 3895 pertinente
2616 3812 2693 3873 ad
2728 3831 2865 3874 esse
2902 3813 2993 3875 rei
3034 3812 3485 3893 substantiale3

1991 3912 2292 3985 secundO,
2352 3910 2430 3971 de
2487 3910 2767 3972 bonitate
2824 3910 3217 3973 accidentali.
3280 3911 3488 3974 Primo

1993 4010 2203 4083 modo,
2254 4008 2346 4070 sic
2407 4008 2581 4070 nulla
2638 4027 2738 4069 res
2797 4008 3003 4089 potuit
3062 4008 3287 4071 melior
3342 4009 3487 4072 fieri

1993 4128 2185 4190 quam
2228 4114 2323 4167 est
2366 4106 2531 4167 facta
2564 4126 2577 4168 :
2613 4106 2913 4188 quoniam
2965 4107 3269 4169 naturalis
3311 4126 3491 4191 capa-

371 4210 677 4273 habendo
718 4215 1076 4291 respectum
1115 4209 1192 4270 ad
1229 4208 1555 4281 effectum,
1590 4208 1691 4270 vel
1731 4227 1878 4271 non.
1913 4211 1963 4272 D
1993 4208 2148 4268 citas
2190 4224 2401 4267 rerum
2440 4204 2622 4284 juxta
2659 4222 2875 4266 earum
2915 4204 3275 4267 essentialia
3317 4206 3488 4287 prin-

373 4309 442 4371 Si
495 4326 627 4369 non
687 4306 980 4368 habendo
1026 4312 1384 4387 respectum
1431 4305 1507 4367 ad
1551 4306 1880 4381 effectum,

373 4424 790 4489 nequaquam
822 4405 1202 4467 determinat
1233 4404 1500 4466 verbum
1534 4405 1674 4478 hoc,
1712 4405 1878 4468 facit.

375 4508 444 4569 Si
477 4522 634 4586 ergo
665 4504 726 4587 ly
757 4503 986 4565 melius
1023 4503 1214 4565 habet
1245 4511 1603 4585 respectum
1645 4505 1722 4565 ad
1753 4523 1888 4566 ver-

375 4604 566 4677 bum,
629 4602 918 4683 sequitur
974 4601 1142 4684 quod
1205 4602 1370 4663 Deus
1433 4601 1674 4683 optime
1733 4600 1886 4663 facit

373 4699 700 4785 quidquid
762 4700 915 4761 facit
974 4699 1037 4760 in
1095 4706 1436 4787 quantum·
1463 4699 1616 4761 facit
1667 4716 1682 4761 ε
1738 4716 1888 4779 ergo

373 4797 741 4883 propositio
781 4797 890 4858 illa
925 4804 1022 4858 est
1052 4816 1219 4871 vera,
1254 4797 1388 4859 sive
1429 4796 1490 4879 ly
1523 4797 1751 4859 melius
1793 4815 1888 4859 re·

370 4900 630 4961 feratur
672 4895 751 4957 ad
801 4895 1288 4968 nominativum,
1339 4903 1490 4977 puta
1536 4894 1613 4956 ad
1662 4896 1884 4969 Deum,

371 4999 520 5060 sive
549 4996 630 5057 ad
660 4994 1116 5068 accusativum,
1151 4994 1396 5055 scilicet
1425 4995 1502 5055 ad
1533 5013 1686 5055 rem.
1713 4994 1886 5067 Quod

371 5093 819 5159 concedimus.
835 5092 961 5155 Nec
993 5092 1301 5175 sequitur,
1321 5093 1486 5157 Deus
1517 5100 1723 5173 potest
1753 5111 1887 5154 rem

371 5195 598 5257 facere
648 5191 1000 5264 meliorem,
1053 5207 1204 5270 ergo
1253 5197 1459 5271 potest
1518 5189 1746 5252 melius
1803 5189 1890 5252 fa-

375 5310 532 5359 cere
567 5310 582 5355 :
619 5290 785 5353 sicut
816 5306 940 5351 non
973 5288 1283 5371 sequitur,
1318 5289 1482 5350 Deus
1519 5295 1726 5370 potest
1756 5307 1892 5351 mu-

1994 4304 2160 4386 cipia
2220 4302 2639 4365 determinata
2698 4310 2812 4375 est,
2866 4321 2983 4364 nec
3037 4301 3099 4363 in
3154 4302 3489 4385 principiis

1994 4400 2439 4465 essentialibus
2471 4400 2712 4481 aliquid
2754 4401 2982 4462 melius
3012 4400 3154 4463 fieri
3189 4410 3395 4484 potest
3424 4402 3491 4465 in

1997 4508 2219 4563 natura
2268 4506 2330 4561 et
2377 4499 2590 4580 specie
2639 4518 2830 4581 quam
2879 4500 2975 4561 fit.
3027 4500 3090 4562 Si
3138 4509 3351 4564 autem
3401 4503 3493 4565 in·

1997 4597 2317 4677 telligatur
2358 4598 2638 4660 secundo
2682 4598 2890 4671 modo,
2924 4598 3222 4661 videlicet
3263 4602 3342 4662 de
3386 4600 3495 4663 bo-

1997 4697 2193 4759 nitate
2248 4704 2313 4757 et
2359 4696 2619 4759 entitate
2676 4696 3071 4770 accidentali,
3122 4698 3265 4761 dico
3322 4698 3491 4781 quod

1997 4795 2203 4877 potuit
2253 4795 2483 4856 melius
2527 4794 2671 4856 fieri
2724 4813 2835 4857 seu
2886 4795 3093 4877 pejuS,
3140 4798 3489 4859 secundum

1996 4893 2164 4975 quod
2220 4913 2319 4955 res
2361 4892 2641 4973 quotidie
2692 4892 2756 4953 in
2808 4893 3037 4955 melius
3087 4893 3490 4976 deteriusque

1997 4999 2342 5053 mutantur.
2379 4991 2441 5053 Si
2482 5008 2631 5053 vero
2669 4992 2933 5072 quaestio
2971 4992 3359 5075 intelligatur
3394 5011 3491 5055 so-

2000 5092 2132 5154 lum
2163 5092 2242 5153 de
2272 5089 2461 5151 rebus
2502 5090 2565 5150 in
2609 5088 2889 5170 potentia
2919 5089 3227 5154 Creatoris
3266 5110 3494 5175 suppo-

1999 5189 2158 5262 sitis,
2202 5187 2344 5249 dico
2392 5187 2561 5268 quod
2610 5184 2855 5267 possint
2904 5185 3131 5249 melius
3171 5197 3233 5251 et
3276 5192 3491 5253 minus

2000 5288 2162 5352 bene
2204 5285 2349 5349 fieri
2392 5285 2457 5347 in
2503 5292 2771 5365 utroque
2814 5301 2975 5358 esse,
3008 5284 3305 5349 videlicet
3342 5289 3491 5353 sub-

3520 1875 3629 1920 Gen.

3660 1889 3688 1926 ι,
3716 1879 3781 1919 st.
