4359 6250
703 487 928 543 omns-r.
977 487 1042 531 111
1089 487 1102 530 ε
1151 487 1349 533 uranu
1392 487 1658 533 smmi-cs
1703 485 1968 532 snxc‘rcs
2012 488 2215 532 rossrr
2256 488 2378 534 mci
2420 489 2685 536 srimrcs
2730 491 2981 547 Nosrmx,
3022 491 3149 537 arc.
3394 476 3469 538 81

381 675 492 718 seu
541 657 924 738 aptitudinis
971 658 1048 720 ad
1097 658 1397 720 dandum.
1445 658 1604 720 Hinc
1648 657 1874 741 quinto
1900 655 1953 718 A
1981 675 2266 721 amorem
2323 660 2501 721 Pater
2560 660 2870 743 impendit
2926 662 3107 737 Filio,
3158 671 3221 725 et
3278 663 3475 724 Filius

378 754 458 816 de
495 755 804 818 Trinitate
847 757 1070 818 asserit
1108 755 1498 837 Augustinus
1534 774 1548 818 :
1581 757 1738 830 Quia
1779 756 1872 818 sic

377 853 764 933 procedebat
792 863 863 915 ut
901 863 1067 916 esset
1097 854 1436 928 donabiliS‚
1467 854 1597 934 jam
1631 856 1870 917 donum

371 958 504 1013 erat
553 951 750 1014 etiam
799 961 1139 1034 antequam
1193 961 1359 1015 esset
1410 953 1512 1015 cui
1562 954 1868 1030 daretur3

369 1057 434 1110 et
491 1051 704 1113 denuo
761 1068 776 1112 ε
838 1051 1236 1132 sempiterne
1301 1051 1575 1132 Spiritus
1638 1051 1872 1113 dicitur

369 1148 634 1224 donum,
675 1149 1108 1230 temporaliter
1139 1155 1376 1222 autem,
1415 1149 1717 1212 donatum
1756 1168 1867 1211 seu

369 1245 610 1308 datum.
661 1247 804 1310 Haec
855 1247 1223 1310 RicharduS.

451 1345 570 1418 Qui
601 1345 862 1408 demum
895 1345 1003 1407 hic
1041 1354 1275 1419 movet,
1308 1365 1389 1408 an
1419 1345 1694 1427 Spiritus
1722 1348 1870 1409 San-

371 1451 515 1505 ctus
563 1444 654 1506 ita
701 1442 783 1506 sit
841 1444 1120 1518 donum„
1155 1446 1326 1527 quod
1372 1464 1410 1505 a
1456 1445 1634 1507 Patre
1686 1446 1871 1507 detur

371 1543 534 1605 Filio
563 1543 666 1604 vel
695 1551 972 1606 econtra.
1016 1544 1092 1605 Et
1131 1543 1470 1626 respondet
1508 1545 1680 1627 quod
1719 1563 1866 1606 non.

371 1641 606 1714 Primo,
647 1641 800 1723 quia
847 1642 1002 1703 dum
1051 1642 1325 1724 Spiritus
1373 1643 1639 1705 Sanctus
1687 1643 1872 1705 datur

370 1739 568 1801 alicui
619 1748 690 1801 ut
737 1741 1001 1815 donum,
1053 1740 1361 1821 recipitur
1411 1741 1476 1802 in
1529 1741 1639 1802 illo
1686 1748 1757 1801 ut
1805 1742 1870 1803 in

1983 759 2275 839 rependit
2324 759 2507 821 Patri.

2062 856 2366 918 Praeterea
2412 857 2629 920 Petrus
2677 859 2926 940 quaerit,
2972 866 3186 922 utrum
3234 860 3473 922 donum

1983 953 2231 1016 dicatur
2270 956 2539 1018 univoce
2587 957 2665 1018 de
2708 957 2949 1038 Spiritu
2997 958 3227 1020 Sancto
3269 965 3333 1020 et
3372 958 3478 1019 do-

1985 1052 2085 1114 nis
2130 1052 2273 1132 ejus
2324 1055 2570 1116 creatiS.
2617 1056 2693 1116 Et
2736 1055 3095 1136 respondet,
3137 1056 3307 1138 quod
3357 1074 3475 1118 nec

1983 1148 2246 1212 omnino
2285 1150 2553 1213 univoce
2593 1170 2799 1233 neque
2838 1152 3099 1214 omnino
3127 1153 3473 1233 aequivoce,

1983 1247 2092 1308 sed
2121 1247 2467 1328 analogice,
2500 1249 2587 1310 ita
2616 1251 2783 1331 quod
2826 1269 2938 1332 per
2975 1250 3153 1331 prius
3194 1250 3271 1311 de
3311 1249 3477 1312 dono

1985 1344 2280 1408 increato.
2319 1347 2565 1408 Donum
2598 1366 2873 1430 namque
2902 1348 3201 1430 importat
3233 1348 3477 1410 relatio—

1984 1461 2130 1504 nem
2169 1444 2248 1505 ad
2288 1444 2543 1507 dantem
2574 1453 2636 1507 et
2674 1446 2752 1507 ad
2793 1465 2940 1508 eum
2983 1447 3087 1508 cui
3129 1447 3330 1508 datur.
3366 1447 3479 1509 Re-

1985 1541 2134 1603 latio
2171 1550 2385 1604 autem
2424 1544 2502 1606 ad
2542 1544 2795 1605 dantem
2838 1545 3163 1626 consurgit
3200 1564 3279 1606 ex
3306 1564 3477 1607 ema-

1982 1640 2237 1702 natione
2282 1640 2549 1703 liberali.
2586 1642 2936 1724 Utrumque
2978 1651 3192 1704 autem
3236 1644 3477 1706 donum

1985 1738 2333 1801 liberaliter
2380 1749 2631 1802 emanat
2674 1757 2687 1801 :
2731 1742 2839 1802 sed
2892 1741 3164 1822 Spiritus
3210 1741 3476 1804 Sanctus

371 1837 688 1918 subjecto,
723 1857 837 1920 per
874 1838 1044 1920 quod
1086 1838 1152 1899 in
1193 1839 1304 1900 illo
1343 1839 1634 1919 subjecto
1669 1838 1872 1900 oritur
1907 1839 1954 1902 B
1983 1844 2236 1898 emanat
2283 1855 2409 1900 non
2459 1839 2667 1901 solum
2715 1847 2786 1900 ut
2829 1839 3089 1912 donum,
3124 1840 3232 1902 sed
3280 1840 3475 1902 etiam

369 1952 538 1997 nova
569 1935 896 2010 habitud0‚
930 1936 1138 2018 qualis
1177 1943 1274 1998 est
1302 1936 1608 1999 habitudo
1638 1936 1872 1998 haben-

369 2033 451 2094 tis
495 2033 578 2094 ad
627 2051 763 2095 rem
811 2034 1093 2096 habitam
1127 2051 1142 2095 ε
1176 2036 1346 2116 quod
1397 2052 1522 2097 non
1573 2035 1872 2098 convenit

369 2129 534 2192 Filio
583 2149 792 2213 neque
841 2131 1024 2194 Patri.
1060 2131 1372 2206 Secundo,
1414 2132 1719 2213 quoniam
1767 2133 1872 2195 do-

369 2247 531 2290 num
576 2229 832 2310 proprie
867 2236 1219 2311 sumptum,
1253 2230 1486 2292 dicitur
1515 2249 1552 2292 a
1591 2249 1874 2294 commu-

371 2326 697 2388 nicatione
743 2325 1014 2400 liberali,
1061 2344 1186 2390 non
1235 2329 1524 2390 naturali.
1573 2328 1872 2402 Quamvis

369 2433 594 2488 autem
623 2425 900 2506 Spiritus
930 2424 1196 2488 Sanctus
1225 2427 1308 2488 sit
1339 2427 1404 2489 in
1443 2428 1603 2490 Filio
1633 2446 1708 2491 eo
1741 2444 1872 2489 mo-

369 2525 454 2586 do
499 2541 637 2606 quo
685 2542 812 2585 una
859 2541 1131 2606 persona
1171 2533 1267 2587 est
1315 2525 1382 2588 in
1427 2526 1550 2588 alia
1596 2545 1711 2607 per
1755 2525 1874 2588 cir-

369 2622 980 2696 cumincessionem,
1014 2623 1134 2686 hoc
1176 2631 1390 2687 tamen
1438 2625 1628 2687 habet
1676 2624 1872 2686 Filius

367 2740 404 2782 a
435 2723 622 2784 Patre
653 2737 780 2782 non
820 2739 934 2802 per
964 2723 1606 2785 communicationem
1647 2722 1874 2784 libera-

370 2821 520 2893 lem,
557 2837 706 2901 quae
743 2826 841 2880 est
880 2819 1164 2900 spiratio,
1199 2822 1309 2882 sed
1352 2839 1464 2902 per
1495 2821 1868 2893 naturalem,

365 2937 510 2998 quae
539 2925 643 2979 est
679 2917 1025 2997 generatiO,
1061 2935 1176 2998 per
1201 2937 1395 2999 quam
1427 2919 1676 3000 accepit
1703 2938 1740 2979 a
1769 2919 1873 2980 Pa-

1985 1941 2053 1996 ut
2099 1935 2259 1998 ratio
2306 1936 2540 2014 dandi3
2592 1938 2755 2000 dona
2804 1955 2954 2000 vero
3008 1944 3215 2000 creata
3266 1937 3474 2000 solum

1985 2035 2337 2115 procedunt
2380 2043 2449 2096 ut
2491 2035 2671 2097 dona.
2706 2036 2896 2098 Porro
2940 2036 3161 2099 relatio
3207 2037 3283 2098 ad
3328 2054 3477 2098 eum

1986 2132 2090 2194 cui
2133 2133 2339 2205 datur,
2378 2134 2703 2215 consurgit
2752 2153 2827 2196 ex
2879 2135 3200 2197 infusione
3249 2135 3326 2196 ad
3376 2133 3480 2196 ha-

1985 2229 2285 2291 bendum.
2348 2230 2547 2294 Aliter
2603 2240 2817 2294 autem
2876 2233 3145 2296 habetur
3203 2233 3478 2315 Spiritus

1985 2328 2251 2390 Sanctus
2280 2348 2317 2391 a
2348 2337 2559 2392 mente
2591 2338 2812 2404 creata,
2832 2330 3016 2394 aliter
3045 2333 3211 2394 dona
3239 2331 3475 2414 ipsius:

1985 2444 2131 2488 nam
2180 2427 2317 2508 ipse
2361 2427 2628 2490 habetur
2668 2438 2737 2491 ut
2778 2429 2931 2492 finis
2969 2448 3098 2512 quo
3136 2429 3477 2492 fruendum

1983 2533 2110 2603 est;
2132 2524 2298 2588 dona
2326 2543 2477 2588 vero
2508 2527 2709 2609 ipsius
2740 2527 3055 2590 habentur
3082 2529 3248 2590 sicut
3277 2528 3485 2610 dispo—

1983 2621 2132 2684 sitio
2160 2623 2239 2683 ad
2270 2623 2471 2684 finem
2501 2641 2629 2705 quo
2661 2624 3022 2686 fruendum.
3059 2626 3201 2688 Haec
3235 2626 3474 2687 PetruS.

2066 2720 2414 2782 Concordat
2463 2721 2836 2797 Alexander,
2882 2725 3235 2786 secundum
3285 2741 3479 2805 quem

1985 2818 2145 2880 nihil
2177 2820 2475 2882 convenit
2505 2821 2774 2884 univoce
2805 2823 2933 2884 Deo
2962 2830 3024 2883 et
3055 2821 3385 2895 creaturis,
3411 2822 3476 2883 id

1983 2925 2079 2978 est
2111 2917 2441 2998 aequaliter
2470 2926 2534 2980 et
2570 2919 2924 2982 secundum
2963 2922 3254 2982 eamdem
3298 2920 3483 2982 ratio—

365 3027 460 3080 tre
509 3026 586 3079 ut
633 3017 720 3078 sit
769 3016 990 3090 Filius,
1024 3023 1088 3078 et
1131 3023 1200 3078 ut
1241 3017 1324 3078 sit
1365 3017 1552 3090 DeuS,
1586 3024 1650 3079 et
1693 3023 1763 3078 ut
1806 3016 1870 3077 in
1909 3014 1952 3076 C
1985 3033 2132 3077 nem
2187 3016 2589 3098 completam,
2642 3018 2753 3079 sed
2803 3019 3156 3081 secundum
3205 3018 3481 3100 analogi-

366 3117 506 3199 ipso
537 3117 626 3178 sit
655 3115 936 3198 Spiritus
965 3115 1249 3179 Sanctus.
1271 3115 1500 3191 Tertio,
1519 3116 1673 3198 quia
1699 3133 1876 3198 opor-

361 3222 452 3277 tet
501 3233 652 3277 aese
706 3213 1185 3277 distinctionem
1239 3213 1404 3276 inter
1450 3213 1708 3277 dantem
1763 3214 1874 3276 ali—

361 3314 538 3395 quod
567 3313 839 3386 donum,
873 3318 938 3373 et
975 3312 1140 3374 inter
1168 3311 1351 3373 illum
1393 3312 1496 3374 cui
1537 3312 1616 3373 fit
1645 3313 1815 3375 datio
1853 3330 1866 3373 :

361 3412 520 3494 quia
569 3410 794 3474 nullus
853 3410 978 3472 sibi
1030 3409 1152 3491 ipsi
1202 3409 1308 3471 dat
1364 3410 1642 3492 proprie.
1694 3411 1873 3473 Pater

361 3518 586 3572 autem
615 3516 684 3571 et
713 3507 911 3571 Filius
941 3514 1091 3569 sunt
1111 3524 1326 3570 'unum
1356 3508 1423 3570 in
1453 3508 1694 3571 ratione
1725 3509 1874 3571 dan-

361 3609 446 3670 tis
476 3608 800 3691 Spiritum
829 3606 1154 3680 Sanctum,
1187 3606 1491 3688 quoniam
1520 3626 1648 3669 una
1673 3607 1873 3690 spira-

365 3706 539 3770 tione
584 3706 837 3788 spirant
874 3723 1046 3779 eum,
1087 3712 1362 3786 suntque
1396 3724 1600 3767 unum
1637 3705 1873 3788 princi-

365 3806 554 3886 pium
605 3805 678 3866 in
733 3803 1054 3886 spirando.
1107 3803 1253 3865 Ideo
1305 3803 1430 3866 dici
1481 3822 1609 3867 non
1667 3811 1875 3886 potest

361 3904 538 3986 quod
589 3922 766 3965 unus
807 3902 916 3963 det
956 3900 1136 3963 alteri
1187 3902 1496 3982 Spiritum
1545 3902 1867 3965 Sanctum.

1983 3134 2107 3187 am,
2143 3114 2310 3177 sicut
2347 3115 2437 3177 ait
2473 3115 2765 3207 BasiliuS,
2799 3118 2969 3199 quod
3008 3118 3168 3181 Filio
3207 3127 3270 3182 et
3314 3138 3480 3181 crea-

1985 3212 2144 3275 turis
2188 3232 2528 3277 commune
2570 3221 2667 3277 est
2705 3216 2995 3299 accipere
3035 3237 3172 3280 esse
3210 3218 3292 3280 ab
3330 3218 3473 3280 alio.

2405 3541 2877 3615 QUAESTIO
2943 3544 3067 3607 III

2123 3805 2324 3867 Einde
2354 3805 2793 3888 principaliter
2819 3808 3146 3888 quaeritur,
3180 3808 3474 3877 Utrum

2157 3904 2509 3985 Spiritus
2577 3904 2916 3972 Sanctus
2984 3908 3239 3987 possit
3309 3909 3471 3975 dici

359 4039 442 4049 —-
469 4003 552 4065 Et
593 4002 650 4065 si
697 4000 1041 4081 objiciatur
1077 4000 1246 4081 quod
1293 4000 1564 4081 Spiritus
1605 4001 1872 4063 Sanctus
1981 4000 2323 4083 spiritus
2358 4003 2634 4070 noster
2661 4004 2744 4069 et
2783 4004 3078 4071 donum
3112 4007 3476 4074 nostrum

362 4102 664 4185 procedit
713 4120 752 4163 a
809 4100 986 4161 Patre
1036 4097 1100 4159 in
1149 4096 1404 4171 Filium,
1456 4100 1872 4181 respondetur

1984 4116 2076 4167 ae
2117 4115 2341 4168 amor
2383 4102 2679 4168 noster.

361 4204 534 4283 quod
583 4198 882 4285 procedit
920 4198 988 4259 in
1031 4196 1264 4259 Filium
1305 4204 1374 4257 ut
1415 4198 1481 4259 in
1519 4197 1868 4277 objectum,
1904 4196 1952 4257 D
2064 4199 2327 4261 Videtur
2372 4200 2543 4281 quod
2594 4199 2705 4261 sic.
2753 4200 2983 4276 Primo,
3027 4202 3177 4284 quia
3224 4204 3302 4266 de
3352 4204 3479 4266 Deo

363 4319 490 4364 non
532 4308 610 4363 ut
653 4300 722 4363 in
759 4297 1146 4379 subjectum,
1180 4296 1348 4357 sicut
1386 4314 1578 4377 supra
1619 4297 1870 4378 exposi-

363 4406 502 4460 tum
553 4406 678 4460 est.
715 4395 888 4469 Quod
935 4393 990 4456 si
1041 4412 1261 4455 rursus
1309 4392 1654 4474 objiciatur
1700 4393 1871 4474 quod

365 4516 482 4559 nec
516 4496 590 4558 in
623 4502 982 4555 creaturam
1023 4498 1092 4553 ut
1133 4491 1202 4553 in
1240 4491 1626 4572 subjectum,
1661 4492 1874 4553 dicen-

363 4596 522 4657 dum
553 4590 740 4675 quod
767 4590 1006 4653 ratione
1033 4588 1306 4653 effectus
1337 4608 1529 4670 quem
1560 4597 1777 4652 causat
1806 4590 1874 4651 in

364 4700 692 4765 creatura,
723 4688 957 4751 dicitur
1003 4688 1069 4750 in
1116 4707 1262 4751 eam
1308 4688 1646 4769 procedere
1691 4694 1762 4751 ut
1809 4689 1874 4750 in

365 4792 768 4873 subjectum.
814 4786 958 4849 Haec
995 4786 1366 4849 RicharduS.

445 4893 632 4954 Idem
685 4887 942 4961 Petrus;
991 4891 1054 4945 et
1094 4883 1274 4948 addit
1317 4902 1332 4946 :
1379 4884 1585 4957 Quum
1635 4885 1876 4949 donum

366 4990 444 5051 sit
491 4988 680 5051 datio
728 4981 1138 5057 irreddibilis,
1169 5000 1300 5046 non
1349 4990 1557 5064 potest
1602 4984 1877 5066 Spiritus

365 5088 646 5150 Sanctus
687 5099 829 5145 esse
873 5080 968 5142 sic
1010 5079 1246 5142 donum
1291 5088 1364 5142 ut
1400 5080 1587 5143 detur
1622 5101 1660 5144 a
1697 5082 1875 5144 Patre

365 5185 526 5248 Filio
555 5190 628 5245 et
658 5186 936 5243 econtra.
951 5177 1400 5241 Verumtamen
1430 5178 1704 5261 Spiritus
1734 5180 1880 5243 San-

364 5293 508 5349 ctus
537 5290 644 5347 est
677 5286 944 5342 mutuus
972 5293 1149 5338 amor
1175 5277 1374 5339 Patris
1405 5285 1468 5340 et
1499 5278 1662 5353 Filii,
1680 5298 1877 5361 quem

628 5416 696 5469 T.
733 5415 818 5466 20.

1983 4297 2161 4358 Patre
2200 4296 2497 4371 dicimus,
2529 4297 2710 4359 Pater
2747 4306 2961 4360 noster
2993 4316 3191 4381 :ergo
3233 4301 3312 4363 de
3345 4301 3482 4382 Spi-

1987 4394 2111 4457 ritu
2150 4395 2378 4457 Sancto
2417 4412 2759 4476 possumus
2802 4395 3035 4471 dicere,
3068 4398 3334 4479 spiritus
3372 4417 3479 4462 no—

1985 4500 2130 4555 ster.
2167 4493 2301 4555 Imo
2340 4500 2403 4555 et
2445 4493 2719 4575 Spiritus
2760 4494 3025 4557 Sanctus
3070 4505 3285 4559 noster
3328 4517 3481 4580 prae-

1987 4590 2207 4652 sertim
2274 4608 2459 4672 posse
2529 4590 2656 4653 dici
2725 4592 2998 4667 videtur,
3070 4612 3271 4675 quum
3341 4596 3480 4678 ipse

1987 4689 2347 4751 sanctificet
2388 4706 2522 4751 nos.
2556 4724 2638 4735 --
2676 4690 2988 4766 Secund0,
3029 4692 3183 4773 quia
3226 4694 3305 4757 de
3354 4696 3481 4758 Deo

1987 4786 2284 4863 dicimuS,
2328 4788 2490 4849 Deus
2534 4796 2770 4862 noster,
2814 4797 3058 4852 creator
3094 4799 3309 4855 noster
3341 4810 3354 4854 :
3389 4813 3483 4856 er-

1987 4902 2066 4966 go
2114 4885 2193 4947 de
2250 4886 2491 4968 Spiritu
2548 4886 2777 4949 Sancto
2835 4889 3183 4968 poterimus
3241 4891 3475 4968 dicere,

1989 4984 2263 5066 Spiritus
2307 4984 2572 5047 Sanctus
2616 4992 2849 5047 noster.
2882 5020 2963 5031 —
2992 4987 3221 5063 Tei-tie,
3255 4991 3480 5071 quoni-

1987 5101 2091 5145 am
2121 5082 2395 5165 Spiritus
2434 5082 2699 5146 Sanctus
2739 5083 2924 5145 datur
2963 5084 3353 5163 hominibuS‚
3388 5090 3481 5151 Fi-

1991 5180 2112 5243 lius
2161 5198 2419 5263 quoque
2468 5181 2649 5244 datus
2696 5189 2791 5243 est
2838 5180 3046 5256 nobiS,
3082 5189 3152 5244 ut
3200 5184 3482 5267 loquitur
3536 5201 3745 5253 tame.

1989 5278 2176 5341 isaias
2203 5296 2393 5360 :ergo
2422 5280 2630 5341 dicere
2664 5278 2811 5341 licet
2840 5280 2918 5341 de
2949 5279 3107 5344 Filio
3142 5283 3275 5357 Dei,
3308 5286 3479 5366 quod

3204 5418 3235 5470 6
