<?xml version="1.0" encoding="UTF-8"?>
<!DOCTYPE html PUBLIC "-//W3C//DTD XHTML 1.0 Transitional//EN"
    "http://www.w3.org/TR/xhtml1/DTD/xhtml1-transitional.dtd">
<html xmlns="http://www.w3.org/1999/xhtml" xml:lang="en" lang="en">
 <head>
  <title>
</title>
<meta http-equiv="Content-Type" content="text/html;charset=utf-8" />
  <meta name='ocr-system' content='tesseract 3.04.00' />
  <meta name='ocr-capabilities' content='ocr_page ocr_carea ocr_par ocr_line ocrx_word'/>
</head>
<body>
  <div class='ocr_page' id='page_1' title='image "./doctorisecstati11unkngoog_0277.png"; bbox 0 0 4359 6250; ppageno 0'>
   <div class='ocr_carea' id='block_1_1' title="bbox 618 483 3536 564">
    <p class='ocr_par' dir='ltr' id='par_1_1' title="bbox 618 483 3536 564">
     <span class='ocr_line' id='line_1_1' title="bbox 618 483 3536 564; baseline -0.003 -9"><span class='ocrx_word' id='word_1_1' title='bbox 618 509 823 555; x_wconf 75' lang='lat' dir='ltr'>Unum</span> <span class='ocrx_word' id='word_1_2' title='bbox 866 509 1347 557; x_wconf 75' lang='lat' dir='ltr'>mNAsclmm‘rAs</span> <span class='ocrx_word' id='word_1_3' title='bbox 1388 509 1481 555; x_wconf 83' lang='lat' dir='ltr'>sn·</span> <span class='ocrx_word' id='word_1_4' title='bbox 1518 509 1887 554; x_wconf 67' lang='lat' dir='ltr'>rnornlnTAs</span> <span class='ocrx_word' id='word_1_5' title='bbox 1930 509 2165 564; x_wconf 76' lang='lat' dir='ltr'>PATRIS,</span> <span class='ocrx_word' id='word_1_6' title='bbox 2201 508 2274 552; x_wconf 75' lang='lat' dir='ltr'>Er</span> <span class='ocrx_word' id='word_1_7' title='bbox 2308 508 2391 553; x_wconf 76' lang='lat' dir='ltr'>AN</span> <span class='ocrx_word' id='word_1_8' title='bbox 2434 509 2526 554; x_wconf 79' lang='lat' dir='ltr'>Sl’l&#39;</span> <span class='ocrx_word' id='word_1_9' title='bbox 2563 507 2933 554; x_wconf 63' lang='lat' dir='ltr'>moraturas</span> <span class='ocrx_word' id='word_1_10' title='bbox 2975 504 3343 551; x_wconf 72' lang='lat' dir='ltr'>PERsoNALls</span> <span class='ocrx_word' id='word_1_11' title='bbox 3415 483 3536 548; x_wconf 73' lang='lat'>265</span> 
     </span>
    </p>
   </div>
   <div class='ocr_carea' id='block_1_2' title="bbox 440 675 3532 762">
    <p class='ocr_par' dir='ltr' id='par_1_2' title="bbox 440 675 3532 762">
     <span class='ocr_line' id='line_1_2' title="bbox 440 675 3532 762; baseline -0.001 -20"><span class='ocrx_word' id='word_1_12' title='bbox 440 680 797 742; x_wconf 89' lang='lat' dir='ltr'>secundum</span> <span class='ocrx_word' id='word_1_13' title='bbox 859 681 1166 743; x_wconf 87' lang='lat' dir='ltr'>rationem</span> <span class='ocrx_word' id='word_1_14' title='bbox 1214 681 1640 762; x_wconf 85' lang='lat' dir='ltr'>generationis</span> <span class='ocrx_word' id='word_1_15' title='bbox 1698 680 1937 742; x_wconf 89' lang='lat' dir='ltr'>incom-</span> <span class='ocrx_word' id='word_1_16' title='bbox 1968 677 2020 740; x_wconf 83' lang='lat' dir='ltr'>A</span> <span class='ocrx_word' id='word_1_17' title='bbox 2050 678 2159 752; x_wconf 89' lang='lat' dir='ltr'>tio,</span> <span class='ocrx_word' id='word_1_18' title='bbox 2208 678 2306 740; x_wconf 91' lang='lat' dir='ltr'>vel</span> <span class='ocrx_word' id='word_1_19' title='bbox 2360 687 2624 760; x_wconf 87' lang='lat' dir='ltr'>negatur</span> <span class='ocrx_word' id='word_1_20' title='bbox 2671 679 2800 752; x_wconf 90' lang='lat' dir='ltr'>illa,</span> <span class='ocrx_word' id='word_1_21' title='bbox 2847 676 3144 740; x_wconf 88' lang='lat' dir='ltr'>videlicet</span> <span class='ocrx_word' id='word_1_22' title='bbox 3189 675 3532 758; x_wconf 83' lang='lat' dir='ltr'>generatiO,</span> 
     </span>
    </p>
   </div>
   <div class='ocr_carea' id='block_1_3' title="bbox 432 778 1938 1845">
    <p class='ocr_par' dir='ltr' id='par_1_3' title="bbox 432 778 1938 1845">
     <span class='ocr_line' id='line_1_3' title="bbox 440 778 1935 860; baseline -0.001 -20"><span class='ocrx_word' id='word_1_23' title='bbox 440 778 702 860; x_wconf 83' lang='lat' dir='ltr'>pletam‚</span> <span class='ocrx_word' id='word_1_24' title='bbox 738 786 809 840; x_wconf 93' lang='lat' dir='ltr'>ut</span> <span class='ocrx_word' id='word_1_25' title='bbox 840 779 905 840; x_wconf 91' lang='lat' dir='ltr'>in</span> <span class='ocrx_word' id='word_1_26' title='bbox 944 779 1347 860; x_wconf 79' lang='lat' dir='ltr'>generatione</span> <span class='ocrx_word' id='word_1_27' title='bbox 1388 778 1783 859; x_wconf 89' lang='lat' dir='ltr'>simplicium</span> <span class='ocrx_word' id='word_1_28' title='bbox 1823 797 1935 839; x_wconf 90' lang='lat' dir='ltr'>seu</span> 
     </span>
     <span class='ocr_line' id='line_1_4' title="bbox 436 876 1935 958; baseline 0.001 -21"><span class='ocrx_word' id='word_1_29' title='bbox 436 877 928 950; x_wconf 86' lang='lat' dir='ltr'>elementorum,</span> <span class='ocrx_word' id='word_1_30' title='bbox 964 876 1075 938; x_wconf 90' lang='lat' dir='ltr'>ubi</span> <span class='ocrx_word' id='word_1_31' title='bbox 1106 895 1414 958; x_wconf 86' lang='lat' dir='ltr'>generans</span> <span class='ocrx_word' id='word_1_32' title='bbox 1454 876 1723 938; x_wconf 79' lang='lat' dir='ltr'>formam</span> <span class='ocrx_word' id='word_1_33' title='bbox 1755 895 1935 938; x_wconf 90' lang='lat' dir='ltr'>suam</span> 
     </span>
     <span class='ocr_line' id='line_1_5' title="bbox 440 975 1935 1057; baseline 0 -21"><span class='ocrx_word' id='word_1_34' title='bbox 440 976 503 1036; x_wconf 93' lang='lat' dir='ltr'>in</span> <span class='ocrx_word' id='word_1_35' title='bbox 534 975 813 1038; x_wconf 90' lang='lat' dir='ltr'>alienam</span> <span class='ocrx_word' id='word_1_36' title='bbox 845 975 1152 1037; x_wconf 81' lang='lat' dir='ltr'><strong>diffundit</strong></span> <span class='ocrx_word' id='word_1_37' title='bbox 1186 976 1535 1038; x_wconf 81' lang='lat' dir='ltr'>materiam.</span> <span class='ocrx_word' id='word_1_38' title='bbox 1571 975 1802 1057; x_wconf 85' lang='lat' dir='ltr'>Sicque</span> <span class='ocrx_word' id='word_1_39' title='bbox 1831 994 1935 1056; x_wconf 89' lang='lat' dir='ltr'>ge-</span> 
     </span>
     <span class='ocr_line' id='line_1_6' title="bbox 436 1073 1935 1136; baseline 0.001 -2"><span class='ocrx_word' id='word_1_40' title='bbox 436 1073 686 1135; x_wconf 89' lang='lat' dir='ltr'>neratio</span> <span class='ocrx_word' id='word_1_41' title='bbox 725 1074 1035 1136; x_wconf 91' lang='lat' dir='ltr'>dividitur</span> <span class='ocrx_word' id='word_1_42' title='bbox 1062 1081 1282 1136; x_wconf 90' lang='lat' dir='ltr'>contra</span> <span class='ocrx_word' id='word_1_43' title='bbox 1320 1075 1703 1136; x_wconf 83' lang='lat' dir='ltr'>creationem</span> <span class='ocrx_word' id='word_1_44' title='bbox 1745 1081 1807 1134; x_wconf 93' lang='lat' dir='ltr'>et</span> <span class='ocrx_word' id='word_1_45' title='bbox 1846 1073 1935 1136; x_wconf 83' lang='lat' dir='ltr'>fa-</span> 
     </span>
     <span class='ocr_line' id='line_1_7' title="bbox 437 1171 1931 1253; baseline -0.001 -20"><span class='ocrx_word' id='word_1_46' title='bbox 437 1172 741 1246; x_wconf 80' lang='lat' dir='ltr'>ctionem,</span> <span class='ocrx_word' id='word_1_47' title='bbox 766 1180 837 1234; x_wconf 88' lang='lat' dir='ltr'>ut</span> <span class='ocrx_word' id='word_1_48' title='bbox 866 1172 1021 1233; x_wconf 91' lang='lat' dir='ltr'>dicit</span> <span class='ocrx_word' id='word_1_49' title='bbox 1050 1173 1475 1234; x_wconf 89' lang='lat' dir='ltr'>Damascenus</span> <span class='ocrx_word' id='word_1_50' title='bbox 1509 1171 1673 1233; x_wconf 88' lang='lat' dir='ltr'>libro</span> <span class='ocrx_word' id='word_1_51' title='bbox 1703 1171 1931 1253; x_wconf 90' lang='lat' dir='ltr'>primo,</span> 
     </span>
     <span class='ocr_line' id='line_1_8' title="bbox 434 1269 1938 1352; baseline -0.001 -20"><span class='ocrx_word' id='word_1_52' title='bbox 434 1278 663 1332; x_wconf 88' lang='lat' dir='ltr'>octavo</span> <span class='ocrx_word' id='word_1_53' title='bbox 712 1270 993 1352; x_wconf 89' lang='lat' dir='ltr'>capitulo</span> <span class='ocrx_word' id='word_1_54' title='bbox 1037 1289 1049 1332; x_wconf 92' lang='lat'><strong>:</strong></span> <span class='ocrx_word' id='word_1_55' title='bbox 1092 1271 1242 1352; x_wconf 89' lang='lat' dir='ltr'>quia</span> <span class='ocrx_word' id='word_1_56' title='bbox 1293 1271 1528 1333; x_wconf 75' lang='lat' dir='ltr'>creatio</span> <span class='ocrx_word' id='word_1_57' title='bbox 1576 1278 1670 1332; x_wconf 86' lang='lat' dir='ltr'>est</span> <span class='ocrx_word' id='word_1_58' title='bbox 1718 1289 1795 1332; x_wconf 86' lang='lat' dir='ltr'>ex</span> <span class='ocrx_word' id='word_1_59' title='bbox 1846 1269 1938 1331; x_wconf 89' lang='lat' dir='ltr'>ni-</span> 
     </span>
     <span class='ocr_line' id='line_1_9' title="bbox 434 1368 1933 1442; baseline 0 -12"><span class='ocrx_word' id='word_1_60' title='bbox 434 1368 593 1442; x_wconf 82' lang='lat' dir='ltr'>hilo,</span> <span class='ocrx_word' id='word_1_61' title='bbox 612 1368 806 1430; x_wconf 83' lang='lat' dir='ltr'>factio</span> <span class='ocrx_word' id='word_1_62' title='bbox 834 1376 1047 1431; x_wconf 91' lang='lat' dir='ltr'>autem</span> <span class='ocrx_word' id='word_1_63' title='bbox 1078 1388 1157 1430; x_wconf 80' lang='lat' dir='ltr'>ex</span> <span class='ocrx_word' id='word_1_64' title='bbox 1185 1369 1393 1431; x_wconf 87' lang='lat' dir='ltr'>aliena</span> <span class='ocrx_word' id='word_1_65' title='bbox 1424 1369 1685 1431; x_wconf 84' lang='lat' dir='ltr'>materia</span> <span class='ocrx_word' id='word_1_66' title='bbox 1715 1376 1775 1430; x_wconf 88' lang='lat' dir='ltr'>et</span> <span class='ocrx_word' id='word_1_67' title='bbox 1808 1386 1933 1430; x_wconf 90' lang='lat' dir='ltr'>non</span> 
     </span>
     <span class='ocr_line' id='line_1_10' title="bbox 432 1466 1936 1549; baseline -0.001 -21"><span class='ocrx_word' id='word_1_68' title='bbox 432 1485 511 1528; x_wconf 88' lang='lat' dir='ltr'>ex</span> <span class='ocrx_word' id='word_1_69' title='bbox 542 1467 902 1530; x_wconf 88' lang='lat' dir='ltr'>substantia</span> <span class='ocrx_word' id='word_1_70' title='bbox 939 1467 1370 1549; x_wconf 84' lang='lat' dir='ltr'>producentis,</span> <span class='ocrx_word' id='word_1_71' title='bbox 1405 1503 1480 1512; x_wconf 92' lang='lat'>—</span> <span class='ocrx_word' id='word_1_72' title='bbox 1514 1466 1936 1530; x_wconf 71' lang='lat' dir='ltr'>conformiter</span> 
     </span>
     <span class='ocr_line' id='line_1_11' title="bbox 432 1567 1935 1648; baseline 0.002 -24"><span class='ocrx_word' id='word_1_73' title='bbox 432 1569 809 1643; x_wconf 62' lang='lat' dir='ltr'>ingenitum</span> <span class='ocrx_word' id='word_1_74' title='bbox 846 1567 1190 1648; x_wconf 82' lang='lat' dir='ltr'>dupliciter</span> <span class='ocrx_word' id='word_1_75' title='bbox 1228 1567 1521 1628; x_wconf 81' lang='lat' dir='ltr'>sumitur.</span> <span class='ocrx_word' id='word_1_76' title='bbox 1556 1567 1784 1639; x_wconf 89' lang='lat' dir='ltr'>Primo,</span> <span class='ocrx_word' id='word_1_77' title='bbox 1820 1583 1935 1647; x_wconf 87' lang='lat' dir='ltr'>pro</span> 
     </span>
     <span class='ocr_line' id='line_1_12' title="bbox 434 1664 1933 1746; baseline -0.001 -20"><span class='ocrx_word' id='word_1_78' title='bbox 434 1665 742 1736; x_wconf 87' lang='lat' dir='ltr'>increat0‚</span> <span class='ocrx_word' id='word_1_79' title='bbox 776 1671 847 1726; x_wconf 89' lang='lat' dir='ltr'>ut</span> <span class='ocrx_word' id='word_1_80' title='bbox 883 1666 1107 1726; x_wconf 90' lang='lat' dir='ltr'>asserit</span> <span class='ocrx_word' id='word_1_81' title='bbox 1146 1666 1571 1727; x_wconf 89' lang='lat' dir='ltr'>Damascenns</span> <span class='ocrx_word' id='word_1_82' title='bbox 1604 1664 1767 1726; x_wconf 91' lang='lat' dir='ltr'>libro</span> <span class='ocrx_word' id='word_1_83' title='bbox 1808 1664 1933 1746; x_wconf 92' lang='lat' dir='ltr'>pri-</span> 
     </span>
     <span class='ocr_line' id='line_1_13' title="bbox 433 1763 1931 1845; baseline -0.001 -21"><span class='ocrx_word' id='word_1_84' title='bbox 433 1781 563 1836; x_wconf 90' lang='lat' dir='ltr'>mo,</span> <span class='ocrx_word' id='word_1_85' title='bbox 616 1763 897 1845; x_wconf 90' lang='lat' dir='ltr'>capitulo</span> <span class='ocrx_word' id='word_1_86' title='bbox 945 1780 1131 1826; x_wconf 89' lang='lat' dir='ltr'>non0.</span> <span class='ocrx_word' id='word_1_87' title='bbox 1182 1763 1492 1835; x_wconf 88' lang='lat' dir='ltr'>Secund0,</span> <span class='ocrx_word' id='word_1_88' title='bbox 1541 1770 1729 1844; x_wconf 89' lang='lat' dir='ltr'>prout</span> <span class='ocrx_word' id='word_1_89' title='bbox 1778 1763 1931 1824; x_wconf 91' lang='lat' dir='ltr'>dicit</span> 
     </span>
    </p>
   </div>
   <div class='ocr_carea' id='block_1_4' title="bbox 2043 775 3537 1842">
    <p class='ocr_par' dir='ltr' id='par_1_4' title="bbox 2043 775 3537 1842">
     <span class='ocr_line' id='line_1_14' title="bbox 2049 775 3536 857; baseline -0.002 -19"><span class='ocrx_word' id='word_1_90' title='bbox 2049 785 2119 838; x_wconf 92' lang='lat' dir='ltr'>ut</span> <span class='ocrx_word' id='word_1_91' title='bbox 2148 785 2243 839; x_wconf 92' lang='lat' dir='ltr'>est</span> <span class='ocrx_word' id='word_1_92' title='bbox 2275 777 2340 839; x_wconf 93' lang='lat' dir='ltr'>in</span> <span class='ocrx_word' id='word_1_93' title='bbox 2370 796 2600 857; x_wconf 83' lang='lat' dir='ltr'>genere</span> <span class='ocrx_word' id='word_1_94' title='bbox 2640 777 2872 840; x_wconf 78' lang='lat' dir='ltr'>divinae</span> <span class='ocrx_word' id='word_1_95' title='bbox 2909 785 3169 849; x_wconf 66' lang='lat' dir='ltr'>naturae,</span> <span class='ocrx_word' id='word_1_96' title='bbox 3205 775 3303 838; x_wconf 90' lang='lat' dir='ltr'>vel</span> <span class='ocrx_word' id='word_1_97' title='bbox 3345 782 3414 835; x_wconf 86' lang='lat' dir='ltr'>ut</span> <span class='ocrx_word' id='word_1_98' title='bbox 3441 781 3536 836; x_wconf 90' lang='lat' dir='ltr'>est</span> 
     </span>
     <span class='ocr_line' id='line_1_15' title="bbox 2047 873 3537 957; baseline -0.002 -20"><span class='ocrx_word' id='word_1_99' title='bbox 2047 875 2111 937; x_wconf 93' lang='lat' dir='ltr'>in</span> <span class='ocrx_word' id='word_1_100' title='bbox 2160 894 2391 956; x_wconf 84' lang='lat' dir='ltr'>genere</span> <span class='ocrx_word' id='word_1_101' title='bbox 2451 875 2751 957; x_wconf 89' lang='lat' dir='ltr'>principii</span> <span class='ocrx_word' id='word_1_102' title='bbox 2804 876 2867 936; x_wconf 89' lang='lat' dir='ltr'>in</span> <span class='ocrx_word' id='word_1_103' title='bbox 2919 875 3174 937; x_wconf 92' lang='lat' dir='ltr'>divinis.</span> <span class='ocrx_word' id='word_1_104' title='bbox 3227 873 3290 936; x_wconf 90' lang='lat' dir='ltr'>Si</span> <span class='ocrx_word' id='word_1_105' title='bbox 3351 881 3537 954; x_wconf 89' lang='lat' dir='ltr'>negat</span> 
     </span>
     <span class='ocr_line' id='line_1_16' title="bbox 2043 973 3537 1055; baseline -0.001 -19"><span class='ocrx_word' id='word_1_106' title='bbox 2043 993 2246 1055; x_wconf 87' lang='lat' dir='ltr'>genus</span> <span class='ocrx_word' id='word_1_107' title='bbox 2292 975 2715 1054; x_wconf 85' lang='lat' dir='ltr'>generationis</span> <span class='ocrx_word' id='word_1_108' title='bbox 2759 975 2824 1036; x_wconf 90' lang='lat' dir='ltr'>in</span> <span class='ocrx_word' id='word_1_109' title='bbox 2872 993 3101 1054; x_wconf 84' lang='lat' dir='ltr'>genere</span> <span class='ocrx_word' id='word_1_110' title='bbox 3152 973 3384 1034; x_wconf 80' lang='lat' dir='ltr'>divinae</span> <span class='ocrx_word' id='word_1_111' title='bbox 3433 993 3537 1034; x_wconf 87' lang='lat' dir='ltr'>na-</span> 
     </span>
     <span class='ocr_line' id='line_1_17' title="bbox 2046 1071 3533 1152; baseline -0.001 -19"><span class='ocrx_word' id='word_1_112' title='bbox 2046 1080 2225 1144; x_wconf 73' lang='lat' dir='ltr'>turae,</span> <span class='ocrx_word' id='word_1_113' title='bbox 2259 1073 2352 1134; x_wconf 89' lang='lat' dir='ltr'>sic</span> <span class='ocrx_word' id='word_1_114' title='bbox 2395 1073 2750 1152; x_wconf 88' lang='lat' dir='ltr'>ingenitum</span> <span class='ocrx_word' id='word_1_115' title='bbox 2793 1073 2962 1133; x_wconf 90' lang='lat' dir='ltr'>idem</span> <span class='ocrx_word' id='word_1_116' title='bbox 2992 1080 3088 1133; x_wconf 91' lang='lat' dir='ltr'>est</span> <span class='ocrx_word' id='word_1_117' title='bbox 3127 1072 3295 1152; x_wconf 91' lang='lat' dir='ltr'>quod</span> <span class='ocrx_word' id='word_1_118' title='bbox 3325 1089 3437 1132; x_wconf 89' lang='lat' dir='ltr'>ens</span> <span class='ocrx_word' id='word_1_119' title='bbox 3469 1071 3533 1132; x_wconf 89' lang='lat' dir='ltr'>in</span> 
     </span>
     <span class='ocr_line' id='line_1_18' title="bbox 2046 1168 3536 1234; baseline -0.003 -2"><span class='ocrx_word' id='word_1_120' title='bbox 2046 1171 2263 1234; x_wconf 84' lang='lat' dir='ltr'>divina</span> <span class='ocrx_word' id='word_1_121' title='bbox 2313 1179 2536 1234; x_wconf 89' lang='lat' dir='ltr'>natura</span> <span class='ocrx_word' id='word_1_122' title='bbox 2583 1189 2706 1234; x_wconf 91' lang='lat' dir='ltr'>non</span> <span class='ocrx_word' id='word_1_123' title='bbox 2759 1171 3068 1233; x_wconf 83' lang='lat' dir='ltr'>exsistens</span> <span class='ocrx_word' id='word_1_124' title='bbox 3119 1169 3197 1232; x_wconf 93' lang='lat' dir='ltr'>ab</span> <span class='ocrx_word' id='word_1_125' title='bbox 3241 1168 3365 1230; x_wconf 94' lang='lat' dir='ltr'>alio</span> <span class='ocrx_word' id='word_1_126' title='bbox 3412 1187 3424 1230; x_wconf 91' lang='lat'>:</span> <span class='ocrx_word' id='word_1_127' title='bbox 3473 1175 3536 1229; x_wconf 89' lang='lat' dir='ltr'>et</span> 
     </span>
     <span class='ocr_line' id='line_1_19' title="bbox 2045 1267 3535 1339; baseline -0.002 -9"><span class='ocrx_word' id='word_1_128' title='bbox 2045 1269 2136 1330; x_wconf 92' lang='lat' dir='ltr'>sic</span> <span class='ocrx_word' id='word_1_129' title='bbox 2168 1270 2468 1331; x_wconf 91' lang='lat' dir='ltr'>convenit</span> <span class='ocrx_word' id='word_1_130' title='bbox 2495 1269 2658 1332; x_wconf 88' lang='lat' dir='ltr'>Patri</span> <span class='ocrx_word' id='word_1_131' title='bbox 2689 1289 2762 1330; x_wconf 90' lang='lat' dir='ltr'>ac</span> <span class='ocrx_word' id='word_1_132' title='bbox 2803 1270 3036 1331; x_wconf 81' lang='lat' dir='ltr'>divinae</span> <span class='ocrx_word' id='word_1_133' title='bbox 3073 1267 3383 1339; x_wconf 79' lang='lat' dir='ltr'>essentiae,</span> <span class='ocrx_word' id='word_1_134' title='bbox 3418 1284 3535 1328; x_wconf 90' lang='lat' dir='ltr'>nec</span> 
     </span>
     <span class='ocr_line' id='line_1_20' title="bbox 2044 1365 3534 1450; baseline -0.002 -21"><span class='ocrx_word' id='word_1_135' title='bbox 2044 1375 2140 1429; x_wconf 88' lang='lat' dir='ltr'>est</span> <span class='ocrx_word' id='word_1_136' title='bbox 2189 1370 2362 1430; x_wconf 86' lang='lat' dir='ltr'>notio</span> <span class='ocrx_word' id='word_1_137' title='bbox 2412 1387 2718 1450; x_wconf 74' lang='lat' dir='ltr'>personae,</span> <span class='ocrx_word' id='word_1_138' title='bbox 2771 1387 2970 1450; x_wconf 88' lang='lat' dir='ltr'>quum</span> <span class='ocrx_word' id='word_1_139' title='bbox 3021 1368 3102 1429; x_wconf 89' lang='lat' dir='ltr'>sit</span> <span class='ocrx_word' id='word_1_140' title='bbox 3156 1365 3534 1428; x_wconf 84' lang='lat' dir='ltr'>attributum</span> 
     </span>
     <span class='ocr_line' id='line_1_21' title="bbox 2045 1463 3534 1548; baseline -0.001 -22"><span class='ocrx_word' id='word_1_141' title='bbox 2045 1467 2335 1529; x_wconf 80' lang='lat' dir='ltr'>essentiae</span> <span class='ocrx_word' id='word_1_142' title='bbox 2374 1484 2502 1548; x_wconf 86' lang='lat' dir='ltr'>quo</span> <span class='ocrx_word' id='word_1_143' title='bbox 2543 1468 2708 1528; x_wconf 81' lang='lat' dir='ltr'>Deus</span> <span class='ocrx_word' id='word_1_144' title='bbox 2737 1473 3002 1528; x_wconf 87' lang='lat' dir='ltr'>vocatur</span> <span class='ocrx_word' id='word_1_145' title='bbox 3033 1467 3295 1547; x_wconf 91' lang='lat' dir='ltr'>primus.</span> <span class='ocrx_word' id='word_1_146' title='bbox 3333 1463 3394 1527; x_wconf 89' lang='lat' dir='ltr'>Si</span> <span class='ocrx_word' id='word_1_147' title='bbox 3427 1482 3534 1525; x_wconf 92' lang='lat' dir='ltr'>au—</span> 
     </span>
     <span class='ocr_line' id='line_1_22' title="bbox 2045 1563 3532 1645; baseline -0.001 -21"><span class='ocrx_word' id='word_1_148' title='bbox 2045 1571 2173 1625; x_wconf 88' lang='lat' dir='ltr'>tem</span> <span class='ocrx_word' id='word_1_149' title='bbox 2207 1573 2392 1645; x_wconf 89' lang='lat' dir='ltr'>negat</span> <span class='ocrx_word' id='word_1_150' title='bbox 2421 1583 2560 1626; x_wconf 89' lang='lat' dir='ltr'>esse</span> <span class='ocrx_word' id='word_1_151' title='bbox 2599 1565 2680 1626; x_wconf 91' lang='lat' dir='ltr'>ab</span> <span class='ocrx_word' id='word_1_152' title='bbox 2710 1564 2836 1627; x_wconf 88' lang='lat' dir='ltr'>alio</span> <span class='ocrx_word' id='word_1_153' title='bbox 2867 1565 2930 1625; x_wconf 92' lang='lat' dir='ltr'>in</span> <span class='ocrx_word' id='word_1_154' title='bbox 2971 1582 3200 1644; x_wconf 79' lang='lat' dir='ltr'>genere</span> <span class='ocrx_word' id='word_1_155' title='bbox 3234 1563 3532 1645; x_wconf 91' lang='lat' dir='ltr'>principii</span> 
     </span>
     <span class='ocr_line' id='line_1_23' title="bbox 2045 1659 3536 1742; baseline -0.001 -20"><span class='ocrx_word' id='word_1_156' title='bbox 2045 1659 2111 1722; x_wconf 92' lang='lat' dir='ltr'>in</span> <span class='ocrx_word' id='word_1_157' title='bbox 2171 1661 2428 1736; x_wconf 83' lang='lat' dir='ltr'>divinis,</span> <span class='ocrx_word' id='word_1_158' title='bbox 2481 1661 2574 1723; x_wconf 88' lang='lat' dir='ltr'>sic</span> <span class='ocrx_word' id='word_1_159' title='bbox 2635 1661 2988 1742; x_wconf 90' lang='lat' dir='ltr'>ingenitum</span> <span class='ocrx_word' id='word_1_160' title='bbox 3043 1668 3138 1722; x_wconf 91' lang='lat' dir='ltr'>est</span> <span class='ocrx_word' id='word_1_161' title='bbox 3185 1660 3248 1722; x_wconf 93' lang='lat' dir='ltr'>in</span> <span class='ocrx_word' id='word_1_162' title='bbox 3301 1660 3536 1722; x_wconf 92' lang='lat' dir='ltr'>divinis</span> 
     </span>
     <span class='ocr_line' id='line_1_24' title="bbox 2046 1758 3534 1842; baseline 0.001 -23"><span class='ocrx_word' id='word_1_163' title='bbox 2046 1758 2438 1841; x_wconf 88' lang='lat' dir='ltr'>principium</span> <span class='ocrx_word' id='word_1_164' title='bbox 2471 1778 2596 1822; x_wconf 90' lang='lat' dir='ltr'>non</span> <span class='ocrx_word' id='word_1_165' title='bbox 2629 1759 3082 1842; x_wconf 88' lang='lat' dir='ltr'>principiatum</span> <span class='ocrx_word' id='word_1_166' title='bbox 3119 1776 3132 1821; x_wconf 75' lang='grc' dir='ltr'>ε</span> <span class='ocrx_word' id='word_1_167' title='bbox 3167 1759 3384 1841; x_wconf 86' lang='lat' dir='ltr'>sicque</span> <span class='ocrx_word' id='word_1_168' title='bbox 3415 1759 3534 1822; x_wconf 89' lang='lat' dir='ltr'>soli</span> 
     </span>
    </p>
   </div>
   <div class='ocr_carea' id='block_1_5' title="bbox 432 1858 3536 1943">
    <p class='ocr_par' dir='ltr' id='par_1_5' title="bbox 432 1858 3536 1943">
     <span class='ocr_line' id='line_1_25' title="bbox 432 1858 3536 1943; baseline -0.001 -20"><span class='ocrx_word' id='word_1_169' title='bbox 432 1863 837 1942; x_wconf 85' lang='lat' dir='ltr'>negationem</span> <span class='ocrx_word' id='word_1_170' title='bbox 862 1859 1291 1942; x_wconf 83' lang='lat' dir='ltr'>generationis</span> <span class='ocrx_word' id='word_1_171' title='bbox 1322 1861 1683 1943; x_wconf 83' lang='lat' dir='ltr'>specialiter</span> <span class='ocrx_word' id='word_1_172' title='bbox 1714 1861 1925 1923; x_wconf 81' lang='lat' dir='ltr'>dictae:</span> <span class='ocrx_word' id='word_1_173' title='bbox 1967 1865 2016 1927; x_wconf 95' lang='lat' dir='ltr'><strong>B</strong></span> <span class='ocrx_word' id='word_1_174' title='bbox 2047 1859 2346 1921; x_wconf 86' lang='lat' dir='ltr'>convenit</span> <span class='ocrx_word' id='word_1_175' title='bbox 2384 1858 2570 1931; x_wconf 89' lang='lat' dir='ltr'>Patri,</span> <span class='ocrx_word' id='word_1_176' title='bbox 2606 1867 2666 1920; x_wconf 89' lang='lat' dir='ltr'>et</span> <span class='ocrx_word' id='word_1_177' title='bbox 2705 1866 2800 1920; x_wconf 89' lang='lat' dir='ltr'>est</span> <span class='ocrx_word' id='word_1_178' title='bbox 2839 1859 3013 1921; x_wconf 87' lang='lat' dir='ltr'>notio</span> <span class='ocrx_word' id='word_1_179' title='bbox 3051 1859 3190 1939; x_wconf 88' lang='lat' dir='ltr'>ejus</span> <span class='ocrx_word' id='word_1_180' title='bbox 3231 1859 3297 1920; x_wconf 90' lang='lat' dir='ltr'>in</span> <span class='ocrx_word' id='word_1_181' title='bbox 3339 1878 3536 1940; x_wconf 90' lang='lat' dir='ltr'>quan—</span> 
     </span>
    </p>
   </div>
   <div class='ocr_carea' id='block_1_6' title="bbox 426 1960 1933 3026">
    <p class='ocr_par' dir='ltr' id='par_1_6' title="bbox 426 1960 1933 3026">
     <span class='ocr_line' id='line_1_26' title="bbox 430 1960 1933 2042; baseline 0 -20"><span class='ocrx_word' id='word_1_182' title='bbox 430 1969 495 2022; x_wconf 90' lang='lat' dir='ltr'>et</span> <span class='ocrx_word' id='word_1_183' title='bbox 525 1961 619 2022; x_wconf 87' lang='lat' dir='ltr'>sic</span> <span class='ocrx_word' id='word_1_184' title='bbox 650 1960 977 2042; x_wconf 86' lang='lat' dir='ltr'>loquimur</span> <span class='ocrx_word' id='word_1_185' title='bbox 1005 1980 1178 2023; x_wconf 92' lang='lat' dir='ltr'>nunc</span> <span class='ocrx_word' id='word_1_186' title='bbox 1208 1961 1285 2022; x_wconf 92' lang='lat' dir='ltr'>de</span> <span class='ocrx_word' id='word_1_187' title='bbox 1316 1961 1473 2042; x_wconf 88' lang='lat' dir='ltr'>ipsc.</span> <span class='ocrx_word' id='word_1_188' title='bbox 1504 1961 1713 2023; x_wconf 89' lang='lat' dir='ltr'>Primo</span> <span class='ocrx_word' id='word_1_189' title='bbox 1744 1961 1933 2022; x_wconf 90' lang='lat' dir='ltr'>modo</span> 
     </span>
     <span class='ocr_line' id='line_1_27' title="bbox 429 2058 1929 2140; baseline -0.001 -19"><span class='ocrx_word' id='word_1_190' title='bbox 429 2060 645 2122; x_wconf 89' lang='lat' dir='ltr'>omnis</span> <span class='ocrx_word' id='word_1_191' title='bbox 686 2058 1043 2121; x_wconf 88' lang='lat' dir='ltr'>substantia</span> <span class='ocrx_word' id='word_1_192' title='bbox 1084 2066 1181 2120; x_wconf 88' lang='lat' dir='ltr'>est</span> <span class='ocrx_word' id='word_1_193' title='bbox 1220 2059 1434 2140; x_wconf 87' lang='lat' dir='ltr'>genita</span> <span class='ocrx_word' id='word_1_194' title='bbox 1476 2067 1582 2121; x_wconf 90' lang='lat' dir='ltr'>aut</span> <span class='ocrx_word' id='word_1_195' title='bbox 1628 2059 1929 2139; x_wconf 89' lang='lat' dir='ltr'>ingenita,</span> 
     </span>
     <span class='ocr_line' id='line_1_28' title="bbox 432 2157 1932 2236; baseline -0.001 -17"><span class='ocrx_word' id='word_1_196' title='bbox 432 2158 495 2219; x_wconf 94' lang='lat' dir='ltr'>id</span> <span class='ocrx_word' id='word_1_197' title='bbox 536 2166 635 2220; x_wconf 86' lang='lat' dir='ltr'>est</span> <span class='ocrx_word' id='word_1_198' title='bbox 674 2165 883 2220; x_wconf 91' lang='lat' dir='ltr'>creata</span> <span class='ocrx_word' id='word_1_199' title='bbox 921 2165 1029 2220; x_wconf 89' lang='lat' dir='ltr'>aut</span> <span class='ocrx_word' id='word_1_200' title='bbox 1066 2157 1381 2236; x_wconf 82' lang='lat' dir='ltr'>increata3</span> <span class='ocrx_word' id='word_1_201' title='bbox 1412 2175 1539 2219; x_wconf 91' lang='lat' dir='ltr'>non</span> <span class='ocrx_word' id='word_1_202' title='bbox 1584 2165 1796 2218; x_wconf 89' lang='lat' dir='ltr'>antem</span> <span class='ocrx_word' id='word_1_203' title='bbox 1839 2177 1932 2219; x_wconf 92' lang='lat' dir='ltr'>se-</span> 
     </span>
     <span class='ocr_line' id='line_1_29' title="bbox 430 2255 1931 2337; baseline 0.001 -19"><span class='ocrx_word' id='word_1_204' title='bbox 430 2257 645 2318; x_wconf 91' lang='lat' dir='ltr'>cundo</span> <span class='ocrx_word' id='word_1_205' title='bbox 678 2257 884 2318; x_wconf 90' lang='lat' dir='ltr'>mod0.</span> <span class='ocrx_word' id='word_1_206' title='bbox 921 2255 1281 2336; x_wconf 90' lang='lat' dir='ltr'>Ingenitum</span> <span class='ocrx_word' id='word_1_207' title='bbox 1314 2256 1527 2337; x_wconf 89' lang='lat' dir='ltr'>itaque</span> <span class='ocrx_word' id='word_1_208' title='bbox 1560 2256 1769 2337; x_wconf 90' lang='lat' dir='ltr'>primo</span> <span class='ocrx_word' id='word_1_209' title='bbox 1804 2274 1931 2319; x_wconf 90' lang='lat' dir='ltr'>mo-</span> 
     </span>
     <span class='ocr_line' id='line_1_30' title="bbox 429 2354 1932 2436; baseline -0.001 -20"><span class='ocrx_word' id='word_1_210' title='bbox 429 2355 513 2416; x_wconf 91' lang='lat' dir='ltr'>do</span> <span class='ocrx_word' id='word_1_211' title='bbox 543 2362 903 2436; x_wconf 86' lang='lat' dir='ltr'>acceptum,</span> <span class='ocrx_word' id='word_1_212' title='bbox 940 2372 1065 2415; x_wconf 90' lang='lat' dir='ltr'>non</span> <span class='ocrx_word' id='word_1_213' title='bbox 1110 2361 1315 2435; x_wconf 90' lang='lat' dir='ltr'>potest</span> <span class='ocrx_word' id='word_1_214' title='bbox 1346 2373 1483 2416; x_wconf 91' lang='lat' dir='ltr'>esse</span> <span class='ocrx_word' id='word_1_215' title='bbox 1526 2354 1699 2416; x_wconf 87' lang='lat' dir='ltr'>notio</span> <span class='ocrx_word' id='word_1_216' title='bbox 1737 2354 1932 2415; x_wconf 86' lang='lat' dir='ltr'>alicu—</span> 
     </span>
     <span class='ocr_line' id='line_1_31' title="bbox 426 2451 1929 2534; baseline 0 -20"><span class='ocrx_word' id='word_1_217' title='bbox 426 2453 535 2533; x_wconf 86' lang='lat' dir='ltr'>jus</span> <span class='ocrx_word' id='word_1_218' title='bbox 577 2469 865 2534; x_wconf 78' lang='lat' dir='ltr'>personae</span> <span class='ocrx_word' id='word_1_219' title='bbox 906 2452 1159 2524; x_wconf 85' lang='lat' dir='ltr'>divinae,</span> <span class='ocrx_word' id='word_1_220' title='bbox 1193 2471 1393 2532; x_wconf 89' lang='lat' dir='ltr'>quum</span> <span class='ocrx_word' id='word_1_221' title='bbox 1434 2452 1517 2512; x_wconf 87' lang='lat' dir='ltr'>sit</span> <span class='ocrx_word' id='word_1_222' title='bbox 1554 2451 1929 2514; x_wconf 89' lang='lat' dir='ltr'>attributum</span> 
     </span>
     <span class='ocr_line' id='line_1_32' title="bbox 430 2548 1929 2631; baseline 0 -19"><span class='ocrx_word' id='word_1_223' title='bbox 430 2551 727 2613; x_wconf 78' lang='lat' dir='ltr'>essentiae</span> <span class='ocrx_word' id='word_1_224' title='bbox 770 2567 899 2631; x_wconf 90' lang='lat' dir='ltr'>quo</span> <span class='ocrx_word' id='word_1_225' title='bbox 946 2551 1109 2611; x_wconf 91' lang='lat' dir='ltr'>Deus</span> <span class='ocrx_word' id='word_1_226' title='bbox 1152 2549 1389 2611; x_wconf 88' lang='lat' dir='ltr'>dicitur</span> <span class='ocrx_word' id='word_1_227' title='bbox 1432 2548 1768 2612; x_wconf 88' lang='lat' dir='ltr'>increatus.</span> <span class='ocrx_word' id='word_1_228' title='bbox 1811 2551 1929 2612; x_wconf 89' lang='lat' dir='ltr'>Sed</span> 
     </span>
     <span class='ocr_line' id='line_1_33' title="bbox 428 2648 1933 2730; baseline 0.001 -20"><span class='ocrx_word' id='word_1_229' title='bbox 428 2657 763 2730; x_wconf 87' lang='lat' dir='ltr'>sumptum</span> <span class='ocrx_word' id='word_1_230' title='bbox 812 2649 1094 2711; x_wconf 90' lang='lat' dir='ltr'>secundo</span> <span class='ocrx_word' id='word_1_231' title='bbox 1144 2649 1353 2722; x_wconf 82' lang='lat' dir='ltr'>mode,</span> <span class='ocrx_word' id='word_1_232' title='bbox 1394 2648 1497 2710; x_wconf 85' lang='lat' dir='ltr'>vel</span> <span class='ocrx_word' id='word_1_233' title='bbox 1546 2648 1700 2710; x_wconf 90' lang='lat' dir='ltr'>dicit</span> <span class='ocrx_word' id='word_1_234' title='bbox 1750 2667 1933 2730; x_wconf 88' lang='lat' dir='ltr'>nega-</span> 
     </span>
     <span class='ocr_line' id='line_1_34' title="bbox 431 2747 1929 2827; baseline 0.001 -19"><span class='ocrx_word' id='word_1_235' title='bbox 431 2748 669 2809; x_wconf 86' lang='lat' dir='ltr'>tionem</span> <span class='ocrx_word' id='word_1_236' title='bbox 718 2753 895 2808; x_wconf 83' lang='lat' dir='ltr'>extra</span> <span class='ocrx_word' id='word_1_237' title='bbox 934 2765 1156 2827; x_wconf 82' lang='lat' dir='ltr'>genus,</span> <span class='ocrx_word' id='word_1_238' title='bbox 1190 2747 1289 2809; x_wconf 85' lang='lat' dir='ltr'>vel</span> <span class='ocrx_word' id='word_1_239' title='bbox 1332 2747 1489 2808; x_wconf 89' lang='lat' dir='ltr'>dicit</span> <span class='ocrx_word' id='word_1_240' title='bbox 1529 2748 1929 2827; x_wconf 87' lang='lat' dir='ltr'>negationem</span> 
     </span>
     <span class='ocr_line' id='line_1_35' title="bbox 430 2845 1929 2926; baseline 0.001 -19"><span class='ocrx_word' id='word_1_241' title='bbox 430 2846 497 2907; x_wconf 90' lang='lat' dir='ltr'>in</span> <span class='ocrx_word' id='word_1_242' title='bbox 527 2864 761 2926; x_wconf 85' lang='lat' dir='ltr'>genere</span> <span class='ocrx_word' id='word_1_243' title='bbox 792 2845 1025 2908; x_wconf 82' lang='lat' dir='ltr'>divinae</span> <span class='ocrx_word' id='word_1_244' title='bbox 1057 2853 1315 2907; x_wconf 67' lang='lat' dir='ltr'>naturae.</span> <span class='ocrx_word' id='word_1_245' title='bbox 1352 2845 1561 2908; x_wconf 91' lang='lat' dir='ltr'>Primo</span> <span class='ocrx_word' id='word_1_246' title='bbox 1593 2846 1801 2920; x_wconf 83' lang='lat' dir='ltr'>mode,</span> <span class='ocrx_word' id='word_1_247' title='bbox 1836 2847 1929 2908; x_wconf 90' lang='lat' dir='ltr'>in-</span> 
     </span>
     <span class='ocr_line' id='line_1_36' title="bbox 428 2944 1930 3026; baseline 0 -20"><span class='ocrx_word' id='word_1_248' title='bbox 428 2945 719 3026; x_wconf 81' lang='lat' dir='ltr'>genit-um</span> <span class='ocrx_word' id='word_1_249' title='bbox 766 2951 863 3005; x_wconf 88' lang='lat' dir='ltr'>est</span> <span class='ocrx_word' id='word_1_250' title='bbox 909 2944 1076 3005; x_wconf 87' lang='lat' dir='ltr'>idem</span> <span class='ocrx_word' id='word_1_251' title='bbox 1124 2944 1292 3024; x_wconf 93' lang='lat' dir='ltr'>quod</span> <span class='ocrx_word' id='word_1_252' title='bbox 1338 2961 1465 3006; x_wconf 91' lang='lat' dir='ltr'>non</span> <span class='ocrx_word' id='word_1_253' title='bbox 1516 2963 1629 3006; x_wconf 91' lang='lat' dir='ltr'>ens</span> <span class='ocrx_word' id='word_1_254' title='bbox 1677 2944 1756 3006; x_wconf 88' lang='lat' dir='ltr'>ab</span> <span class='ocrx_word' id='word_1_255' title='bbox 1805 2945 1930 3006; x_wconf 92' lang='lat' dir='ltr'>alio</span> 
     </span>
    </p>
   </div>
   <div class='ocr_carea' id='block_1_7' title="bbox 2039 1957 3564 3024">
    <p class='ocr_par' dir='ltr' id='par_1_7' title="bbox 2039 1957 3564 3024">
     <span class='ocr_line' id='line_1_37' title="bbox 2044 1957 3536 2040; baseline 0.002 -23"><span class='ocrx_word' id='word_1_256' title='bbox 2044 1965 2180 2019; x_wconf 92' lang='lat' dir='ltr'>tum</span> <span class='ocrx_word' id='word_1_257' title='bbox 2225 1958 2334 2020; x_wconf 89' lang='lat' dir='ltr'>illa</span> <span class='ocrx_word' id='word_1_258' title='bbox 2378 1959 2627 2038; x_wconf 86' lang='lat' dir='ltr'>negatio</span> <span class='ocrx_word' id='word_1_259' title='bbox 2672 1957 2974 2020; x_wconf 79' lang='lat' dir='ltr'>fundatur</span> <span class='ocrx_word' id='word_1_260' title='bbox 3021 1977 3214 2040; x_wconf 89' lang='lat' dir='ltr'>super</span> <span class='ocrx_word' id='word_1_261' title='bbox 3254 1958 3536 2020; x_wconf 78' lang='lat' dir='ltr'>affirma-</span> 
     </span>
     <span class='ocr_line' id='line_1_38' title="bbox 2044 2057 3537 2138; baseline -0.001 -21"><span class='ocrx_word' id='word_1_262' title='bbox 2044 2057 2304 2131; x_wconf 88' lang='lat' dir='ltr'>tionem,</span> <span class='ocrx_word' id='word_1_263' title='bbox 2340 2057 2637 2119; x_wconf 85' lang='lat' dir='ltr'>videlicet</span> <span class='ocrx_word' id='word_1_264' title='bbox 2665 2075 2858 2138; x_wconf 89' lang='lat' dir='ltr'>super</span> <span class='ocrx_word' id='word_1_265' title='bbox 2889 2057 3007 2118; x_wconf 90' lang='lat' dir='ltr'>hoc</span> <span class='ocrx_word' id='word_1_266' title='bbox 3036 2059 3204 2138; x_wconf 90' lang='lat' dir='ltr'>qnod</span> <span class='ocrx_word' id='word_1_267' title='bbox 3235 2057 3412 2118; x_wconf 91' lang='lat' dir='ltr'>Pater</span> <span class='ocrx_word' id='word_1_268' title='bbox 3441 2063 3537 2118; x_wconf 87' lang='lat' dir='ltr'>est</span> 
     </span>
     <span class='ocr_line' id='line_1_39' title="bbox 2042 2155 3534 2237; baseline -0.001 -20"><span class='ocrx_word' id='word_1_269' title='bbox 2042 2155 2433 2237; x_wconf 88' lang='lat' dir='ltr'>principium</span> <span class='ocrx_word' id='word_1_270' title='bbox 2474 2156 2747 2230; x_wconf 74' lang='lat' dir='ltr'>deitatis,</span> <span class='ocrx_word' id='word_1_271' title='bbox 2783 2155 2845 2216; x_wconf 93' lang='lat' dir='ltr'>id</span> <span class='ocrx_word' id='word_1_272' title='bbox 2891 2163 2986 2216; x_wconf 84' lang='lat' dir='ltr'>est</span> <span class='ocrx_word' id='word_1_273' title='bbox 3025 2155 3415 2237; x_wconf 90' lang='lat' dir='ltr'>principium</span> <span class='ocrx_word' id='word_1_274' title='bbox 3447 2163 3534 2216; x_wconf 92' lang='lat' dir='ltr'>to—</span> 
     </span>
     <span class='ocr_line' id='line_1_40' title="bbox 2042 2253 3535 2336; baseline 0 -22"><span class='ocrx_word' id='word_1_275' title='bbox 2042 2254 2168 2314; x_wconf 90' lang='lat' dir='ltr'>tius</span> <span class='ocrx_word' id='word_1_276' title='bbox 2211 2271 2544 2334; x_wconf 86' lang='lat' dir='ltr'>processus</span> <span class='ocrx_word' id='word_1_277' title='bbox 2589 2255 2699 2336; x_wconf 87' lang='lat' dir='ltr'>qui</span> <span class='ocrx_word' id='word_1_278' title='bbox 2747 2255 2980 2316; x_wconf 81' lang='lat' dir='ltr'>divinae</span> <span class='ocrx_word' id='word_1_279' title='bbox 3021 2261 3258 2314; x_wconf 83' lang='lat' dir='ltr'>naturae</span> <span class='ocrx_word' id='word_1_280' title='bbox 3300 2253 3535 2314; x_wconf 91' lang='lat' dir='ltr'>virtute</span> 
     </span>
     <span class='ocr_line' id='line_1_41' title="bbox 2040 2351 3536 2432; baseline -0.001 -18"><span class='ocrx_word' id='word_1_281' title='bbox 2040 2360 2135 2414; x_wconf 89' lang='lat' dir='ltr'>est</span> <span class='ocrx_word' id='word_1_282' title='bbox 2168 2351 2234 2412; x_wconf 92' lang='lat' dir='ltr'>in</span> <span class='ocrx_word' id='word_1_283' title='bbox 2265 2352 2520 2414; x_wconf 91' lang='lat' dir='ltr'>divinis.</span> <span class='ocrx_word' id='word_1_284' title='bbox 2556 2351 2690 2413; x_wconf 86' lang='lat' dir='ltr'>Non</span> <span class='ocrx_word' id='word_1_285' title='bbox 2733 2352 2906 2412; x_wconf 84' lang='lat' dir='ltr'>enim</span> <span class='ocrx_word' id='word_1_286' title='bbox 2937 2351 3144 2413; x_wconf 88' lang='lat' dir='ltr'>solum</span> <span class='ocrx_word' id='word_1_287' title='bbox 3185 2351 3536 2432; x_wconf 88' lang='lat' dir='ltr'>procedunt</span> 
     </span>
     <span class='ocr_line' id='line_1_42' title="bbox 2040 2449 3532 2531; baseline -0.001 -19"><span class='ocrx_word' id='word_1_288' title='bbox 2040 2470 2077 2512; x_wconf 89' lang='lat' dir='ltr'>a</span> <span class='ocrx_word' id='word_1_289' title='bbox 2118 2451 2294 2512; x_wconf 91' lang='lat' dir='ltr'>Patre</span> <span class='ocrx_word' id='word_1_290' title='bbox 2336 2450 2531 2512; x_wconf 86' lang='lat' dir='ltr'>Filius</span> <span class='ocrx_word' id='word_1_291' title='bbox 2571 2457 2630 2510; x_wconf 91' lang='lat' dir='ltr'>et</span> <span class='ocrx_word' id='word_1_292' title='bbox 2673 2449 2946 2531; x_wconf 87' lang='lat' dir='ltr'>Spiritus</span> <span class='ocrx_word' id='word_1_293' title='bbox 2990 2450 3276 2522; x_wconf 84' lang='lat' dir='ltr'>SanctuS‚</span> <span class='ocrx_word' id='word_1_294' title='bbox 3311 2467 3532 2510; x_wconf 85' lang='lat' dir='ltr'>verum</span> 
     </span>
     <span class='ocr_line' id='line_1_43' title="bbox 2040 2545 3532 2630; baseline -0.001 -20"><span class='ocrx_word' id='word_1_295' title='bbox 2040 2545 2233 2610; x_wconf 79' lang='lat' dir='ltr'>etiani</span> <span class='ocrx_word' id='word_1_296' title='bbox 2274 2549 2440 2630; x_wconf 91' lang='lat' dir='ltr'>quod</span> <span class='ocrx_word' id='word_1_297' title='bbox 2482 2567 2517 2610; x_wconf 88' lang='lat' dir='ltr'>a</span> <span class='ocrx_word' id='word_1_298' title='bbox 2557 2549 2713 2610; x_wconf 89' lang='lat' dir='ltr'>Filio</span> <span class='ocrx_word' id='word_1_299' title='bbox 2755 2548 3040 2629; x_wconf 86' lang='lat' dir='ltr'>procedit</span> <span class='ocrx_word' id='word_1_300' title='bbox 3079 2547 3352 2628; x_wconf 88' lang='lat' dir='ltr'>Spiritus</span> <span class='ocrx_word' id='word_1_301' title='bbox 3382 2547 3532 2609; x_wconf 88' lang='lat' dir='ltr'>San-</span> 
     </span>
     <span class='ocr_line' id='line_1_44' title="bbox 2042 2646 3534 2720; baseline -0.001 -12"><span class='ocrx_word' id='word_1_302' title='bbox 2042 2655 2204 2720; x_wconf 84' lang='lat' dir='ltr'>ctuS,</span> <span class='ocrx_word' id='word_1_303' title='bbox 2237 2647 2536 2708; x_wconf 86' lang='lat' dir='ltr'>convenit</span> <span class='ocrx_word' id='word_1_304' title='bbox 2575 2647 2732 2708; x_wconf 88' lang='lat' dir='ltr'>Filio</span> <span class='ocrx_word' id='word_1_305' title='bbox 2761 2667 2798 2708; x_wconf 88' lang='lat' dir='ltr'>a</span> <span class='ocrx_word' id='word_1_306' title='bbox 2825 2647 3020 2708; x_wconf 88' lang='lat' dir='ltr'>Patre.</span> <span class='ocrx_word' id='word_1_307' title='bbox 3055 2681 3136 2690; x_wconf 92' lang='lat'>——</span> <span class='ocrx_word' id='word_1_308' title='bbox 3163 2646 3322 2707; x_wconf 87' lang='lat' dir='ltr'>Hinc</span> <span class='ocrx_word' id='word_1_309' title='bbox 3356 2646 3534 2708; x_wconf 86' lang='lat' dir='ltr'>Pater</span> 
     </span>
     <span class='ocr_line' id='line_1_45' title="bbox 2042 2743 3536 2826; baseline -0.001 -19"><span class='ocrx_word' id='word_1_310' title='bbox 2042 2753 2246 2826; x_wconf 89' lang='lat' dir='ltr'>potest</span> <span class='ocrx_word' id='word_1_311' title='bbox 2279 2744 2614 2826; x_wconf 85' lang='lat' dir='ltr'>tripliciter</span> <span class='ocrx_word' id='word_1_312' title='bbox 2645 2743 2983 2806; x_wconf 80' lang='lat' dir='ltr'>notificari.</span> <span class='ocrx_word' id='word_1_313' title='bbox 3005 2743 3227 2816; x_wconf 89' lang='lat' dir='ltr'>Prim0‚</span> <span class='ocrx_word' id='word_1_314' title='bbox 3250 2744 3314 2805; x_wconf 88' lang='lat' dir='ltr'>in</span> <span class='ocrx_word' id='word_1_315' title='bbox 3344 2763 3536 2824; x_wconf 88' lang='lat' dir='ltr'>quan-</span> 
     </span>
     <span class='ocr_line' id='line_1_46' title="bbox 2041 2843 3535 2925; baseline 0 -20"><span class='ocrx_word' id='word_1_316' title='bbox 2041 2852 2176 2905; x_wconf 90' lang='lat' dir='ltr'>tum</span> <span class='ocrx_word' id='word_1_317' title='bbox 2217 2843 2506 2906; x_wconf 90' lang='lat' dir='ltr'>absoluta</span> <span class='ocrx_word' id='word_1_318' title='bbox 2543 2843 2703 2905; x_wconf 91' lang='lat' dir='ltr'>ratio</span> <span class='ocrx_word' id='word_1_319' title='bbox 2744 2843 2933 2905; x_wconf 83' lang='lat' dir='ltr'>activi</span> <span class='ocrx_word' id='word_1_320' title='bbox 2977 2843 3276 2925; x_wconf 90' lang='lat' dir='ltr'>principii</span> <span class='ocrx_word' id='word_1_321' title='bbox 3311 2861 3535 2905; x_wconf 89' lang='lat' dir='ltr'>conve-</span> 
     </span>
     <span class='ocr_line' id='line_1_47' title="bbox 2039 2931 3564 3024; baseline 0.001 -22"><span class='ocrx_word' id='word_1_322' title='bbox 2039 2943 2135 3003; x_wconf 90' lang='lat' dir='ltr'>nit.</span> <span class='ocrx_word' id='word_1_323' title='bbox 2166 2943 2222 3003; x_wconf 87' lang='lat' dir='ltr'>ei</span> <span class='ocrx_word' id='word_1_324' title='bbox 2255 2943 2372 3003; x_wconf 90' lang='lat' dir='ltr'>soli</span> <span class='ocrx_word' id='word_1_325' title='bbox 2404 2960 2419 3003; x_wconf 74' lang='grc' dir='ltr'><strong>ε</strong></span> <span class='ocrx_word' id='word_1_326' title='bbox 2448 2942 2800 3004; x_wconf 83' lang='lat' dir='ltr'>secundum</span> <span class='ocrx_word' id='word_1_327' title='bbox 2832 2961 3024 3023; x_wconf 88' lang='lat' dir='ltr'>quam</span> <span class='ocrx_word' id='word_1_328' title='bbox 3055 2942 3364 3003; x_wconf 90' lang='lat' dir='ltr'>rationem</span> <span class='ocrx_word' id='word_1_329' title='bbox 3397 2931 3564 3024; x_wconf 53' lang='lat' dir='ltr'>ipse⁶</span> 
     </span>
    </p>
   </div>
   <div class='ocr_carea' id='block_1_8' title="bbox 430 3040 3532 3126">
    <p class='ocr_par' dir='ltr' id='par_1_8' title="bbox 430 3040 3532 3126">
     <span class='ocr_line' id='line_1_48' title="bbox 430 3040 3532 3126; baseline -0.001 -22"><span class='ocrx_word' id='word_1_330' title='bbox 430 3063 544 3126; x_wconf 91' lang='lat' dir='ltr'>per</span> <span class='ocrx_word' id='word_1_331' title='bbox 591 3042 1093 3123; x_wconf 86' lang='lat' dir='ltr'>generationem,</span> <span class='ocrx_word' id='word_1_332' title='bbox 1145 3043 1279 3104; x_wconf 87' lang='lat' dir='ltr'>sive</span> <span class='ocrx_word' id='word_1_333' title='bbox 1338 3042 1719 3125; x_wconf 90' lang='lat' dir='ltr'>simpliciter</span> <span class='ocrx_word' id='word_1_334' title='bbox 1766 3043 1849 3103; x_wconf 91' lang='lat' dir='ltr'>sit</span> <span class='ocrx_word' id='word_1_335' title='bbox 1894 3063 1931 3105; x_wconf 89' lang='lat' dir='ltr'>a</span> <span class='ocrx_word' id='word_1_336' title='bbox 1967 3040 2212 3109; x_wconf 88' lang='lat' dir='ltr'>Csolns</span> <span class='ocrx_word' id='word_1_337' title='bbox 2267 3048 2363 3102; x_wconf 89' lang='lat' dir='ltr'>est</span> <span class='ocrx_word' id='word_1_338' title='bbox 2419 3047 2638 3102; x_wconf 81' lang='lat' dir='ltr'>auctor</span> <span class='ocrx_word' id='word_1_339' title='bbox 2695 3049 2758 3101; x_wconf 90' lang='grc' dir='ltr'>θῖ</span> <span class='ocrx_word' id='word_1_340' title='bbox 2817 3040 3208 3123; x_wconf 88' lang='lat' dir='ltr'>principium</span> <span class='ocrx_word' id='word_1_341' title='bbox 3269 3057 3394 3102; x_wconf 88' lang='lat' dir='ltr'>non</span> <span class='ocrx_word' id='word_1_342' title='bbox 3455 3042 3532 3102; x_wconf 90' lang='lat' dir='ltr'>de</span> 
     </span>
    </p>
   </div>
   <div class='ocr_carea' id='block_1_9' title="bbox 420 3140 1932 4205">
    <p class='ocr_par' dir='ltr' id='par_1_9' title="bbox 420 3140 1932 4205">
     <span class='ocr_line' id='line_1_49' title="bbox 428 3140 1931 3222; baseline -0.001 -18"><span class='ocrx_word' id='word_1_343' title='bbox 428 3142 629 3212; x_wconf 89' lang='lat' dir='ltr'>nullo,</span> <span class='ocrx_word' id='word_1_344' title='bbox 664 3141 802 3203; x_wconf 87' lang='lat' dir='ltr'>sive</span> <span class='ocrx_word' id='word_1_345' title='bbox 841 3141 921 3202; x_wconf 89' lang='lat' dir='ltr'>sit</span> <span class='ocrx_word' id='word_1_346' title='bbox 962 3140 1041 3202; x_wconf 87' lang='lat' dir='ltr'>ab</span> <span class='ocrx_word' id='word_1_347' title='bbox 1079 3140 1205 3202; x_wconf 90' lang='lat' dir='ltr'>alio</span> <span class='ocrx_word' id='word_1_348' title='bbox 1246 3160 1360 3222; x_wconf 90' lang='lat' dir='ltr'>per</span> <span class='ocrx_word' id='word_1_349' title='bbox 1400 3142 1783 3203; x_wconf 81' lang='lat' dir='ltr'>creat-ionem</span> <span class='ocrx_word' id='word_1_350' title='bbox 1822 3150 1931 3203; x_wconf 89' lang='lat' dir='ltr'>aut</span> 
     </span>
     <span class='ocr_line' id='line_1_50' title="bbox 426 3239 1931 3322; baseline -0.001 -19"><span class='ocrx_word' id='word_1_351' title='bbox 426 3241 869 3322; x_wconf 84' lang='lat' dir='ltr'>spirationem,</span> <span class='ocrx_word' id='word_1_352' title='bbox 921 3239 1267 3301; x_wconf 90' lang='lat' dir='ltr'>dummodo</span> <span class='ocrx_word' id='word_1_353' title='bbox 1326 3257 1454 3302; x_wconf 89' lang='lat' dir='ltr'>non</span> <span class='ocrx_word' id='word_1_354' title='bbox 1513 3240 1595 3301; x_wconf 90' lang='lat' dir='ltr'>sit</span> <span class='ocrx_word' id='word_1_355' title='bbox 1653 3239 1731 3301; x_wconf 93' lang='lat' dir='ltr'>ab</span> <span class='ocrx_word' id='word_1_356' title='bbox 1792 3240 1931 3321; x_wconf 91' lang='lat' dir='ltr'>ipso</span> 
     </span>
     <span class='ocr_line' id='line_1_51' title="bbox 428 3336 1929 3419; baseline 0.001 -21"><span class='ocrx_word' id='word_1_357' title='bbox 428 3357 543 3419; x_wconf 87' lang='lat' dir='ltr'>per</span> <span class='ocrx_word' id='word_1_358' title='bbox 570 3337 1071 3418; x_wconf 85' lang='lat' dir='ltr'>generationem.</span> <span class='ocrx_word' id='word_1_359' title='bbox 1107 3336 1336 3419; x_wconf 87' lang='lat' dir='ltr'>Sicque</span> <span class='ocrx_word' id='word_1_360' title='bbox 1377 3354 1504 3398; x_wconf 91' lang='lat' dir='ltr'>non</span> <span class='ocrx_word' id='word_1_361' title='bbox 1544 3337 1751 3398; x_wconf 89' lang='lat' dir='ltr'>solum</span> <span class='ocrx_word' id='word_1_362' title='bbox 1783 3355 1929 3400; x_wconf 93' lang='lat' dir='ltr'>con—</span> 
     </span>
     <span class='ocr_line' id='line_1_52' title="bbox 426 3434 1931 3517; baseline 0 -20"><span class='ocrx_word' id='word_1_363' title='bbox 426 3437 603 3498; x_wconf 82' lang='lat' dir='ltr'>venit</span> <span class='ocrx_word' id='word_1_364' title='bbox 636 3434 940 3508; x_wconf 84' lang='lat' dir='ltr'>Creatori,</span> <span class='ocrx_word' id='word_1_365' title='bbox 964 3436 1071 3497; x_wconf 89' lang='lat' dir='ltr'>sed</span> <span class='ocrx_word' id='word_1_366' title='bbox 1103 3435 1295 3496; x_wconf 89' lang='lat' dir='ltr'>etiam</span> <span class='ocrx_word' id='word_1_367' title='bbox 1329 3435 1553 3516; x_wconf 91' lang='lat' dir='ltr'>primis</span> <span class='ocrx_word' id='word_1_368' title='bbox 1583 3436 1931 3517; x_wconf 87' lang='lat' dir='ltr'>suppositis</span> 
     </span>
     <span class='ocr_line' id='line_1_53' title="bbox 426 3534 1931 3615; baseline 0 -19"><span class='ocrx_word' id='word_1_369' title='bbox 426 3534 779 3615; x_wconf 87' lang='lat' dir='ltr'>cujuslibet</span> <span class='ocrx_word' id='word_1_370' title='bbox 828 3534 1066 3615; x_wconf 87' lang='lat' dir='ltr'>speciei</span> <span class='ocrx_word' id='word_1_371' title='bbox 1126 3540 1397 3612; x_wconf 78' lang='lat' dir='ltr'>creatae3</span> <span class='ocrx_word' id='word_1_372' title='bbox 1449 3541 1508 3594; x_wconf 89' lang='lat' dir='ltr'>et</span> <span class='ocrx_word' id='word_1_373' title='bbox 1560 3534 1803 3596; x_wconf 89' lang='lat' dir='ltr'>dictum</span> <span class='ocrx_word' id='word_1_374' title='bbox 1854 3536 1931 3596; x_wconf 90' lang='lat' dir='ltr'>de</span> 
     </span>
     <span class='ocr_line' id='line_1_54' title="bbox 425 3631 1930 3705; baseline -0.001 -9"><span class='ocrx_word' id='word_1_375' title='bbox 425 3634 745 3705; x_wconf 79' lang='lat' dir='ltr'>creatore,</span> <span class='ocrx_word' id='word_1_376' title='bbox 779 3650 907 3693; x_wconf 91' lang='lat' dir='ltr'>non</span> <span class='ocrx_word' id='word_1_377' title='bbox 952 3632 1248 3694; x_wconf 87' lang='lat' dir='ltr'>convenit</span> <span class='ocrx_word' id='word_1_378' title='bbox 1296 3631 1475 3705; x_wconf 85' lang='lat' dir='ltr'>Filio,</span> <span class='ocrx_word' id='word_1_379' title='bbox 1509 3632 1617 3693; x_wconf 91' lang='lat' dir='ltr'>sed</span> <span class='ocrx_word' id='word_1_380' title='bbox 1660 3632 1824 3693; x_wconf 88' lang='lat' dir='ltr'>Patri</span> <span class='ocrx_word' id='word_1_381' title='bbox 1870 3641 1930 3694; x_wconf 88' lang='lat' dir='ltr'>et</span> 
     </span>
     <span class='ocr_line' id='line_1_55' title="bbox 424 3730 1932 3813; baseline -0.001 -19"><span class='ocrx_word' id='word_1_382' title='bbox 424 3731 695 3813; x_wconf 84' lang='lat' dir='ltr'>Spiritui</span> <span class='ocrx_word' id='word_1_383' title='bbox 730 3730 961 3792; x_wconf 89' lang='lat' dir='ltr'>Sancto</span> <span class='ocrx_word' id='word_1_384' title='bbox 1000 3737 1189 3811; x_wconf 84' lang='lat' dir='ltr'>atque</span> <span class='ocrx_word' id='word_1_385' title='bbox 1222 3730 1455 3791; x_wconf 61' lang='lat' dir='ltr'>divina»,</span> <span class='ocrx_word' id='word_1_386' title='bbox 1494 3731 1785 3793; x_wconf 60' lang='lat' dir='ltr'>essentia}</span> <span class='ocrx_word' id='word_1_387' title='bbox 1821 3749 1835 3793; x_wconf 73' lang='grc' dir='ltr'>ε</span> <span class='ocrx_word' id='word_1_388' title='bbox 1869 3739 1932 3793; x_wconf 88' lang='grc' dir='ltr'>θῖ</span> 
     </span>
     <span class='ocr_line' id='line_1_56' title="bbox 422 3828 1932 3909; baseline 0 -18"><span class='ocrx_word' id='word_1_389' title='bbox 422 3830 519 3892; x_wconf 88' lang='lat' dir='ltr'>sic</span> <span class='ocrx_word' id='word_1_390' title='bbox 568 3848 793 3891; x_wconf 87' lang='lat' dir='ltr'>rursus</span> <span class='ocrx_word' id='word_1_391' title='bbox 844 3846 971 3891; x_wconf 90' lang='lat' dir='ltr'>non</span> <span class='ocrx_word' id='word_1_392' title='bbox 1020 3834 1116 3889; x_wconf 92' lang='lat' dir='ltr'>est</span> <span class='ocrx_word' id='word_1_393' title='bbox 1161 3828 1357 3901; x_wconf 90' lang='lat' dir='ltr'>notio,</span> <span class='ocrx_word' id='word_1_394' title='bbox 1392 3848 1592 3909; x_wconf 89' lang='lat' dir='ltr'>quum</span> <span class='ocrx_word' id='word_1_395' title='bbox 1637 3829 1719 3889; x_wconf 91' lang='lat' dir='ltr'>sit</span> <span class='ocrx_word' id='word_1_396' title='bbox 1766 3848 1932 3891; x_wconf 90' lang='lat' dir='ltr'>com-</span> 
     </span>
     <span class='ocr_line' id='line_1_57' title="bbox 423 3926 1929 4009; baseline -0.001 -18"><span class='ocrx_word' id='word_1_397' title='bbox 423 3946 620 3991; x_wconf 90' lang='lat' dir='ltr'>mune</span> <span class='ocrx_word' id='word_1_398' title='bbox 654 3926 935 3989; x_wconf 85' lang='lat' dir='ltr'>Creatori</span> <span class='ocrx_word' id='word_1_399' title='bbox 966 3934 1028 3987; x_wconf 90' lang='lat' dir='ltr'>et</span> <span class='ocrx_word' id='word_1_400' title='bbox 1058 3934 1385 3996; x_wconf 78' lang='lat' dir='ltr'>creaturae,</span> <span class='ocrx_word' id='word_1_401' title='bbox 1411 3926 1643 3989; x_wconf 80' lang='lat' dir='ltr'>divinae</span> <span class='ocrx_word' id='word_1_402' title='bbox 1675 3946 1929 4009; x_wconf 88' lang='lat' dir='ltr'>quoque</span> 
     </span>
     <span class='ocr_line' id='line_1_58' title="bbox 420 4024 1928 4107; baseline -0.001 -18"><span class='ocrx_word' id='word_1_403' title='bbox 420 4026 719 4089; x_wconf 64' lang='lat' dir='ltr'>essentiae</span> <span class='ocrx_word' id='word_1_404' title='bbox 778 4043 852 4086; x_wconf 89' lang='lat' dir='ltr'>ac</span> <span class='ocrx_word' id='word_1_405' title='bbox 910 4024 1200 4105; x_wconf 88' lang='lat' dir='ltr'>personis</span> <span class='ocrx_word' id='word_1_406' title='bbox 1260 4024 1527 4085; x_wconf 81' lang='lat' dir='ltr'>duabus,</span> <span class='ocrx_word' id='word_1_407' title='bbox 1588 4026 1928 4107; x_wconf 90' lang='lat' dir='ltr'>Sumptum</span> 
     </span>
     <span class='ocr_line' id='line_1_59' title="bbox 420 4123 1930 4205; baseline -0.001 -18"><span class='ocrx_word' id='word_1_408' title='bbox 420 4143 578 4187; x_wconf 83' lang='lat' dir='ltr'>vero</span> <span class='ocrx_word' id='word_1_409' title='bbox 625 4123 910 4186; x_wconf 88' lang='lat' dir='ltr'>secundo</span> <span class='ocrx_word' id='word_1_410' title='bbox 958 4123 1167 4197; x_wconf 90' lang='lat' dir='ltr'>modo,</span> <span class='ocrx_word' id='word_1_411' title='bbox 1201 4123 1408 4184; x_wconf 86' lang='lat' dir='ltr'>adhuc</span> <span class='ocrx_word' id='word_1_412' title='bbox 1458 4123 1797 4205; x_wconf 85' lang='lat' dir='ltr'>tripliciter</span> <span class='ocrx_word' id='word_1_413' title='bbox 1839 4126 1930 4187; x_wconf 91' lang='lat' dir='ltr'>di-</span> 
     </span>
    </p>
   </div>
   <div class='ocr_carea' id='block_1_10' title="bbox 2039 3139 3535 4205">
    <p class='ocr_par' dir='ltr' id='par_1_10' title="bbox 2039 3139 3535 4205">
     <span class='ocr_line' id='line_1_60' title="bbox 2040 3139 3534 3222; baseline 0.001 -21"><span class='ocrx_word' id='word_1_414' title='bbox 2040 3140 2362 3222; x_wconf 91' lang='lat' dir='ltr'>principio</span> <span class='ocrx_word' id='word_1_415' title='bbox 2401 3139 2466 3200; x_wconf 90' lang='lat' dir='ltr'>in</span> <span class='ocrx_word' id='word_1_416' title='bbox 2507 3139 2764 3214; x_wconf 91' lang='lat' dir='ltr'>divinis,</span> <span class='ocrx_word' id='word_1_417' title='bbox 2798 3140 2967 3220; x_wconf 90' lang='lat' dir='ltr'>quod</span> <span class='ocrx_word' id='word_1_418' title='bbox 3000 3140 3065 3201; x_wconf 89' lang='lat' dir='ltr'>in</span> <span class='ocrx_word' id='word_1_419' title='bbox 3105 3140 3412 3202; x_wconf 86' lang='lat' dir='ltr'>creaturis</span> <span class='ocrx_word' id='word_1_420' title='bbox 3441 3160 3534 3202; x_wconf 92' lang='lat' dir='ltr'>es—</span> 
     </span>
     <span class='ocr_line' id='line_1_61' title="bbox 2041 3238 3532 3321; baseline 0 -20"><span class='ocrx_word' id='word_1_421' title='bbox 2041 3247 2136 3301; x_wconf 89' lang='lat' dir='ltr'>set</span> <span class='ocrx_word' id='word_1_422' title='bbox 2188 3238 2468 3321; x_wconf 91' lang='lat' dir='ltr'>primum</span> <span class='ocrx_word' id='word_1_423' title='bbox 2524 3238 2938 3320; x_wconf 90' lang='lat' dir='ltr'>principium,</span> <span class='ocrx_word' id='word_1_424' title='bbox 2980 3239 3130 3319; x_wconf 90' lang='lat' dir='ltr'>quia</span> <span class='ocrx_word' id='word_1_425' title='bbox 3183 3240 3247 3300; x_wconf 90' lang='lat' dir='ltr'>in</span> <span class='ocrx_word' id='word_1_426' title='bbox 3297 3240 3390 3301; x_wconf 91' lang='lat' dir='ltr'>eis</span> <span class='ocrx_word' id='word_1_427' title='bbox 3439 3248 3532 3301; x_wconf 89' lang='lat' dir='ltr'>est</span> 
     </span>
     <span class='ocr_line' id='line_1_62' title="bbox 2042 3336 3535 3419; baseline -0.001 -21"><span class='ocrx_word' id='word_1_428' title='bbox 2042 3337 2221 3419; x_wconf 89' lang='lat' dir='ltr'>prius</span> <span class='ocrx_word' id='word_1_429' title='bbox 2261 3344 2326 3398; x_wconf 89' lang='lat' dir='ltr'>et</span> <span class='ocrx_word' id='word_1_430' title='bbox 2363 3336 2680 3417; x_wconf 86' lang='lat' dir='ltr'>posterius</span> <span class='ocrx_word' id='word_1_431' title='bbox 2716 3354 2729 3397; x_wconf 75' lang='grc' dir='ltr'><em>τ</em></span> <span class='ocrx_word' id='word_1_432' title='bbox 2763 3337 2982 3417; x_wconf 89' lang='lat' dir='ltr'>sicque</span> <span class='ocrx_word' id='word_1_433' title='bbox 3021 3336 3393 3398; x_wconf 79' lang='lat' dir='ltr'>notificatur</span> <span class='ocrx_word' id='word_1_434' title='bbox 3422 3354 3535 3418; x_wconf 89' lang='lat' dir='ltr'>per</span> 
     </span>
     <span class='ocr_line' id='line_1_63' title="bbox 2042 3436 3534 3517; baseline 0 -20"><span class='ocrx_word' id='word_1_435' title='bbox 2042 3436 2400 3515; x_wconf 87' lang='lat' dir='ltr'>ingenitum</span> <span class='ocrx_word' id='word_1_436' title='bbox 2451 3442 2747 3516; x_wconf 68' lang='lat' dir='ltr'>praetacto</span> <span class='ocrx_word' id='word_1_437' title='bbox 2792 3436 2980 3497; x_wconf 92' lang='lat' dir='ltr'>modo</span> <span class='ocrx_word' id='word_1_438' title='bbox 3027 3444 3382 3517; x_wconf 88' lang='lat' dir='ltr'>acceptum.</span> <span class='ocrx_word' id='word_1_439' title='bbox 3433 3436 3534 3497; x_wconf 85' lang='lat' dir='ltr'>Se·</span> 
     </span>
     <span class='ocr_line' id='line_1_64' title="bbox 2042 3534 3531 3616; baseline 0 -21"><span class='ocrx_word' id='word_1_440' title='bbox 2042 3534 2272 3606; x_wconf 92' lang='lat' dir='ltr'>cundo,</span> <span class='ocrx_word' id='word_1_441' title='bbox 2328 3534 2393 3594; x_wconf 92' lang='lat' dir='ltr'>in</span> <span class='ocrx_word' id='word_1_442' title='bbox 2443 3539 2749 3613; x_wconf 87' lang='lat' dir='ltr'>quantum</span> <span class='ocrx_word' id='word_1_443' title='bbox 2804 3534 2940 3615; x_wconf 89' lang='lat' dir='ltr'>ipse</span> <span class='ocrx_word' id='word_1_444' title='bbox 2987 3541 3083 3595; x_wconf 89' lang='lat' dir='ltr'>est</span> <span class='ocrx_word' id='word_1_445' title='bbox 3139 3534 3531 3616; x_wconf 89' lang='lat' dir='ltr'>principium</span> 
     </span>
     <span class='ocr_line' id='line_1_65' title="bbox 2042 3630 3532 3713; baseline 0.001 -20"><span class='ocrx_word' id='word_1_446' title='bbox 2042 3650 2155 3713; x_wconf 89' lang='lat' dir='ltr'>per</span> <span class='ocrx_word' id='word_1_447' title='bbox 2185 3630 2678 3711; x_wconf 86' lang='lat' dir='ltr'>generationem,</span> <span class='ocrx_word' id='word_1_448' title='bbox 2713 3640 2774 3693; x_wconf 89' lang='lat' dir='ltr'>et</span> <span class='ocrx_word' id='word_1_449' title='bbox 2805 3632 2897 3694; x_wconf 92' lang='lat' dir='ltr'>sic</span> <span class='ocrx_word' id='word_1_450' title='bbox 2930 3632 3273 3713; x_wconf 89' lang='lat' dir='ltr'>paternitas</span> <span class='ocrx_word' id='word_1_451' title='bbox 3303 3640 3400 3693; x_wconf 91' lang='lat' dir='ltr'>est</span> <span class='ocrx_word' id='word_1_452' title='bbox 3431 3650 3532 3694; x_wconf 90' lang='lat' dir='ltr'>no-</span> 
     </span>
     <span class='ocr_line' id='line_1_66' title="bbox 2039 3728 3530 3812; baseline 0 -20"><span class='ocrx_word' id='word_1_453' title='bbox 2039 3731 2129 3793; x_wconf 90' lang='lat' dir='ltr'>tio</span> <span class='ocrx_word' id='word_1_454' title='bbox 2176 3730 2338 3811; x_wconf 83' lang='lat' dir='ltr'>ejuS.</span> <span class='ocrx_word' id='word_1_455' title='bbox 2373 3728 2602 3805; x_wconf 88' lang='lat' dir='ltr'>Tertio,</span> <span class='ocrx_word' id='word_1_456' title='bbox 2648 3738 2716 3791; x_wconf 90' lang='lat' dir='ltr'>ut</span> <span class='ocrx_word' id='word_1_457' title='bbox 2765 3731 3058 3812; x_wconf 89' lang='lat' dir='ltr'>producit</span> <span class='ocrx_word' id='word_1_458' title='bbox 3106 3730 3426 3812; x_wconf 91' lang='lat' dir='ltr'>spirand0,</span> <span class='ocrx_word' id='word_1_459' title='bbox 3467 3738 3530 3792; x_wconf 89' lang='lat' dir='ltr'>et</span> 
     </span>
     <span class='ocr_line' id='line_1_67' title="bbox 2039 3828 3394 3909; baseline -0.001 -19"><span class='ocrx_word' id='word_1_460' title='bbox 2039 3830 2133 3890; x_wconf 91' lang='lat' dir='ltr'>sic</span> <span class='ocrx_word' id='word_1_461' title='bbox 2177 3828 2537 3889; x_wconf 90' lang='lat' dir='ltr'>communis</span> <span class='ocrx_word' id='word_1_462' title='bbox 2581 3828 2843 3909; x_wconf 90' lang='lat' dir='ltr'>spiratio</span> <span class='ocrx_word' id='word_1_463' title='bbox 2884 3828 3023 3908; x_wconf 88' lang='lat' dir='ltr'>ejus</span> <span class='ocrx_word' id='word_1_464' title='bbox 3066 3835 3161 3889; x_wconf 88' lang='lat' dir='ltr'>est</span> <span class='ocrx_word' id='word_1_465' title='bbox 3204 3828 3394 3890; x_wconf 78' lang='lat' dir='ltr'>notio,</span> 
     </span>
     <span class='ocr_line' id='line_1_68' title="bbox 2117 3927 3529 4010; baseline 0 -20"><span class='ocrx_word' id='word_1_466' title='bbox 2117 3928 2246 3990; x_wconf 88' lang='lat' dir='ltr'>Nec</span> <span class='ocrx_word' id='word_1_467' title='bbox 2302 3927 2508 3989; x_wconf 89' lang='lat' dir='ltr'>solum</span> <span class='ocrx_word' id='word_1_468' title='bbox 2559 3935 2654 3988; x_wconf 91' lang='grc' dir='ltr'>θεῖ</span> <span class='ocrx_word' id='word_1_469' title='bbox 2708 3928 2882 3989; x_wconf 90' lang='lat' dir='ltr'>notio</span> <span class='ocrx_word' id='word_1_470' title='bbox 2928 3928 3125 3989; x_wconf 87' lang='lat' dir='ltr'>Patris</span> <span class='ocrx_word' id='word_1_471' title='bbox 3177 3929 3236 4010; x_wconf 90' lang='lat' dir='ltr'>ly</span> <span class='ocrx_word' id='word_1_472' title='bbox 3287 3928 3529 4009; x_wconf 89' lang='lat' dir='ltr'>ingeni-</span> 
     </span>
     <span class='ocr_line' id='line_1_69' title="bbox 2040 4025 3528 4107; baseline 0.001 -21"><span class='ocrx_word' id='word_1_473' title='bbox 2040 4033 2199 4099; x_wconf 92' lang='lat' dir='ltr'>tum,</span> <span class='ocrx_word' id='word_1_474' title='bbox 2233 4026 2342 4087; x_wconf 90' lang='lat' dir='ltr'>sed</span> <span class='ocrx_word' id='word_1_475' title='bbox 2375 4025 2526 4086; x_wconf 83' lang='lat' dir='ltr'>item</span> <span class='ocrx_word' id='word_1_476' title='bbox 2561 4026 2932 4107; x_wconf 86' lang='lat' dir='ltr'>proprietas,</span> <span class='ocrx_word' id='word_1_477' title='bbox 2967 4026 3264 4107; x_wconf 89' lang='lat' dir='ltr'>quoniam</span> <span class='ocrx_word' id='word_1_478' title='bbox 3302 4044 3528 4089; x_wconf 83' lang='lat' dir='ltr'>conve—</span> 
     </span>
     <span class='ocr_line' id='line_1_70' title="bbox 2040 4123 3529 4205; baseline 0.001 -20"><span class='ocrx_word' id='word_1_479' title='bbox 2040 4124 2135 4186; x_wconf 89' lang='lat' dir='ltr'>nit</span> <span class='ocrx_word' id='word_1_480' title='bbox 2164 4124 2220 4185; x_wconf 90' lang='lat' dir='ltr'>ei</span> <span class='ocrx_word' id='word_1_481' title='bbox 2253 4123 2390 4185; x_wconf 90' lang='lat' dir='ltr'>soli.</span> <span class='ocrx_word' id='word_1_482' title='bbox 2410 4124 2860 4185; x_wconf 80' lang='lat' dir='ltr'>Verumtamen</span> <span class='ocrx_word' id='word_1_483' title='bbox 2894 4142 3020 4185; x_wconf 91' lang='lat' dir='ltr'>non</span> <span class='ocrx_word' id='word_1_484' title='bbox 3051 4130 3146 4185; x_wconf 89' lang='lat' dir='ltr'>est</span> <span class='ocrx_word' id='word_1_485' title='bbox 3177 4124 3529 4205; x_wconf 85' lang='lat' dir='ltr'>proprietas</span> 
     </span>
    </p>
   </div>
   <div class='ocr_carea' id='block_1_11' title="bbox 422 4220 3528 4304">
    <p class='ocr_par' dir='ltr' id='par_1_11' title="bbox 422 4220 3528 4304">
     <span class='ocr_line' id='line_1_71' title="bbox 422 4220 3528 4304; baseline -0 -19"><span class='ocrx_word' id='word_1_486' title='bbox 422 4224 593 4286; x_wconf 88' lang='lat' dir='ltr'>citur</span> <span class='ocrx_word' id='word_1_487' title='bbox 628 4239 643 4284; x_wconf 76' lang='grc' dir='ltr'><strong>ε</strong></span> <span class='ocrx_word' id='word_1_488' title='bbox 678 4220 833 4303; x_wconf 85' lang='lat' dir='ltr'>quia</span> <span class='ocrx_word' id='word_1_489' title='bbox 864 4221 961 4283; x_wconf 89' lang='lat' dir='ltr'>vel</span> <span class='ocrx_word' id='word_1_490' title='bbox 1004 4220 1255 4301; x_wconf 87' lang='lat' dir='ltr'>negatio</span> <span class='ocrx_word' id='word_1_491' title='bbox 1287 4228 1473 4301; x_wconf 87' lang='lat' dir='ltr'>negat</span> <span class='ocrx_word' id='word_1_492' title='bbox 1510 4240 1709 4301; x_wconf 89' lang='lat' dir='ltr'>genus</span> <span class='ocrx_word' id='word_1_493' title='bbox 1742 4241 1927 4302; x_wconf 87' lang='lat' dir='ltr'>gene·</span> <span class='ocrx_word' id='word_1_494' title='bbox 1959 4228 2010 4291; x_wconf 91' lang='lat' dir='ltr'>D</span> <span class='ocrx_word' id='word_1_495' title='bbox 2042 4221 2414 4304; x_wconf 88' lang='lat' dir='ltr'>personalis,</span> <span class='ocrx_word' id='word_1_496' title='bbox 2476 4222 2778 4303; x_wconf 88' lang='lat' dir='ltr'>quoniam</span> <span class='ocrx_word' id='word_1_497' title='bbox 2843 4223 3278 4303; x_wconf 68' lang='lat' dir='ltr'>pra-supponit</span> <span class='ocrx_word' id='word_1_498' title='bbox 3337 4223 3528 4284; x_wconf 87' lang='lat' dir='ltr'>ratio-</span> 
     </span>
    </p>
   </div>
   <div class='ocr_carea' id='block_1_12' title="bbox 418 4318 1928 5384">
    <p class='ocr_par' dir='ltr' id='par_1_12' title="bbox 418 4318 1928 5384">
     <span class='ocr_line' id='line_1_72' title="bbox 420 4318 1927 4401; baseline -0.001 -17"><span class='ocrx_word' id='word_1_499' title='bbox 420 4320 689 4384; x_wconf 84' lang='lat' dir='ltr'>rationis</span> <span class='ocrx_word' id='word_1_500' title='bbox 742 4319 911 4401; x_wconf 89' lang='lat' dir='ltr'>quod</span> <span class='ocrx_word' id='word_1_501' title='bbox 956 4327 1052 4380; x_wconf 89' lang='lat' dir='ltr'>est</span> <span class='ocrx_word' id='word_1_502' title='bbox 1096 4338 1235 4380; x_wconf 88' lang='lat' dir='ltr'>esse</span> <span class='ocrx_word' id='word_1_503' title='bbox 1276 4318 1357 4380; x_wconf 90' lang='lat' dir='ltr'>ab</span> <span class='ocrx_word' id='word_1_504' title='bbox 1401 4318 1562 4397; x_wconf 89' lang='lat' dir='ltr'>alio;</span> <span class='ocrx_word' id='word_1_505' title='bbox 1596 4320 1696 4382; x_wconf 92' lang='lat' dir='ltr'>vel</span> <span class='ocrx_word' id='word_1_506' title='bbox 1742 4328 1927 4401; x_wconf 86' lang='lat' dir='ltr'>negat</span> 
     </span>
     <span class='ocr_line' id='line_1_73' title="bbox 420 4417 1926 4503; baseline 0 -21"><span class='ocrx_word' id='word_1_507' title='bbox 420 4420 709 4503; x_wconf 88' lang='lat' dir='ltr'>speciem</span> <span class='ocrx_word' id='word_1_508' title='bbox 762 4417 1180 4499; x_wconf 91' lang='lat' dir='ltr'>supponendo</span> <span class='ocrx_word' id='word_1_509' title='bbox 1225 4436 1448 4497; x_wconf 87' lang='lat' dir='ltr'>genus,</span> <span class='ocrx_word' id='word_1_510' title='bbox 1496 4425 1565 4478; x_wconf 82' lang='lat' dir='ltr'>ut</span> <span class='ocrx_word' id='word_1_511' title='bbox 1614 4418 1693 4480; x_wconf 90' lang='lat' dir='ltr'>sit</span> <span class='ocrx_word' id='word_1_512' title='bbox 1744 4421 1926 4500; x_wconf 90' lang='lat' dir='ltr'>quasi</span> 
     </span>
     <span class='ocr_line' id='line_1_74' title="bbox 421 4502 1927 4599; baseline -0.001 -19"><span class='ocrx_word' id='word_1_513' title='bbox 421 4517 673 4599; x_wconf 82' lang='lat' dir='ltr'>species</span> <span class='ocrx_word' id='word_1_514' title='bbox 706 4515 809 4577; x_wconf 86' lang='lat' dir='ltr'>vel</span> <span class='ocrx_word' id='word_1_515' title='bbox 839 4513 1207 4577; x_wconf 80' lang='lat' dir='ltr'>differentia</span> <span class='ocrx_word' id='word_1_516' title='bbox 1244 4515 1535 4577; x_wconf 90' lang='lat' dir='ltr'>dividens</span> <span class='ocrx_word' id='word_1_517' title='bbox 1575 4502 1777 4597; x_wconf 84' lang='lat' dir='ltr'>genus</span> <span class='ocrx_word' id='word_1_518' title='bbox 1806 4518 1927 4579; x_wconf 91' lang='lat' dir='ltr'>hoc</span> 
     </span>
     <span class='ocr_line' id='line_1_75' title="bbox 418 4612 1928 4697; baseline -0.001 -19"><span class='ocrx_word' id='word_1_519' title='bbox 418 4616 595 4697; x_wconf 91' lang='lat' dir='ltr'>quod</span> <span class='ocrx_word' id='word_1_520' title='bbox 634 4622 733 4677; x_wconf 88' lang='lat' dir='ltr'>est</span> <span class='ocrx_word' id='word_1_521' title='bbox 772 4632 911 4675; x_wconf 89' lang='lat' dir='ltr'>esse</span> <span class='ocrx_word' id='word_1_522' title='bbox 950 4612 1031 4674; x_wconf 89' lang='lat' dir='ltr'>ab</span> <span class='ocrx_word' id='word_1_523' title='bbox 1074 4612 1235 4691; x_wconf 89' lang='lat' dir='ltr'>alio;</span> <span class='ocrx_word' id='word_1_524' title='bbox 1280 4613 1577 4695; x_wconf 90' lang='lat' dir='ltr'>denique,</span> <span class='ocrx_word' id='word_1_525' title='bbox 1622 4615 1687 4676; x_wconf 92' lang='lat' dir='ltr'>in</span> <span class='ocrx_word' id='word_1_526' title='bbox 1732 4636 1928 4697; x_wconf 90' lang='lat' dir='ltr'>quan—</span> 
     </span>
     <span class='ocr_line' id='line_1_76' title="bbox 424 4710 1924 4794; baseline 0 -18"><span class='ocrx_word' id='word_1_527' title='bbox 424 4722 562 4776; x_wconf 90' lang='lat' dir='ltr'>tum</span> <span class='ocrx_word' id='word_1_528' title='bbox 608 4710 863 4793; x_wconf 86' lang='lat' dir='ltr'>negatio</span> <span class='ocrx_word' id='word_1_529' title='bbox 906 4710 1027 4772; x_wconf 87' lang='lat' dir='ltr'>ista</span> <span class='ocrx_word' id='word_1_530' title='bbox 1066 4710 1373 4773; x_wconf 79' lang='lat' dir='ltr'>fundatur</span> <span class='ocrx_word' id='word_1_531' title='bbox 1411 4731 1604 4794; x_wconf 91' lang='lat' dir='ltr'>snper</span> <span class='ocrx_word' id='word_1_532' title='bbox 1644 4712 1924 4776; x_wconf 79' lang='lat' dir='ltr'>affirma-</span> 
     </span>
     <span class='ocr_line' id='line_1_77' title="bbox 422 4809 1927 4875; baseline 0.001 -2"><span class='ocrx_word' id='word_1_533' title='bbox 422 4812 629 4874; x_wconf 77' lang='lat' dir='ltr'>tivum</span> <span class='ocrx_word' id='word_1_534' title='bbox 690 4809 955 4871; x_wconf 88' lang='lat' dir='ltr'>modum</span> <span class='ocrx_word' id='word_1_535' title='bbox 1014 4809 1357 4871; x_wconf 83' lang='lat' dir='ltr'>exsistendi</span> <span class='ocrx_word' id='word_1_536' title='bbox 1416 4809 1498 4871; x_wconf 90' lang='lat' dir='ltr'>ab</span> <span class='ocrx_word' id='word_1_537' title='bbox 1557 4811 1683 4872; x_wconf 88' lang='lat' dir='ltr'>alio</span> <span class='ocrx_word' id='word_1_538' title='bbox 1743 4812 1927 4875; x_wconf 91' lang='lat' dir='ltr'>aliter</span> 
     </span>
     <span class='ocr_line' id='line_1_78' title="bbox 418 4906 1926 4993; baseline 0.001 -22"><span class='ocrx_word' id='word_1_539' title='bbox 418 4929 615 4993; x_wconf 87' lang='lat' dir='ltr'>quam</span> <span class='ocrx_word' id='word_1_540' title='bbox 667 4926 785 4990; x_wconf 89' lang='lat' dir='ltr'>per</span> <span class='ocrx_word' id='word_1_541' title='bbox 830 4906 1325 4988; x_wconf 87' lang='lat' dir='ltr'>generationem,</span> <span class='ocrx_word' id='word_1_542' title='bbox 1382 4914 1531 4969; x_wconf 90' lang='lat' dir='ltr'>tunc</span> <span class='ocrx_word' id='word_1_543' title='bbox 1580 4909 1682 4971; x_wconf 84' lang='lat' dir='ltr'>vel</span> <span class='ocrx_word' id='word_1_544' title='bbox 1741 4919 1926 4991; x_wconf 87' lang='lat' dir='ltr'>negat</span> 
     </span>
     <span class='ocr_line' id='line_1_79' title="bbox 418 5006 1925 5091; baseline 0 -20"><span class='ocrx_word' id='word_1_545' title='bbox 418 5008 702 5091; x_wconf 89' lang='lat' dir='ltr'>speciem</span> <span class='ocrx_word' id='word_1_546' title='bbox 732 5006 951 5079; x_wconf 87' lang='lat' dir='ltr'>solam,</span> <span class='ocrx_word' id='word_1_547' title='bbox 972 5024 1089 5066; x_wconf 91' lang='lat' dir='ltr'>nec</span> <span class='ocrx_word' id='word_1_548' title='bbox 1119 5007 1538 5088; x_wconf 89' lang='lat' dir='ltr'>supponendo</span> <span class='ocrx_word' id='word_1_549' title='bbox 1565 5026 1788 5087; x_wconf 80' lang='lat' dir='ltr'>genuS,</span> <span class='ocrx_word' id='word_1_550' title='bbox 1808 5028 1925 5071; x_wconf 92' lang='lat' dir='ltr'>nec</span> 
     </span>
     <span class='ocr_line' id='line_1_80' title="bbox 420 5103 1923 5187; baseline -0.001 -18"><span class='ocrx_word' id='word_1_551' title='bbox 420 5107 579 5169; x_wconf 91' lang='lat' dir='ltr'>illud</span> <span class='ocrx_word' id='word_1_552' title='bbox 621 5104 915 5187; x_wconf 84' lang='lat' dir='ltr'>negando</span> <span class='ocrx_word' id='word_1_553' title='bbox 956 5103 1080 5165; x_wconf 89' lang='lat' dir='ltr'>nisi</span> <span class='ocrx_word' id='word_1_554' title='bbox 1120 5103 1473 5165; x_wconf 89' lang='lat' dir='ltr'>secundum</span> <span class='ocrx_word' id='word_1_555' title='bbox 1515 5106 1684 5185; x_wconf 90' lang='lat' dir='ltr'>quod</span> <span class='ocrx_word' id='word_1_556' title='bbox 1724 5114 1819 5167; x_wconf 89' lang='lat' dir='ltr'>est</span> <span class='ocrx_word' id='word_1_557' title='bbox 1859 5106 1923 5169; x_wconf 90' lang='lat' dir='ltr'>in</span> 
     </span>
     <span class='ocr_line' id='line_1_81' title="bbox 418 5201 1923 5288; baseline -0.003 -19"><span class='ocrx_word' id='word_1_558' title='bbox 418 5204 658 5288; x_wconf 88' lang='lat' dir='ltr'>specie.</span> <span class='ocrx_word' id='word_1_559' title='bbox 694 5203 763 5265; x_wconf 92' lang='lat' dir='ltr'>Si</span> <span class='ocrx_word' id='word_1_560' title='bbox 794 5202 1005 5284; x_wconf 91' lang='lat' dir='ltr'>primo</span> <span class='ocrx_word' id='word_1_561' title='bbox 1047 5201 1255 5275; x_wconf 89' lang='lat' dir='ltr'>mod0,</span> <span class='ocrx_word' id='word_1_562' title='bbox 1290 5220 1489 5282; x_wconf 88' lang='lat' dir='ltr'>quum</span> <span class='ocrx_word' id='word_1_563' title='bbox 1521 5202 1649 5264; x_wconf 91' lang='lat' dir='ltr'>sint</span> <span class='ocrx_word' id='word_1_564' title='bbox 1682 5211 1923 5265; x_wconf 87' lang='lat' dir='ltr'>tantum</span> 
     </span>
     <span class='ocr_line' id='line_1_82' title="bbox 419 5299 1924 5384; baseline -0.003 -17"><span class='ocrx_word' id='word_1_565' title='bbox 419 5305 549 5367; x_wconf 92' lang='lat' dir='ltr'>duo</span> <span class='ocrx_word' id='word_1_566' title='bbox 586 5320 825 5384; x_wconf 82' lang='lat' dir='ltr'>genera</span> <span class='ocrx_word' id='word_1_567' title='bbox 868 5300 938 5361; x_wconf 92' lang='lat' dir='ltr'>in</span> <span class='ocrx_word' id='word_1_568' title='bbox 982 5299 1241 5374; x_wconf 81' lang='lat' dir='ltr'>diviniS,</span> <span class='ocrx_word' id='word_1_569' title='bbox 1274 5299 1630 5362; x_wconf 87' lang='lat' dir='ltr'>substantia</span> <span class='ocrx_word' id='word_1_570' title='bbox 1668 5309 1730 5362; x_wconf 90' lang='lat' dir='ltr'>et</span> <span class='ocrx_word' id='word_1_571' title='bbox 1769 5302 1924 5364; x_wconf 89' lang='lat' dir='ltr'>rela-</span> 
     </span>
    </p>
   </div>
   <div class='ocr_carea' id='block_1_13' title="bbox 2034 4322 3529 5386">
    <p class='ocr_par' dir='ltr' id='par_1_13' title="bbox 2034 4322 3529 5386">
     <span class='ocr_line' id='line_1_83' title="bbox 2040 4322 3529 4405; baseline 0.001 -20"><span class='ocrx_word' id='word_1_572' title='bbox 2040 4343 2186 4385; x_wconf 89' lang='lat' dir='ltr'>nem</span> <span class='ocrx_word' id='word_1_573' title='bbox 2219 4322 2542 4404; x_wconf 90' lang='lat' dir='ltr'>principii,</span> <span class='ocrx_word' id='word_1_574' title='bbox 2573 4330 2725 4404; x_wconf 86' lang='lat' dir='ltr'>puta</span> <span class='ocrx_word' id='word_1_575' title='bbox 2758 4322 3196 4404; x_wconf 85' lang='lat' dir='ltr'>paternitatem</span> <span class='ocrx_word' id='word_1_576' title='bbox 3225 4340 3238 4384; x_wconf 75' lang='grc' dir='ltr'><strong>ε</strong></span> <span class='ocrx_word' id='word_1_577' title='bbox 3263 4343 3403 4405; x_wconf 78' lang='lat' dir='ltr'>quae.</span> <span class='ocrx_word' id='word_1_578' title='bbox 3433 4332 3529 4386; x_wconf 91' lang='lat' dir='ltr'>est</span> 
     </span>
     <span class='ocr_line' id='line_1_84' title="bbox 2039 4421 3528 4504; baseline 0.001 -21"><span class='ocrx_word' id='word_1_579' title='bbox 2039 4421 2391 4503; x_wconf 89' lang='lat' dir='ltr'>proprietas</span> <span class='ocrx_word' id='word_1_580' title='bbox 2439 4421 2637 4483; x_wconf 89' lang='lat' dir='ltr'>Patris</span> <span class='ocrx_word' id='word_1_581' title='bbox 2689 4422 3116 4497; x_wconf 84' lang='lat' dir='ltr'>constitutiva,</span> <span class='ocrx_word' id='word_1_582' title='bbox 3160 4423 3312 4504; x_wconf 92' lang='lat' dir='ltr'>quia</span> <span class='ocrx_word' id='word_1_583' title='bbox 3359 4424 3528 4504; x_wconf 90' lang='lat' dir='ltr'>quod</span> 
     </span>
     <span class='ocr_line' id='line_1_85' title="bbox 2039 4519 3528 4603; baseline 0.003 -24"><span class='ocrx_word' id='word_1_584' title='bbox 2039 4519 2318 4600; x_wconf 90' lang='lat' dir='ltr'>primum</span> <span class='ocrx_word' id='word_1_585' title='bbox 2361 4527 2456 4580; x_wconf 84' lang='lat' dir='ltr'>est</span> <span class='ocrx_word' id='word_1_586' title='bbox 2498 4519 2563 4579; x_wconf 92' lang='lat' dir='ltr'>in</span> <span class='ocrx_word' id='word_1_587' title='bbox 2603 4538 2694 4591; x_wconf 89' lang='lat' dir='ltr'>re,</span> <span class='ocrx_word' id='word_1_588' title='bbox 2727 4528 2820 4581; x_wconf 89' lang='lat' dir='ltr'>est</span> <span class='ocrx_word' id='word_1_589' title='bbox 2863 4520 3343 4582; x_wconf 85' lang='lat' dir='ltr'>constitutivum</span> <span class='ocrx_word' id='word_1_590' title='bbox 3379 4522 3528 4603; x_wconf 89' lang='lat' dir='ltr'>ipsi-</span> 
     </span>
     <span class='ocr_line' id='line_1_86' title="bbox 2038 4614 3527 4697; baseline 0 -20"><span class='ocrx_word' id='word_1_591' title='bbox 2038 4635 2131 4677; x_wconf 92' lang='lat' dir='ltr'>us.</span> <span class='ocrx_word' id='word_1_592' title='bbox 2166 4615 2327 4676; x_wconf 86' lang='lat' dir='ltr'>Hinc</span> <span class='ocrx_word' id='word_1_593' title='bbox 2368 4614 2830 4677; x_wconf 84' lang='lat' dir='ltr'>innascibilitas</span> <span class='ocrx_word' id='word_1_594' title='bbox 2875 4634 3002 4677; x_wconf 92' lang='lat' dir='ltr'>non</span> <span class='ocrx_word' id='word_1_595' title='bbox 3042 4623 3136 4678; x_wconf 90' lang='lat' dir='ltr'>est</span> <span class='ocrx_word' id='word_1_596' title='bbox 3181 4618 3527 4697; x_wconf 88' lang='lat' dir='ltr'>personalis</span> 
     </span>
     <span class='ocr_line' id='line_1_87' title="bbox 2039 4712 3527 4794; baseline 0.002 -22"><span class='ocrx_word' id='word_1_597' title='bbox 2039 4712 2390 4794; x_wconf 89' lang='lat' dir='ltr'>proprietas</span> <span class='ocrx_word' id='word_1_598' title='bbox 2437 4712 2658 4785; x_wconf 86' lang='lat' dir='ltr'>Patris,</span> <span class='ocrx_word' id='word_1_599' title='bbox 2704 4713 2996 4793; x_wconf 88' lang='lat' dir='ltr'>quamvis</span> <span class='ocrx_word' id='word_1_600' title='bbox 3045 4712 3124 4775; x_wconf 90' lang='lat' dir='ltr'>sit</span> <span class='ocrx_word' id='word_1_601' title='bbox 3175 4714 3527 4794; x_wconf 89' lang='lat' dir='ltr'>proprietas</span> 
     </span>
     <span class='ocr_line' id='line_1_88' title="bbox 2037 4810 3524 4892; baseline 0.001 -20"><span class='ocrx_word' id='word_1_602' title='bbox 2037 4830 2167 4873; x_wconf 81' lang='lat' dir='ltr'>suae</span> <span class='ocrx_word' id='word_1_603' title='bbox 2218 4828 2520 4892; x_wconf 78' lang='lat' dir='ltr'>personae.</span> <span class='ocrx_word' id='word_1_604' title='bbox 2569 4810 2728 4872; x_wconf 86' lang='lat' dir='ltr'>Hinc</span> <span class='ocrx_word' id='word_1_605' title='bbox 2779 4818 3042 4884; x_wconf 88' lang='lat' dir='ltr'>constat,</span> <span class='ocrx_word' id='word_1_606' title='bbox 3086 4812 3254 4892; x_wconf 88' lang='lat' dir='ltr'>qnod</span> <span class='ocrx_word' id='word_1_607' title='bbox 3303 4832 3524 4873; x_wconf 90' lang='lat' dir='ltr'>secun-</span> 
     </span>
     <span class='ocr_line' id='line_1_89' title="bbox 2036 4908 3527 4991; baseline 0.002 -21"><span class='ocrx_word' id='word_1_608' title='bbox 2036 4910 2190 4971; x_wconf 89' lang='lat' dir='ltr'>dum</span> <span class='ocrx_word' id='word_1_609' title='bbox 2222 4908 2704 4989; x_wconf 87' lang='lat' dir='ltr'>abnegationem</span> <span class='ocrx_word' id='word_1_610' title='bbox 2735 4909 3005 4971; x_wconf 91' lang='lat' dir='ltr'>duorum</span> <span class='ocrx_word' id='word_1_611' title='bbox 3037 4911 3360 4972; x_wconf 90' lang='lat' dir='ltr'>modorum</span> <span class='ocrx_word' id='word_1_612' title='bbox 3391 4929 3527 4991; x_wconf 90' lang='lat' dir='ltr'>pro-</span> 
     </span>
     <span class='ocr_line' id='line_1_90' title="bbox 2036 5006 3523 5089; baseline 0.001 -20"><span class='ocrx_word' id='word_1_613' title='bbox 2036 5007 2344 5070; x_wconf 89' lang='lat' dir='ltr'>cessionis</span> <span class='ocrx_word' id='word_1_614' title='bbox 2407 5006 2639 5069; x_wconf 79' lang='lat' dir='ltr'>divinae</span> <span class='ocrx_word' id='word_1_615' title='bbox 2702 5007 2777 5067; x_wconf 87' lang='lat' dir='ltr'>ad</span> <span class='ocrx_word' id='word_1_616' title='bbox 2847 5007 3030 5079; x_wconf 90' lang='lat' dir='ltr'>intra,</span> <span class='ocrx_word' id='word_1_617' title='bbox 3091 5025 3217 5070; x_wconf 92' lang='lat' dir='ltr'>non</span> <span class='ocrx_word' id='word_1_618' title='bbox 3277 5017 3523 5089; x_wconf 86' lang='lat' dir='ltr'>oportet</span> 
     </span>
     <span class='ocr_line' id='line_1_91' title="bbox 2034 5103 3524 5189; baseline 0.001 -21"><span class='ocrx_word' id='word_1_619' title='bbox 2034 5106 2199 5168; x_wconf 84' lang='lat' dir='ltr'>Patri</span> <span class='ocrx_word' id='word_1_620' title='bbox 2245 5106 2401 5168; x_wconf 90' lang='lat' dir='ltr'>duas</span> <span class='ocrx_word' id='word_1_621' title='bbox 2449 5103 2797 5167; x_wconf 88' lang='lat' dir='ltr'>attribuere</span> <span class='ocrx_word' id='word_1_622' title='bbox 2848 5106 3134 5167; x_wconf 89' lang='lat' dir='ltr'>notiones</span> <span class='ocrx_word' id='word_1_623' title='bbox 3178 5123 3193 5167; x_wconf 74' lang='grc' dir='ltr'><strong>ε</strong></span> <span class='ocrx_word' id='word_1_624' title='bbox 3234 5106 3385 5189; x_wconf 91' lang='lat' dir='ltr'>quia</span> <span class='ocrx_word' id='word_1_625' title='bbox 3433 5108 3524 5171; x_wconf 92' lang='lat' dir='ltr'>in-</span> 
     </span>
     <span class='ocr_line' id='line_1_92' title="bbox 2034 5203 3522 5287; baseline 0.002 -21"><span class='ocrx_word' id='word_1_626' title='bbox 2034 5204 2324 5285; x_wconf 90' lang='lat' dir='ltr'>genitum</span> <span class='ocrx_word' id='word_1_627' title='bbox 2354 5211 2450 5265; x_wconf 90' lang='lat' dir='ltr'>est</span> <span class='ocrx_word' id='word_1_628' title='bbox 2490 5203 2664 5265; x_wconf 89' lang='lat' dir='ltr'>notio</span> <span class='ocrx_word' id='word_1_629' title='bbox 2705 5211 2891 5284; x_wconf 89' lang='lat' dir='ltr'>prout</span> <span class='ocrx_word' id='word_1_630' title='bbox 2931 5211 3114 5284; x_wconf 90' lang='lat' dir='ltr'>negat</span> <span class='ocrx_word' id='word_1_631' title='bbox 3151 5223 3352 5284; x_wconf 87' lang='lat' dir='ltr'>genus</span> <span class='ocrx_word' id='word_1_632' title='bbox 3382 5224 3522 5287; x_wconf 89' lang='lat' dir='ltr'>pro—</span> 
     </span>
     <span class='ocr_line' id='line_1_93' title="bbox 2038 5300 3525 5386; baseline 0.001 -22"><span class='ocrx_word' id='word_1_633' title='bbox 2038 5302 2366 5375; x_wconf 77' lang='lat' dir='ltr'>cessioniS‚</span> <span class='ocrx_word' id='word_1_634' title='bbox 2395 5300 2690 5363; x_wconf 84' lang='lat' dir='ltr'>videlicet</span> <span class='ocrx_word' id='word_1_635' title='bbox 2721 5320 2860 5363; x_wconf 88' lang='lat' dir='ltr'>esse</span> <span class='ocrx_word' id='word_1_636' title='bbox 2891 5300 2970 5363; x_wconf 90' lang='lat' dir='ltr'>ab</span> <span class='ocrx_word' id='word_1_637' title='bbox 2999 5302 3145 5377; x_wconf 85' lang='lat' dir='ltr'>alio,</span> <span class='ocrx_word' id='word_1_638' title='bbox 3179 5303 3246 5365; x_wconf 90' lang='lat' dir='ltr'>in</span> <span class='ocrx_word' id='word_1_639' title='bbox 3276 5321 3404 5386; x_wconf 91' lang='lat' dir='ltr'>quo</span> <span class='ocrx_word' id='word_1_640' title='bbox 3433 5304 3525 5366; x_wconf 90' lang='lat' dir='ltr'>in-</span> 
     </span>
    </p>
   </div>
  </div>
 </body>
</html>
