4359 6250
847 472 968 538 456

1446 491 1510 537 IN
1549 492 1772 538 LIBRUM
1812 493 1834 538 Ι
1874 491 2356 539 ΒΕΝἸῈΝΤῙΑΒΒΠ.
2402 509 2482 522 ·-
2519 492 2673 539 msT.
2716 493 2970 556 xxxvn3
3012 494 3236 550 QUAEST.
3282 493 3350 541 111

852 663 949 727 vis
993 663 1229 726 etenim
1275 683 1402 728 non
1447 665 1528 728 sit
1580 683 1918 747 nusquam,
1961 681 2086 726 non
2134 670 2344 725 tamen
2376 662 2429 725 A
2456 662 2655 725 alium
2700 663 2998 746 spiritum
3044 673 3396 747 penetrare,
3440 666 3607 728 sicut
3649 684 3767 728 nee
3816 683 3961 728 eor·

851 769 1100 843 oportet
1137 763 1307 844 quod
1347 772 1648 844 sequatur
1680 763 1882 844 legem
1915 761 2035 825 loci
2062 779 2078 842 ;
2110 780 2230 823 nee
2268 762 2347 823 ad

850 860 1284 923 exsistendum
1328 860 1394 922 in
1432 868 1671 943 puncto
1713 861 2062 943 requiritur
2097 879 2349 922 summa

850 958 1250 1041 simplicitaS,
1290 959 1442 1041 quia
1480 978 1596 1022 nec
1641 968 1916 1041 punctus
1959 967 2050 1020 est
2096 977 2345 1021 summe

851 1057 1143 1139 simplex.
1177 1057 1409 1120 Anima
1438 1076 1589 1121 vero
1618 1077 1818 1140 quum
1850 1057 1932 1120 sit
1975 1057 2039 1118 in
2081 1075 2345 1140 corpore

745 1227 749 1230 ⁴
849 1163 1152 1237 tanquam
1192 1157 1475 1238 corporis
1517 1157 1740 1230 forma,
1778 1175 1903 1219 non
1943 1162 2036 1218 est
2079 1156 2143 1217 in
2184 1176 2343 1238 pun-

849 1263 990 1318 cto:
1024 1255 1327 1338 quoniam
1359 1264 1634 1338 punctus
1666 1274 1793 1318 non
1823 1265 1917 1320 est
1949 1275 2203 1338 corpus,
2226 1275 2342 1320 nec

851 1355 1134 1436 corporis
1179 1374 1343 1436 parS.
1393 1354 1535 1418 Haec
1578 1355 1946 1418 Richardus.

929 1453 1119 1517 Porro
1157 1455 1236 1516 ad
1277 1453 1690 1536 quaest-ionem
1733 1473 1859 1536 qua
1900 1453 2226 1536 quaeritur,
2260 1474 2341 1516 an

848 1551 1110 1632 angelus
1151 1559 1338 1634 queat
1380 1552 1570 1614 simul
1618 1571 1757 1614 esse
1803 1553 1868 1614 in
1915 1552 2208 1635 pluribus
2258 1553 2343 1616 lo·

849 1649 963 1723 eiS,
997 1650 1335 1732 respondet
1376 1650 1481 1713 hic
1521 1651 1760 1726 doctor,
1792 1651 1959 1734 quod
1998 1669 2122 1714 non
2164 1660 2343 1714 nat-u-

848 1748 965 1810 rali
1010 1749 1267 1823 virtute,
1304 1750 1414 1812 sed
1457 1749 1619 1812 bene
1659 1769 1773 1832 per
1809 1749 2335 1832 omnipotentiam

2457 781 2577 844 pus
2608 782 2808 825 unum
2838 762 3034 838 aliud,
3067 764 3361 846 quamvis
3392 764 3609 827 divina
3636 774 3701 828 et
3730 784 3961 847 supe-r-

2455 861 2728 923 naturali
2766 862 3000 925 virtute
3045 870 3388 945 utrumque
3429 863 3571 927 fieri
3618 865 3837 947 possit.
3870 899 3963 909 —

2455 958 2519 1022 Si
2559 967 2773 1022 autem
2816 960 3180 1041 objiciatur,
3221 962 3392 1043 quod
3436 980 3667 1044 eorpus
3708 963 3963 1045 glorifi-

2453 1065 2664 1120 catum
2698 1065 2906 1140 potest
2944 1059 3137 1121 simul
3168 1079 3307 1122 esse
3348 1079 3494 1122 cum
3526 1079 3789 1143 corpore
3820 1081 3959 1125 non

2452 1155 2830 1236 glorificato,
2864 1175 3013 1238 ergo
3042 1165 3103 1220 et
3134 1159 3399 1240 spiritus
3433 1159 3634 1221 malus
3666 1179 3812 1222 eum
3844 1159 3965 1222 bo-

2452 1272 2555 1317 no,
2591 1256 2877 1337 Insuper,
2910 1256 3124 1318 anima
3162 1265 3259 1319 est
3298 1257 3364 1319 in
3405 1257 3689 1339 qualibet
3729 1276 3959 1341 eorpo-

2454 1352 2541 1415 ris
2580 1353 2678 1415 sui
2710 1361 2911 1436 parte,
2944 1361 3005 1416 et
3037 1354 3104 1416 in
3134 1355 3359 1418 eodem
3391 1373 3653 1437 corpore
3693 1357 3953 1420 daemon

2452 1459 2660 1534 potest
2702 1453 3071 1526 consistere,
3110 1462 3179 1515 ut
3223 1454 3286 1515 in
3332 1454 3609 1518 obsessis
3647 1473 3661 1517 ε
3700 1455 3832 1518 imo
3874 1457 3951 1518 in

2451 1551 2793 1632 Evangelio
2823 1552 3127 1615 recitatur
3154 1552 3318 1634 legio
3356 1551 3553 1616 fuisse
3586 1554 3649 1616 in
3680 1555 3946 1618 homine
3978 1578 4276 1627 aaran&

2449 1666 2597 1710 uno.
2620 1685 2702 1694 —
2729 1650 3079 1712 Dicendum
3112 1652 3186 1712 ad
3220 1651 3522 1733 primum,
3554 1653 3706 1734 quia
3734 1660 3805 1714 ut
3830 1654 3949 1718 ali-

2450 1747 2561 1830 qui
2592 1748 2835 1822 dicunt,
2859 1767 3089 1831 corpus
3119 1750 3547 1830 glorificatum
3576 1769 3704 1814 non
3735 1760 3949 1834 potest

849 1846 980 1910 Dei.
1034 1847 1212 1909 Ratio
1259 1855 1474 1910 autem
1525 1867 1639 1910 cur
1688 1849 1998 1910 limitatur
2044 1849 2121 1911 ad
2171 1850 2337 1912 exsi-
2374 1848 2421 1910 B
2452 1847 2685 1909 virtute
2736 1855 2945 1911 creata
2992 1847 3179 1910 simul
3230 1849 3295 1911 in
3344 1851 3568 1912 eodem
3618 1851 3755 1914 loco
3800 1870 3948 1914 esse

849 1948 1146 2009 stendum
1185 1947 1378 2009 simul
1418 1964 1544 2009 non
1590 1947 1712 2010 nisi
1761 1947 1826 2009 in
1870 1966 1998 2009 uno
2043 1947 2203 2021 loce,
2244 1955 2341 2011 est

848 2052 1074 2106 natura
1121 2064 1250 2108 suae
1297 2045 1683 2108 exsistentia}
1733 2045 2035 2120 limitatae,
2081 2054 2142 2108 et
2192 2047 2343 2128 quia

849 2142 1127 2205 locatum
1162 2142 1534 2206 naturaliter
1569 2143 1878 2206 definitur
1914 2162 2031 2207 suo
2071 2145 2227 2207 loco.
2261 2181 2343 2190 —

847 2241 968 2304 Sed
1010 2240 1206 2322 objici
1256 2249 1484 2324 potest,
1525 2243 1694 2323 quod
1739 2243 1805 2304 B.
1851 2242 2223 2306 Ambrosius
2275 2242 2338 2305 in

847 2341 1116 2402 ecclesia
1164 2359 1278 2403 sua
1326 2340 1675 2415 celebranS,
1717 2341 2100 2404 obdormivit
2149 2360 2343 2423 super

845 2438 1064 2513 altare,
1097 2447 1160 2502 et
1199 2439 1509 2501 excitatus
1547 2459 1584 2501 a
1622 2440 1814 2514 clero,
1847 2440 2001 2502 dixit
2043 2459 2111 2502 se
2154 2441 2343 2502 inter-

845 2537 1046 2602 fuisse
1075 2538 1286 2601 funeri
1318 2539 1377 2602 S.
1403 2537 1675 2613 Martini,
1697 2547 1886 2621 atque
1918 2539 2154 2601 ibidem
2191 2558 2343 2620 prae-

847 2637 1064 2701 buisse
1093 2636 1495 2719 obsequium.
1530 2637 1815 2718 Insuper,
1847 2636 2241 2718 Augustinus
2273 2636 2343 2698 li—

851 2736 965 2800 bro
1017 2737 1096 2799 de
1150 2735 1415 2798 Civitate
1467 2735 1576 2797 Dei
1631 2735 1883 2797 videtur
1932 2735 2118 2810 velle,
2169 2736 2341 2817 quod

846 2834 1189 2917 aliquando
1226 2833 1486 2897 homine
1525 2833 1878 2896 dormiente
1915 2853 1987 2895 ac
2028 2834 2177 2896 vivo
2216 2853 2343 2896 ma-

849 2940 1060 3008 nente,
1081 2933 1550 3015 phantasticum
1582 2931 1723 3012 ejus
1753 2932 2089 3013 egreditur,
2112 2952 2186 2995 ac
2216 2932 2343 2994 vel-

2451 1963 2598 2008 cum
2644 1963 2905 2028 corpore
2955 1965 3082 2009 non
3128 1946 3505 2028 glorificato,
3550 1950 3659 2011 sed
3707 1950 3949 2013 virtute

2448 2044 2849 2108 solummodo
2890 2045 3167 2108 increata
3208 2063 3223 2108 ε
3266 2067 3393 2128 qua
3428 2055 3491 2110 et
3530 2049 3792 2131 spiritus
3830 2048 3950 2110 bo-

2450 2161 2570 2203 nus
2611 2149 2823 2224 posset
2862 2161 3001 2205 esse
3041 2162 3187 2205 cum
3222 2145 3409 2231 malo,
3442 2145 3492 2207 si
3526 2146 3691 2208 Deus
3722 2146 3943 2209 vellet.

2447 2239 2571 2302 Alii
2604 2249 2829 2322 putant
2860 2249 3202 2324 utrumque
3232 2243 3455 2306 horum
3487 2244 3791 2326 possibile
3819 2245 3953 2307 vir-

2448 2347 2585 2400 tute
2638 2339 3051 2403 beatitudinis
3104 2343 3601 2423 supernaturalis
3658 2345 3950 2426 corporis

2447 2437 2785 2519 glorificati
2817 2458 2890 2501 ac
2920 2439 3127 2520 angeli
3161 2441 3329 2504 boni.
3364 2443 3570 2506 Potest
3597 2451 3808 2506 autem
3836 2463 3952 2506 an·

2449 2536 2629 2617 gelus
2671 2555 2901 2618 corpus
2941 2539 3389 2621 quodcumque
3429 2549 3781 2622 penetrare,
3814 2561 3949 2605 non

2448 2634 2743 2716 angelum
2783 2652 2797 2697 :
2833 2635 2973 2698 ideo
3004 2644 3214 2718 potest
3240 2638 3434 2700 simul
3463 2657 3602 2702 esse
3633 2659 3779 2703 cum
3812 2660 3954 2704 cor-

2450 2751 2601 2815 pore
2643 2733 2709 2794 in
2751 2733 2889 2796 loco
2927 2735 3170 2798 eodem.
3203 2736 3295 2799 Ad
3338 2738 3687 2800 secundum
3730 2740 3951 2803 dieen-

2449 2831 2626 2906 dum,
2660 2832 2829 2913 quod
2864 2831 2927 2894 in
2971 2832 3248 2896 obsessis
3288 2835 3607 2898 daemones
3637 2856 3762 2900 non
3794 2845 3953 2901 sunt

2450 2948 2565 3010 per
2592 2930 2933 2992 essentiam
2972 2951 3153 2993 suam
3193 2941 3537 3015 praesentes
3575 2934 3953 3000 substantiae

847 3032 940 3094 uti
973 3038 1377 3113 corporatum
1413 3030 1479 3092 in
1509 3031 1782 3112 quadam
1821 3030 2040 3112 effigie
2079 3038 2343 3113 apparet
2376 3033 2420 3095 C
2450 3029 2734 3110 eorporis
2776 3036 2882 3091 aut
2928 3029 3216 3111 partibus
3250 3032 3424 3112 ,ejuS,
3466 3035 3576 3097 sed
3622 3054 3691 3097 se
3735 3035 3952 3097 immi-

847 3130 1141 3194 sensibus
1198 3130 1490 3192 aliorum.
1539 3163 1616 3175 —
1666 3128 2014 3192 Dicendum
2076 3130 2153 3192 ad
2215 3130 2341 3213 pri-

849 3248 1050 3303 mum,
1098 3228 1266 3310 quod
1312 3227 1470 3289 illud
1513 3228 1592 3289 de
1635 3227 1694 3289 S.
1741 3227 2078 3291 Ambrosio
2120 3248 2343 3312 super·

849 3326 1224 3389 naturaliter
1260 3324 1500 3387 factum
1541 3333 1632 3387 est
1675 3326 1891 3387 divina
1931 3326 2207 3405 virtute3
2239 3328 2341 3390 vel

850 3426 1018 3509 quod
1057 3427 1124 3488 B.
1156 3425 1530 3490 Ambrosius
1574 3424 1638 3486 in
1679 3426 1944 3488 veritate
1983 3444 2109 3489 non
2149 3426 2341 3489 inter-

846 3527 972 3592 fuit
1008 3526 1351 3609 sepulturae
1382 3525 1441 3587 S.
1475 3524 1748 3601 Martini,
1783 3526 1889 3588 sed
1931 3525 2193 3589 forsitan
2234 3546 2342 3589 an-

847 3628 1027 3709 gelus
1060 3626 1126 3688 in
1158 3624 1363 3687 forma
1390 3624 1709 3687 Ambrosii
1743 3626 1942 3687 sancti
1974 3644 2288 3709 apparens
2324 3644 2338 3687 z

846 3725 1016 3808 quod
1047 3726 1200 3787 dum
1234 3723 1440 3797 fieret,
1474 3722 1770 3806 apparuit
1797 3722 2132 3785 Ambrosio
2162 3741 2344 3805 sopo-

845 3832 981 3887 rato
1025 3823 1194 3905 quod
1239 3821 1582 3904 sepulturae
1627 3822 1959 3885 interesset
2002 3822 2335 3904 praedictae.

845 3923 939 3985 Ad
979 3922 1175 3996 aliud,
1208 3921 1378 4005 quod
1417 3919 1611 3982 verba
1648 3920 1983 4000 Augustini
2025 3938 2150 3982 non
2194 3929 2343 3983 sunt

846 4021 939 4083 sic
981 4019 1412 4100 intelligenda,
1454 4018 1623 4100 quod
1663 4019 1921 4081 homine
1960 4020 2338 4095 dormiente,

845 4138 994 4181 vere
1025 4125 1207 4180 exeat
1237 4116 1703 4199 phantasticum
1735 4117 1896 4198 ejus,
1933 4119 2042 4180 sed
2073 4118 2225 4200 quia
2255 4120 2343 4182 in-

2449 3134 2629 3191 scent
2673 3128 3052 3191 humoribus
3096 3137 3205 3191 aut
3247 3132 3675 3195 vacuitatibus
3724 3152 3951 3217 corpo-

2450 3226 2559 3300 riS,
2604 3226 2669 3288 in
2711 3226 2946 3308 quibus
2986 3246 3112 3290 non
3153 3236 3249 3291 est
3292 3230 3417 3292 nisi
3455 3250 3565 3293 aer
3599 3240 3710 3294 aut
3747 3251 3954 3315 vapor

2449 3325 2724 3387 subtilis.
2778 3326 3009 3408 Sicque
3060 3327 3320 3409 plurimi
3372 3338 3642 3411 possunt
3690 3350 3829 3393 esse
3878 3331 3951 3394 in

2449 3442 2713 3506 corpore
2747 3443 2874 3488 uno
2907 3444 2922 3490 ε
2957 3426 3109 3507 quia
3140 3434 3209 3488 ut
3246 3427 3491 3491 dictum
3531 3437 3648 3503 est,
3682 3446 3809 3491 non
3850 3437 3953 3491 est

2450 3522 2598 3585 dare
2635 3523 2979 3585 terminum
3018 3524 3081 3586 in
3119 3524 3331 3588 minus
3368 3526 3433 3587 in
3475 3527 3615 3590 loeo
3652 3546 3765 3589 seu
3805 3546 3951 3609 spa-

2448 3620 2538 3683 tio
2578 3620 2645 3683 in
2686 3639 2813 3703 quo
2850 3630 2947 3685 est
2986 3622 3249 3705 spiritus
3288 3632 3560 3698 creatuS,
3592 3625 3954 3707 quodlibet-

2448 3738 2575 3801 que
2633 3720 3012 3783 continuum
3072 3722 3397 3785 divisibile
3454 3732 3552 3787 est·
3600 3724 3739 3788 sine
3785 3724 3945 3788 fine.

2451 3820 2594 3883 Haee
2638 3819 2827 3881 idem.

2529 3918 2821 4000 Amplius
2850 3918 3146 3983 Albertus
3181 3938 3195 3982 ε
3228 3920 3682 4002 Multiplieiter,
3708 3921 3945 4004 inquit,

2448 4018 2742 4080 dicuntur
2770 4018 2976 4100 aliqua
3008 4038 3147 4081 esse
3177 4020 3242 4083 in
3275 4020 3429 4082 loco.
3457 4020 3745 4093 Quaedam
3772 4022 3948 4085 enim

2450 4137 2564 4199 per
2606 4136 2673 4180 se
2714 4125 2779 4179 et
2822 4118 3172 4180 secundum
3219 4126 3509 4180 naturam
3555 4139 3735 4182 suam
3780 4120 3947 4183 indi-

844 4218 1096 4281 terdum
1143 4213 1474 4295 contingit,
1518 4216 1686 4297 quod
1725 4216 1916 4278 homo
1959 4218 2233 4279 somniat
2272 4237 2339 4280 se
2371 4220 2420 4281 D
2448 4225 2595 4298 gent
2648 4218 2787 4279 loco
2833 4216 3115 4279 salvante
3162 4224 3225 4279 et
3280 4218 3668 4295 continente,
3718 4238 3948 4301 quem-

845 4334 984 4379 esse
1025 4317 1403 4397 praesentem
1441 4312 1648 4375 alieno
1688 4315 2080 4396 conspectui,
2114 4335 2341 4397 quum-

846 4434 972 4497 que
1001 4415 1121 4476 hoc
1152 4411 1446 4486 som‘niat,
1470 4412 1702 4493 aliquis
1734 4413 1995 4494 spiritus
2029 4414 2092 4475 in
2126 4416 2342 4497 specie

850 4514 1023 4577 illius
1055 4510 1327 4574 hominis
1357 4518 1618 4593 apparet
1645 4510 1738 4572 illi
1765 4510 1828 4572 in
1862 4512 2048 4592 eujus
2079 4531 2342 4596 conspe-

849 4622 955 4677 ctu
987 4606 1309 4676 somnians
1341 4610 1447 4673 ille
1477 4610 1752 4673 somniat
1791 4630 1858 4673 se
1896 4631 2035 4674 esse·
2067 4631 2339 4693 praesen-

845 4722 996 4776 tem.
1039 4712 1182 4775 Haec
1226 4711 1414 4772 idem.

925 4813 1270 4885 Postremo,
1304 4810 1382 4871 ad
1411 4808 1828 4891 quaestionem
1861 4809 2046 4883 hanc,
2079 4829 2156 4871 an
2202 4810 2340 4892 pln-

844 4931 946 4974 res
988 4909 1197 4991 angeli
1236 4908 1482 4972 valeant
1526 4905 1718 4970 simul
1763 4924 1900 4968 esse
1945 4906 2009 4968 in
2057 4907 2195 4970 loco
2238 4926 2340 4971 eo-

843 5012 1012 5082 dem,
1048 5007 1385 5090 respondet
1415 5006 1585 5088 quod
1616 5022 1767 5078 non,
1801 5005 2036 5066 virtute
2077 5013 2286 5068 creata
2320 5028 2334 5070 z

844 5108 997 5189 quia
1052 5122 1474 5187 quaecumque
1531 5111 1678 5165 sunt
1737 5102 1929 5164 simul
1990 5102 2053 5164 in
2113 5103 2336 5167 eodem

845 5206 1006 5279 loce,
1051 5210 1298 5286 oportet
1339 5202 1507 5284 quod
1554 5220 1754 5263 unum
1800 5208 2084 5283 penetret
2129 5202 2302 5265 aliud
2318 5220 2335 5282 ;

846 5302 1060 5365 nullus
1091 5310 1302 5363 autem
1335 5298 1599 5382 spiritus
1627 5298 1864 5361 virtute
1894 5308 2101 5362 creata
2131 5307 2335 5382 potest

2449 4315 2791 4378 admodum
2834 4314 3049 4391 omnia
3094 4315 3593 4395 generabilia-et
3641 4318 3951 4400 corrupti-

2450 4413 2606 4475 bilia
2644 4431 2657 4475 :
2695 4420 2758 4474 et
2808 4413 2927 4474 hoc
2975 4413 3220 4475 duabus
3267 4433 3347 4477 ex
3397 4415 3629 4488 causiS,
3669 4434 3947 4497 quarum

2451 4511 2773 4594 praecipua
2812 4520 2927 4585 est,
2966 4511 3265 4592 quoniam
3306 4513 3532 4577 talium
3574 4513 3799 4575 ultima
3838 4514 3950 4577 de-

2450 4610 2787 4671 terminata
2824 4616 2973 4670 sunt
3011 4611 3450 4673 contrarietate
3480 4620 3702 4693 agente
3730 4631 3805 4675 ac
3836 4632 3948 4696 pa-

2451 4707 2669 4781 tiente,
2720 4714 2783 4769 et
2840 4706 2963 4769 nisi
3013 4715 3178 4770 esset
3236 4708 3615 4772 salvativum
3666 4730 3739 4773 ae
3792 4730 3947 4775 con-

2451 4805 2764 4869 tentivum
2810 4806 3227 4878 extrinsecuS,
3276 4814 3533 4889 propte-r
3580 4808 3945 4889 passionem

2452 4905 2759 4985 ipsorum,
2808 4904 3173 4966 continuam
3225 4904 3530 4967 haberent
3580 4905 3643 4967 in
3696 4906 3949 4970 ultimis

2448 5022 2560 5067 seu
2589 5002 3097 5065 extremitatibus
3136 5002 3269 5065 suis
3308 5002 3808 5084 deperditionem
3840 5005 3951 5067 de-

2449 5102 2912 5183 fluentiamque
2952 5101 3338 5164 continuam.
3376 5100 3439 5164 Si
3470 5120 3735 5183 quteras,
3768 5104 3947 5166 unde

2447 5202 2673 5265 habeat
2718 5200 2894 5264 loeus
2938 5201 3107 5282 quod
3150 5200 3349 5262 salvet
3394 5200 3690 5273 locatum,
3735 5220 3945 5281 quum

2448 5308 2507 5363 et
2551 5298 2850 5361 ultimum
2891 5298 3173 5380 corporis
3216 5298 3481 5361 locantis
3522 5297 3747 5361 habeat
3786 5316 3947 5362 con-
