4359 6250
847 482 968 551 450

1443 501 1508 550 m
1547 501 1770 550 mmm!
1810 505 1833 550 1
1873 501 2355 551 stmnxrmnmt.
2401 521 2481 532 -
2520 503 2674 550 DIST.
2720 502 2972 567 xxxvl13
3016 500 3239 560 QUAEST.
3286 501 3357 550 m

847 693 958 736 rex
989 673 1054 736 in
1086 692 1317 756 regn03
1350 675 1413 738 in
1447 674 1750 748 Ecclesia,
1785 681 1856 736 ut
1884 673 2342 757 paterfamilias
2373 672 2425 736 A
2453 673 2655 735 sentia
2693 675 2979 755 quaedam
3024 674 3090 736 in
3129 692 3195 736 se
3240 673 3595 748 terminata,
3632 689 3755 736 non
3804 669 3955 734 inti·

850 773 914 834 in
947 773 1153 836 domo.
1192 774 1300 836 Est
1335 775 1525 836 etiam
1565 774 1780 855 aliquo
1812 773 1998 835 modo
2029 773 2094 834 in
2127 772 2344 853 impiis

848 881 911 934 et
959 873 1295 948 damnatis,
1343 881 1412 935 ut
1463 880 1663 935 terror
1711 879 1776 934 et
1822 872 2062 934 horror.
2111 871 2345 952 Sicque

851 970 1134 1052 loquitur
1175 972 1616 1053 Augustinus:
1661 971 1948 1044 Domine,
1995 969 2106 1052 qui
2150 977 2211 1032 te
2254 969 2346 1030 di-

850 1068 1048 1130 mittit
1096 1078 1158 1131 et
1209 1089 1246 1130 a
1289 1078 1350 1131 te
1394 1069 1652 1144 recedit,
1699 1087 1828 1151 quo
1872 1069 2094 1151 pergit,
2139 1068 2265 1129 nisi
2308 1086 2345 1128 a

754 1233 756 1235 ,
849 1177 910 1230 te
944 1169 1189 1250 placato
1220 1169 1298 1230 ad
1333 1177 1391 1230 te
1424 1169 1695 1231 iratum?
1725 1205 1805 1214 -—
1831 1169 2014 1231 Juxta
2048 1169 2159 1230 has
2196 1184 2342 1228 con-

851 1266 1264 1329 siderationes
1295 1267 1530 1329 dicitur
1556 1267 1764 1329 adhuc
1794 1267 1960 1329 Deus
1990 1267 2185 1329 variis
2216 1283 2345 1327 mo-

851 1365 949 1427 dis
1003 1383 1141 1426 esse
1189 1365 1252 1426 in
1301 1364 1515 1438 rebuS,
1563 1365 1914 1448 praesertim
1966 1365 2030 1426 in
2080 1382 2341 1426 suorum

849 1462 1142 1525 fidelium
1203 1482 1624 1545 carorumque
1684 1464 2006 1536 cordibus,
2071 1464 2134 1524 in
2196 1481 2342 1524 con—

849 1562 1240 1644 templativis
1283 1570 1345 1624 et
1384 1560 1705 1643 perfectiS,
1746 1562 1810 1623 in
1855 1561 2090 1644 quibus
2134 1569 2232 1623 est
2272 1569 2343 1622 ut

851 1679 1122 1741 sponsus
1183 1660 1248 1722 in
1305 1660 1604 1734 thalamo,
1653 1661 1984 1722 thesaurus
2044 1660 2108 1721 in
2167 1677 2339 1740 agre,

853 1758 962 1820 lux
1003 1758 1065 1820 in
1107 1759 1468 1841 perspicuo,
1500 1759 1644 1820 fons
1686 1759 1748 1820 in
1789 1758 1990 1832 hort0‚
2025 1757 2232 1820 imber
2276 1758 2340 1820 in

2454 772 2607 846 nita,
2641 771 2807 834 sicut
2836 781 2899 834 et
2928 773 3132 835 virtus
3162 773 3303 853 ejus
3338 791 3352 836 ε
3386 790 3535 853 ergo
3574 772 3668 834 sic
3708 778 3802 834 est
3833 770 3951 832 ubi

2453 877 2569 945 est,
2611 870 2780 952 quod
2820 871 2975 933 alibi
3014 889 3141 934 non
3180 879 3316 950 e-st3
3352 877 3414 934 et
3454 871 3541 932 ita
3580 869 3831 932 videtur
3866 869 3953 930 ad

2452 989 2653 1031 unum
2688 970 2899 1032 locum
2929 970 3246 1051 restringi.
3266 970 3424 1033 -Si
3455 978 3669 1032 autem
3700 969 3957 1031 dicatur

2452 1087 2591 1130 esse
2642 1069 2709 1130 in
2760 1069 2899 1132 loco
2950 1089 3063 1152 per
3110 1070 3566 1152 operationem,
3619 1068 3950 1148 objicitur,

2454 1167 2607 1248 quia
2657 1169 2941 1250 operatio
2991 1168 3134 1249 ejus
3191 1168 3513 1251 praecipua
3570 1174 3664 1230 est
3723 1167 3956 1229 imma-

2453 1284 2633 1337 nens,
2678 1284 2827 1346 ergo
2872 1274 3084 1330 manet
3128 1267 3192 1328 in
3238 1267 3379 1348 ipso
3418 1275 3642 1347 agente
3681 1283 3696 1328 z
3734 1266 3787 1328 si
3834 1265 3957 1346 igi-

2455 1371 2557 1425 tur
2586 1383 2779 1446 agens
2812 1364 2968 1427 illud
3002 1382 3127 1427 non
3168 1373 3265 1426 est
3299 1383 3411 1447 per
3440 1385 3507 1426 se
3540 1363 3601 1426 in
3637 1365 3795 1438 1060,
3830 1383 3957 1426 1166

2453 1463 2737 1544 operatio
2764 1463 2906 1543 ejus
2948 1483 3059 1525 seu
3092 1464 3275 1525 actio.
3310 1499 3391 1507 —
3421 1463 3679 1536 RursuS‚
3712 1462 3955 1524 actioni

2454 1569 2516 1622 et
2550 1562 2900 1643 operationi
2933 1580 3060 1625 non
3090 1562 3463 1624 attribuitur
3494 1581 3608 1644 per
3636 1581 3703 1624 se
3744 1561 3953 1636 106113,

2454 1661 2807 1742 praesertim
2853 1661 3205 1743 operationi
3254 1661 3558 1743 simplici,
3611 1681 3751 1743 quae
3800 1678 3957 1723 con-

2455 1758 2632 1820 venit
2659 1759 2883 1839 angelo
2917 1779 2932 1823 :
2965 1778 3115 1840 ergo
3154 1779 3271 1822 1166
3311 1759 3536 1840 angelo
3567 1767 3825 1842 propter
3852 1777 3954 1831 se,

849 1864 1039 1930 terra,
1094 1876 1324 1919 manna
1378 1857 1442 1920 in
1496 1875 1661 1930 arca,
1713 1858 1930 1919 doctor
1983 1857 2048 1918 in
2101 1856 2336 1918 schola.
2381 1851 2426 1914 B
2458 1875 2569 1918 seu
2615 1876 2732 1938 per
2770 1858 3085 1920 actionem
3130 1866 3193 1920 et
3242 1858 3675 1940 operationem
3726 1857 3959 1938 hujus-

851 1955 972 2018 Sed
1013 1955 1115 2016 isti
1159 1975 1232 2017 ac
1274 1954 1517 2018 similes
1561 1955 1732 2017 modi
1775 1955 1854 2016 ad
1899 1955 2117 2017 modos
2161 1955 2344 2017 redu-

850 2061 1084 2115 cuntur
1126 2053 1522 2136 praehabitos.

1260 2379 1731 2454 QUAESTIO
1804 2380 1928 2443 III

991 2651 1172 2715 Ertio
1255 2653 1362 2715 hic
1448 2652 1912 2734 principaliter
1995 2652 2339 2733 quaeritur,

1017 2751 1308 2836 Utrum
1350 2752 1682 2831 angelus
1721 2753 1831 2817 sit
1872 2750 1958 2816 in
1999 2751 2173 2819 loeo
2217 2751 2344 2817 de-

851 2849 1195 3016 ξὶἐιίὲᾆο,
1233 2851 1386 2917 hoe
1423 2854 1546 2916 est
1579 2852 1695 2916 tta
1732 2849 1818 2915 111
1853 2865 2012 2918 uno
2049 2852 2145 2916 ut.
2188 2866 2345 2917 non

930 3047 1007 3109 Et
1036 3047 1307 3109 includit
1337 3047 1471 3110 haec
1501 3047 1766 3129 quaestio
1796 3047 2004 3123 aliam,
2027 3067 2152 3130 qua
2184 3067 2345 3131 quae-
2382 3047 2427 3111 C

849 3147 1032 3220 ritur,
1065 3146 1160 3207 An
1190 3146 1452 3227 angelus
1486 3145 1682 3227 possit
1715 3164 1852 3207 6336
1883 3145 2074 3208 31111111
2107 3147 2172 3208 111
2206 3148 2345 3229 plu-

847 3244 1027 3306 ribus
1060 3244 1233 3307 10613.
1268 3244 1376 3305 Est
1405 3252 1468 3305 et
1497 3244 1760 3326 quaestio
1789 3244 1958 3306 circa
1987 3244 2106 3307 hoc
2135 3246 2342 3321 tertia,

846 3341 944 3404 An
992 3342 1236 3422 angelo'
1264 3342 1569 3404 debeatur
1619 3343 1794 3405 106113
1845 3343 2207 3425 punctalis3
2254 3352 2343 3406 at-

848 3459 994 3522 que,
1028 3441 1124 3502 An
1163 3440 1379 3523 plures
1416 3441 1623 3522 angeli
1665 3460 1802 3503 esse
1838 3450 2070 3523 queant
2111 3442 2175 3503 in
2217 3461 2345 3506 uno

849 3537 1005 3601 loco.
1043 3539 1118 3601 Et
1156 3538 1447 3621 quamvis
1489 3539 1780 3620 Magister
1821 3540 2066 3601 inducit
2103 3560 2175 3602 ac
2213 3548 2345 3603 tan—

846 3636 940 3718 git
971 3637 1090 3699 ista
1118 3637 1399 3699 breviter
1429 3636 1493 3698 in
1525 3637 1645 3700 hoc
1679 3636 1865 3712 libro,
1901 3638 2100 3719 magis
2133 3645 2343 3701 tamen

845 3735 924 3797 ad
983 3743 1355 3817 sequentem
1413 3735 1735 3817 pertinent
1790 3734 2048 3797 librum.
2102 3736 2345 3799 Idcirco

847 3832 952 3894 hic
998 3832 1254 3895 brevius
1299 3833 1776 3895 transeundum.
2121 3836 2132 3855 ‘

927 3931 1187 3993 Possent
1229 3938 1442 3993 autem
1487 3931 1592 3993 hic
1637 3930 1779 3993 fieri
1827 3932 2111 4012 quaedam
2153 3951 2342 4013 argu·

849 4036 1064 4090 menta
1095 4028 1309 4091 facilia
1337 4030 1415 4091 ad
1448 4029 1845 4110 probandum
1880 4029 2050 4110 quod
2080 4030 2343 4111 angelus

846 4145 974 4189 non
1015 4127 1097 4188 sit
1140 4126 1206 4188 in
1247 4127 1407 4200 loco,
1440 4127 1737 4189 videlicet
1772 4146 1786 4191 τ
1821 4128 1989 4208 quod
2032 4127 2209 4190 locus
2250 4135 2345 4191 est

2458 1955 2651 2028 modi,
2667 1956 2848 2036 juxta
2874 1956 3031 2018 illud
3058 1956 3423 2038 Philosophi
3452 1975 3466 2019 2
3492 1963 3752 2038 propter
3778 1955 3957 2038 quod

2456 2054 2959 2136 unumquodque
3003 2055 3148 2129 tale,
3194 2061 3254 2116 et
3302 2054 3459 2117 illud
3505 2055 3725 2136 magis

2535 2153 2822 2234 Insuper,
2868 2153 3287 2234 Philosophus
3331 2153 3396 2215 in
3443 2153 3607 2216 libro
3649 2154 3726 2215 de
3778 2153 3961 2216 Coelo

2456 2259 2519 2314 et
2559 2252 2801 2314 mundo
2839 2259 3125 2326 testatur,
3158 2253 3326 2334 quod
3357 2260 3535 2314 extra
3566 2251 3797 2315 eoelum
3828 2271 3961 2314 nec

2458 2350 2658 2423 106113,
2702 2368 2822 2412 1166
2863 2369 3160 2424 vacuum,
3208 2369 3325 2413 nec
3369 2359 3622 2432 tempus
3662 2350 3957 2421 exsistat,

2456 2449 2565 2510 sed
2608 2448 2696 2510 ibi
2737 2449 2908 2511 entia
2948 2449 3236 2531 quaedam
3281 2449 3601 2532 simplicia
3642 2450 3961 2531 optimam

2456 2547 2652 2609 vitam
2700 2547 2999 2610 ducentia
3049 2567 3063 2611 τ
3114 2567 3256 2630 quae
3304 2549 3477 2610 entia
3524 2557 3675 2610 sunt
3718 2548 3961 2610 intelli-

2455 2645 2683 2725 gentiae
2722 2665 2835 2708 seu
2875 2645 3102 2727 angeli.
3140 2646 3215 2708 Et
3254 2647 3423 2728 quod
3464 2646 3548 2708 ait
3582 2648 3695 2720 ibi,
3730 2664 3961 2709 secun-

2456 2744 2608 2805 dum
2669 2746 2975 2826 quosdam
3034 2745 3308 2808 refertur
3366 2745 3755 2808 ad'coelum.
3818 2746 3961 2808 lmo

2456 2861 2571 2925 per
2612 2843 2673 2926 ly
2704 2844 2793 2906 ibi
2826 2844 3079 2905 videtur
3117 2845 3294 2907 locus
3334 2843 3709 2926 significari,
3748 2863 3959 2926 quum

2460 2950 2703 3004 tantum
2748 2943 2949 3005 valeat
2997 2945 3090 3002 ibi
3129 2943 3295 3005 sicut
3338 2942 3401 3004 in
3448 2943 3555 3006 illo
3598 2943 3756 3005 loco,

2536 3140 2629 3203 Ad
2673 3142 2809 3205 haec
2852 3142 3122 3205 Thomas
3165 3143 3505 3225 respondet
3552 3164 3565 3206 :
3612 3142 3789 3205 Circa
3832 3142 3959 3207 hoc

2458 3247 2548 3301 est
2586 3240 2815 3322 triplex
2846 3240 3083 3323 opinio.
3118 3240 3249 3303 Una
3282 3240 3833 3323 philosophorum,
3866 3244 3962 3305 di-

2458 3339 2741 3400 centium
2772 3340 2940 3421 quod
2975 3338 3411 3419 intelligentiae
3441 3340 3541 3402 vel
3572 3340 3777 3421 angeli
3812 3341 3957 3403 nul-

2460 3436 2519 3497 lo
2560 3436 2746 3499 modo
2785 3445 2933 3499 sunt
2973 3437 3038 3498 in
3085 3436 3240 3499 loco.
3275 3437 3520 3499 Ponunt
3564 3438 3738 3500 enim
3780 3440 3959 3520 quod

2458 3534 2877 3617 intelligentia
2917 3542 3012 3597 est
3046 3537 3333 3618 quaedam
3374 3537 3651 3598 essentia
3684 3538 3962 3600 denuda-

2455 3641 2518 3695 ta
2548 3633 2801 3696 realiter
2830 3653 2867 3696 a
2896 3634 3157 3696 materia
3197 3633 3625 3717 omnibusque
3663 3636 3961 3699 materia-

2457 3732 2627 3794 libus
2672 3732 3168 3805 conditionibuS,
3214 3740 3276 3795 et
3319 3733 3488 3815 quod
3533 3732 3960 3814 intelligentia

2458 3839 2669 3893 movet
2699 3830 2918 3893 orbem
2957 3850 3072 3914 per
3102 3830 3381 3893 animam
3423 3831 3616 3905 orbis,
3651 3832 3812 3893 sicut
3846 3834 3961 3895 de·

2457 3930 2803 3992 sideratum
2844 3929 2924 3992 ab
2963 3948 3036 3992 ea
3074 3949 3088 3993 :
3128 3930 3398 4011 ideoque
3440 3928 3684 3991 nullam
3724 3930 3959 3994 habeat

2454 4028 2948 4110 applicationem
2991 4029 3068 4090 ad
3112 4047 3342 4111 corpus
3386 4027 3549 4090 sicut
3592 4029 3670 4090 ad
3716 4028 3955 4105 locum,

2458 4127 2607 4209 quia
2654 4126 3019 4189 immediate
3079 4145 3208 4189 non
3263 4134 3563 4210 operatur
3620 4127 3786 4190 circa
3843 4129 3962 4191 ali-

847 4225 1096 4306 species
1133 4224 1530 4306 quantitatis,
1569 4233 1627 4287 et
1672 4226 1974 4288 ultimum
2017 4226 2104 4287 rei
2148 4227 2345 4289 conti·
2376 4231 2425 4293 D
2457 4226 2625 4307 quod
2667 4243 2917 4306 corpus.
2962 4226 3106 4288 Haec
3142 4232 3357 4287 autem
3394 4225 3615 4307 opinio
3656 4224 3959 4290 haeretica

848 4322 1058 4384 nentis
1098 4342 1172 4384 ac
1211 4322 1823 4398 circumscribentiS,
1869 4323 2104 4387 idcirco
2146 4324 2347 4387 incor-

850 4419 1174 4502 poralibus
1214 4419 1405 4482 rebus
1436 4439 1562 4483 non
1595 4422 1932 4499 convenit3
1967 4422 2140 4496 item,
2176 4423 2346 4504 quod

847 4517 1056 4598 angeli
1087 4518 1212 4579 situ
1255 4518 1780 4600 dimensioneque
1822 4528 2058 4593 carent,
2093 4538 2218 4583 non
2250 4540 2346 4582 er-

845 4634 926 4698 go
958 4616 1022 4678 in
1058 4616 1195 4680 loco
1225 4616 1622 4696 consistunt3
1654 4626 1718 4679 et
1757 4619 1925 4699 quod
1965 4618 2053 4679 ait
2090 4619 2346 4683 Boetius

846 4716 913 4777 in
947 4715 1110 4778 libro
1140 4716 1218 4778 de
1248 4714 1783 4792 HebdomadibuS,
1817 4717 1984 4798 apud
2027 4717 2345 4799 sapientes

845 4833 982 4877 esse
1016 4814 1509 4897 propositionem
1541 4834 1653 4896 per
1683 4833 1749 4876 se
1783 4822 2018 4889 notam,
2044 4815 2212 4896 quod
2244 4836 2348 4878 an-

843 4913 968 4993 geli
1002 4932 1128 4977 non
1169 4914 1417 4976 suntin
1452 4913 1607 4976 loco.
1644 4914 1877 4976 Verum
1920 4914 2055 4976 haec
2095 4922 2158 4975 et
2201 4932 2345 4976 6011-

844 5010 1082 5073 similia
1124 5031 1250 5073 una
1291 5012 1700 5074 distinctione
1743 5011 2080 5075 solvuntur
2123 5011 2346 5073 sacilli-

845 5128 948 5171 me
1001 5127 1015 5171 :
1067 5111 1219 5193 quia
1274 5111 1574 5174 videlicet
1632 5110 1876 5192 aliquid
1933 5117 2026 5171 est
2084 5110 2148 5171 in
2206 5110 2344 5173 loco

845 5208 1418 5271 commensurative
1462 5216 1525 5271 et
1567 5208 1918 5271 definitive.

924 5306 1130 5369 Potest
1173 5324 1322 5391 ergo
1363 5308 1456 5369 316
1499 5308 1677 5388 argui
1727 5324 1740 5368 :
1787 5307 2065 5389 Angelus
2108 5315 2200 5370 est
2247 5327 2343 5371 63-

2459 4332 2575 4397 est,
2610 4323 2762 4405 quia
2802 4325 3151 4386 secundum
3172 4323 3383 4385 fidem
3414 4342 3627 4385 veram
3659 4332 3957 4389 tenemus

2457 4421 2713 4504 angelos
2754 4422 3117 4484 immediate
3150 4423 3319 4485 circa
3350 4422 3639 4485 homines
3678 4425 3954 4505 operari.

2538 4520 2699 4582 Hinc
2738 4520 2846 4582 alii
2888 4521 3131 4590 dicunt,
3167 4521 3338 4602 quod
3376 4520 3601 4601 angelo
3640 4530 3957 4603 quantum

2457 4620 2535 4682 ad
2594 4637 2775 4680 suam
2842 4618 3207 4692 essentiam,
3269 4618 3445 4681 locus
3512 4618 3801 4695 debetur,
3864 4620 3957 4684 ita

2457 4718 2626 4800 quod
2676 4736 2801 4780 non
2859 4717 2942 4778 sit
2993 4716 3393 4797 intelligibile
3440 4717 3737 4799 angelum
3784 4737 3953 4794 esse,

2457 4817 2510 4879 si
2556 4817 2731 4879 locus
2775 4835 2901 4879 non
2946 4815 3045 4877 sit.
3082 4815 3311 4877 Dicunt
3357 4823 3591 4887 tamen,
3634 4816 3804 4897 quod
3846 4836 3959 4881 an—

2454 4915 2634 4996 gelus
2679 4922 2773 4977 631.
2817 4914 2881 4975 111
2927 4913 3065 4976 1660
3108 4912 3463 4987 definitive,
3510 4933 3634 4977 non
3680 4915 3960 4978 circum-

2455 5012 2779 5095 scriptive,
2814 5013 2965 5094 quia
3002 5012 3095 5074 316
3133 5012 3591 5075 determinatur
3618 5014 3695 5075 ad
3739 5014 3959 5077 locum

2455 5110 2521 5172 in
2571 5128 2699 5191 quo
2746 5118 2862 5184 est,
2916 5111 3084 5192 quod
3132 5110 3325 5171 simul
3372 5129 3511 5173 esse
3562 5110 3626 5172 in
3674 5110 3802 5173 alio
3848 5131 3961 5175 ne-

2454 5209 2594 5291 quit
2629 5229 2643 5273 :
2678 5209 2827 5291 quia
2870 5228 3072 5290 quum
3115 5207 3255 5287 ejus
3297 5210 3575 5271 essentia
3616 5209 3699 5271 sit
3740 5206 3956 5285 finita,

2456 5315 2704 5390 oportet
2742 5308 2909 5391 quod
2946 5306 3029 5369 sit
3064 5307 3141 5369 ad
3175 5307 3457 5391 aliquem
3496 5307 3709 5371 locum
3749 5307 3965 5372 deter-
