<?xml version="1.0" encoding="UTF-8"?>
<!DOCTYPE html PUBLIC "-//W3C//DTD XHTML 1.0 Transitional//EN"
    "http://www.w3.org/TR/xhtml1/DTD/xhtml1-transitional.dtd">
<html xmlns="http://www.w3.org/1999/xhtml" xml:lang="en" lang="en">
 <head>
  <title>
</title>
<meta http-equiv="Content-Type" content="text/html;charset=utf-8" />
  <meta name='ocr-system' content='tesseract 3.04.00' />
  <meta name='ocr-capabilities' content='ocr_page ocr_carea ocr_par ocr_line ocrx_word'/>
</head>
<body>
  <div class='ocr_page' id='page_1' title='image "./doctorisecstati11unkngoog_0244.png"; bbox 0 0 4359 6250; ppageno 0'>
   <div class='ocr_carea' id='block_1_1' title="bbox 860 454 981 518">
    <p class='ocr_par' dir='ltr' id='par_1_1' title="bbox 860 454 981 518">
     <span class='ocr_line' id='line_1_1' title="bbox 860 454 981 518; baseline 0 0"><span class='ocrx_word' id='word_1_1' title='bbox 860 454 981 518; x_wconf 78' lang='lat'><strong>232</strong></span> 
     </span>
    </p>
   </div>
   <div class='ocr_carea' id='block_1_2' title="bbox 1478 467 3343 532">
    <p class='ocr_par' dir='ltr' id='par_1_2' title="bbox 1478 467 3343 532">
     <span class='ocr_line' id='line_1_2' title="bbox 1478 467 3343 532; baseline -0.003 -14"><span class='ocrx_word' id='word_1_2' title='bbox 1478 474 1541 518; x_wconf 74' lang='lat' dir='ltr'><strong>IN</strong></span> <span class='ocrx_word' id='word_1_3' title='bbox 1584 473 1805 518; x_wconf 69' lang='lat' dir='ltr'><strong>Linum!</strong></span> <span class='ocrx_word' id='word_1_4' title='bbox 1848 475 1865 517; x_wconf 91' lang='lat'>1</span> <span class='ocrx_word' id='word_1_5' title='bbox 1910 472 2394 518; x_wconf 74' lang='lat' dir='ltr'><strong>SENTENTIARL&#39;M.</strong></span> <span class='ocrx_word' id='word_1_6' title='bbox 2439 489 2517 498; x_wconf 91' lang='lat'>—</span> <span class='ocrx_word' id='word_1_7' title='bbox 2560 471 2711 516; x_wconf 76' lang='lat' dir='ltr'><strong>DisT.</strong></span> <span class='ocrx_word' id='word_1_8' title='bbox 2757 469 2948 532; x_wconf 59' lang='lat' dir='ltr'>xxx’13</span> <span class='ocrx_word' id='word_1_9' title='bbox 2990 469 3215 524; x_wconf 76' lang='lat' dir='ltr'><strong>QUAEsT.</strong></span> <span class='ocrx_word' id='word_1_10' title='bbox 3257 467 3343 513; x_wconf 77' lang='lat' dir='ltr'><strong>vn</strong></span> 
     </span>
    </p>
   </div>
   <div class='ocr_carea' id='block_1_3' title="bbox 862 633 3966 723">
    <p class='ocr_par' dir='ltr' id='par_1_3' title="bbox 862 633 3966 723">
     <span class='ocr_line' id='line_1_3' title="bbox 862 633 3966 723; baseline -0.003 -18"><span class='ocrx_word' id='word_1_11' title='bbox 862 643 1162 722; x_wconf 80' lang='lat' dir='ltr'><strong>diversis3</strong></span> <span class='ocrx_word' id='word_1_12' title='bbox 1187 644 1252 705; x_wconf 90' lang='lat' dir='ltr'><strong>in</strong></span> <span class='ocrx_word' id='word_1_13' title='bbox 1284 645 1412 705; x_wconf 91' lang='lat' dir='ltr'><strong>Deo</strong></span> <span class='ocrx_word' id='word_1_14' title='bbox 1440 651 1652 705; x_wconf 86' lang='lat' dir='ltr'><strong>autem</strong></span> <span class='ocrx_word' id='word_1_15' title='bbox 1695 661 1823 705; x_wconf 90' lang='lat' dir='ltr'><strong>nou</strong></span> <span class='ocrx_word' id='word_1_16' title='bbox 1853 643 2231 704; x_wconf 80' lang='lat' dir='ltr'>determinat</span> <span class='ocrx_word' id='word_1_17' title='bbox 2264 660 2355 702; x_wconf 89' lang='lat' dir='ltr'><strong>re·</strong></span> <span class='ocrx_word' id='word_1_18' title='bbox 2384 640 2433 702; x_wconf 83' lang='lat' dir='ltr'>A</span> <span class='ocrx_word' id='word_1_19' title='bbox 2466 659 2538 703; x_wconf 90' lang='lat' dir='ltr'><strong>ac</strong></span> <span class='ocrx_word' id='word_1_20' title='bbox 2578 659 2862 723; x_wconf 84' lang='lat' dir='ltr'><strong>personae</strong></span> <span class='ocrx_word' id='word_1_21' title='bbox 2894 640 3184 702; x_wconf 88' lang='lat' dir='ltr'><strong>videatur</strong></span> <span class='ocrx_word' id='word_1_22' title='bbox 3216 656 3354 700; x_wconf 87' lang='lat' dir='ltr'><strong>esse</strong></span> <span class='ocrx_word' id='word_1_23' title='bbox 3395 633 3966 698; x_wconf 84' lang='lat' dir='ltr'><strong>incommunicabi-</strong></span> 
     </span>
    </p>
   </div>
   <div class='ocr_carea' id='block_1_4' title="bbox 861 741 2364 1809">
    <p class='ocr_par' dir='ltr' id='par_1_4' title="bbox 861 741 2364 1809">
     <span class='ocr_line' id='line_1_4' title="bbox 861 741 2354 825; baseline -0.001 -22"><span class='ocrx_word' id='word_1_24' title='bbox 861 749 1116 825; x_wconf 90' lang='lat' dir='ltr'><strong>spectus</strong></span> <span class='ocrx_word' id='word_1_25' title='bbox 1176 741 1467 816; x_wconf 87' lang='lat' dir='ltr'><strong>formam,</strong></span> <span class='ocrx_word' id='word_1_26' title='bbox 1531 742 1640 804; x_wconf 91' lang='lat' dir='ltr'><strong>sed</strong></span> <span class='ocrx_word' id='word_1_27' title='bbox 1700 741 2125 822; x_wconf 89' lang='lat' dir='ltr'><strong>suppositum,</strong></span> <span class='ocrx_word' id='word_1_28' title='bbox 2189 758 2354 802; x_wconf 88' lang='lat' dir='ltr'><strong>com-</strong></span> 
     </span>
     <span class='ocr_line' id='line_1_5' title="bbox 866 839 2353 920; baseline -0.002 -17"><span class='ocrx_word' id='word_1_29' title='bbox 866 841 1249 903; x_wconf 88' lang='lat' dir='ltr'><strong>municando</strong></span> <span class='ocrx_word' id='word_1_30' title='bbox 1316 840 1584 902; x_wconf 88' lang='lat' dir='ltr'><strong>diversis</strong></span> <span class='ocrx_word' id='word_1_31' title='bbox 1652 839 2000 920; x_wconf 87' lang='lat' dir='ltr'><strong>suppositis</strong></span> <span class='ocrx_word' id='word_1_32' title='bbox 2064 839 2353 900; x_wconf 87' lang='lat' dir='ltr'><strong>eamdem</strong></span> 
     </span>
     <span class='ocr_line' id='line_1_6' title="bbox 862 937 2356 1021; baseline -0.003 -20"><span class='ocrx_word' id='word_1_33' title='bbox 862 959 995 1002; x_wconf 92' lang='lat' dir='ltr'><strong>rem</strong></span> <span class='ocrx_word' id='word_1_34' title='bbox 1028 958 1311 1002; x_wconf 89' lang='lat' dir='ltr'><strong>numero.</strong></span> <span class='ocrx_word' id='word_1_35' title='bbox 1347 940 1605 1020; x_wconf 85' lang='lat' dir='ltr'><strong>Propter</strong></span> <span class='ocrx_word' id='word_1_36' title='bbox 1633 939 1803 1021; x_wconf 92' lang='lat' dir='ltr'><strong>quod</strong></span> <span class='ocrx_word' id='word_1_37' title='bbox 1835 937 1945 999; x_wconf 90' lang='lat' dir='ltr'><strong>ubi</strong></span> <span class='ocrx_word' id='word_1_38' title='bbox 1978 937 2356 999; x_wconf 86' lang='lat' dir='ltr'><strong>terminatur</strong></span> 
     </span>
     <span class='ocr_line' id='line_1_7' title="bbox 862 1026 2358 1110; baseline -0.003 -10"><span class='ocrx_word' id='word_1_39' title='bbox 862 1037 1480 1100; x_wconf 86' lang='lat' dir='ltr'><strong>communicabilitas</strong></span> <span class='ocrx_word' id='word_1_40' title='bbox 1521 1026 1739 1098; x_wconf 66' lang='lat' dir='ltr'><strong>formae</strong></span> <span class='ocrx_word' id='word_1_41' title='bbox 1780 1044 2023 1110; x_wconf 82' lang='lat' dir='ltr'><strong>creatae,</strong></span> <span class='ocrx_word' id='word_1_42' title='bbox 2058 1034 2358 1098; x_wconf 87' lang='lat' dir='ltr'><strong>videlicet</strong></span> 
     </span>
     <span class='ocr_line' id='line_1_8' title="bbox 863 1133 2360 1219; baseline -0.003 -21"><span class='ocrx_word' id='word_1_43' title='bbox 863 1156 1062 1219; x_wconf 90' lang='lat' dir='ltr'><strong>quum</strong></span> <span class='ocrx_word' id='word_1_44' title='bbox 1102 1135 1507 1216; x_wconf 87' lang='lat' dir='ltr'><strong>singulariter</strong></span> <span class='ocrx_word' id='word_1_45' title='bbox 1547 1135 1739 1197; x_wconf 89' lang='lat' dir='ltr'><strong>fuerit</strong></span> <span class='ocrx_word' id='word_1_46' title='bbox 1776 1134 2110 1206; x_wconf 81' lang='lat' dir='ltr'><strong>exsistenS‚</strong></span> <span class='ocrx_word' id='word_1_47' title='bbox 2143 1133 2233 1195; x_wconf 90' lang='lat' dir='ltr'><strong>ibi</strong></span> <span class='ocrx_word' id='word_1_48' title='bbox 2272 1133 2360 1194; x_wconf 90' lang='lat' dir='ltr'><strong>in-</strong></span> 
     </span>
     <span class='ocr_line' id='line_1_9' title="bbox 865 1231 2362 1317; baseline -0.003 -20"><span class='ocrx_word' id='word_1_49' title='bbox 865 1235 1022 1317; x_wconf 86' lang='lat' dir='ltr'><strong>cipit</strong></span> <span class='ocrx_word' id='word_1_50' title='bbox 1052 1233 1670 1297; x_wconf 85' lang='lat' dir='ltr'><strong>cominunicabilitas</strong></span> <span class='ocrx_word' id='word_1_51' title='bbox 1700 1234 1921 1295; x_wconf 75' lang='lat' dir='ltr'><strong>formae</strong></span> <span class='ocrx_word' id='word_1_52' title='bbox 1950 1231 2232 1306; x_wconf 79' lang='lat' dir='ltr'><strong>Deitatis,</strong></span> <span class='ocrx_word' id='word_1_53' title='bbox 2269 1238 2362 1292; x_wconf 92' lang='lat' dir='ltr'><strong>ut-</strong></span> 
     </span>
     <span class='ocr_line' id='line_1_10' title="bbox 865 1329 2359 1416; baseline -0.004 -20"><span class='ocrx_word' id='word_1_54' title='bbox 865 1341 1010 1416; x_wconf 82' lang='lat' dir='ltr'><strong>pote</strong></span> <span class='ocrx_word' id='word_1_55' title='bbox 1060 1352 1097 1394; x_wconf 97' lang='lat' dir='ltr'><strong>a</strong></span> <span class='ocrx_word' id='word_1_56' title='bbox 1144 1333 1578 1413; x_wconf 81' lang='lat' dir='ltr'><strong>singularitate</strong></span> <span class='ocrx_word' id='word_1_57' title='bbox 1628 1351 1757 1394; x_wconf 66' lang='grc'><strong>5010</strong></span> <span class='ocrx_word' id='word_1_58' title='bbox 1806 1338 2046 1393; x_wconf 82' lang='lat' dir='ltr'><strong>naturae</strong></span> <span class='ocrx_word' id='word_1_59' title='bbox 2081 1348 2094 1391; x_wconf 89' lang='lat'>:</span> <span class='ocrx_word' id='word_1_60' title='bbox 2128 1338 2192 1391; x_wconf 89' lang='lat' dir='ltr'><strong>et</strong></span> <span class='ocrx_word' id='word_1_61' title='bbox 2240 1329 2359 1391; x_wconf 93' lang='grc'><strong>1100</strong></span> 
     </span>
     <span class='ocr_line' id='line_1_11' title="bbox 866 1427 2362 1514; baseline -0.003 -20"><span class='ocrx_word' id='word_1_62' title='bbox 866 1433 1028 1506; x_wconf 92' lang='lat' dir='ltr'><strong>ideo,</strong></span> <span class='ocrx_word' id='word_1_63' title='bbox 1084 1432 1385 1514; x_wconf 89' lang='lat' dir='ltr'><strong>quoniam</strong></span> <span class='ocrx_word' id='word_1_64' title='bbox 1436 1430 1936 1512; x_wconf 81' lang='lat' dir='ltr'><strong>singularitatem</strong></span> <span class='ocrx_word' id='word_1_65' title='bbox 1986 1429 2176 1490; x_wconf 89' lang='lat' dir='ltr'><strong>habet</strong></span> <span class='ocrx_word' id='word_1_66' title='bbox 2225 1427 2362 1490; x_wconf 91' lang='lat' dir='ltr'><strong>abs-</strong></span> 
     </span>
     <span class='ocr_line' id='line_1_12' title="bbox 866 1527 2357 1611; baseline -0.003 -19"><span class='ocrx_word' id='word_1_67' title='bbox 866 1550 990 1611; x_wconf 90' lang='lat' dir='ltr'><strong>que</strong></span> <span class='ocrx_word' id='word_1_68' title='bbox 1040 1530 1214 1593; x_wconf 90' lang='lat' dir='ltr'><strong>omni</strong></span> <span class='ocrx_word' id='word_1_69' title='bbox 1272 1529 1797 1592; x_wconf 82' lang='lat' dir='ltr'><strong>determinatione</strong></span> <span class='ocrx_word' id='word_1_70' title='bbox 1847 1535 1911 1590; x_wconf 90' lang='lat' dir='ltr'><strong>et</strong></span> <span class='ocrx_word' id='word_1_71' title='bbox 1960 1527 2357 1589; x_wconf 84' lang='lat' dir='ltr'><strong>limitatione.</strong></span> 
     </span>
     <span class='ocr_line' id='line_1_13' title="bbox 867 1626 2364 1709; baseline -0.003 -19"><span class='ocrx_word' id='word_1_72' title='bbox 867 1664 946 1673; x_wconf 90' lang='lat'>—</span> <span class='ocrx_word' id='word_1_73' title='bbox 974 1629 1133 1690; x_wconf 88' lang='lat' dir='ltr'><strong>Hinc</strong></span> <span class='ocrx_word' id='word_1_74' title='bbox 1164 1627 1571 1709; x_wconf 84' lang='lat' dir='ltr'><strong>simplicitate</strong></span> <span class='ocrx_word' id='word_1_75' title='bbox 1602 1635 1665 1690; x_wconf 92' lang='lat' dir='ltr'><strong>et</strong></span> <span class='ocrx_word' id='word_1_76' title='bbox 1705 1626 2091 1688; x_wconf 81' lang='lat' dir='ltr'><strong>fecunditate</strong></span> <span class='ocrx_word' id='word_1_77' title='bbox 2122 1632 2364 1686; x_wconf 83' lang='lat' dir='ltr'><strong>naturae</strong></span> 
     </span>
     <span class='ocr_line' id='line_1_14' title="bbox 867 1725 2364 1809; baseline -0.003 -21"><span class='ocrx_word' id='word_1_78' title='bbox 867 1726 1253 1809; x_wconf 88' lang='lat' dir='ltr'><strong>requirente,</strong></span> <span class='ocrx_word' id='word_1_79' title='bbox 1288 1745 1546 1788; x_wconf 90' lang='lat' dir='ltr'><strong>necesse</strong></span> <span class='ocrx_word' id='word_1_80' title='bbox 1586 1733 1681 1788; x_wconf 90' lang='lat' dir='ltr'><strong>est</strong></span> <span class='ocrx_word' id='word_1_81' title='bbox 1719 1744 1859 1786; x_wconf 90' lang='lat' dir='ltr'><strong>eam</strong></span> <span class='ocrx_word' id='word_1_82' title='bbox 1901 1725 2161 1786; x_wconf 82' lang='lat' dir='ltr'><strong>relative</strong></span> <span class='ocrx_word' id='word_1_83' title='bbox 2195 1741 2364 1785; x_wconf 91' lang='lat' dir='ltr'><strong>com-</strong></span> 
     </span>
    </p>
   </div>
   <div class='ocr_carea' id='block_1_5' title="bbox 2469 732 3972 1807">
    <p class='ocr_par' dir='ltr' id='par_1_5' title="bbox 2469 732 3972 1807">
     <span class='ocr_line' id='line_1_15' title="bbox 2469 732 3965 812; baseline -0.005 -12"><span class='ocrx_word' id='word_1_84' title='bbox 2469 739 2632 812; x_wconf 89' lang='lat' dir='ltr'><strong>litas,</strong></span> <span class='ocrx_word' id='word_1_85' title='bbox 2684 748 2747 801; x_wconf 88' lang='lat' dir='ltr'><strong>et</strong></span> <span class='ocrx_word' id='word_1_86' title='bbox 2799 738 3016 800; x_wconf 84' lang='lat' dir='ltr'><strong>divina</strong></span> <span class='ocrx_word' id='word_1_87' title='bbox 3073 736 3350 800; x_wconf 83' lang='lat' dir='ltr'><strong>essentia</strong></span> <span class='ocrx_word' id='word_1_88' title='bbox 3406 732 3965 796; x_wconf 89' lang='lat' dir='ltr'><strong>communicabilis</strong></span> 
     </span>
     <span class='ocr_line' id='line_1_16' title="bbox 2469 831 3964 916; baseline -0.007 -14"><span class='ocrx_word' id='word_1_89' title='bbox 2469 839 2571 911; x_wconf 91' lang='lat' dir='ltr'><strong>sit,</strong></span> <span class='ocrx_word' id='word_1_90' title='bbox 2607 838 2735 900; x_wconf 92' lang='lat' dir='ltr'><strong>imo</strong></span> <span class='ocrx_word' id='word_1_91' title='bbox 2765 845 2828 900; x_wconf 90' lang='lat' dir='ltr'><strong>et</strong></span> <span class='ocrx_word' id='word_1_92' title='bbox 2869 836 3334 899; x_wconf 86' lang='lat' dir='ltr'><strong>communicata</strong></span> <span class='ocrx_word' id='word_1_93' title='bbox 3375 843 3564 916; x_wconf 89' lang='lat' dir='ltr'><strong>atque</strong></span> <span class='ocrx_word' id='word_1_94' title='bbox 3604 831 3964 895; x_wconf 89' lang='lat' dir='ltr'><strong>communis</strong></span> 
     </span>
     <span class='ocr_line' id='line_1_17' title="bbox 2469 929 3964 1018; baseline -0.006 -19"><span class='ocrx_word' id='word_1_95' title='bbox 2469 937 2673 999; x_wconf 87' lang='lat' dir='ltr'><strong>tribus</strong></span> <span class='ocrx_word' id='word_1_96' title='bbox 2732 936 3044 1018; x_wconf 81' lang='lat' dir='ltr'><strong>personiS,</strong></span> <span class='ocrx_word' id='word_1_97' title='bbox 3098 952 3226 996; x_wconf 93' lang='lat' dir='ltr'><strong>non</strong></span> <span class='ocrx_word' id='word_1_98' title='bbox 3281 933 3534 995; x_wconf 87' lang='lat' dir='ltr'><strong>videtur</strong></span> <span class='ocrx_word' id='word_1_99' title='bbox 3589 931 3647 993; x_wconf 90' lang='lat' dir='ltr'><strong>ei</strong></span> <span class='ocrx_word' id='word_1_100' title='bbox 3709 929 3964 1012; x_wconf 85' lang='lat' dir='ltr'><strong>proprie</strong></span> 
     </span>
     <span class='ocr_line' id='line_1_18' title="bbox 2471 1029 3969 1115; baseline -0.006 -17"><span class='ocrx_word' id='word_1_101' title='bbox 2471 1035 2811 1098; x_wconf 86' lang='lat' dir='ltr'><strong>convenire</strong></span> <span class='ocrx_word' id='word_1_102' title='bbox 2840 1035 3000 1096; x_wconf 88' lang='lat' dir='ltr'><strong>ratio</strong></span> <span class='ocrx_word' id='word_1_103' title='bbox 3031 1033 3341 1115; x_wconf 79' lang='lat' dir='ltr'><strong>suppositi</strong></span> <span class='ocrx_word' id='word_1_104' title='bbox 3371 1039 3480 1094; x_wconf 84' lang='lat' dir='ltr'><strong>aut</strong></span> <span class='ocrx_word' id='word_1_105' title='bbox 3511 1048 3818 1112; x_wconf 80' lang='lat' dir='ltr'><strong>personae.</strong></span> <span class='ocrx_word' id='word_1_106' title='bbox 3837 1029 3969 1092; x_wconf 88' lang='lat' dir='ltr'><strong>Phi-</strong></span> 
     </span>
     <span class='ocr_line' id='line_1_19' title="bbox 2471 1129 3964 1216; baseline -0.005 -19"><span class='ocrx_word' id='word_1_107' title='bbox 2471 1134 2718 1216; x_wconf 91' lang='lat' dir='ltr'><strong>losophi</strong></span> <span class='ocrx_word' id='word_1_108' title='bbox 2762 1139 2974 1194; x_wconf 91' lang='lat' dir='ltr'><strong>autem</strong></span> <span class='ocrx_word' id='word_1_109' title='bbox 3025 1140 3089 1194; x_wconf 91' lang='lat' dir='ltr'><strong>et</strong></span> <span class='ocrx_word' id='word_1_110' title='bbox 3135 1132 3327 1194; x_wconf 86' lang='lat' dir='ltr'><strong>ceteri</strong></span> <span class='ocrx_word' id='word_1_111' title='bbox 3375 1130 3485 1212; x_wconf 91' lang='lat' dir='ltr'><strong>qui</strong></span> <span class='ocrx_word' id='word_1_112' title='bbox 3536 1129 3964 1212; x_wconf 74' lang='lat' dir='ltr'><strong>pluralitatem</strong></span> 
     </span>
     <span class='ocr_line' id='line_1_20' title="bbox 2473 1228 3970 1315; baseline -0.004 -21"><span class='ocrx_word' id='word_1_113' title='bbox 2473 1251 2886 1315; x_wconf 88' lang='lat' dir='ltr'><strong>personarum</strong></span> <span class='ocrx_word' id='word_1_114' title='bbox 2927 1231 2993 1293; x_wconf 90' lang='lat' dir='ltr'><strong>in</strong></span> <span class='ocrx_word' id='word_1_115' title='bbox 3026 1233 3154 1293; x_wconf 88' lang='lat' dir='ltr'><strong>Deo</strong></span> <span class='ocrx_word' id='word_1_116' title='bbox 3184 1229 3519 1310; x_wconf 86' lang='lat' dir='ltr'><strong>negabant,</strong></span> <span class='ocrx_word' id='word_1_117' title='bbox 3553 1229 3856 1291; x_wconf 80' lang='lat' dir='ltr'><strong>dixerunt.</strong></span> <span class='ocrx_word' id='word_1_118' title='bbox 3883 1228 3970 1289; x_wconf 91' lang='lat' dir='ltr'><strong>di-</strong></span> 
     </span>
     <span class='ocr_line' id='line_1_21' title="bbox 2470 1317 3970 1412; baseline -0.003 -20"><span class='ocrx_word' id='word_1_119' title='bbox 2470 1331 2684 1393; x_wconf 91' lang='lat' dir='ltr'><strong>vinam</strong></span> <span class='ocrx_word' id='word_1_120' title='bbox 2717 1330 3058 1392; x_wconf 84' lang='lat' dir='ltr'><strong>essentiam</strong></span> <span class='ocrx_word' id='word_1_121' title='bbox 3098 1347 3502 1412; x_wconf 87' lang='lat' dir='ltr'><strong>nequaquam</strong></span> <span class='ocrx_word' id='word_1_122' title='bbox 3540 1317 3970 1390; x_wconf 89' lang='lat' dir='ltr'><strong>communica-</strong></span> 
     </span>
     <span class='ocr_line' id='line_1_22' title="bbox 2473 1426 3968 1510; baseline -0.003 -19"><span class='ocrx_word' id='word_1_123' title='bbox 2473 1430 2669 1491; x_wconf 89' lang='lat' dir='ltr'><strong>bilem</strong></span> <span class='ocrx_word' id='word_1_124' title='bbox 2701 1447 2838 1491; x_wconf 91' lang='lat' dir='ltr'><strong>esse</strong></span> <span class='ocrx_word' id='word_1_125' title='bbox 2880 1428 3168 1510; x_wconf 89' lang='lat' dir='ltr'><strong>personis</strong></span> <span class='ocrx_word' id='word_1_126' title='bbox 3205 1446 3218 1489; x_wconf 75' lang='grc' dir='ltr'>ε</span> <span class='ocrx_word' id='word_1_127' title='bbox 3255 1427 3396 1491; x_wconf 79' lang='lat' dir='ltr'><strong>ideo</strong></span> <span class='ocrx_word' id='word_1_128' title='bbox 3435 1444 3563 1489; x_wconf 91' lang='lat' dir='ltr'><strong>non</strong></span> <span class='ocrx_word' id='word_1_129' title='bbox 3601 1435 3699 1488; x_wconf 88' lang='lat' dir='ltr'><strong>est</strong></span> <span class='ocrx_word' id='word_1_130' title='bbox 3731 1426 3968 1488; x_wconf 90' lang='lat' dir='ltr'><strong>mirum</strong></span> 
     </span>
     <span class='ocr_line' id='line_1_23' title="bbox 2474 1525 3972 1611; baseline -0.001 -22"><span class='ocrx_word' id='word_1_131' title='bbox 2474 1528 2642 1611; x_wconf 87' lang='lat' dir='ltr'><strong>quod</strong></span> <span class='ocrx_word' id='word_1_132' title='bbox 2685 1535 3035 1609; x_wconf 89' lang='lat' dir='ltr'><strong>posuerunt</strong></span> <span class='ocrx_word' id='word_1_133' title='bbox 3075 1528 3140 1588; x_wconf 91' lang='lat' dir='ltr'><strong>in</strong></span> <span class='ocrx_word' id='word_1_134' title='bbox 3181 1527 3308 1589; x_wconf 91' lang='lat' dir='ltr'><strong>Deo</strong></span> <span class='ocrx_word' id='word_1_135' title='bbox 3347 1525 3760 1607; x_wconf 88' lang='lat' dir='ltr'><strong>suppositum·</strong></span> <span class='ocrx_word' id='word_1_136' title='bbox 3793 1525 3972 1588; x_wconf 87' lang='lat' dir='ltr'><strong>abso-</strong></span> 
     </span>
     <span class='ocr_line' id='line_1_24' title="bbox 2475 1624 3971 1706; baseline -0.003 -16"><span class='ocrx_word' id='word_1_137' title='bbox 2475 1629 2704 1700; x_wconf 89' lang='lat' dir='ltr'><strong>lutum,</strong></span> <span class='ocrx_word' id='word_1_138' title='bbox 2739 1634 2848 1689; x_wconf 90' lang='lat' dir='ltr'><strong>aut</strong></span> <span class='ocrx_word' id='word_1_139' title='bbox 2877 1634 3046 1688; x_wconf 87' lang='lat' dir='ltr'><strong>certe</strong></span> <span class='ocrx_word' id='word_1_140' title='bbox 3077 1626 3160 1706; x_wconf 90' lang='lat' dir='ltr'><strong>(si</strong></span> <span class='ocrx_word' id='word_1_141' title='bbox 3200 1625 3321 1688; x_wconf 92' lang='lat' dir='ltr'><strong>hoc</strong></span> <span class='ocrx_word' id='word_1_142' title='bbox 3357 1625 3586 1687; x_wconf 91' lang='lat' dir='ltr'><strong>melius</strong></span> <span class='ocrx_word' id='word_1_143' title='bbox 3627 1625 3840 1704; x_wconf 89' lang='lat' dir='ltr'><strong>sonat)</strong></span> <span class='ocrx_word' id='word_1_144' title='bbox 3865 1624 3971 1686; x_wconf 89' lang='lat' dir='ltr'><strong>ab·</strong></span> 
     </span>
     <span class='ocr_line' id='line_1_25' title="bbox 2477 1728 3146 1807; baseline -0.004 -17"><span class='ocrx_word' id='word_1_145' title='bbox 2477 1728 2748 1790; x_wconf 89' lang='lat' dir='ltr'><strong>solutam</strong></span> <span class='ocrx_word' id='word_1_146' title='bbox 2790 1744 3146 1807; x_wconf 86' lang='lat' dir='ltr'><strong>personam.</strong></span> 
     </span>
    </p>
   </div>
   <div class='ocr_carea' id='block_1_6' title="bbox 871 1821 3970 1904">
    <p class='ocr_par' dir='ltr' id='par_1_6' title="bbox 871 1821 3970 1904">
     <span class='ocr_line' id='line_1_26' title="bbox 871 1821 3970 1904; baseline -0.002 -17"><span class='ocrx_word' id='word_1_147' title='bbox 871 1826 1206 1900; x_wconf 89' lang='lat' dir='ltr'><strong>municari‚</strong></span> <span class='ocrx_word' id='word_1_148' title='bbox 1258 1833 1321 1886; x_wconf 87' lang='lat' dir='ltr'><strong>et</strong></span> <span class='ocrx_word' id='word_1_149' title='bbox 1378 1824 1658 1886; x_wconf 83' lang='lat' dir='ltr'><strong>relativis</strong></span> <span class='ocrx_word' id='word_1_150' title='bbox 1719 1823 2115 1904; x_wconf 88' lang='lat' dir='ltr'><strong>respectibus</strong></span> <span class='ocrx_word' id='word_1_151' title='bbox 2162 1821 2366 1883; x_wconf 79' lang='grc'><strong>501151-</strong></span> <span class='ocrx_word' id='word_1_152' title='bbox 2400 1829 2447 1891; x_wconf 87' lang='grc' dir='ltr'>Β</span> <span class='ocrx_word' id='word_1_153' title='bbox 2559 1826 2739 1888; x_wconf 79' lang='lat' dir='ltr'><strong>Circa</strong></span> <span class='ocrx_word' id='word_1_154' title='bbox 2785 1826 2919 1887; x_wconf 78' lang='lat' dir='ltr'><strong>haec</strong></span> <span class='ocrx_word' id='word_1_155' title='bbox 2970 1824 3194 1886; x_wconf 84' lang='lat' dir='ltr'><strong>scribit</strong></span> <span class='ocrx_word' id='word_1_156' title='bbox 3243 1824 3590 1887; x_wconf 81' lang='lat' dir='ltr'><strong>Richardus</strong></span> <span class='ocrx_word' id='word_1_157' title='bbox 3640 1841 3654 1884; x_wconf 92' lang='lat'><strong>:</strong></span> <span class='ocrx_word' id='word_1_158' title='bbox 3703 1822 3970 1895; x_wconf 84' lang='lat' dir='ltr'><strong>Quidam</strong></span> 
     </span>
    </p>
   </div>
   <div class='ocr_carea' id='block_1_7' title="bbox 870 1920 2378 2988">
    <p class='ocr_par' dir='ltr' id='par_1_7' title="bbox 870 1920 2378 2988">
     <span class='ocr_line' id='line_1_27' title="bbox 870 1920 2364 2005; baseline -0.005 -18"><span class='ocrx_word' id='word_1_159' title='bbox 870 1933 1035 1987; x_wconf 91' lang='lat' dir='ltr'><strong>stere</strong></span> <span class='ocrx_word' id='word_1_160' title='bbox 1070 1924 1136 1985; x_wconf 94' lang='lat' dir='ltr'><strong>in</strong></span> <span class='ocrx_word' id='word_1_161' title='bbox 1175 1923 1522 2005; x_wconf 87' lang='lat' dir='ltr'><strong>suppositis</strong></span> <span class='ocrx_word' id='word_1_162' title='bbox 1563 1923 1865 1995; x_wconf 79' lang='lat' dir='ltr'><strong>relativiS‚</strong></span> <span class='ocrx_word' id='word_1_163' title='bbox 1898 1929 1962 1983; x_wconf 89' lang='lat' dir='ltr'><strong>et</strong></span> <span class='ocrx_word' id='word_1_164' title='bbox 2001 1920 2364 1982; x_wconf 88' lang='lat' dir='ltr'><strong>nullatenus</strong></span> 
     </span>
     <span class='ocr_line' id='line_1_28' title="bbox 872 2020 2368 2102; baseline -0.005 -17"><span class='ocrx_word' id='word_1_165' title='bbox 872 2023 1178 2085; x_wconf 88' lang='lat' dir='ltr'><strong>absolute.</strong></span> <span class='ocrx_word' id='word_1_166' title='bbox 1214 2022 1551 2102; x_wconf 89' lang='lat' dir='ltr'><strong>Nunquam</strong></span> <span class='ocrx_word' id='word_1_167' title='bbox 1594 2021 1765 2082; x_wconf 90' lang='lat' dir='ltr'><strong>enim</strong></span> <span class='ocrx_word' id='word_1_168' title='bbox 1808 2027 1903 2082; x_wconf 88' lang='lat' dir='ltr'><strong>est</strong></span> <span class='ocrx_word' id='word_1_169' title='bbox 1942 2020 2103 2082; x_wconf 88' lang='lat' dir='ltr'><strong>ratio</strong></span> <span class='ocrx_word' id='word_1_170' title='bbox 2134 2035 2368 2099; x_wconf 92' lang='lat' dir='ltr'><strong>suppo-</strong></span> 
     </span>
     <span class='ocr_line' id='line_1_29' title="bbox 873 2117 2366 2200; baseline -0.004 -17"><span class='ocrx_word' id='word_1_171' title='bbox 873 2122 979 2184; x_wconf 87' lang='lat' dir='ltr'><strong>siti</strong></span> <span class='ocrx_word' id='word_1_172' title='bbox 1021 2121 1157 2183; x_wconf 90' lang='lat' dir='ltr'><strong>sine</strong></span> <span class='ocrx_word' id='word_1_173' title='bbox 1202 2121 1443 2183; x_wconf 87' lang='lat' dir='ltr'><strong>ratione</strong></span> <span class='ocrx_word' id='word_1_174' title='bbox 1480 2121 1755 2200; x_wconf 88' lang='lat' dir='ltr'><strong>alicujus</strong></span> <span class='ocrx_word' id='word_1_175' title='bbox 1795 2117 2366 2190; x_wconf 85' lang='lat' dir='ltr'><strong>determinationiS,</strong></span> 
     </span>
     <span class='ocr_line' id='line_1_30' title="bbox 874 2215 2372 2302; baseline -0.004 -21"><span class='ocrx_word' id='word_1_176' title='bbox 874 2239 1015 2302; x_wconf 73' lang='lat' dir='ltr'><strong>quae</strong></span> <span class='ocrx_word' id='word_1_177' title='bbox 1056 2220 1120 2281; x_wconf 91' lang='lat' dir='ltr'><strong>in</strong></span> <span class='ocrx_word' id='word_1_178' title='bbox 1160 2220 1289 2282; x_wconf 89' lang='lat' dir='ltr'><strong>Deo</strong></span> <span class='ocrx_word' id='word_1_179' title='bbox 1326 2238 1463 2280; x_wconf 90' lang='lat' dir='ltr'><strong>esse</strong></span> <span class='ocrx_word' id='word_1_180' title='bbox 1509 2237 1636 2281; x_wconf 91' lang='lat' dir='ltr'><strong>non</strong></span> <span class='ocrx_word' id='word_1_181' title='bbox 1677 2225 1883 2299; x_wconf 88' lang='lat' dir='ltr'><strong>potest</strong></span> <span class='ocrx_word' id='word_1_182' title='bbox 1919 2217 2043 2279; x_wconf 90' lang='lat' dir='ltr'><strong>nisi</strong></span> <span class='ocrx_word' id='word_1_183' title='bbox 2082 2215 2372 2298; x_wconf 91' lang='lat' dir='ltr'><strong>supposi-</strong></span> 
     </span>
     <span class='ocr_line' id='line_1_31' title="bbox 874 2314 2369 2397; baseline -0.005 -16"><span class='ocrx_word' id='word_1_184' title='bbox 874 2327 1082 2381; x_wconf 92' lang='lat' dir='ltr'><strong>torum</strong></span> <span class='ocrx_word' id='word_1_185' title='bbox 1127 2318 1555 2380; x_wconf 79' lang='lat' dir='ltr'><strong>relativorum.</strong></span> <span class='ocrx_word' id='word_1_186' title='bbox 1590 2317 2147 2397; x_wconf 87' lang='lat' dir='ltr'><strong>Qualitercumque</strong></span> <span class='ocrx_word' id='word_1_187' title='bbox 2196 2314 2369 2375; x_wconf 91' lang='lat' dir='ltr'><strong>enim</strong></span> 
     </span>
     <span class='ocr_line' id='line_1_32' title="bbox 876 2412 2371 2498; baseline -0.004 -20"><span class='ocrx_word' id='word_1_188' title='bbox 876 2416 1266 2498; x_wconf 83' lang='lat' dir='ltr'><strong>intelligatur</strong></span> <span class='ocrx_word' id='word_1_189' title='bbox 1322 2417 1721 2498; x_wconf 87' lang='lat' dir='ltr'><strong>suppositum</strong></span> <span class='ocrx_word' id='word_1_190' title='bbox 1787 2414 2174 2487; x_wconf 89' lang='lat' dir='ltr'><strong>absolutum,</strong></span> <span class='ocrx_word' id='word_1_191' title='bbox 2237 2412 2371 2472; x_wconf 85' lang='lat' dir='ltr'><strong>sive</strong></span> 
     </span>
     <span class='ocr_line' id='line_1_33' title="bbox 874 2503 2372 2596; baseline -0.005 -19"><span class='ocrx_word' id='word_1_192' title='bbox 874 2515 1311 2596; x_wconf 83' lang='lat' dir='ltr'><strong>singularitate</strong></span> <span class='ocrx_word' id='word_1_193' title='bbox 1376 2513 1663 2575; x_wconf 88' lang='lat' dir='ltr'><strong>absolute</strong></span> <span class='ocrx_word' id='word_1_194' title='bbox 1730 2513 2137 2584; x_wconf 87' lang='lat' dir='ltr'><strong>subsistente,</strong></span> <span class='ocrx_word' id='word_1_195' title='bbox 2195 2503 2372 2571; x_wconf 65' lang='lat' dir='ltr'><strong>⁵sicut</strong></span> 
     </span>
     <span class='ocr_line' id='line_1_34' title="bbox 878 2609 2375 2695; baseline -0.005 -20"><span class='ocrx_word' id='word_1_196' title='bbox 878 2612 1241 2695; x_wconf 87' lang='lat' dir='ltr'><strong>philosophi</strong></span> <span class='ocrx_word' id='word_1_197' title='bbox 1285 2619 1635 2694; x_wconf 89' lang='lat' dir='ltr'><strong>posuerunt</strong></span> <span class='ocrx_word' id='word_1_198' title='bbox 1679 2611 1744 2672; x_wconf 94' lang='lat' dir='ltr'><strong>in</strong></span> <span class='ocrx_word' id='word_1_199' title='bbox 1786 2613 1914 2673; x_wconf 92' lang='lat' dir='ltr'><strong>Deo</strong></span> <span class='ocrx_word' id='word_1_200' title='bbox 1952 2619 2013 2672; x_wconf 90' lang='lat' dir='ltr'><strong>et</strong></span> <span class='ocrx_word' id='word_1_201' title='bbox 2054 2609 2375 2670; x_wconf 84' lang='lat' dir='ltr'><strong>universa-</strong></span> 
     </span>
     <span class='ocr_line' id='line_1_35' title="bbox 879 2708 2374 2792; baseline -0.003 -20"><span class='ocrx_word' id='word_1_202' title='bbox 879 2711 1023 2773; x_wconf 88' lang='lat' dir='ltr'><strong>liter</strong></span> <span class='ocrx_word' id='word_1_203' title='bbox 1067 2711 1131 2771; x_wconf 91' lang='lat' dir='ltr'><strong>in</strong></span> <span class='ocrx_word' id='word_1_204' title='bbox 1182 2709 1554 2772; x_wconf 85' lang='lat' dir='ltr'><strong>substantiis</strong></span> <span class='ocrx_word' id='word_1_205' title='bbox 1604 2711 1931 2792; x_wconf 84' lang='lat' dir='ltr'><strong>separatiS,</strong></span> <span class='ocrx_word' id='word_1_206' title='bbox 1966 2708 2099 2770; x_wconf 90' lang='lat' dir='ltr'><strong>sive</strong></span> <span class='ocrx_word' id='word_1_207' title='bbox 2150 2715 2374 2768; x_wconf 89' lang='lat' dir='ltr'><strong>natura</strong></span> 
     </span>
     <span class='ocr_line' id='line_1_36' title="bbox 882 2799 2378 2890; baseline -0.004 -20"><span class='ocrx_word' id='word_1_208' title='bbox 882 2810 958 2870; x_wconf 90' lang='lat' dir='ltr'><strong>de</strong></span> <span class='ocrx_word' id='word_1_209' title='bbox 991 2828 1057 2871; x_wconf 91' lang='lat' dir='ltr'><strong>se</strong></span> <span class='ocrx_word' id='word_1_210' title='bbox 1090 2809 1431 2870; x_wconf 88' lang='lat' dir='ltr'><strong>universali</strong></span> <span class='ocrx_word' id='word_1_211' title='bbox 1464 2809 1529 2870; x_wconf 90' lang='lat' dir='ltr'><strong>in</strong></span> <span class='ocrx_word' id='word_1_212' title='bbox 1569 2809 1900 2890; x_wconf 89' lang='lat' dir='ltr'><strong>supposito</strong></span> <span class='ocrx_word' id='word_1_213' title='bbox 1930 2799 2144 2888; x_wconf 81' lang='lat' dir='ltr'><strong>aliquo</strong></span> <span class='ocrx_word' id='word_1_214' title='bbox 2176 2807 2378 2867; x_wconf 91' lang='lat' dir='ltr'><strong>deter-</strong></span> 
     </span>
     <span class='ocr_line' id='line_1_37' title="bbox 885 2906 2375 2988; baseline -0.003 -19"><span class='ocrx_word' id='word_1_215' title='bbox 885 2908 1155 2986; x_wconf 81' lang='lat' dir='ltr'><strong>minata3</strong></span> <span class='ocrx_word' id='word_1_216' title='bbox 1188 2907 1523 2970; x_wconf 85' lang='lat' dir='ltr'><strong>relationes</strong></span> <span class='ocrx_word' id='word_1_217' title='bbox 1556 2907 1649 2968; x_wconf 88' lang='lat' dir='ltr'><strong>illi</strong></span> <span class='ocrx_word' id='word_1_218' title='bbox 1690 2906 2212 2988; x_wconf 88' lang='lat' dir='ltr'><strong>supervenientes</strong></span> <span class='ocrx_word' id='word_1_219' title='bbox 2249 2922 2375 2965; x_wconf 91' lang='lat' dir='ltr'><strong>non</strong></span> 
     </span>
    </p>
   </div>
   <div class='ocr_carea' id='block_1_8' title="bbox 2477 1921 3986 2988">
    <p class='ocr_par' dir='ltr' id='par_1_8' title="bbox 2477 1921 3986 2988">
     <span class='ocr_line' id='line_1_38' title="bbox 2478 1921 3972 2004; baseline -0.003 -18"><span class='ocrx_word' id='word_1_220' title='bbox 2478 1924 2795 1999; x_wconf 82' lang='lat' dir='ltr'><strong>dixerunt,</strong></span> <span class='ocrx_word' id='word_1_221' title='bbox 2843 1924 3010 2004; x_wconf 91' lang='lat' dir='ltr'><strong>quod</strong></span> <span class='ocrx_word' id='word_1_222' title='bbox 3071 1923 3137 1984; x_wconf 94' lang='lat' dir='ltr'><strong>in</strong></span> <span class='ocrx_word' id='word_1_223' title='bbox 3187 1922 3423 1984; x_wconf 89' lang='lat' dir='ltr'><strong>divinis</strong></span> <span class='ocrx_word' id='word_1_224' title='bbox 3471 1929 3567 1984; x_wconf 88' lang='lat' dir='ltr'><strong>est</strong></span> <span class='ocrx_word' id='word_1_225' title='bbox 3615 1921 3972 2004; x_wconf 82' lang='lat' dir='ltr'><strong>hypostasis</strong></span> 
     </span>
     <span class='ocr_line' id='line_1_39' title="bbox 2479 2021 3969 2103; baseline -0.003 -17"><span class='ocrx_word' id='word_1_226' title='bbox 2479 2023 2822 2086; x_wconf 86' lang='lat' dir='ltr'><strong>constituta</strong></span> <span class='ocrx_word' id='word_1_227' title='bbox 2888 2041 3001 2103; x_wconf 91' lang='lat' dir='ltr'><strong>per</strong></span> <span class='ocrx_word' id='word_1_228' title='bbox 3068 2021 3423 2084; x_wconf 86' lang='lat' dir='ltr'><strong>absolutam</strong></span> <span class='ocrx_word' id='word_1_229' title='bbox 3491 2021 3969 2102; x_wconf 87' lang='lat' dir='ltr'><strong>proprietatem,</strong></span> 
     </span>
     <span class='ocr_line' id='line_1_40' title="bbox 2477 2117 3972 2200; baseline -0.003 -17"><span class='ocrx_word' id='word_1_230' title='bbox 2477 2140 2604 2184; x_wconf 91' lang='lat' dir='ltr'><strong>non</strong></span> <span class='ocrx_word' id='word_1_231' title='bbox 2657 2140 2781 2182; x_wconf 90' lang='lat' dir='ltr'><strong>una</strong></span> <span class='ocrx_word' id='word_1_232' title='bbox 2831 2120 3191 2181; x_wconf 90' lang='lat' dir='ltr'><strong>communis</strong></span> <span class='ocrx_word' id='word_1_233' title='bbox 3239 2119 3446 2180; x_wconf 89' lang='lat' dir='ltr'><strong>tribus</strong></span> <span class='ocrx_word' id='word_1_234' title='bbox 3498 2117 3811 2200; x_wconf 79' lang='lat' dir='ltr'><strong>persouiS,</strong></span> <span class='ocrx_word' id='word_1_235' title='bbox 3863 2119 3972 2180; x_wconf 89' lang='lat' dir='ltr'><strong>sed</strong></span> 
     </span>
     <span class='ocr_line' id='line_1_41' title="bbox 2481 2217 3970 2299; baseline -0.003 -18"><span class='ocrx_word' id='word_1_236' title='bbox 2481 2228 2606 2281; x_wconf 90' lang='lat' dir='ltr'><strong>tres</strong></span> <span class='ocrx_word' id='word_1_237' title='bbox 2656 2219 3007 2281; x_wconf 89' lang='lat' dir='ltr'><strong>secundum</strong></span> <span class='ocrx_word' id='word_1_238' title='bbox 3059 2217 3226 2299; x_wconf 92' lang='lat' dir='ltr'><strong>quod</strong></span> <span class='ocrx_word' id='word_1_239' title='bbox 3278 2225 3405 2279; x_wconf 90' lang='lat' dir='ltr'><strong>tres</strong></span> <span class='ocrx_word' id='word_1_240' title='bbox 3455 2226 3603 2279; x_wconf 89' lang='lat' dir='ltr'><strong>sunt</strong></span> <span class='ocrx_word' id='word_1_241' title='bbox 3663 2233 3970 2298; x_wconf 80' lang='lat' dir='ltr'><strong>personae,</strong></span> 
     </span>
     <span class='ocr_line' id='line_1_42' title="bbox 2480 2315 3978 2399; baseline -0.003 -19"><span class='ocrx_word' id='word_1_242' title='bbox 2480 2318 2763 2380; x_wconf 83' lang='lat' dir='ltr'><strong>dicentes</strong></span> <span class='ocrx_word' id='word_1_243' title='bbox 2795 2316 2962 2399; x_wconf 91' lang='lat' dir='ltr'><strong>quod</strong></span> <span class='ocrx_word' id='word_1_244' title='bbox 2998 2318 3059 2378; x_wconf 92' lang='lat' dir='ltr'><strong>in</strong></span> <span class='ocrx_word' id='word_1_245' title='bbox 3101 2335 3371 2398; x_wconf 88' lang='lat' dir='ltr'><strong>persona</strong></span> <span class='ocrx_word' id='word_1_246' title='bbox 3407 2315 3605 2378; x_wconf 88' lang='lat' dir='ltr'><strong>Patris</strong></span> <span class='ocrx_word' id='word_1_247' title='bbox 3635 2322 3732 2377; x_wconf 88' lang='lat' dir='ltr'><strong>est</strong></span> <span class='ocrx_word' id='word_1_248' title='bbox 3761 2315 3978 2396; x_wconf 86' lang='lat' dir='ltr'><strong>aliqua</strong></span> 
     </span>
     <span class='ocr_line' id='line_1_43' title="bbox 2483 2413 3974 2497; baseline -0.003 -19"><span class='ocrx_word' id='word_1_249' title='bbox 2483 2435 2582 2478; x_wconf 93' lang='lat' dir='ltr'><strong>res</strong></span> <span class='ocrx_word' id='word_1_250' title='bbox 2615 2416 2957 2478; x_wconf 87' lang='lat' dir='ltr'><strong>constituta</strong></span> <span class='ocrx_word' id='word_1_251' title='bbox 2989 2434 3102 2496; x_wconf 91' lang='lat' dir='ltr'><strong>per</strong></span> <span class='ocrx_word' id='word_1_252' title='bbox 3134 2414 3586 2497; x_wconf 87' lang='lat' dir='ltr'><strong>proprietatem</strong></span> <span class='ocrx_word' id='word_1_253' title='bbox 3617 2413 3974 2476; x_wconf 87' lang='lat' dir='ltr'><strong>absolutam</strong></span> 
     </span>
     <span class='ocr_line' id='line_1_44' title="bbox 2481 2511 3976 2596; baseline -0.001 -21"><span class='ocrx_word' id='word_1_254' title='bbox 2481 2534 2622 2596; x_wconf 83' lang='lat' dir='ltr'><strong>quae</strong></span> <span class='ocrx_word' id='word_1_255' title='bbox 2653 2521 2929 2594; x_wconf 87' lang='lat' dir='ltr'><strong>generat,</strong></span> <span class='ocrx_word' id='word_1_256' title='bbox 2964 2522 3027 2575; x_wconf 89' lang='lat' dir='ltr'><strong>et</strong></span> <span class='ocrx_word' id='word_1_257' title='bbox 3056 2532 3248 2594; x_wconf 91' lang='lat' dir='ltr'><strong>quam</strong></span> <span class='ocrx_word' id='word_1_258' title='bbox 3280 2513 3632 2575; x_wconf 89' lang='lat' dir='ltr'><strong>secundum</strong></span> <span class='ocrx_word' id='word_1_259' title='bbox 3666 2511 3976 2574; x_wconf 85' lang='lat' dir='ltr'><strong>rationem</strong></span> 
     </span>
     <span class='ocr_line' id='line_1_45' title="bbox 2483 2610 3981 2694; baseline -0.002 -20"><span class='ocrx_word' id='word_1_260' title='bbox 2483 2612 2878 2693; x_wconf 87' lang='lat' dir='ltr'><strong>intelligendi</strong></span> <span class='ocrx_word' id='word_1_261' title='bbox 2941 2612 3353 2694; x_wconf 90' lang='lat' dir='ltr'><strong>consequitur</strong></span> <span class='ocrx_word' id='word_1_262' title='bbox 3409 2610 3719 2673; x_wconf 84' lang='lat' dir='ltr'><strong>habitudo</strong></span> <span class='ocrx_word' id='word_1_263' title='bbox 3776 2619 3981 2692; x_wconf 91' lang='lat' dir='ltr'><strong>pater—</strong></span> 
     </span>
     <span class='ocr_line' id='line_1_46' title="bbox 2483 2709 3980 2790; baseline -0.001 -18"><span class='ocrx_word' id='word_1_264' title='bbox 2483 2711 2736 2780; x_wconf 79' lang='lat' dir='ltr'><strong>nitatis:</strong></span> <span class='ocrx_word' id='word_1_265' title='bbox 2789 2710 3085 2772; x_wconf 89' lang='lat' dir='ltr'><strong>similiter</strong></span> <span class='ocrx_word' id='word_1_266' title='bbox 3134 2711 3200 2772; x_wconf 95' lang='lat' dir='ltr'><strong>in</strong></span> <span class='ocrx_word' id='word_1_267' title='bbox 3249 2709 3408 2772; x_wconf 89' lang='lat' dir='ltr'><strong>Filio</strong></span> <span class='ocrx_word' id='word_1_268' title='bbox 3467 2709 3548 2771; x_wconf 87' lang='lat' dir='ltr'><strong>sit</strong></span> <span class='ocrx_word' id='word_1_269' title='bbox 3605 2709 3820 2790; x_wconf 90' lang='lat' dir='ltr'><strong>aliqua</strong></span> <span class='ocrx_word' id='word_1_270' title='bbox 3880 2728 3980 2770; x_wconf 90' lang='lat' dir='ltr'><strong>res</strong></span> 
     </span>
     <span class='ocr_line' id='line_1_47' title="bbox 2483 2809 3980 2890; baseline -0.001 -20"><span class='ocrx_word' id='word_1_271' title='bbox 2483 2809 2772 2871; x_wconf 88' lang='lat' dir='ltr'><strong>absoluta</strong></span> <span class='ocrx_word' id='word_1_272' title='bbox 2821 2828 2962 2890; x_wconf 81' lang='lat' dir='ltr'><strong>quae</strong></span> <span class='ocrx_word' id='word_1_273' title='bbox 3008 2815 3366 2888; x_wconf 88' lang='lat' dir='ltr'><strong>generatur,</strong></span> <span class='ocrx_word' id='word_1_274' title='bbox 3401 2816 3465 2869; x_wconf 89' lang='lat' dir='ltr'><strong>et</strong></span> <span class='ocrx_word' id='word_1_275' title='bbox 3513 2827 3705 2889; x_wconf 89' lang='lat' dir='ltr'><strong>quam</strong></span> <span class='ocrx_word' id='word_1_276' title='bbox 3755 2826 3980 2869; x_wconf 89' lang='lat' dir='ltr'><strong>secun-</strong></span> 
     </span>
     <span class='ocr_line' id='line_1_48' title="bbox 2485 2907 3986 2988; baseline -0.001 -19"><span class='ocrx_word' id='word_1_277' title='bbox 2485 2910 2635 2970; x_wconf 92' lang='lat' dir='ltr'><strong>dum</strong></span> <span class='ocrx_word' id='word_1_278' title='bbox 2668 2908 2978 2971; x_wconf 84' lang='lat' dir='ltr'><strong>rationem</strong></span> <span class='ocrx_word' id='word_1_279' title='bbox 3012 2907 3407 2988; x_wconf 90' lang='lat' dir='ltr'><strong>intelligendi</strong></span> <span class='ocrx_word' id='word_1_280' title='bbox 3439 2907 3852 2987; x_wconf 86' lang='lat' dir='ltr'><strong>consequitur</strong></span> <span class='ocrx_word' id='word_1_281' title='bbox 3881 2907 3986 2968; x_wconf 86' lang='lat' dir='ltr'><strong>ha·</strong></span> 
     </span>
    </p>
   </div>
   <div class='ocr_carea' id='block_1_9' title="bbox 882 3004 3982 3088">
    <p class='ocr_par' dir='ltr' id='par_1_9' title="bbox 882 3004 3982 3088">
     <span class='ocr_line' id='line_1_49' title="bbox 882 3004 3982 3088; baseline 0 -21"><span class='ocrx_word' id='word_1_282' title='bbox 882 3014 1033 3068; x_wconf 88' lang='lat' dir='ltr'><strong>sunt</strong></span> <span class='ocrx_word' id='word_1_283' title='bbox 1073 3005 1351 3067; x_wconf 76' lang='lat' dir='ltr'><strong>fundatae</strong></span> <span class='ocrx_word' id='word_1_284' title='bbox 1400 3005 1463 3066; x_wconf 93' lang='lat' dir='ltr'><strong>in</strong></span> <span class='ocrx_word' id='word_1_285' title='bbox 1513 3005 1787 3066; x_wconf 89' lang='lat' dir='ltr'><strong>essentia</strong></span> <span class='ocrx_word' id='word_1_286' title='bbox 1830 3004 1952 3066; x_wconf 91' lang='lat' dir='ltr'><strong>nisi</strong></span> <span class='ocrx_word' id='word_1_287' title='bbox 2005 3012 2074 3065; x_wconf 91' lang='lat' dir='ltr'><strong>ut</strong></span> <span class='ocrx_word' id='word_1_288' title='bbox 2122 3004 2189 3065; x_wconf 91' lang='lat' dir='ltr'><strong>in</strong></span> <span class='ocrx_word' id='word_1_289' title='bbox 2233 3021 2379 3083; x_wconf 89' lang='lat' dir='ltr'><strong>sup·</strong></span> <span class='ocrx_word' id='word_1_290' title='bbox 2408 3015 2451 3076; x_wconf 87' lang='lat' dir='ltr'>C</span> <span class='ocrx_word' id='word_1_291' title='bbox 2486 3007 2710 3070; x_wconf 89' lang='lat' dir='ltr'><strong>bitudo</strong></span> <span class='ocrx_word' id='word_1_292' title='bbox 2749 3006 3118 3085; x_wconf 68' lang='lat' dir='ltr'><strong>filiationis-‚3</strong></span> <span class='ocrx_word' id='word_1_293' title='bbox 3151 3014 3340 3088; x_wconf 86' lang='lat' dir='ltr'><strong>atque</strong></span> <span class='ocrx_word' id='word_1_294' title='bbox 3373 3007 3438 3067; x_wconf 94' lang='lat' dir='ltr'><strong>in</strong></span> <span class='ocrx_word' id='word_1_295' title='bbox 3479 3006 3718 3087; x_wconf 89' lang='lat' dir='ltr'><strong>Spiritu</strong></span> <span class='ocrx_word' id='word_1_296' title='bbox 3753 3006 3982 3068; x_wconf 81' lang='lat' dir='ltr'><strong>Sancto</strong></span> 
     </span>
    </p>
   </div>
   <div class='ocr_carea' id='block_1_10' title="bbox 883 3101 2384 3879">
    <p class='ocr_par' dir='ltr' id='par_1_10' title="bbox 883 3101 2384 3879">
     <span class='ocr_line' id='line_1_50' title="bbox 883 3101 2380 3188; baseline -0.003 -20"><span class='ocrx_word' id='word_1_297' title='bbox 883 3105 1112 3188; x_wconf 92' lang='lat' dir='ltr'><strong>posito,</strong></span> <span class='ocrx_word' id='word_1_298' title='bbox 1146 3112 1210 3165; x_wconf 90' lang='lat' dir='ltr'><strong>et</strong></span> <span class='ocrx_word' id='word_1_299' title='bbox 1239 3104 1325 3166; x_wconf 89' lang='lat' dir='ltr'><strong>ita</strong></span> <span class='ocrx_word' id='word_1_300' title='bbox 1355 3121 1481 3166; x_wconf 89' lang='lat' dir='ltr'><strong>non</strong></span> <span class='ocrx_word' id='word_1_301' title='bbox 1524 3104 1761 3167; x_wconf 88' lang='lat' dir='ltr'><strong>ratione</strong></span> <span class='ocrx_word' id='word_1_302' title='bbox 1804 3102 1911 3166; x_wconf 91' lang='lat' dir='ltr'><strong>illa</strong></span> <span class='ocrx_word' id='word_1_303' title='bbox 1941 3123 2065 3185; x_wconf 91' lang='lat' dir='ltr'><strong>qua</strong></span> <span class='ocrx_word' id='word_1_304' title='bbox 2103 3101 2380 3164; x_wconf 88' lang='lat' dir='ltr'><strong>essentia</strong></span> 
     </span>
     <span class='ocr_line' id='line_1_51' title="bbox 884 3203 2380 3285; baseline -0.003 -17"><span class='ocrx_word' id='word_1_305' title='bbox 884 3214 979 3268; x_wconf 89' lang='lat' dir='ltr'><strong>est</strong></span> <span class='ocrx_word' id='word_1_306' title='bbox 1021 3204 1316 3280; x_wconf 87' lang='lat' dir='ltr'><strong>essentia,</strong></span> <span class='ocrx_word' id='word_1_307' title='bbox 1352 3206 1460 3267; x_wconf 91' lang='lat' dir='ltr'><strong>sed</strong></span> <span class='ocrx_word' id='word_1_308' title='bbox 1506 3205 1745 3267; x_wconf 87' lang='lat' dir='ltr'><strong>ratione</strong></span> <span class='ocrx_word' id='word_1_309' title='bbox 1788 3223 1915 3285; x_wconf 90' lang='lat' dir='ltr'><strong>qua</strong></span> <span class='ocrx_word' id='word_1_310' title='bbox 1960 3203 2236 3265; x_wconf 85' lang='lat' dir='ltr'><strong>essentia</strong></span> <span class='ocrx_word' id='word_1_311' title='bbox 2283 3209 2380 3264; x_wconf 91' lang='lat' dir='ltr'><strong>est</strong></span> 
     </span>
     <span class='ocr_line' id='line_1_52' title="bbox 886 3303 2381 3386; baseline -0.003 -19"><span class='ocrx_word' id='word_1_312' title='bbox 886 3306 949 3367; x_wconf 89' lang='lat' dir='ltr'><strong>in</strong></span> <span class='ocrx_word' id='word_1_313' title='bbox 984 3303 1314 3386; x_wconf 90' lang='lat' dir='ltr'><strong>supposito</strong></span> <span class='ocrx_word' id='word_1_314' title='bbox 1350 3322 1362 3365; x_wconf 94' lang='lat'><strong>:</strong></span> <span class='ocrx_word' id='word_1_315' title='bbox 1398 3304 1617 3386; x_wconf 78' lang='lat' dir='ltr'><strong>sicque.</strong></span> <span class='ocrx_word' id='word_1_316' title='bbox 1649 3304 1983 3365; x_wconf 87' lang='lat' dir='ltr'><strong>relationes</strong></span> <span class='ocrx_word' id='word_1_317' title='bbox 2015 3303 2139 3364; x_wconf 78' lang='lat' dir='ltr'><strong>illae</strong></span> <span class='ocrx_word' id='word_1_318' title='bbox 2168 3310 2381 3363; x_wconf 87' lang='lat' dir='ltr'><strong>essent</strong></span> 
     </span>
     <span class='ocr_line' id='line_1_53' title="bbox 886 3401 2382 3485; baseline -0.003 -20"><span class='ocrx_word' id='word_1_319' title='bbox 886 3402 1199 3485; x_wconf 89' lang='lat' dir='ltr'><strong>suppositi</strong></span> <span class='ocrx_word' id='word_1_320' title='bbox 1246 3403 1683 3484; x_wconf 83' lang='lat' dir='ltr'><strong>proprietateS‚</strong></span> <span class='ocrx_word' id='word_1_321' title='bbox 1716 3412 1779 3464; x_wconf 94' lang='lat' dir='ltr'><strong>et</strong></span> <span class='ocrx_word' id='word_1_322' title='bbox 1818 3402 1996 3464; x_wconf 91' lang='lat' dir='ltr'><strong>nullo</strong></span> <span class='ocrx_word' id='word_1_323' title='bbox 2036 3401 2224 3463; x_wconf 90' lang='lat' dir='ltr'><strong>modo</strong></span> <span class='ocrx_word' id='word_1_324' title='bbox 2269 3418 2382 3481; x_wconf 90' lang='lat' dir='ltr'><strong>per</strong></span> 
     </span>
     <span class='ocr_line' id='line_1_54' title="bbox 886 3498 2378 3581; baseline -0.003 -17"><span class='ocrx_word' id='word_1_325' title='bbox 886 3520 1025 3564; x_wconf 91' lang='lat' dir='ltr'><strong>esse</strong></span> <span class='ocrx_word' id='word_1_326' title='bbox 1057 3520 1244 3563; x_wconf 90' lang='lat' dir='ltr'><strong>suum</strong></span> <span class='ocrx_word' id='word_1_327' title='bbox 1278 3500 1553 3563; x_wconf 86' lang='lat' dir='ltr'><strong>fundatae</strong></span> <span class='ocrx_word' id='word_1_328' title='bbox 1585 3500 2033 3563; x_wconf 85' lang='lat' dir='ltr'><strong>constitutione</strong></span> <span class='ocrx_word' id='word_1_329' title='bbox 2066 3498 2378 3581; x_wconf 88' lang='lat' dir='ltr'><strong>suppositi</strong></span> 
     </span>
     <span class='ocr_line' id='line_1_55' title="bbox 888 3598 2382 3681; baseline -0.003 -19"><span class='ocrx_word' id='word_1_330' title='bbox 888 3601 1166 3663; x_wconf 76' lang='grc'><strong>01101105.</strong></span> <span class='ocrx_word' id='word_1_331' title='bbox 1201 3599 1459 3662; x_wconf 88' lang='grc' dir='ltr'><strong>Νο110111</strong></span> <span class='ocrx_word' id='word_1_332' title='bbox 1502 3618 1651 3681; x_wconf 87' lang='lat' dir='ltr'><strong>ergo</strong></span> <span class='ocrx_word' id='word_1_333' title='bbox 1692 3600 2093 3681; x_wconf 90' lang='lat' dir='ltr'><strong>suppositum</strong></span> <span class='ocrx_word' id='word_1_334' title='bbox 2134 3598 2382 3660; x_wconf 90' lang='lat' dir='ltr'><strong>absolu-</strong></span> 
     </span>
     <span class='ocr_line' id='line_1_56' title="bbox 888 3696 2384 3781; baseline -0.003 -20"><span class='ocrx_word' id='word_1_335' title='bbox 888 3708 1025 3761; x_wconf 89' lang='lat' dir='ltr'><strong>tum</strong></span> <span class='ocrx_word' id='word_1_336' title='bbox 1057 3700 1122 3761; x_wconf 91' lang='lat' dir='ltr'><strong>in</strong></span> <span class='ocrx_word' id='word_1_337' title='bbox 1153 3700 1280 3761; x_wconf 89' lang='lat' dir='ltr'><strong>Deo</strong></span> <span class='ocrx_word' id='word_1_338' title='bbox 1320 3700 1685 3781; x_wconf 88' lang='lat' dir='ltr'><strong>ponendum</strong></span> <span class='ocrx_word' id='word_1_339' title='bbox 1726 3705 1841 3772; x_wconf 88' lang='lat' dir='ltr'><strong>est,</strong></span> <span class='ocrx_word' id='word_1_340' title='bbox 1876 3698 1985 3759; x_wconf 88' lang='lat' dir='ltr'><strong>sed</strong></span> <span class='ocrx_word' id='word_1_341' title='bbox 2017 3696 2222 3759; x_wconf 91' lang='lat' dir='ltr'><strong>solum</strong></span> <span class='ocrx_word' id='word_1_342' title='bbox 2264 3697 2384 3758; x_wconf 83' lang='lat' dir='ltr'><strong>tria</strong></span> 
     </span>
     <span class='ocr_line' id='line_1_57' title="bbox 890 3794 2383 3879; baseline -0.003 -19"><span class='ocrx_word' id='word_1_343' title='bbox 890 3798 1222 3879; x_wconf 89' lang='lat' dir='ltr'><strong>supposita</strong></span> <span class='ocrx_word' id='word_1_344' title='bbox 1260 3798 1541 3872; x_wconf 86' lang='lat' dir='ltr'><strong>relativa,</strong></span> <span class='ocrx_word' id='word_1_345' title='bbox 1586 3798 1930 3859; x_wconf 89' lang='lat' dir='ltr'><strong>constituta</strong></span> <span class='ocrx_word' id='word_1_346' title='bbox 1967 3794 2383 3857; x_wconf 87' lang='lat' dir='ltr'><strong>relationibus</strong></span> 
     </span>
    </p>
   </div>
   <div class='ocr_carea' id='block_1_11' title="bbox 890 3894 2384 4056">
    <p class='ocr_par' dir='ltr' id='par_1_11' title="bbox 890 3894 2384 4056">
     <span class='ocr_line' id='line_1_58' title="bbox 890 3894 2384 3977; baseline -0.003 -18"><span class='ocrx_word' id='word_1_347' title='bbox 890 3898 1171 3959; x_wconf 88' lang='lat' dir='ltr'><strong>fundatis</strong></span> <span class='ocrx_word' id='word_1_348' title='bbox 1204 3896 1267 3957; x_wconf 91' lang='lat' dir='ltr'><strong>in</strong></span> <span class='ocrx_word' id='word_1_349' title='bbox 1300 3896 1605 3977; x_wconf 87' lang='lat' dir='ltr'><strong>singulari</strong></span> <span class='ocrx_word' id='word_1_350' title='bbox 1637 3897 1898 3958; x_wconf 80' lang='lat' dir='ltr'><strong>Deitatis</strong></span> <span class='ocrx_word' id='word_1_351' title='bbox 1928 3894 2221 3957; x_wconf 86' lang='lat' dir='ltr'><strong>essentia.</strong></span> <span class='ocrx_word' id='word_1_352' title='bbox 2243 3894 2384 3955; x_wconf 82' lang='lat' dir='ltr'><strong>Haec</strong></span> 
     </span>
     <span class='ocr_line' id='line_1_59' title="bbox 890 3994 1216 4056; baseline 0 -1"><span class='ocrx_word' id='word_1_353' title='bbox 890 3994 1216 4056; x_wconf 87' lang='lat' dir='ltr'><strong>Henricus.</strong></span> 
     </span>
    </p>
   </div>
   <div class='ocr_carea' id='block_1_12' title="bbox 974 4092 2386 4173">
    <p class='ocr_par' dir='ltr' id='par_1_12' title="bbox 974 4092 2386 4173">
     <span class='ocr_line' id='line_1_60' title="bbox 974 4092 2386 4173; baseline -0.003 -17"><span class='ocrx_word' id='word_1_354' title='bbox 974 4094 1167 4173; x_wconf 89' lang='lat' dir='ltr'><strong>Cujus</strong></span> <span class='ocrx_word' id='word_1_355' title='bbox 1217 4092 1454 4173; x_wconf 87' lang='lat' dir='ltr'><strong>scripta</strong></span> <span class='ocrx_word' id='word_1_356' title='bbox 1500 4092 1799 4153; x_wconf 86' lang='lat' dir='ltr'><strong>videntur</strong></span> <span class='ocrx_word' id='word_1_357' title='bbox 1845 4092 2134 4165; x_wconf 89' lang='lat' dir='ltr'><strong>obscura,</strong></span> <span class='ocrx_word' id='word_1_358' title='bbox 2169 4093 2268 4153; x_wconf 84' lang='lat' dir='ltr'><strong>vel</strong></span> <span class='ocrx_word' id='word_1_359' title='bbox 2320 4093 2386 4153; x_wconf 92' lang='lat' dir='ltr'><strong>in</strong></span> 
     </span>
    </p>
   </div>
   <div class='ocr_carea' id='block_1_13' title="bbox 2485 3104 3998 4177">
    <p class='ocr_par' dir='ltr' id='par_1_13' title="bbox 2485 3104 3998 4177">
     <span class='ocr_line' id='line_1_61' title="bbox 2485 3104 3982 3189; baseline 0 -21"><span class='ocrx_word' id='word_1_360' title='bbox 2485 3107 2699 3189; x_wconf 93' lang='lat' dir='ltr'><strong>aliqua</strong></span> <span class='ocrx_word' id='word_1_361' title='bbox 2748 3125 2846 3168; x_wconf 86' lang='lat' dir='ltr'><strong>res</strong></span> <span class='ocrx_word' id='word_1_362' title='bbox 2895 3105 3182 3168; x_wconf 90' lang='lat' dir='ltr'><strong>absoluta</strong></span> <span class='ocrx_word' id='word_1_363' title='bbox 3239 3125 3380 3186; x_wconf 80' lang='lat' dir='ltr'><strong>quae</strong></span> <span class='ocrx_word' id='word_1_364' title='bbox 3437 3104 3736 3187; x_wconf 90' lang='lat' dir='ltr'><strong>spiratur,</strong></span> <span class='ocrx_word' id='word_1_365' title='bbox 3790 3126 3982 3187; x_wconf 89' lang='lat' dir='ltr'><strong>quam</strong></span> 
     </span>
     <span class='ocr_line' id='line_1_62' title="bbox 2488 3204 3986 3286; baseline 0 -19"><span class='ocrx_word' id='word_1_366' title='bbox 2488 3206 2841 3267; x_wconf 88' lang='lat' dir='ltr'><strong>secundum</strong></span> <span class='ocrx_word' id='word_1_367' title='bbox 2871 3205 3179 3266; x_wconf 87' lang='lat' dir='ltr'><strong>rationem</strong></span> <span class='ocrx_word' id='word_1_368' title='bbox 3222 3204 3619 3285; x_wconf 88' lang='lat' dir='ltr'><strong>intelligendi</strong></span> <span class='ocrx_word' id='word_1_369' title='bbox 3653 3204 3986 3286; x_wconf 84' lang='lat' dir='ltr'><strong>consequi—</strong></span> 
     </span>
     <span class='ocr_line' id='line_1_63' title="bbox 2489 3303 3984 3386; baseline -0.001 -20"><span class='ocrx_word' id='word_1_370' title='bbox 2489 3313 2593 3367; x_wconf 90' lang='lat' dir='ltr'><strong>tur</strong></span> <span class='ocrx_word' id='word_1_371' title='bbox 2622 3304 2927 3366; x_wconf 88' lang='lat' dir='ltr'><strong>habitudo</strong></span> <span class='ocrx_word' id='word_1_372' title='bbox 2958 3304 3225 3386; x_wconf 58' lang='lat' dir='ltr'><strong>passivae</strong></span> <span class='ocrx_word' id='word_1_373' title='bbox 3257 3303 3622 3384; x_wconf 88' lang='lat' dir='ltr'><strong>spirationis</strong></span> <span class='ocrx_word' id='word_1_374' title='bbox 3657 3322 3671 3364; x_wconf 74' lang='grc' dir='ltr'><strong><em>ε</em></strong></span> <span class='ocrx_word' id='word_1_375' title='bbox 3707 3303 3858 3385; x_wconf 88' lang='lat' dir='ltr'><strong>quia</strong></span> <span class='ocrx_word' id='word_1_376' title='bbox 3887 3304 3984 3383; x_wconf 93' lang='lat' dir='ltr'><strong>(ut</strong></span> 
     </span>
     <span class='ocr_line' id='line_1_64' title="bbox 2489 3401 3990 3484; baseline 0 -19"><span class='ocrx_word' id='word_1_377' title='bbox 2489 3403 2739 3484; x_wconf 90' lang='lat' dir='ltr'><strong>dicunt)</strong></span> <span class='ocrx_word' id='word_1_378' title='bbox 2786 3404 3108 3482; x_wconf 88' lang='lat' dir='ltr'><strong>generatio</strong></span> <span class='ocrx_word' id='word_1_379' title='bbox 3157 3420 3283 3464; x_wconf 90' lang='lat' dir='ltr'><strong>non</strong></span> <span class='ocrx_word' id='word_1_380' title='bbox 3339 3401 3717 3464; x_wconf 88' lang='lat' dir='ltr'><strong>terminatur</strong></span> <span class='ocrx_word' id='word_1_381' title='bbox 3767 3402 3990 3465; x_wconf 89' lang='lat' dir='ltr'><strong>imme-</strong></span> 
     </span>
     <span class='ocr_line' id='line_1_65' title="bbox 2492 3501 3990 3582; baseline -0.001 -18"><span class='ocrx_word' id='word_1_382' title='bbox 2492 3504 2657 3564; x_wconf 88' lang='lat' dir='ltr'><strong>diate</strong></span> <span class='ocrx_word' id='word_1_383' title='bbox 2690 3502 2767 3563; x_wconf 90' lang='lat' dir='ltr'><strong>ad</strong></span> <span class='ocrx_word' id='word_1_384' title='bbox 2799 3501 3192 3575; x_wconf 90' lang='lat' dir='ltr'><strong>relationem,</strong></span> <span class='ocrx_word' id='word_1_385' title='bbox 3227 3502 3392 3563; x_wconf 88' lang='lat' dir='ltr'><strong>sicut</strong></span> <span class='ocrx_word' id='word_1_386' title='bbox 3429 3510 3492 3563; x_wconf 90' lang='lat' dir='ltr'><strong>et</strong></span> <span class='ocrx_word' id='word_1_387' title='bbox 3517 3501 3750 3582; x_wconf 68' lang='lat' dir='ltr'><strong>‘quinto</strong></span> <span class='ocrx_word' id='word_1_388' title='bbox 3781 3502 3990 3563; x_wconf 91' lang='lat' dir='ltr'><strong>innui-</strong></span> 
     </span>
     <span class='ocr_line' id='line_1_66' title="bbox 2495 3600 3991 3682; baseline 0.001 -20"><span class='ocrx_word' id='word_1_389' title='bbox 2495 3610 2596 3663; x_wconf 87' lang='lat' dir='ltr'><strong>tur</strong></span> <span class='ocrx_word' id='word_1_390' title='bbox 2653 3600 3083 3682; x_wconf 81' lang='lat' dir='ltr'><strong>Physicorum.</strong></span> <span class='ocrx_word' id='word_1_391' title='bbox 3137 3600 3472 3681; x_wconf 87' lang='lat' dir='ltr'><strong>Quumque</strong></span> <span class='ocrx_word' id='word_1_392' title='bbox 3528 3600 3804 3662; x_wconf 90' lang='lat' dir='ltr'><strong>essentia</strong></span> <span class='ocrx_word' id='word_1_393' title='bbox 3859 3618 3991 3663; x_wconf 89' lang='lat' dir='ltr'><strong>non</strong></span> 
     </span>
     <span class='ocr_line' id='line_1_67' title="bbox 2495 3700 3996 3783; baseline 0.001 -21"><span class='ocrx_word' id='word_1_394' title='bbox 2495 3708 2832 3783; x_wconf 85' lang='lat' dir='ltr'><strong>generetur</strong></span> <span class='ocrx_word' id='word_1_395' title='bbox 2877 3719 2994 3761; x_wconf 93' lang='lat' dir='ltr'><strong>nec</strong></span> <span class='ocrx_word' id='word_1_396' title='bbox 3039 3700 3338 3781; x_wconf 83' lang='lat' dir='ltr'><strong>spiretur,</strong></span> <span class='ocrx_word' id='word_1_397' title='bbox 3373 3718 3581 3781; x_wconf 88' lang='lat' dir='ltr'><strong>neque</strong></span> <span class='ocrx_word' id='word_1_398' title='bbox 3623 3700 3868 3774; x_wconf 90' lang='lat' dir='ltr'><strong>relati0,</strong></span> <span class='ocrx_word' id='word_1_399' title='bbox 3903 3702 3996 3763; x_wconf 80' lang='lat' dir='ltr'><strong>vi-</strong></span> 
     </span>
     <span class='ocr_line' id='line_1_68' title="bbox 2495 3798 3994 3880; baseline -0.001 -18"><span class='ocrx_word' id='word_1_400' title='bbox 2495 3800 2678 3862; x_wconf 88' lang='lat' dir='ltr'><strong>detur</strong></span> <span class='ocrx_word' id='word_1_401' title='bbox 2717 3798 2958 3880; x_wconf 89' lang='lat' dir='ltr'><strong>aliquid</strong></span> <span class='ocrx_word' id='word_1_402' title='bbox 3004 3798 3366 3860; x_wconf 89' lang='lat' dir='ltr'><strong>absolutum</strong></span> <span class='ocrx_word' id='word_1_403' title='bbox 3410 3817 3547 3860; x_wconf 90' lang='lat' dir='ltr'><strong>esse</strong></span> <span class='ocrx_word' id='word_1_404' title='bbox 3593 3798 3656 3859; x_wconf 91' lang='lat' dir='ltr'><strong>in</strong></span> <span class='ocrx_word' id='word_1_405' title='bbox 3702 3799 3882 3861; x_wconf 84' lang='lat' dir='ltr'><strong>Patre</strong></span> <span class='ocrx_word' id='word_1_406' title='bbox 3931 3809 3994 3861; x_wconf 88' lang='lat' dir='ltr'><strong>et</strong></span> 
     </span>
     <span class='ocr_line' id='line_1_69' title="bbox 2497 3897 3996 3979; baseline 0.001 -20"><span class='ocrx_word' id='word_1_407' title='bbox 2497 3898 2676 3971; x_wconf 81' lang='lat' dir='ltr'><strong>Filio,</strong></span> <span class='ocrx_word' id='word_1_408' title='bbox 2720 3898 2889 3979; x_wconf 91' lang='lat' dir='ltr'><strong>quod</strong></span> <span class='ocrx_word' id='word_1_409' title='bbox 2943 3898 3006 3958; x_wconf 92' lang='lat' dir='ltr'><strong>in</strong></span> <span class='ocrx_word' id='word_1_410' title='bbox 3057 3898 3233 3959; x_wconf 91' lang='lat' dir='ltr'><strong>Patre</strong></span> <span class='ocrx_word' id='word_1_411' title='bbox 3282 3906 3560 3977; x_wconf 85' lang='lat' dir='ltr'><strong>generet,</strong></span> <span class='ocrx_word' id='word_1_412' title='bbox 3607 3904 3670 3958; x_wconf 91' lang='lat' dir='ltr'><strong>et</strong></span> <span class='ocrx_word' id='word_1_413' title='bbox 3717 3897 3784 3958; x_wconf 90' lang='lat' dir='ltr'><strong>in</strong></span> <span class='ocrx_word' id='word_1_414' title='bbox 3833 3897 3996 3961; x_wconf 87' lang='lat' dir='ltr'><strong>Filio</strong></span> 
     </span>
     <span class='ocr_line' id='line_1_70' title="bbox 2495 3995 3996 4078; baseline 0.001 -21"><span class='ocrx_word' id='word_1_415' title='bbox 2495 4004 2832 4077; x_wconf 88' lang='lat' dir='ltr'><strong>generetur</strong></span> <span class='ocrx_word' id='word_1_416' title='bbox 2867 4014 2880 4057; x_wconf 89' lang='lat'><strong>:</strong></span> <span class='ocrx_word' id='word_1_417' title='bbox 2916 3995 3081 4076; x_wconf 91' lang='lat' dir='ltr'><strong>quod</strong></span> <span class='ocrx_word' id='word_1_418' title='bbox 3122 4012 3248 4057; x_wconf 93' lang='lat' dir='ltr'><strong>non</strong></span> <span class='ocrx_word' id='word_1_419' title='bbox 3289 4003 3404 4067; x_wconf 90' lang='lat' dir='ltr'><strong>est,</strong></span> <span class='ocrx_word' id='word_1_420' title='bbox 3441 4004 3510 4056; x_wconf 88' lang='lat' dir='ltr'><strong>ut</strong></span> <span class='ocrx_word' id='word_1_421' title='bbox 3549 4004 3834 4078; x_wconf 85' lang='lat' dir='ltr'><strong>apparet,</strong></span> <span class='ocrx_word' id='word_1_422' title='bbox 3867 3996 3996 4058; x_wconf 87' lang='lat' dir='ltr'><strong>nisi</strong></span> 
     </span>
     <span class='ocr_line' id='line_1_71' title="bbox 2498 4093 3998 4177; baseline 0 -21"><span class='ocrx_word' id='word_1_423' title='bbox 2498 4094 2874 4177; x_wconf 67' lang='lat' dir='ltr'><strong>hypostasis</strong></span> <span class='ocrx_word' id='word_1_424' title='bbox 2902 4094 3261 4175; x_wconf 88' lang='lat' dir='ltr'><strong>Dicuntque</strong></span> <span class='ocrx_word' id='word_1_425' title='bbox 3293 4093 3419 4166; x_wconf 85' lang='lat' dir='ltr'><strong>isti,</strong></span> <span class='ocrx_word' id='word_1_426' title='bbox 3445 4094 3615 4176; x_wconf 92' lang='lat' dir='ltr'><strong>quod</strong></span> <span class='ocrx_word' id='word_1_427' title='bbox 3647 4094 3998 4175; x_wconf 87' lang='lat' dir='ltr'><strong>paternitas</strong></span> 
     </span>
    </p>
   </div>
   <div class='ocr_carea' id='block_1_14' title="bbox 892 4190 3998 4275">
    <p class='ocr_par' dir='ltr' id='par_1_14' title="bbox 892 4190 3998 4275">
     <span class='ocr_line' id='line_1_72' title="bbox 892 4190 3998 4275; baseline 0 -21"><span class='ocrx_word' id='word_1_428' title='bbox 892 4193 1046 4275; x_wconf 91' lang='lat' dir='ltr'><strong>quid</strong></span> <span class='ocrx_word' id='word_1_429' title='bbox 1103 4191 1385 4253; x_wconf 90' lang='lat' dir='ltr'><strong>nominis</strong></span> <span class='ocrx_word' id='word_1_430' title='bbox 1444 4208 1558 4271; x_wconf 91' lang='lat' dir='ltr'><strong>pro</strong></span> <span class='ocrx_word' id='word_1_431' title='bbox 1619 4209 1842 4271; x_wconf 83' lang='lat' dir='ltr'><strong>magna</strong></span> <span class='ocrx_word' id='word_1_432' title='bbox 1901 4198 2075 4272; x_wconf 83' lang='lat' dir='ltr'><strong>parte</strong></span> <span class='ocrx_word' id='word_1_433' title='bbox 2135 4190 2382 4252; x_wconf 89' lang='lat' dir='ltr'><strong>stantia.</strong></span> <span class='ocrx_word' id='word_1_434' title='bbox 2419 4195 2466 4256; x_wconf 90' lang='lat' dir='ltr'>D</span> <span class='ocrx_word' id='word_1_435' title='bbox 2501 4210 2625 4255; x_wconf 90' lang='lat' dir='ltr'><strong>non</strong></span> <span class='ocrx_word' id='word_1_436' title='bbox 2658 4193 2742 4253; x_wconf 88' lang='lat' dir='ltr'><strong>sit</strong></span> <span class='ocrx_word' id='word_1_437' title='bbox 2771 4192 3183 4255; x_wconf 83' lang='lat' dir='ltr'><strong>constitutiva</strong></span> <span class='ocrx_word' id='word_1_438' title='bbox 3213 4191 3411 4254; x_wconf 91' lang='lat' dir='ltr'><strong>Patris</strong></span> <span class='ocrx_word' id='word_1_439' title='bbox 3443 4191 3563 4253; x_wconf 93' lang='lat' dir='ltr'><strong>sub</strong></span> <span class='ocrx_word' id='word_1_440' title='bbox 3594 4192 3838 4253; x_wconf 88' lang='lat' dir='ltr'><strong>ratione-</strong></span> <span class='ocrx_word' id='word_1_441' title='bbox 3869 4212 3998 4273; x_wconf 89' lang='lat' dir='ltr'><strong>qua</strong></span> 
     </span>
    </p>
   </div>
   <div class='ocr_carea' id='block_1_15' title="bbox 893 4288 2396 5358">
    <p class='ocr_par' dir='ltr' id='par_1_15' title="bbox 893 4288 2396 5358">
     <span class='ocr_line' id='line_1_73' title="bbox 893 4288 2388 4371; baseline -0.003 -17"><span class='ocrx_word' id='word_1_442' title='bbox 893 4290 1258 4371; x_wconf 89' lang='lat' dir='ltr'><strong>Philosophi</strong></span> <span class='ocrx_word' id='word_1_443' title='bbox 1289 4290 1461 4352; x_wconf 91' lang='lat' dir='ltr'><strong>enim</strong></span> <span class='ocrx_word' id='word_1_444' title='bbox 1503 4289 1798 4350; x_wconf 90' lang='lat' dir='ltr'><strong>dixerunt</strong></span> <span class='ocrx_word' id='word_1_445' title='bbox 1838 4290 2006 4371; x_wconf 92' lang='lat' dir='ltr'><strong>quod</strong></span> <span class='ocrx_word' id='word_1_446' title='bbox 2042 4308 2232 4351; x_wconf 89' lang='lat' dir='ltr'><strong>causa</strong></span> <span class='ocrx_word' id='word_1_447' title='bbox 2261 4288 2388 4369; x_wconf 88' lang='lat' dir='ltr'><strong>pri-</strong></span> 
     </span>
     <span class='ocr_line' id='line_1_74' title="bbox 898 4387 2388 4469; baseline -0.003 -18"><span class='ocrx_word' id='word_1_448' title='bbox 898 4410 1000 4452; x_wconf 90' lang='lat' dir='ltr'><strong>ma</strong></span> <span class='ocrx_word' id='word_1_449' title='bbox 1044 4390 1126 4451; x_wconf 86' lang='lat' dir='ltr'><strong>sit</strong></span> <span class='ocrx_word' id='word_1_450' title='bbox 1164 4389 1242 4451; x_wconf 90' lang='lat' dir='ltr'><strong>de</strong></span> <span class='ocrx_word' id='word_1_451' title='bbox 1286 4407 1351 4450; x_wconf 91' lang='lat' dir='ltr'><strong>se</strong></span> <span class='ocrx_word' id='word_1_452' title='bbox 1400 4387 1672 4449; x_wconf 87' lang='lat' dir='ltr'><strong>maxime</strong></span> <span class='ocrx_word' id='word_1_453' title='bbox 1713 4388 1868 4460; x_wconf 76' lang='lat' dir='ltr'><strong>haec,</strong></span> <span class='ocrx_word' id='word_1_454' title='bbox 1900 4396 1963 4450; x_wconf 88' lang='lat' dir='ltr'><strong>et</strong></span> <span class='ocrx_word' id='word_1_455' title='bbox 2002 4389 2170 4469; x_wconf 92' lang='lat' dir='ltr'><strong>quod</strong></span> <span class='ocrx_word' id='word_1_456' title='bbox 2211 4395 2388 4448; x_wconf 88' lang='lat' dir='ltr'><strong>actus</strong></span> 
     </span>
     <span class='ocr_line' id='line_1_75' title="bbox 898 4487 2388 4571; baseline -0.003 -21"><span class='ocrx_word' id='word_1_457' title='bbox 898 4508 1095 4571; x_wconf 90' lang='lat' dir='ltr'><strong>purus</strong></span> <span class='ocrx_word' id='word_1_458' title='bbox 1126 4506 1202 4549; x_wconf 93' lang='lat' dir='ltr'><strong>eo</strong></span> <span class='ocrx_word' id='word_1_459' title='bbox 1234 4488 1372 4569; x_wconf 88' lang='lat' dir='ltr'><strong>ipso</strong></span> <span class='ocrx_word' id='word_1_460' title='bbox 1402 4504 1529 4568; x_wconf 94' lang='lat' dir='ltr'><strong>quo</strong></span> <span class='ocrx_word' id='word_1_461' title='bbox 1560 4505 1757 4567; x_wconf 89' lang='lat' dir='ltr'><strong>purus</strong></span> <span class='ocrx_word' id='word_1_462' title='bbox 1787 4493 1987 4560; x_wconf 81' lang='lat' dir='ltr'><strong>actuS,</strong></span> <span class='ocrx_word' id='word_1_463' title='bbox 2021 4487 2101 4547; x_wconf 90' lang='lat' dir='ltr'><strong>sit</strong></span> <span class='ocrx_word' id='word_1_464' title='bbox 2140 4504 2388 4547; x_wconf 88' lang='lat' dir='ltr'><strong>summe</strong></span> 
     </span>
     <span class='ocr_line' id='line_1_76' title="bbox 898 4585 2392 4666; baseline -0.003 -16"><span class='ocrx_word' id='word_1_465' title='bbox 898 4586 1451 4650; x_wconf 90' lang='lat' dir='ltr'><strong>incommiscibilis</strong></span> <span class='ocrx_word' id='word_1_466' title='bbox 1490 4586 1653 4657; x_wconf 82' lang='lat' dir='ltr'><strong>aliis,</strong></span> <span class='ocrx_word' id='word_1_467' title='bbox 1688 4604 1801 4666; x_wconf 93' lang='lat' dir='ltr'><strong>per</strong></span> <span class='ocrx_word' id='word_1_468' title='bbox 1831 4604 1897 4646; x_wconf 92' lang='lat' dir='ltr'><strong>se</strong></span> <span class='ocrx_word' id='word_1_469' title='bbox 1928 4595 1990 4647; x_wconf 88' lang='lat' dir='ltr'><strong>et</strong></span> <span class='ocrx_word' id='word_1_470' title='bbox 2024 4585 2086 4645; x_wconf 91' lang='lat' dir='ltr'><strong>in</strong></span> <span class='ocrx_word' id='word_1_471' title='bbox 2119 4605 2185 4646; x_wconf 89' lang='grc'><strong>50</strong></span> <span class='ocrx_word' id='word_1_472' title='bbox 2217 4604 2392 4665; x_wconf 88' lang='lat' dir='ltr'><strong>sepa-</strong></span> 
     </span>
     <span class='ocr_line' id='line_1_77' title="bbox 899 4683 2388 4765; baseline -0.003 -18"><span class='ocrx_word' id='word_1_473' title='bbox 899 4686 1087 4747; x_wconf 88' lang='lat' dir='ltr'><strong>ratim</strong></span> <span class='ocrx_word' id='word_1_474' title='bbox 1136 4684 1539 4747; x_wconf 88' lang='lat' dir='ltr'><strong>subsistens:</strong></span> <span class='ocrx_word' id='word_1_475' title='bbox 1576 4684 1794 4765; x_wconf 92' lang='lat' dir='ltr'><strong>sicque</strong></span> <span class='ocrx_word' id='word_1_476' title='bbox 1845 4684 2141 4745; x_wconf 86' lang='lat' dir='ltr'><strong>dixerunt</strong></span> <span class='ocrx_word' id='word_1_477' title='bbox 2189 4683 2388 4745; x_wconf 86' lang='lat' dir='ltr'><strong>Deuin</strong></span> 
     </span>
     <span class='ocr_line' id='line_1_78' title="bbox 898 4781 2392 4864; baseline -0.002 -19"><span class='ocrx_word' id='word_1_478' title='bbox 898 4802 1036 4846; x_wconf 89' lang='lat' dir='ltr'><strong>esse</strong></span> <span class='ocrx_word' id='word_1_479' title='bbox 1075 4782 1431 4845; x_wconf 90' lang='lat' dir='ltr'><strong>absolutam</strong></span> <span class='ocrx_word' id='word_1_480' title='bbox 1475 4799 1833 4864; x_wconf 89' lang='lat' dir='ltr'><strong>personam,</strong></span> <span class='ocrx_word' id='word_1_481' title='bbox 1868 4781 2033 4843; x_wconf 89' lang='grc'><strong>51001</strong></span> <span class='ocrx_word' id='word_1_482' title='bbox 2078 4799 2249 4842; x_wconf 88' lang='grc'><strong>110110</strong></span> <span class='ocrx_word' id='word_1_483' title='bbox 2293 4800 2392 4842; x_wconf 89' lang='lat' dir='ltr'><strong>us-</strong></span> 
     </span>
     <span class='ocr_line' id='line_1_79' title="bbox 899 4879 2391 4964; baseline -0.002 -20"><span class='ocrx_word' id='word_1_484' title='bbox 899 4902 1024 4964; x_wconf 91' lang='lat' dir='ltr'><strong>que</strong></span> <span class='ocrx_word' id='word_1_485' title='bbox 1082 4880 1410 4944; x_wconf 86' lang='lat' dir='ltr'><strong>affirmant</strong></span> <span class='ocrx_word' id='word_1_486' title='bbox 1459 4879 1845 4963; x_wconf 90' lang='lat' dir='ltr'><strong>philosophi,</strong></span> <span class='ocrx_word' id='word_1_487' title='bbox 1897 4879 2245 4954; x_wconf 86' lang='lat' dir='ltr'><strong>Sarraceni,</strong></span> <span class='ocrx_word' id='word_1_488' title='bbox 2289 4880 2391 4941; x_wconf 88' lang='lat' dir='ltr'><strong>Ju-</strong></span> 
     </span>
     <span class='ocr_line' id='line_1_80' title="bbox 899 4978 2396 5044; baseline -0.002 -2"><span class='ocrx_word' id='word_1_489' title='bbox 899 4982 1035 5044; x_wconf 82' lang='lat' dir='ltr'><strong>daei.</strong></span> <span class='ocrx_word' id='word_1_490' title='bbox 1070 4982 1165 5043; x_wconf 89' lang='lat' dir='ltr'><strong>An</strong></span> <span class='ocrx_word' id='word_1_491' title='bbox 1205 4998 1357 5043; x_wconf 89' lang='lat' dir='ltr'><strong>vero</strong></span> <span class='ocrx_word' id='word_1_492' title='bbox 1394 4980 1702 5041; x_wconf 91' lang='lat' dir='ltr'><strong>dicendus</strong></span> <span class='ocrx_word' id='word_1_493' title='bbox 1742 4979 1825 5040; x_wconf 89' lang='lat' dir='ltr'><strong>sit</strong></span> <span class='ocrx_word' id='word_1_494' title='bbox 1871 4980 2035 5040; x_wconf 92' lang='lat' dir='ltr'><strong>Deus</strong></span> <span class='ocrx_word' id='word_1_495' title='bbox 2078 4978 2268 5039; x_wconf 88' lang='lat' dir='ltr'><strong>etiam</strong></span> <span class='ocrx_word' id='word_1_496' title='bbox 2315 4978 2396 5040; x_wconf 92' lang='lat' dir='ltr'><strong>si-</strong></span> 
     </span>
     <span class='ocr_line' id='line_1_81' title="bbox 898 5076 2393 5159; baseline -0.003 -18"><span class='ocrx_word' id='word_1_497' title='bbox 898 5079 1036 5141; x_wconf 91' lang='lat' dir='ltr'><strong>mili</strong></span> <span class='ocrx_word' id='word_1_498' title='bbox 1098 5080 1284 5142; x_wconf 90' lang='lat' dir='ltr'><strong>modo</strong></span> <span class='ocrx_word' id='word_1_499' title='bbox 1342 5078 1767 5159; x_wconf 90' lang='lat' dir='ltr'><strong>suppositum,</strong></span> <span class='ocrx_word' id='word_1_500' title='bbox 1824 5082 2031 5158; x_wconf 86' lang='lat' dir='ltr'><strong>potest</strong></span> <span class='ocrx_word' id='word_1_501' title='bbox 2088 5076 2393 5157; x_wconf 87' lang='lat' dir='ltr'><strong>distingui</strong></span> 
     </span>
     <span class='ocr_line' id='line_1_82' title="bbox 898 5174 2390 5260; baseline -0.003 -20"><span class='ocrx_word' id='word_1_502' title='bbox 898 5179 975 5240; x_wconf 91' lang='lat' dir='ltr'><strong>de</strong></span> <span class='ocrx_word' id='word_1_503' title='bbox 1006 5177 1475 5260; x_wconf 85' lang='lat' dir='ltr'><strong>significatione</strong></span> <span class='ocrx_word' id='word_1_504' title='bbox 1505 5174 1783 5238; x_wconf 90' lang='lat' dir='ltr'><strong>nominis</strong></span> <span class='ocrx_word' id='word_1_505' title='bbox 1814 5175 2029 5256; x_wconf 89' lang='lat' dir='ltr'><strong>hujus,</strong></span> <span class='ocrx_word' id='word_1_506' title='bbox 2056 5174 2390 5256; x_wconf 90' lang='lat' dir='ltr'><strong>suppositi.</strong></span> 
     </span>
     <span class='ocr_line' id='line_1_83' title="bbox 896 5272 2390 5358; baseline -0.003 -21"><span class='ocrx_word' id='word_1_507' title='bbox 896 5277 1343 5339; x_wconf 89' lang='lat' dir='ltr'><strong>Verumtamen</strong></span> <span class='ocrx_word' id='word_1_508' title='bbox 1403 5294 1600 5358; x_wconf 85' lang='lat' dir='ltr'><strong>quum</strong></span> <span class='ocrx_word' id='word_1_509' title='bbox 1652 5276 1730 5336; x_wconf 91' lang='lat' dir='ltr'><strong>de</strong></span> <span class='ocrx_word' id='word_1_510' title='bbox 1778 5275 2018 5336; x_wconf 83' lang='lat' dir='ltr'><strong>ratione</strong></span> <span class='ocrx_word' id='word_1_511' title='bbox 2080 5272 2390 5354; x_wconf 88' lang='lat' dir='ltr'><strong>suppositi</strong></span> 
     </span>
    </p>
   </div>
   <div class='ocr_carea' id='block_1_16' title="bbox 2498 4288 4014 5356">
    <p class='ocr_par' dir='ltr' id='par_1_16' title="bbox 2498 4288 4014 5356">
     <span class='ocr_line' id='line_1_84' title="bbox 2499 4288 4000 4373; baseline 0 -20"><span class='ocrx_word' id='word_1_512' title='bbox 2499 4309 2769 4373; x_wconf 91' lang='lat' dir='ltr'><strong>persona</strong></span> <span class='ocrx_word' id='word_1_513' title='bbox 2820 4300 2936 4365; x_wconf 92' lang='lat' dir='ltr'><strong>est,</strong></span> <span class='ocrx_word' id='word_1_514' title='bbox 2989 4290 3098 4352; x_wconf 90' lang='lat' dir='ltr'><strong>sed</strong></span> <span class='ocrx_word' id='word_1_515' title='bbox 3149 4290 3356 4352; x_wconf 90' lang='lat' dir='ltr'><strong>solum</strong></span> <span class='ocrx_word' id='word_1_516' title='bbox 3407 4288 3526 4351; x_wconf 90' lang='lat' dir='ltr'><strong>sub</strong></span> <span class='ocrx_word' id='word_1_517' title='bbox 3579 4290 3822 4351; x_wconf 86' lang='lat' dir='ltr'><strong>ratione</strong></span> <span class='ocrx_word' id='word_1_518' title='bbox 3869 4310 4000 4372; x_wconf 88' lang='lat' dir='ltr'><strong>qua</strong></span> 
     </span>
     <span class='ocr_line' id='line_1_85' title="bbox 2498 4388 4000 4453; baseline -0.001 -2"><span class='ocrx_word' id='word_1_519' title='bbox 2498 4389 2771 4453; x_wconf 88' lang='lat' dir='ltr'><strong>refertur</strong></span> <span class='ocrx_word' id='word_1_520' title='bbox 2828 4390 2905 4451; x_wconf 91' lang='lat' dir='ltr'><strong>ad</strong></span> <span class='ocrx_word' id='word_1_521' title='bbox 2965 4389 3216 4451; x_wconf 87' lang='lat' dir='ltr'><strong>Filium.</strong></span> <span class='ocrx_word' id='word_1_522' title='bbox 3272 4388 3580 4451; x_wconf 87' lang='lat' dir='ltr'><strong>Similiter</strong></span> <span class='ocrx_word' id='word_1_523' title='bbox 3637 4388 3861 4449; x_wconf 87' lang='lat' dir='ltr'><strong>dicunt</strong></span> <span class='ocrx_word' id='word_1_524' title='bbox 3919 4390 4000 4450; x_wconf 87' lang='lat' dir='ltr'><strong>de</strong></span> 
     </span>
     <span class='ocr_line' id='line_1_86' title="bbox 2499 4487 4000 4570; baseline -0.001 -19"><span class='ocrx_word' id='word_1_525' title='bbox 2499 4488 2813 4551; x_wconf 86' lang='lat' dir='ltr'><strong>filiatione</strong></span> <span class='ocrx_word' id='word_1_526' title='bbox 2862 4496 3155 4570; x_wconf 84' lang='lat' dir='ltr'><strong>respectu</strong></span> <span class='ocrx_word' id='word_1_527' title='bbox 3204 4488 3348 4550; x_wconf 88' lang='lat' dir='ltr'><strong>Filii</strong></span> <span class='ocrx_word' id='word_1_528' title='bbox 3385 4505 3399 4549; x_wconf 90' lang='lat'>:</span> <span class='ocrx_word' id='word_1_529' title='bbox 3433 4496 3498 4549; x_wconf 89' lang='lat' dir='ltr'><strong>et</strong></span> <span class='ocrx_word' id='word_1_530' title='bbox 3545 4487 3787 4560; x_wconf 89' lang='lat' dir='ltr'><strong>dicunt,</strong></span> <span class='ocrx_word' id='word_1_531' title='bbox 3825 4489 4000 4568; x_wconf 89' lang='lat' dir='ltr'><strong>quod</strong></span> 
     </span>
     <span class='ocr_line' id='line_1_87' title="bbox 2500 4586 4002 4669; baseline -0.001 -20"><span class='ocrx_word' id='word_1_532' title='bbox 2500 4588 2666 4650; x_wconf 90' lang='lat' dir='ltr'><strong>sicut</strong></span> <span class='ocrx_word' id='word_1_533' title='bbox 2710 4587 3129 4669; x_wconf 87' lang='lat' dir='ltr'><strong>proprietates</strong></span> <span class='ocrx_word' id='word_1_534' title='bbox 3173 4586 3454 4649; x_wconf 87' lang='lat' dir='ltr'><strong>relativae</strong></span> <span class='ocrx_word' id='word_1_535' title='bbox 3497 4593 3878 4667; x_wconf 79' lang='lat' dir='ltr'><strong>eomparatae</strong></span> <span class='ocrx_word' id='word_1_536' title='bbox 3921 4588 4002 4648; x_wconf 90' lang='lat' dir='ltr'><strong>ad</strong></span> 
     </span>
     <span class='ocr_line' id='line_1_88' title="bbox 2500 4684 4006 4756; baseline -0.002 -9"><span class='ocrx_word' id='word_1_537' title='bbox 2500 4686 2840 4747; x_wconf 86' lang='lat' dir='ltr'><strong>essentiam</strong></span> <span class='ocrx_word' id='word_1_538' title='bbox 2891 4692 3038 4747; x_wconf 91' lang='lat' dir='ltr'><strong>sunt</strong></span> <span class='ocrx_word' id='word_1_539' title='bbox 3089 4684 3342 4747; x_wconf 89' lang='lat' dir='ltr'><strong>realiter</strong></span> <span class='ocrx_word' id='word_1_540' title='bbox 3390 4685 3560 4746; x_wconf 89' lang='lat' dir='ltr'><strong>idem</strong></span> <span class='ocrx_word' id='word_1_541' title='bbox 3609 4702 3757 4745; x_wconf 90' lang='lat' dir='ltr'><strong>cum</strong></span> <span class='ocrx_word' id='word_1_542' title='bbox 3807 4703 3904 4756; x_wconf 81' lang='lat' dir='ltr'><strong>ea,</strong></span> <span class='ocrx_word' id='word_1_543' title='bbox 3941 4691 4006 4746; x_wconf 84' lang='lat' dir='ltr'><strong>et</strong></span> 
     </span>
     <span class='ocr_line' id='line_1_89' title="bbox 2504 4781 4006 4864; baseline -0.001 -19"><span class='ocrx_word' id='word_1_544' title='bbox 2504 4791 2710 4845; x_wconf 88' lang='lat' dir='ltr'><strong>tamen</strong></span> <span class='ocrx_word' id='word_1_545' title='bbox 2747 4784 2910 4845; x_wconf 90' lang='lat' dir='ltr'><strong>inter</strong></span> <span class='ocrx_word' id='word_1_546' title='bbox 2939 4802 3006 4845; x_wconf 85' lang='lat' dir='ltr'><strong>se</strong></span> <span class='ocrx_word' id='word_1_547' title='bbox 3037 4782 3550 4864; x_wconf 82' lang='lat' dir='ltr'><strong>distinguuntur3</strong></span> <span class='ocrx_word' id='word_1_548' title='bbox 3583 4781 3676 4844; x_wconf 89' lang='grc'><strong>510</strong></span> <span class='ocrx_word' id='word_1_549' title='bbox 3708 4782 3844 4845; x_wconf 76' lang='lat' dir='ltr'><strong>istae</strong></span> <span class='ocrx_word' id='word_1_550' title='bbox 3873 4790 4006 4845; x_wconf 91' lang='lat' dir='ltr'><strong>tres</strong></span> 
     </span>
     <span class='ocr_line' id='line_1_90' title="bbox 2502 4881 4010 4963; baseline -0.001 -19"><span class='ocrx_word' id='word_1_551' title='bbox 2502 4902 2603 4944; x_wconf 89' lang='lat' dir='ltr'><strong>res</strong></span> <span class='ocrx_word' id='word_1_552' title='bbox 2634 4882 2957 4955; x_wconf 71' lang='lat' dir='ltr'><strong>absolutae,</strong></span> <span class='ocrx_word' id='word_1_553' title='bbox 2977 4901 3133 4963; x_wconf 90' lang='lat' dir='ltr'><strong>quas</strong></span> <span class='ocrx_word' id='word_1_554' title='bbox 3163 4890 3390 4943; x_wconf 86' lang='lat' dir='ltr'><strong>vocant</strong></span> <span class='ocrx_word' id='word_1_555' title='bbox 3421 4881 3813 4963; x_wconf 79' lang='lat' dir='ltr'><strong>hypostaseS,</strong></span> <span class='ocrx_word' id='word_1_556' title='bbox 3839 4898 4010 4943; x_wconf 89' lang='lat' dir='ltr'><strong>com-</strong></span> 
     </span>
     <span class='ocr_line' id='line_1_91' title="bbox 2505 4978 4006 5063; baseline -0.001 -20"><span class='ocrx_word' id='word_1_557' title='bbox 2505 4987 2736 5063; x_wconf 84' lang='lat' dir='ltr'><strong>paratae</strong></span> <span class='ocrx_word' id='word_1_558' title='bbox 2778 4981 2855 5041; x_wconf 92' lang='lat' dir='ltr'><strong>ad</strong></span> <span class='ocrx_word' id='word_1_559' title='bbox 2894 4980 3237 5042; x_wconf 89' lang='lat' dir='ltr'><strong>essentiam</strong></span> <span class='ocrx_word' id='word_1_560' title='bbox 3278 4987 3426 5041; x_wconf 90' lang='lat' dir='ltr'><strong>sunt</strong></span> <span class='ocrx_word' id='word_1_561' title='bbox 3466 4980 3636 5041; x_wconf 90' lang='lat' dir='ltr'><strong>idem</strong></span> <span class='ocrx_word' id='word_1_562' title='bbox 3666 4979 3836 5060; x_wconf 90' lang='lat' dir='ltr'><strong>quod</strong></span> <span class='ocrx_word' id='word_1_563' title='bbox 3869 4978 4006 5050; x_wconf 86' lang='lat' dir='ltr'><strong>illa,</strong></span> 
     </span>
     <span class='ocr_line' id='line_1_92' title="bbox 2504 5076 4012 5158; baseline -0.001 -17"><span class='ocrx_word' id='word_1_564' title='bbox 2504 5088 2566 5141; x_wconf 92' lang='lat' dir='ltr'><strong>et</strong></span> <span class='ocrx_word' id='word_1_565' title='bbox 2599 5087 2808 5141; x_wconf 87' lang='lat' dir='ltr'><strong>tamen</strong></span> <span class='ocrx_word' id='word_1_566' title='bbox 2843 5087 2992 5139; x_wconf 85' lang='lat' dir='ltr'><strong>sunt.</strong></span> <span class='ocrx_word' id='word_1_567' title='bbox 3031 5079 3196 5140; x_wconf 87' lang='lat' dir='ltr'><strong>inter</strong></span> <span class='ocrx_word' id='word_1_568' title='bbox 3225 5096 3293 5139; x_wconf 92' lang='grc'><strong>50</strong></span> <span class='ocrx_word' id='word_1_569' title='bbox 3333 5077 3648 5140; x_wconf 84' lang='lat' dir='ltr'><strong>distinctae</strong></span> <span class='ocrx_word' id='word_1_570' title='bbox 3678 5096 3794 5158; x_wconf 89' lang='lat' dir='ltr'><strong>per</strong></span> <span class='ocrx_word' id='word_1_571' title='bbox 3823 5076 4012 5140; x_wconf 86' lang='lat' dir='ltr'><strong>abso·</strong></span> 
     </span>
     <span class='ocr_line' id='line_1_93' title="bbox 2509 5175 4014 5258; baseline -0.002 -17"><span class='ocrx_word' id='word_1_572' title='bbox 2509 5180 2639 5241; x_wconf 91' lang='lat' dir='ltr'><strong>luta</strong></span> <span class='ocrx_word' id='word_1_573' title='bbox 2670 5197 2705 5239; x_wconf 88' lang='lat' dir='ltr'><strong>a</strong></span> <span class='ocrx_word' id='word_1_574' title='bbox 2736 5196 2802 5239; x_wconf 90' lang='lat' dir='ltr'><strong>se</strong></span> <span class='ocrx_word' id='word_1_575' title='bbox 2835 5177 3012 5258; x_wconf 90' lang='lat' dir='ltr'><strong>ipsis.</strong></span> <span class='ocrx_word' id='word_1_576' title='bbox 3047 5212 3128 5221; x_wconf 90' lang='lat'>—</span> <span class='ocrx_word' id='word_1_577' title='bbox 3156 5176 3300 5239; x_wconf 79' lang='lat' dir='ltr'><strong>Haec</strong></span> <span class='ocrx_word' id='word_1_578' title='bbox 3338 5184 3551 5238; x_wconf 89' lang='lat' dir='ltr'><strong>autem</strong></span> <span class='ocrx_word' id='word_1_579' title='bbox 3581 5176 3800 5256; x_wconf 90' lang='lat' dir='ltr'><strong>opinio</strong></span> <span class='ocrx_word' id='word_1_580' title='bbox 3829 5175 4014 5238; x_wconf 85' lang='lat' dir='ltr'><strong>vide-</strong></span> 
     </span>
     <span class='ocr_line' id='line_1_94' title="bbox 2507 5273 4008 5356; baseline -0.001 -19"><span class='ocrx_word' id='word_1_581' title='bbox 2507 5284 2611 5338; x_wconf 90' lang='lat' dir='ltr'><strong>tur</strong></span> <span class='ocrx_word' id='word_1_582' title='bbox 2649 5276 2946 5355; x_wconf 88' lang='lat' dir='ltr'><strong>derogare</strong></span> <span class='ocrx_word' id='word_1_583' title='bbox 2987 5274 3380 5356; x_wconf 85' lang='lat' dir='ltr'><strong>simplicitati</strong></span> <span class='ocrx_word' id='word_1_584' title='bbox 3422 5274 3671 5337; x_wconf 81' lang='lat' dir='ltr'><strong>divinae.</strong></span> <span class='ocrx_word' id='word_1_585' title='bbox 3705 5273 3853 5335; x_wconf 88' lang='lat' dir='ltr'><strong>Ideo</strong></span> <span class='ocrx_word' id='word_1_586' title='bbox 3893 5275 4008 5336; x_wconf 87' lang='lat' dir='ltr'><strong>alii</strong></span> 
     </span>
    </p>
   </div>
  </div>
 </body>
</html>
