4359 6250
616 518 838 573 QUAEST.
886 519 932 564 11
974 519 988 563 :
1033 518 1120 563 AN
1161 518 1424 573 ALIQUOD
1463 516 1672 563 NOMEN
1716 517 2058 564 CONVENIAT
2098 518 2219 563 Ι)Εο
2259 518 2515 563 ΡΒΟΡΒΙΕ
2556 517 2630 563 ΕΤ
2670 518 2793 563 NON
2832 516 3247 563 TRANSLATIVE
3357 494 3473 561 13⁷

378 696 747 763 causantur,
791 696 860 750 ut
897 689 1053 770 pati,
1097 688 1350 760 mutari,
1395 688 1658 761 moveri,
1702 706 1875 749 men·
1904 686 1954 749 A
1986 688 2170 751 nobis
2213 695 2369 749 sunt.
2401 695 2641 769 septem
2684 688 2913 767 gradus
2956 706 3067 749 seu
3107 704 3337 768 genera
3376 704 3477 749 co·
3546 710 3550 714 ·

375 788 508 861 tiri,
545 806 828 870 peccare.
867 788 942 848 Et
979 787 1291 869 quidquid
1321 794 1416 848 est
1456 793 1685 868 praeter
1715 787 1870 859 haec,

373 887 454 948 ad
501 885 902 948 nobilitatem
947 885 1533 967 perfectionemque
1577 884 1873 966 pertinet,

373 1003 448 1046 ac
487 985 672 1066 juxta
711 984 993 1064 regulam
1037 984 1210 1045 illam
1248 983 1532 1045 Anselmi
1579 984 1876 1046 convenit

376 1083 527 1145 Deo.
575 1083 722 1145 Haec
763 1082 1080 1144 Albertus.

445 1181 610 1243 Hinc
643 1181 712 1243 in
741 1180 1004 1242 Summa
1035 1200 1169 1254 sua,
1191 1180 1354 1242 libro
1383 1180 1684 1249 secundo,
1705 1179 1881 1241 Udal-

377 1280 553 1341 ricus
589 1297 606 1341 ε
638 1278 908 1341 Nomina
936 1278 1203 1360 (inquit)
1233 1278 1447 1341 divina
1486 1298 1522 1339 a
1553 1279 1611 1340 S.
1649 1278 1878 1360 Diony-

377 1378 478 1441 sio
506 1378 934 1461 appellantur,
963 1377 1264 1459 quoniam
1299 1378 1437 1459 ipsa
1466 1395 1580 1440 nos
1611 1377 1874 1450 ducunt,

378 1484 693 1559 quantum
765 1474 1070 1558 possibile
1138 1483 1253 1548 est,
1318 1476 1381 1537 in
1450 1474 1876 1556 cognitionem

377 1575 756 1656 quidditatis
801 1574 1036 1637 divinae
1079 1582 1320 1637 naturai
1363 1591 1376 1636 :
1421 1574 1722 1655 quoniam
1774 1591 1881 1635 no-

379 1694 530 1736 men
560 1682 659 1737 est
687 1673 984 1735 definitio
1025 1672 1356 1754 implicita,
1392 1673 1557 1734 sicut
1595 1680 1880 1734 econtra-

377 1774 477 1834 rio
504 1771 804 1835 definitio
841 1780 938 1833 est
968 1788 1198 1833 nomen
1239 1771 1634 1852 explicitum.
1671 1770 1880 1833 Primo

1984 786 2368 867 gnitionum‚
2416 806 2557 867 quae
2606 804 2671 847 se
2721 785 2955 847 habent
3004 804 3116 866 per
3164 784 3472 847 ordinem.

1985 884 2195 947 Prima
2244 893 2339 947 est
2384 884 2661 966 cognitio
2712 904 2935 947 sensus
2984 883 3331 945 exterioris
3378 884 3481 946 Se-

1988 983 2195 1044 cunda
2225 991 2319 1045 est
2351 982 2702 1064 phantasia,
2738 1002 2879 1064 quae
2908 990 3005 1044 est
3035 990 3243 1044 motus
3274 980 3479 1043 factus

1987 1080 2067 1142 ab
2116 1081 2351 1155 anima,
2398 1088 2587 1162 atque
2640 1081 2947 1161 imagines
3002 1099 3337 1162 corporum
3390 1079 3481 1139 in-

1987 1188 2221 1242 tuetur.
2259 1181 2465 1242 Tertia
2508 1189 2604 1242 est
2648 1180 3042 1253 aestimativa,
3081 1198 3221 1260 quae
3266 1178 3331 1240 in
3375 1178 3481 1239 ho-

1987 1278 2275 1339 minibus
2316 1286 2723 1359 nuncupatur
2754 1277 3091 1357 cogitativa
3124 1293 3139 1338 τ
3173 1296 3315 1358 quae
3355 1293 3479 1337 non

1989 1377 2192 1437 cernit
2226 1376 2529 1457 imagines
2562 1376 3049 1458 corporum,sed
3082 1374 3481 1438 sensibilium

1989 1474 2338 1538 formarum
2387 1476 2790 1549 intentiones,
2824 1476 2975 1557 quia
3022 1494 3099 1536 ex
3144 1473 3480 1555 speciebus

1990 1574 2259 1635 sensatis
2318 1573 2492 1635 elicit
2553 1574 2901 1636 insensatas
2960 1593 3101 1655 quae
3153 1590 3481 1653 nunquam

1991 1671 2251 1733 fuerunt
2301 1671 2365 1732 in
2416 1691 2605 1734 sensu
2656 1690 2667 1733 :
2718 1671 2883 1734 sicut
2930 1671 3067 1734 ovis
3118 1670 3256 1733 viso
3304 1670 3478 1751 lupo,

1992 1770 2167 1831 elicit
2200 1769 2554 1832 inimicitiae
2585 1770 2885 1851 speciem.
2922 1769 3149 1843 Quarta
3177 1776 3273 1831 est
3305 1768 3485 1830 intel-

375 1889 530 1952 ergo
578 1870 937 1943 sciendum,
973 1870 1142 1950 quod
1184 1870 1350 1931 Deus
1397 1868 1879 1932 innominabilis
1917 1869 1964 1931 B
1996 1867 2224 1929 lectiva
2270 1868 2567 1946 cognitio,
2602 1887 2742 1949 quae
2786 1865 3289 1948 quadrupliciter
3329 1866 3486 1927 divi-

375 1978 471 2031 est
516 1989 553 2031 a
599 1969 784 2031 nobis
829 1976 892 2029 et
935 1967 1545 2032 omninominabiliS.
1592 1968 1656 2030 Si
1705 1968 1876 2029 enim

375 2086 616 2151 nomen
649 2073 940 2129 sumatur
969 2066 1322 2128 secundum
1365 2066 1745 2146 completam
1781 2066 1880 2128 sui

375 2166 718 2237 rationem,
752 2184 878 2246 qua
921 2164 1157 2225 dicitur
1199 2162 1380 2245 quasi
1427 2171 1745 2238 notamen,
1789 2164 1882 2226 sic

377 2262 544 2325 nihil
587 2270 684 2324 est
714 2280 862 2324 vere
905 2279 1136 2324 nomen
1179 2262 1270 2324 rei
1304 2262 1428 2323 nisi
1470 2263 1636 2343 quod
1671 2262 1882 2344 impli—

378 2362 506 2423 cite
539 2368 951 2443 repraesentat
981 2360 1327 2441 perfectam
1360 2360 1652 2423 notitiam
1682 2361 1884 2423 nomi-

375 2460 536 2534 nati,
573 2460 1115 2541 quemadmodum
1157 2459 1316 2521 ratio
1347 2458 1648 2533 nominis,
1683 2459 1746 2520 id
1788 2466 1884 2521 est

377 2559 702 2631 definitio,
736 2558 1040 2639 exprimit
1081 2557 1237 2619 illud
1277 2557 1578 2639 explicite
1614 2575 1626 2619 :
1663 2558 1881 2639 sicque

379 2659 550 2720 Deus
582 2664 680 2718 est
711 2654 1192 2718 innominabilis
1226 2654 1429 2716 nobiS.
1464 2655 1668 2728 Quum
1704 2655 1882 2737 equi-

377 2756 528 2817 dem
576 2753 858 2835 cognitio
901 2760 1114 2815 nostra
1159 2759 1406 2814 tantum
1451 2752 1534 2814 sit
1576 2753 1881 2814 exsisten-

373 2854 570 2927 tium,
607 2871 682 2915 eo
713 2852 881 2934 quod
923 2853 1000 2914 ad
1031 2851 1141 2913 illa
1180 2852 1616 2932 cognoscenda
1656 2850 1884 2913 habeat

377 2952 748 3015 intellectus
791 2958 1006 3013 noster
1045 2950 1364 3032 principia
1405 2949 1715 3012 naturalia
1757 2948 1881 3011 sibi

1993 1966 2215 2028 ditur:
2250 1966 2551 2047 quoniam
2600 1965 2922 2046 egreditur
2968 1965 3069 2027 vel
3119 1984 3155 2026 a
3206 1964 3486 2047 potentia

1995 2064 2215 2126 habitu
2249 2064 2607 2135 informata,
2642 2071 2751 2125 aut
2780 2082 2925 2126 non.
2953 2063 3015 2125 Si
3048 2063 3326 2125 secundo
3358 2080 3486 2124 mo-

1993 2163 2093 2236 do,
2129 2163 2221 2224 sic
2271 2163 2507 2244 duplex
2560 2162 2858 2225 convenit
2904 2162 2962 2223 ei
3015 2162 3307 2241 cognitio,
3354 2162 3487 2223 Una

1994 2280 2120 2342 qua
2150 2260 2446 2342 intelligit
2477 2260 2827 2342 simplicia:
2850 2280 2990 2342 quae
3020 2260 3207 2322 tertio
3237 2260 3314 2322 de
3346 2259 3489 2322 Ani-

1996 2378 2098 2421 ma
2161 2367 2425 2422 vocatur
2489 2359 2975 2422 indivisibilium
3046 2357 3481 2438 intelligentia.

1995 2458 2285 2521 Secunda
2341 2459 2505 2522 actio
2556 2458 2957 2520 intellectivae
3014 2457 3309 2539 potentiae
3358 2474 3485 2518 non

1997 2556 2351 2620 informatae
2383 2557 2625 2631 habitu,
2659 2565 2752 2620 est
2786 2557 3135 2619 secundum
3169 2575 3360 2637 quam
3396 2556 3488 2617 in-

1997 2656 2223 2736 telligit
2256 2656 2606 2737 composita
2641 2674 2653 2717 :
2688 2664 2750 2715 et
2782 2656 3132 2716 secundum
3162 2640 3335 2716 hanc
3366 2654 3489 2717 for-

1999 2762 2128 2815 mat
2158 2755 2645 2837 propositioneS,
2682 2754 2845 2815 sicut
2876 2773 2951 2815 ex
2986 2754 3191 2836 prima
3221 2753 3494 2815 definiti-

1997 2872 2137 2916 one.
2173 2854 2360 2916 Porro
2390 2838 2743 2915 secundum
2776 2852 2943 2933 quod
2975 2852 3070 2913 vis
3106 2851 3494 2913 intellectiva

1999 2951 2379 3014 informatur
2442 2948 2685 3024 habitu,
2746 2950 2983 3032 duplex
3044 2957 3221 3011 actus
3282 2949 3362 3011 ab
3420 2968 3494 3011 ea

378 3053 644 3124 inserta,
695 3058 759 3111 et
817 3050 983 3111 Deus
1033 3049 1114 3110 sit
1173 3067 1364 3131 supra
1413 3066 1599 3110 omne
1659 3067 1772 3109 ens
1821 3056 1884 3109 et
1922 3056 1965 3118 C
1997 3050 2318 3132 egreditur
2354 3068 2366 3111 :
2402 3050 2551 3133 quia
2592 3058 2661 3111 ut
2696 3049 3075 3111 informatur
3114 3048 3333 3109 habitu
3366 3048 3491 3130 pri-

376 3169 576 3232 supra
624 3167 882 3212 omnem
929 3148 1347 3222 intellectum,
1382 3147 1672 3229 sequitur
1714 3149 1883 3228 quod

377 3251 463 3312 sit
496 3267 696 3330 supra
724 3265 980 3310 omnem
1016 3255 1329 3321 naturam,
1364 3247 1789 3327 cognitionem
1823 3253 1885 3307 et

379 3348 892 3411 nominationem
929 3365 943 3407 :
978 3345 1129 3428 quia
1176 3345 1239 3408 in
1284 3345 1388 3407 via
1437 3346 1556 3407 hac
1605 3364 1732 3408 non
1783 3363 1884 3407 co-

377 3447 756 3528 gnoscimus
796 3464 946 3507 eum
988 3445 1340 3506 secundum
1387 3463 1476 3518 se,
1511 3444 1619 3506 sed
1665 3462 1887 3505 secun-

377 3549 538 3610 dum
582 3563 731 3608 suos
771 3543 1067 3617 effectus,
1100 3563 1135 3606 a
1176 3543 1410 3626 quibus
1451 3551 1514 3604 et
1553 3562 1701 3604 eum
1745 3561 1885 3624 pos-

379 3663 612 3707 sumus
663 3642 1012 3705 nominare.
1050 3640 1114 3704 Si
1159 3659 1310 3704 vero
1358 3659 1589 3703 nomen
1640 3641 1888 3703 dicatur

379 3764 418 3805 a
449 3743 912 3826 qualicumque
953 3740 1412 3813 notificatione,
1446 3740 1538 3802 sic
1579 3741 1744 3802 Deus
1781 3758 1888 3802 no-

381 3840 717 3904 minabilis
759 3848 876 3912 est,
912 3839 1078 3900 sicut
1117 3839 1248 3920 jam
1294 3839 1516 3920 patuit.
1553 3838 1886 3919 Quumque

380 3941 603 4003 nullus
633 3938 744 4001 Dei
787 3937 1062 3999 effectus
1103 3937 1186 3998 sit
1225 3936 1458 3999 divinae
1491 3936 1793 3998 bonitatis
1825 3945 1887 3998 et

381 4036 802 4122 perfectionis
835 4035 1098 4097 omnino
1127 4053 1375 4115 experS,
1400 4034 1666 4116 ipsaque
1698 4054 1886 4096 causa

381 4137 756 4199 nominetur
795 4131 1298 4215 perfectionibus
1336 4131 1710 4204 effectuum,
1744 4151 1884 4213 quae

2001 3167 2250 3212 morum
2310 3149 2795 3232 principiorum,
2848 3149 2959 3230 qui
3019 3148 3251 3209 dicitur
3310 3147 3490 3209 intel-

2001 3249 2223 3320 lectuS,
2279 3247 2563 3328 procedit
2620 3247 2700 3308 ab
2759 3265 2832 3307 ea
2891 3246 3165 3326 cognitio
3224 3245 3489 3306 intuitus

1997 3347 2333 3427 simpliciS,
2369 3346 2479 3428 qui
2511 3365 2547 3406 a
2577 3345 2874 3427 Dionysio
2904 3345 3119 3406 divino
3152 3352 3353 3406 tactus
3383 3361 3489 3406 vo-

1998 3455 2227 3524 catur3
2290 3446 2398 3506 sed
2458 3445 2524 3506 in
2581 3452 2890 3526 quantum
2950 3444 3045 3504 vis
3104 3443 3487 3505 intellectiva

2000 3543 2378 3605 informatur
2421 3542 2641 3604 habitu
2687 3541 3191 3615 conclusionum,
3235 3541 3343 3622 qui
3383 3559 3491 3603 no-

2001 3643 2280 3705 minatur
2312 3640 2598 3713 scientia,
2633 3641 2724 3702 sic
2754 3639 2834 3701 ab
2866 3658 2939 3700 ea
2972 3639 3257 3720 procedit
3287 3639 3488 3700 consi-

2001 3741 2241 3803 deratio
2274 3739 2637 3801 scientialis.
2674 3739 3007 3818 Quumque
3049 3737 3225 3798 nulla
3261 3737 3486 3798 harum

2001 3837 2436 3916 cognitionum
2468 3836 2633 3896 Deus
2666 3841 2981 3906 noscatur,
3018 3841 3185 3894 recte
3219 3833 3486 3894 innomi—

2002 3934 2232 3996 nabilis
2266 3934 2485 3996 fertur.
2512 3933 2686 3996 Unde
2712 3933 2777 3994 B.
2807 3932 3141 4014 Dionysius
3172 3931 3257 3993 ait
3283 3950 3296 3992 :
3323 3931 3487 3993 Deus

2003 4030 2667 4114 incomprehensibilis
2725 4037 2841 4104 est,
2895 4038 2957 4091 et
3012 4030 3152 4110 ejus
3208 4047 3333 4091 non
3392 4037 3488 4092 est

2001 4150 2246 4204 sensus,
2292 4149 2408 4192 nec
2454 4129 2804 4210 phantasia,
2848 4147 3053 4210 neque
3096 4129 3333 4210 opinio,
3371 4147 3487 4190 nec

385 4234 816 4316 perfectiones
869 4229 1289 4313 principalius
1339 4237 1488 4291 sunt
1537 4230 1602 4290 in
1652 4249 1882 4308 causa3
1920 4234 1970 4296 D
2001 4247 2231 4303 serm0‚
2265 4247 2382 4290 nec
2412 4236 2639 4302 ·tactus,
2675 4245 2879 4309 neque
2912 4227 3192 4289 scientia.
3227 4227 3483 4289 Verum-

385 4334 539 4396 hinc
571 4333 737 4394 Deus
767 4338 866 4392 est
904 4328 1517 4403 omninominabilis,
1552 4328 1614 4389 id
1656 4336 1751 4390 est
1785 4329 1888 4390 de-

384 4429 724 4512 signabilis
773 4427 1144 4490 nominibus
1195 4434 1570 4489 cunctorum
1625 4445 1885 4489 suorum

381 4528 764 4600 effectuum,
798 4527 901 4588 vel
947 4525 1224 4607 proprie,
1257 4525 1359 4588 vel
1397 4525 1882 4606 transumptive.

383 4628 532 4690 Haec
574 4625 925 4688 Udalricus.

465 4723 764 4806 Amplius
803 4721 1031 4784 scribit
1058 4721 1342 4802 AEgidius
1382 4721 1486 4782 hic
1523 4738 1536 4782 ε
1571 4721 1743 4782 Hanc
1779 4721 1888 4783 du-

383 4823 787 4894 bitationem,
807 4840 888 4882 an
919 4821 1086 4882 Deus
1116 4819 1198 4881 sit
1228 4819 1657 4892 nominabiliS,
1679 4820 1735 4882 S.
1755 4820 1889 4882 Dio-

385 4923 612 5004 nysius
648 4920 857 5002 primo
899 4917 1181 5000 capitulo
1213 4919 1292 4978 de
1333 4917 1577 4980 Divinis
1620 4918 1890 4981 nomini-

383 5019 510 5081 bus
543 5025 849 5091 movet,et
881 5016 1106 5098 probat
1137 5016 1335 5078 Deum
1371 5016 1887 5078 innominabilem

383 5136 550 5191 esse,
585 5115 891 5198 quoniam
925 5114 1102 5176 nulla
1131 5114 1488 5195 cognitione
1523 5133 1671 5176 eum
1703 5115 1892 5180 attin-.

389 5235 542 5296 gere
575 5233 934 5296 possumus.
971 5213 1049 5274 Et
1076 5219 1148 5273 ut
1175 5212 1498 5274 valeamus
1538 5213 1889 5294 intelligere

397 5315 468 5376 B.
518 5313 800 5396 Dionysii
853 5317 1159 5385 mentem,
1211 5311 1558 5373 notandum
1609 5311 1776 5392 quod
1825 5313 1892 5374 in

2001 4335 2214 4389 tamen
2266 4327 2431 4388 sicut
2476 4326 2538 4387 in
2592 4326 2753 4388 libro
2803 4326 2911 4387 illo
2958 4345 3221 4406 magnus
3266 4326 3491 4408 Diony-

2001 4426 2132 4488 sius
2165 4425 2374 4498 tradit,
2409 4425 2574 4486 Deus
2614 4443 2691 4486 ex
2728 4425 2859 4485 suis
2898 4422 3237 4486 effectibus
3276 4422 3489 4506 aliquo

2004 4525 2190 4586 modo
2236 4522 2680 4603 cognoscibilis
2720 4529 2837 4596 est,
2876 4541 2951 4584 ex
2997 4523 3231 4604 quibus
3275 4530 3339 4583 et
3380 4521 3489 4584 im-

2001 4621 2281 4704 perfecte
2318 4619 2721 4683 nominabilis
2761 4629 2977 4682 exstat.
3015 4621 3157 4683 Haec
3187 4620 3487 4702 AEgidius.

2081 4720 2323 4782 Solutio
2353 4718 2788 4799 object-ionum
2823 4738 2901 4780 ex
2936 4719 3121 4780 dictis
3158 4726 3253 4780 est
3283 4717 3487 4799 plana.

2439 4937 2915 5012 QUAESTIO
2986 4939 3059 5003 II

2126 5113 2386 5176 Ecundo
2436 5112 2761 5194 quaeritur,
2813 5113 2944 5178 An
2992 5113 3312 5193 aliquod
3364 5127 3497 5177 no-

2143 5227 2329 5278 men
2376 5212 2801 5277 conveniat
2846 5211 3008 5277 Deo
3050 5208 3369 5290 proprie
3417 5213 3499 5276 et

2004 5327 2160 5378 non
2205 5307 2705 5376 translative.

3554 3365 3616 3409 Dc
3636 3364 3777 3408 Divin.

3516 3441 3631 3472 nom.
3645 3441 3738 3482 cap.
3750 3441 3777 3469 1.

3561 3949 3741 3994 Ibidem.

3556 4345 3734 4390 Ibidem.
