4359 6250
733 499 936 548 UTRUH
977 497 1390 548 PnAEscutN'rtA
1432 496 1544 546 SEU
1586 495 1992 546 PnovtnENTtA
2037 491 2137 550 Dm
2184 491 2450 545 lMPoNAT
2490 495 2681 545 REBUS
2724 494 3175 544 NEcEsst'rAmn

402 670 684 732 videntia
735 691 750 734 ε

398 767 615 829 omnia
652 770 834 850 quasi
878 769 1234 851 praesentia,
1268 787 1459 851 porro
1496 768 1590 848 (id
1627 776 1722 830 est
1763 784 1903 849 pro-

397 865 533 944 cul)
562 865 736 928 videt
775 866 855 928 ab
891 867 1262 930 aeternitatis
1295 867 1572 948 specula.
1606 867 1900 928 Attamen

399 964 804 1044 praescientia
851 965 979 1027 dici
1031 973 1259 1047 potest,
1315 965 1380 1027 in
1439 972 1750 1046 quantum
1797 983 1898 1026 co-

392 1062 648 1142 gnoscit
687 1062 848 1125 illud
887 1064 1058 1145 quod
1099 1063 1390 1126 futurum
1431 1071 1548 1137 est,
1583 1081 1709 1125 non
1751 1063 1895 1138 sibi,

395 1160 506 1222 sed
551 1160 758 1222 nobis,

475 1257 652 1332 Quod
701 1267 772 1321 ut
821 1259 1054 1322 clarius
1105 1268 1334 1343 pateat,
1383 1261 1750 1322 ostendatur
1797 1277 1900 1321 ex-

393 1358 648 1439 emplis
702 1358 841 1420 Sint
899 1359 1186 1441 quinque
1243 1359 1352 1441 qui
1412 1358 1770 1421 successive
1832 1358 1896 1419 in

395 1457 686 1538 quinque
727 1457 900 1520 horis
935 1458 1219 1539 quinque
1251 1457 1507 1519 videant
1535 1456 1900 1537 contingen-

395 1555 486 1616 tia
534 1554 704 1617 facta
745 1575 759 1619 :
806 1559 1066 1638 pessum
1114 1575 1266 1636 ergo
1305 1557 1539 1630 dicere,
1581 1556 1751 1638 quod
1793 1555 1897 1617 isti

397 1653 688 1735 quinque
717 1654 938 1716 vident
970 1655 1454 1736 praesentialiter
1491 1655 1626 1717 haec
1657 1655 1898 1717 contin-

395 1751 614 1831 gentia
665 1752 1090 1815 succedentia.
1145 1753 1208 1816 Si
1260 1753 1472 1834 itaque
1531 1760 1894 1834 poneretur,

3392 473 3506 542 481

803 671 954 753 quia
1000 688 1126 734 non
1185 670 1368 753 quasi
1427 670 1739 742 futurum,
1790 669 1900 731 sed
1932 669 1985 731 A
2015 669 2092 729 ad
2135 668 2338 750 ipsam
2382 667 2655 731 refertur
2692 669 3044 730 secundum
3094 668 3263 750 quod
3310 675 3407 730 est
3444 667 3509 729 in

2013 786 2152 829 esse
2197 767 2448 829 actuali.
2484 767 2558 828 Et
2598 767 2861 831 omnino
2900 774 2995 830 est
3035 767 3267 841 simile,
3301 765 3353 828 si
3395 784 3511 847 ego

2015 865 2501 946 praesentialiter
2538 866 2791 928 videam
2836 866 3157 928 Socratem
3202 857 3457 926 currere
3492 881 3507 926 ε

2013 964 2183 1044 quod
2235 963 2496 1045 quidem
2547 963 2613 1026 in
2672 983 2739 1026 se
2792 971 2888 1026 est
2935 963 3349 1044 contingens;
3399 963 3508 1024 sed

2013 1062 2283 1124 relatum
2316 1063 2395 1125 ad
2426 1062 2635 1125 visum
2670 1082 2909 1137 meum,
2928 1070 3023 1124 εει
3054 1062 3505 1124 necessarium.

2012 1159 2159 1222 ideo
2199 1160 2365 1223 bona
2404 1168 2500 1224 est
2539 1161 2863 1224 distinctio
2898 1180 3023 1242 qua
3053 1160 3307 1233 dicitur,
3340 1160 3509 1241 quod

2013 1266 2108 1319 est
2138 1259 2567 1321 necessarium
2601 1259 2975 1322 necessitate
3016 1258 3507 1340 consequentiae,

2014 1375 2141 1419 non
2191 1358 2680 1440 consequentis;
2726 1358 2826 1421 vel
2870 1357 3245 1420 necessitate
3295 1357 3509 1420 condi-

2013 1455 2252 1517 tionata
2278 1457 2423 1537 (hac
2454 1457 2699 1519 scilicet
2731 1457 3113 1530 conditione,
3146 1456 3201 1518 si
3231 1465 3327 1519 est
3355 1476 3511 1539 prae·

2015 1554 2298 1635 scitum),
2332 1572 2457 1617 non
2498 1555 2805 1618 absoluta.

2093 1652 2158 1714 Si
2189 1660 2402 1715 autem
2437 1652 2780 1734 objiciatur
2811 1671 2825 1715 :
2859 1654 2927 1715 ln
2959 1653 3134 1716 omni
3175 1673 3326 1717 vera
3363 1673 3509 1718 con-

2013 1751 2324 1826 ditionali,
2376 1753 2429 1814 si
2479 1753 2859 1814 antecedens
2908 1760 3004 1816 est
3049 1754 3505 1828 necessarium,

397 1850 567 1930 quod
631 1850 736 1912 isti
796 1850 1084 1933 quinque
1140 1859 1319 1914 actus
1379 1851 1898 1932 cognoscentium
1935 1845 1982 1908 B
2013 1858 2074 1912 et
2113 1869 2549 1933 consequens3
2594 1853 2703 1914 sed
2746 1853 3125 1914 antecedens
3168 1853 3309 1926 hoc,
3344 1853 3511 1915 scili-

395 1955 609 2009 essent
657 1969 824 2010 unus
871 1957 1073 2024 actuS,
1117 1957 1330 2031 posset
1377 1950 1503 2012 dici
1553 1949 1722 2032 quod
1774 1969 1900 2010 una

395 2046 678 2126 cognitio
727 2055 894 2109 esset
939 2048 1424 2129 praesentialiter
1473 2050 1549 2110 de
1599 2047 1900 2111 omnibus

396 2143 524 2205 illis
563 2143 836 2223 cognitis
875 2145 1275 2208 successivis.
1311 2146 1518 2220 Quum
1555 2165 1704 2228 ergo
1732 2147 1899 2210 Deus

395 2259 526 2304 uno
555 2250 794 2306 aeterno
823 2243 1060 2306 intuitu
1093 2245 1468 2326 temporalia
1495 2245 1726 2318 videat,
1751 2263 1902 2307 cun·

395 2348 498 2402 cta
556 2341 991 2422 contingentia
1051 2342 1117 2403 in
1175 2343 1445 2404 diversis
1505 2343 1900 2424 temporibus

395 2438 782 2502 aeternali'ter
829 2459 904 2502 ac
964 2440 1448 2522 praesentialiter
1495 2441 1718 2516 cernit,
1773 2461 1900 2504 non

397 2545 650 2600 tantum
702 2547 774 2601 ut
819 2539 1120 2602 habentia
1162 2559 1300 2604 esse
1345 2541 1409 2602 in
1456 2561 1571 2604 sua
1612 2542 1836 2604 notitia
1883 2559 1896 2604 :

401 2637 555 2718 quia
584 2655 712 2700 non
745 2638 956 2701 solum
985 2638 1174 2702 scivit
1204 2639 1281 2702 de
1320 2639 1511 2702 rebus
1551 2659 1618 2702 se
1657 2659 1762 2703 eas
1800 2658 1900 2703 co-

400 2753 732 2815 gnoscere,
768 2737 937 2817 quod
967 2745 1064 2798 est
1092 2757 1232 2800 esse
1264 2737 1329 2798 in
1361 2738 1722 2819 cognitione
1752 2755 1899 2816 sua;

401 2833 514 2895 sed
551 2833 634 2894 ab
683 2842 919 2898 aeterno
962 2836 1155 2898 etiam
1198 2836 1354 2897 vidit
1401 2855 1530 2898 uno
1567 2837 1802 2899 intuitu
1839 2843 1903 2898 et

401 2931 650 2993 videbit
678 2931 927 3014 singula
959 2941 1265 3016 tempora,
1283 2942 1346 2996 et
1377 2953 1509 2998 rem
1541 2954 1679 2998 esse
1710 2935 1899 2997 talem

2015 1956 2114 2011 cet
2153 1950 2475 2012 Socratem
2519 1968 2772 2012 currere
2810 1969 2949 2012 esse
2987 1951 3375 2033 praescitum,
3414 1959 3507 2014 est

2011 2048 2300 2112 absolute
2330 2048 2791 2110 necessarium:
2815 2067 2965 2131 ergo
2994 2057 3059 2112 et
3088 2068 3503 2131 consequens,

2011 2146 2168 2209 Nam
2211 2147 2289 2208 ad
2328 2147 2710 2209 antecedens
2754 2147 2875 2210 hoc
2918 2165 3173 2229 semper
3219 2149 3509 2231 sequitur

2012 2261 2430 2325 consequenS‚
2464 2253 2527 2306 et
2556 2244 2635 2306 ad
2665 2245 3093 2306 necessarium
3125 2263 3380 2326 semper
3416 2265 3509 2308 se-

2011 2343 2234 2424 quitur
2272 2343 2722 2417 necessarium,
2761 2351 2822 2405 et
2860 2361 3190 2426 nunquam
3235 2344 3359 2406 nisi
3404 2363 3509 2406 ne-

2011 2441 2383 2514 cessarium,
2426 2441 2593 2502 sicut
2639 2441 2715 2503 ad
2764 2460 2987 2503 verum
3038 2460 3364 2524 nunquam
3412 2461 3507 2504 se·

2010 2540 2232 2621 quitur
2288 2539 2542 2602 falsum.
2606 2539 2726 2601 Sed
2784 2539 2977 2619 hujus
3036 2539 3502 2614 conditionaliS,

2012 2637 2297 2701 Socrates
2347 2646 2557 2700 curret
2613 2639 2667 2700 si
2714 2645 2810 2700 εει
2858 2639 3223 2720 praescitum
3270 2657 3307 2700 a
3353 2640 3502 2713 Deo,

2011 2737 2391 2799 antecedens
2431 2744 2527 2798 est
2563 2737 2990 2799 necessarium
3024 2736 3333 2812 absolute,
3366 2745 3505 2798 tum

2015 2835 2164 2916 quia
2212 2854 2400 2898 omne
2451 2835 2843 2917 praeteritum
2901 2844 2997 2897 est
3049 2836 3501 2910 necessarium,

2012 2941 2148 2995 tum
2180 2934 2331 3015 quia
2359 2952 2549 2996 omne
2578 2941 2885 2997 aeternum
2918 2941 3013 2996 est
3042 2933 3504 2998 necessarium:

402 3029 470 3091 in
502 3031 624 3092 hoc
657 3039 964 3112 tempore,
997 3040 1060 3094 et
1101 3032 1166 3094 in
1207 3039 1492 3115 tempore
1533 3033 1642 3097 illo
1671 3032 1901 3096 defice·
1938 3039 1981 3101 C
2012 3051 2162 3113 ergo
2204 3032 2471 3096 scientia
2513 3033 2624 3095 Dei
2668 3041 2763 3095 εει
2805 3034 2882 3095 de
2928 3033 3323 3096 necessariis.

401 3148 491 3191 re.
533 3130 664 3191 Nec
715 3137 960 3192 tantum
997 3130 1172 3193 videt
1218 3132 1382 3194 hanc
1432 3151 1566 3195 rem
1608 3140 1900 3215 respectu

400 3228 823 3309 praecedentis
865 3230 1172 3311 temporis
1211 3249 1350 3293 esse
1381 3230 1684 3305 futuram,
1717 3240 1782 3293 et
1810 3251 1904 3293 re-

399 3334 628 3408 spectu
673 3326 874 3389 futuri
917 3328 1346 3409 praeteritam3
1387 3330 1497 3392 sed
1537 3330 1709 3393 videt
1749 3338 1903 3392 tem-

401 3445 528 3507 pus
559 3425 729 3487 istud
771 3425 834 3487 in
874 3444 1002 3508 quo
1039 3434 1135 3488 est
1172 3446 1472 3509 praesenS,
1505 3435 1570 3491 et
1599 3447 1732 3491 rem
1763 3446 1901 3491 esse

401 3532 786 3605 praesentem
827 3524 892 3586 in
936 3531 1224 3607 tempore
1269 3526 1391 3590 isto
1433 3546 1448 3590 ε
1492 3528 1660 3609 quod
1700 3527 1766 3589 in
1808 3527 1902 3589 in-

397 3622 666 3685 tellectu
709 3630 925 3686 nostro
963 3642 1090 3686 non
1129 3633 1336 3706 potest
1373 3626 1681 3699 accidere,
1715 3625 1902 3705 cujus

395 3729 586 3783 actus
643 3729 740 3784 est
799 3722 1198 3785 successivus
1247 3725 1600 3786 secundum
1655 3724 1904 3788 diversa

394 3828 714 3901 tempora.
759 3820 989 3902 Sicque
1028 3828 1202 3903 patet
1239 3821 1331 3883 nil
1370 3823 1709 3905 prohibere
1745 3824 1904 3904 quin

393 3918 573 3981 Deus
619 3918 849 3981 habeat
907 3927 1146 3981 certam
1194 3919 1484 3981 notitiam
1535 3921 1904 4001 contingen—

389 4016 568 4077 tium
600 4017 679 4079 ad
711 4024 1076 4099 utrumque,
1111 4036 1312 4099 quum
1342 4017 1598 4080 divinus
1633 4018 1903 4081 intuitus

391 4115 480 4177 ad
515 4132 650 4176 rem
680 4116 1158 4197 contingentem
1199 4115 1510 4178 referatur
1549 4117 1901 4179 secundum

2092 3132 2187 3194 Ad
2229 3132 2350 3196 hoc
2392 3132 2835 3214 multipliciter
2877 3133 3313 3215 respondetur.
3361 3132 3506 3207 Qui-

2012 3230 2155 3293 dam
2208 3230 2379 3292 enim
2428 3232 2671 3305 dicunt,
2718 3231 2887 3313 quod
2936 3231 3057 3294 hoc
3100 3232 3500 3306 antecedens,

2011 3329 2311 3391 videlicet
2345 3329 2467 3392 hoc
2516 3348 2653 3392 esse
2704 3330 3068 3411 praescitum
3107 3349 3144 3392 a
3182 3332 3330 3405 Dee,
3378 3348 3504 3394 non

2012 3436 2106 3489 est
2136 3428 2587 3491 necessarium.
2624 3429 2701 3489 Et
2738 3428 2791 3491 si
2826 3428 3168 3508 objiciatur
3203 3430 3372 3511 quod
3412 3437 3509 3492 εει

2013 3526 2257 3587 dictum
2306 3527 2384 3588 de
2433 3526 2773 3608 praeterito,
2823 3544 2973 3607 ergo
3025 3534 3121 3588 est
3168 3527 3510 3589 necessari-

2015 3641 2164 3703 um;
2214 3624 2457 3697 dicunt,
2511 3625 2680 3706 quod
2728 3624 2848 3686 hoc
2895 3623 3087 3686 habet
3140 3624 3509 3686 instantiam

2014 3723 2090 3784 de
2150 3723 2685 3804 praeteritisquae
2744 3723 2967 3784 dicunt
3019 3730 3379 3805 respectum
3430 3723 3509 3784 ad

2015 3819 2325 3882 futurum.
2379 3820 2554 3883 Unde
2603 3839 2801 3901 quum
2855 3820 3090 3882 dicitur
3140 3820 3260 3882 hoc
3309 3819 3509 3882 fuisse

2013 3917 2329 3991 futurum,
2363 3918 2656 4002 quamvis
2699 3918 2943 3981 dictum
2984 3918 3066 3981 sit
3109 3920 3187 3981 de
3232 3919 3511 4000 proeteri-

2014 4022 2099 4091 to,
2135 4022 2347 4078 tamen
2379 4016 2529 4098 quia
2566 4016 2877 4098 dependet
2910 4036 2947 4078 a
2976 4016 3213 4091 futuro,
3248 4034 3375 4080 non
3412 4023 3511 4078 est

2013 4115 2445 4177 necessarium
2490 4131 2503 4176 :
2552 4114 2701 4195 quia
2738 4115 2910 4196 quod
2958 4114 3081 4176 suit
3128 4114 3509 4198 quandoque

393 4214 528 4275 hoc
559 4214 728 4294 quod
762 4214 1246 4295 praesentialiter
1276 4214 1342 4276 in
1374 4222 1518 4276 actu
1557 4223 1674 4290 est,
1709 4234 1904 4297 quan·
1933 4217 1983 4279 D
2013 4210 2326 4287 futurum,
2377 4220 2585 4295 potest
2632 4231 2759 4276 non
2805 4230 2945 4275 esse
2995 4211 3305 4288 futurum,
3359 4214 3510 4295 quia

393 4311 487 4373 do
513 4310 646 4391 jam
679 4311 1096 4374 determinata
1125 4320 1222 4375 est
1247 4312 1902 4395 certitudinaliterque

395 4410 703 4489 cognosci
745 4417 970 4491 potest.
1003 4445 1084 4455 —
1117 4411 1332 4492 Itaque
1370 4410 1588 4473 divina
1625 4412 1902 4493 cognitio

391 4507 634 4568 transit
662 4526 856 4589 super
885 4508 1280 4589 contingenS,
1303 4508 1496 4570 etiam
1527 4508 1580 4571 si
1611 4508 1902 4571 futurum

393 4605 492 4667 sit
533 4605 740 4679 nobiS,
774 4606 939 4667 sicut
981 4606 1203 4669 transit
1243 4606 1420 4669 visus
1460 4613 1674 4670 noster
1712 4627 1904 4690 super

395 4704 624 4785 ipsum
654 4703 806 4765 dum
836 4712 932 4765 est
970 4704 1109 4786 ipso
1139 4712 1457 4767 cernente.
1493 4705 1569 4767 Et
1598 4706 1900 4787 quoniam

391 4818 548 4863 esse
578 4802 747 4882 quod
775 4809 893 4876 est,
927 4803 1182 4884 quando
1211 4810 1327 4876 est,
1353 4821 1612 4866 necesse
1641 4812 1737 4867 εει
1765 4822 1903 4866 εεεε

388 4900 523 4982 (ita
563 4900 730 4980 quod
780 4908 1054 4984 nequeat
1091 4900 1284 4962 simul
1325 4909 1389 4962 et
1427 4902 1625 4964 semel
1664 4921 1801 4965 esse
1841 4910 1905 4964 et

391 5016 534 5062 non
586 5000 772 5079 esse),
816 5000 985 5082 quod
1036 5006 1248 5061 tamen
1297 5000 1584 5063 absolute
1634 5019 1760 5064 non
1809 5009 1904 5063 est

389 5098 838 5161 necessarium
865 5116 882 5177 ;
921 5098 1063 5161 ideo
1091 5098 1328 5161 dicitur
1357 5099 1528 5181 quod
1559 5100 1626 5161 in
1658 5118 1726 5161 se
1757 5118 1904 5162 con-

388 5196 775 5272 sideratum,
807 5206 904 5259 est
943 5197 1340 5278 contingenS,
1374 5197 1483 5259 sed
1527 5198 1792 5260 relatum
1824 5199 1903 5261 ad

387 5295 516 5360 Dei
561 5294 1013 5375 cognitionem,
1065 5302 1162 5357 est
1205 5295 1634 5357 necessarium
1687 5312 1700 5357 :
1754 5296 1904 5377 quia

650 5426 717 5481 Τ.
753 5427 834 5481 20.

2013 4309 2267 4373 futurus
2310 4311 2454 4392 quis
2495 4311 2811 4386 incedere,
2847 4329 2973 4373 non
3015 4311 3285 4386 incedet,
3321 4320 3391 4374 ut
3420 4314 3511 4375 di-

2013 4409 2179 4470 citur
2208 4409 2489 4471 secundo
2529 4410 2605 4471 de
2645 4410 3079 4475 Generatione.
3113 4411 3347 4473 Verum
3392 4410 3511 4473 ista

2013 4507 2315 4569 instantia
2369 4508 2547 4570 nulla
2600 4516 2713 4570 est.
2766 4508 2923 4571 Nam
2987 4509 3279 4590 quamvis
3339 4510 3510 4591 quod

2013 4605 2137 4668 ruit
2167 4604 2479 4681 futurum,
2514 4607 2715 4689 possit
2744 4625 2869 4669 non
2902 4626 3040 4670 esse
3071 4607 3360 4670 futurum
3395 4608 3512 4669 im·

2013 4704 2247 4787 peditis
2296 4705 2504 4767 causis
2553 4724 2695 4787 quae
2742 4712 2921 4768 erant
2958 4705 3393 4768 determinatae
3431 4706 3509 4768 ad

2013 4802 2320 4865 effectum
2373 4812 2439 4865 ut
2490 4804 2555 4865 in
2604 4804 2830 4885 maj0ri
2876 4812 3073 4886 parte,
3124 4821 3249 4865 non
3293 4812 3509 4866 tamen

2016 4908 2222 4983 potest
2252 4920 2379 4964 non
2410 4900 2611 4963 fuisse
2640 4901 2929 4963 futurum
2960 4918 2973 4962 :
3008 4900 3311 4984 quoniam
3349 4920 3511 4963 sem-

2015 5019 2130 5082 per
2159 5000 2282 5063 erit
2304 5018 2528 5062 verum
2560 5000 2794 5073 dicere,
2818 4999 2945 5062 Hoc
2976 5000 3356 5081 quandoque
3387 4999 3511 5062 suit

2015 5098 2325 5161 futurum.
2353 5097 2661 5161 Similiter
2684 5114 2811 5160 non
2842 5103 2937 5159 est
2964 5097 3043 5159 ad
3073 5098 3504 5180 propositum:

2016 5196 2168 5280 quia
2198 5216 2397 5277 quum
2427 5194 2664 5257 dicitur
2689 5194 3076 5277 praescitum,
3102 5213 3228 5258 non
3260 5202 3507 5258 tantum

2019 5296 2396 5377 importatur
2453 5293 2607 5356 ordo
2664 5294 2742 5354 ad
2789 5291 3101 5369 futurum,
3152 5294 3261 5355 sed
3310 5294 3503 5357 etiam

3184 5427 3243 5479 31
