4359 6250
904 491 1024 557 250
1518 516 1579 561 m
1621 517 1843 562 Lunum
1886 517 1906 562 1
1949 515 2430 562 snm-emmanu.
2476 533 2558 544 -
2599 517 2750 562 msr.
2797 517 3006 578 xxv113
3051 517 3275 572 QnAEs'r.
3322 517 3390 563 111

901 683 1179 765 clepium
1215 703 1228 746 :
1264 686 1658 767 Cognoscens
1690 705 1903 748 rerum
1934 693 2189 748 naturas
2222 686 2398 748 invo-
2428 686 2479 748 A
2510 687 2622 760 xit,
2657 694 2720 748 et
2762 686 2928 748 facta
2977 696 3144 762 sunt,
3181 688 3244 749 id
3286 695 3402 760 est,
3434 687 3653 769 genuit
3691 687 3998 758 Verbum,

900 789 1019 853 cet,
1071 784 1307 858 adoret,
1362 786 1675 849 collaudet
1734 795 1935 848 artem
1987 796 2394 867 mentemque

898 881 1199 944 divinam.
1271 884 1345 944 Et
1406 885 1658 947 videtur
1720 886 2067 948 Richardus
2133 886 2390 958 sentire,

897 980 1065 1059 quod
1118 1000 1230 1061 per
1277 990 1477 1044 artem
1532 983 1840 1045 intellexit
1890 984 2168 1045 Verbum
2221 992 2394 1046 mter—

896 1098 1075 1139 num.
1110 1077 1211 1141 Sic
1244 1081 1541 1162 equidem
1577 1083 1661 1142 ait
1689 1100 1702 1142 :
1730 1083 1913 1144 Forte
1942 1081 2391 1162 Trismegistus

897 1179 959 1240 in
1014 1179 1195 1241 libris
1245 1181 1696 1262 Prophetarum
1745 1182 1985 1263 aliquid
2034 1183 2270 1264 reperit
2314 1183 2392 1244 de

894 1278 1293 1340 emanatione
1342 1298 1778 1360 personarum,
1812 1280 1912 1341 vel
1960 1279 2083 1341 fuit
2130 1281 2391 1342 edoctus

893 1375 972 1436 ab
1022 1376 1257 1457 aliquo,
1292 1378 1392 1438 vel
1438 1376 1648 1439 forsan
1694 1378 1859 1440 Deus
1910 1378 2032 1439 sibi
2086 1378 2393 1440 revelavit

896 1492 1009 1553 per
1055 1475 1333 1556 aliquam
1379 1477 1643 1556 gratiam
1689 1476 1883 1557 gratis
1928 1477 2137 1538 datam
2174 1494 2189 1537 z
2225 1477 2390 1539 Deus

894 1571 1065 1632 enim
1097 1573 1309 1654 aliqua
1350 1573 1777 1636 manifestavit
1819 1574 2217 1655 philosophis
2249 1595 2390 1657 quae

896 1669 961 1730 in
996 1670 1235 1732 lumine
1276 1690 1433 1752 pure
1473 1672 1741 1734 naturali
1788 1672 2073 1734 invenire
2113 1691 2240 1734 non
2284 1690 2390 1754 po-

615 1783 863 1834 Rom.1,19‚
898 1767 1184 1839 tuissent,
1241 1778 1305 1831 ut
1356 1769 1607 1831 videtur
1652 1770 1727 1832 ad
1781 1771 2093 1832 Romanos
2152 1771 2388 1832 sentire

892 1865 1248 1946 Apostolus,
1312 1868 1453 1929 Haec
1511 1869 1879 1931 RicharduS.
1931 1905 2011 1913 —
2057 1869 2386 1930 Verumta-
2423 1868 2470 1930 B
2501 1868 2583 1929 sit
2628 1869 2858 1937 simile,
2893 1869 3057 1931 sicut
3087 1877 3148 1930 et
3180 1877 3468 1931 nostrum
3499 1869 3766 1932 verbum
3801 1869 4004 1931 mani-

599 1847 667 1888 20.

894 1984 1038 2026 men
1086 1965 1362 2027 breviter
1404 1966 1530 2028 dici
1573 1975 1803 2047 posset,
1838 1968 2006 2048 quod
2049 1967 2386 2046 Trismegi-

890 2071 1023 2125 stus
1082 2083 1195 2145 per
1241 2072 1443 2126 artem
1491 2066 1601 2128 Dei
1664 2066 1978 2127 intellexit
2035 2065 2382 2147 practicam

886 2163 1025 2243 ejus
1070 2163 1402 2225 scientiam
1448 2183 1557 2225 seu
1608 2164 2091 2244 dispositionem
2143 2164 2385 2227 fiendo-

885 2281 1025 2322 rum
1054 2262 1543 2324 fontalem.Nam
1575 2262 1831 2345 quidam
1861 2264 2224 2345 philosophi
2257 2281 2380 2325 non

886 2367 1190 2441 ponentes
1248 2361 1311 2421 in
1363 2362 1491 2423 Deo
1547 2362 2013 2423 emanationem
2062 2363 2139 2423 ad
2194 2362 2379 2428 intra.

885 2467 1231 2539 posuerunt
1270 2468 1470 2521 artem
1505 2461 1570 2521 in
1610 2479 1706 2535 eo,
1741 2461 2025 2522 dicentes
2061 2461 2231 2541 quod
2262 2460 2382 2522 sic-

884 2565 951 2619 ut
994 2577 1094 2619 ars
1140 2559 1419 2620 humana
1464 2559 1749 2620 imitatur
1793 2566 2106 2633 naturam,
2142 2558 2230 2619 ita
2280 2578 2384 2620 na·

885 2663 1027 2716 tura
1071 2657 1357 2718 imitatur
1398 2665 1598 2719 artem
1641 2658 2004 2720 increatam.

947 2756 1212 2837 Insuper
1242 2755 1473 2836 positio
1503 2757 1757 2818 Thomae
1787 2755 1853 2816 in
1886 2755 2133 2836 Scripto
2168 2774 2384 2818 conso-

880 2860 988 2914 nat
1018 2853 1205 2914 dictis
1235 2853 1497 2928 Alberti,
1533 2854 1643 2934 qui
1684 2853 1908 2914 scribit
1941 2854 2047 2915 hic
2081 2870 2094 2913 τ
2129 2853 2380 2916 Judicio

882 2970 1045 3024 meo,
1084 2954 1301 3011 dicere.
1342 2959 1435 3013 est
1480 2952 1879 3032 aequivocum
1924 2952 1999 3012 ad
2047 2952 2376 3033 personale

2507 784 2572 845 in
2618 802 2745 866 quo
2787 792 2965 846 erant
3008 794 3077 847 ut
3120 786 3368 848 fierent.
3415 786 3560 848 Haec
3599 785 3914 847 AlbertuS.

2586 884 2700 956 Qui
2745 891 2804 945 et
2850 885 3114 946 verbum
3162 884 3444 947 Anselmi
3495 901 3864 965 exponens:
3899 885 4008 946 Se·

2506 982 2786 1043 cundum
2837 982 3254 1044 intent-ionem
3293 982 3561 1064 (inquit)
3603 982 4004 1048 Sanctorum,

2503 1079 2714 1142 dicere
2755 1081 2887 1154 Dei,
2922 1089 3018 1142 est
3057 1083 3135 1143 ad
3176 1081 3666 1142 similitudinem
3704 1080 4008 1142 dict-ionis

2506 1178 2848 1254 interioriS,
2873 1189 2935 1242 et
2965 1188 3060 1242 est
3091 1181 3424 1261 cogitando
3455 1199 3522 1241 se
3553 1180 3806 1242 intueri.
3841 1181 4012 1241 Atta-

2506 1297 2652 1340 men
2687 1278 2908 1340 differt.
2939 1279 3150 1340 dicere
3180 1279 3259 1340 ab
3295 1279 3648 1359 intelligere
3679 1287 3868 1360 atque
3897 1296 4006 1340 co-

2503 1395 2826 1457 gnoscere.
2856 1377 3213 1458 Intelligere
3245 1378 3418 1439 enim
3451 1396 3539 1451 se,
3569 1395 3695 1439 non
3727 1377 3882 1438 dicit
3909 1379 4008 1438 ni-

2503 1476 2557 1537 si
2601 1475 3084 1538 conversionem
3127 1476 3488 1538 intellectus
3529 1494 3720 1556 super
3749 1493 3854 1554 se;
3885 1477 4000 1537 sed

2505 1591 2882 1654 cognoscere
2928 1594 3016 1648 se,
3063 1583 3158 1636 est
3201 1575 3628 1655 cognitionem
3681 1574 3777 1635 sui
3825 1576 4000 1655 apud

2503 1691 2570 1734 se
2608 1672 2884 1751 hahere;
2927 1673 3137 1735 dicere
3178 1691 3329 1735 vero
3368 1692 3456 1745 se,
3501 1681 3597 1734 est
3637 1671 4002 1734 manifesta—

2503 1789 2568 1831 re
2598 1789 2665 1832 se
2697 1790 2810 1851 per
2837 1771 3078 1852 aliquid
3110 1791 3146 1833 a
3185 1790 3252 1832 se
3293 1772 3640 1853 procedens
3670 1771 3842 1852 quod
3875 1771 3998 1833 sihi

2500 1967 2687 2027 festat
2727 1975 3016 2029 nostrum
3057 1976 3457 2049 conceptum.
3493 1969 3634 2031 Haec
3673 1968 3998 2030 Alhertus.

2577 2065 2870 2146 Amplius
2921 2066 3358 2128 Bonaventura
3410 2066 3516 2127 hic
3579 2067 3800 2128 recitat
3849 2067 4006 2128 alio-

2497 2182 2639 2224 rum
2671 2163 3026 2244 opinioneS,
3051 2172 3109 2225 et
3143 2163 3438 2245 reprobat
3468 2165 3796 2245 quasdam,
3831 2165 4004 2226 sicut

2499 2268 2560 2323 et
2607 2261 2896 2324 Thomas,
2953 2263 3193 2324 Deinde
3252 2262 3567 2343 improbat
3625 2263 4001 2344 opinionem

2497 2359 2870 2432 dicentium,
2909 2361 3076 2440 quod
3115 2360 3382 2422 verbum
3426 2361 3746 2423 interdum
3785 2381 4006 2424 essen-

2495 2457 2750 2532 tialiter,
2807 2459 3189 2539 quandoque
3246 2459 3665 2540 personaliter
3717 2460 4002 2542 accipia—

2494 2563 2597 2616 tur
2631 2573 2643 2617 :
2681 2556 2830 2637 quia
2881 2565 2949 2618 ut
2999 2558 3107 2630 ait,
3142 2558 3261 2619 hoc
3303 2565 3399 2619 est
3443 2565 3660 2619 contra
3699 2559 4004 2639 Augusti-

2493 2674 2671 2727 num,
2705 2655 3023 2717 dicentem
3063 2657 3231 2737 quod
3263 2656 3530 2718 verbum
3570 2674 3646 2718 eo
3686 2657 3828 2738 ipso
3868 2677 4002 2740 quo

2493 2753 2784 2827 verbum,
2819 2754 3056 2815 dicitur
3085 2755 3160 2816 ad
3193 2754 3500 2832 alterum3
3534 2763 3596 2816 et
3626 2762 3848 2817 contra
3877 2757 4004 2818 An-

2493 2851 2790 2925 selmum,
2835 2853 2944 2934 qui
2995 2853 3105 2926 ait,
3140 2852 3628 2934 Apertissimum
3675 2861 3772 2915 est-
3819 2855 4000 2936 quod

2491 2950 2760 3012 verbum
2793 2969 2919 3012 non
2953 2958 3048 3012 est
3090 2951 3196 3013 ille
3238 2951 3423 3031 cujus
3463 2959 3558 3012 est
3587 2951 3880 3013 verbum.
3915 2989 4002 2998 —

878 3058 938 3112 et
1002 3050 1355 3112 essentiale.
1421 3050 1558 3112 Non
1624 3049 1797 3111 enim
1855 3049 2042 3111 video
2106 3050 2378 3131 qualiter
2416 3047 2459 3110 C
2490 3048 2649 3109 Hinc
2695 3049 3134 3110 Bonaventura
3182 3050 3520 3131 respondet
3563 3067 3577 3111 :
3623 3049 3849 3111 Dicere
3899 3061 4004 3114 est

879 3156 1069 3231 queat
1110 3148 1387 3220 defendi,
1422 3150 1591 3229 quod
1636 3149 1822 3221 Deus,
1857 3166 1983 3210 non
2035 3149 2375 3210 intellectis

880 3248 1168 3328 personis
1213 3247 1447 3308 divinis
1492 3267 1604 3309 seu
1647 3247 2045 3309 emanatione
2090 3248 2167 3308 ad
2214 3247 2378 3308 intra

878 3362 1003 3406 non
1037 3344 1399 3416 exsistente,
1436 3363 1562 3407 non
1604 3345 1802 3426 possit
1833 3364 1899 3406 se
1931 3344 2140 3406 dicere
2181 3363 2375 3425 seque

881 3443 1286 3505 manifestare
1333 3443 1661 3524 perfecte:
1698 3443 1827 3505 imo
1875 3442 2128 3503 videtur
2178 3443 2378 3523 impo-

877 3550 1037 3615 tenS,
1085 3542 1137 3602 si
1187 3560 1314 3603 non
1366 3550 1593 3621 posset.
1650 3540 1768 3601 Sed
1820 3540 1940 3601 hoc
1989 3542 2206 3599 dz'cere
2255 3540 2374 3601 erit

876 3640 1231 3712 essentiale,
1268 3658 1383 3701 nec
1432 3638 1953 3719 correspondebit
1998 3638 2052 3699 ei
2103 3638 2374 3699 verbum

874 3739 1291 3819 personaliter
1337 3738 1416 3799 ab
1469 3738 1607 3819 ipso
1657 3736 2028 3818 procedens.
2083 3772 2165 3781 —
2210 3736 2371 3797 Hinc

873 3838 1010 3900 siue
1058 3837 1431 3918 praejudicio
1480 3836 1645 3909 dico,
1680 3836 1850 3916 quod
1894 3834 2165 3896 verbum
2212 3835 2374 3895 acci-

874 3936 1047 4017 pitur
1096 3935 1299 3997 tribus
1354 3935 1576 3997 modis,
1608 3934 1838 4006 Prim0,
1875 3950 1989 4014 pro
2040 3932 2209 3994 dicto
2259 3952 2370 3995 seu

873 4034 1150 4096 dictione
1211 4033 1655 4095 manifestante
1708 4032 2100 4093 intellectum
2158 4031 2372 4092 dicen-

873 4133 953 4193 tis
1008 4149 1021 4193 :
1076 4131 1294 4213 sicque
1354 4131 1589 4192 dicitur
1640 4129 2019 4209 generaliter
2077 4135 2368 4209 respectu

2491 3146 2660 3207 idem
2712 3148 2880 3227 quod
2933 3147 3127 3228 loqui.
3166 3148 3362 3228 Loqui
3415 3156 3628 3210 autem
3677 3148 4004 3230 contingit

2491 3244 2854 3326 dupliciter,
2909 3246 3149 3307 scilicet
3203 3247 3281 3308 ad
3335 3265 3402 3307 se
3451 3253 3513 3307 et
3561 3247 3640 3309 ad
3689 3246 3998 3309 alterum.

2489 3341 2687 3423 Loqui
2741 3361 2890 3405 vero
2936 3344 3013 3405 ad
3063 3344 3369 3417 se,-nihil
3427 3344 3602 3406 aliud
3651 3352 3746 3406 est
3795 3364 4000 3426 quam

2488 3440 2728 3521 aliquid
2776 3450 2987 3503 mente
3033 3442 3386 3525 concipere.
3431 3442 3603 3504 Mens
3648 3461 3800 3505 vero
3845 3462 4004 3506 con-

2488 3539 2644 3620 cipit
2707 3540 3140 3621 intelligendo,
3201 3550 3264 3603 et
3331 3541 3745 3622 intelligendo
3812 3543 4002 3605 aliud

2487 3638 2768 3719 concipit
2817 3640 3028 3701 simile
3075 3640 3372 3717 alii3'sed
3422 3640 3846 3721 concipiendo
3899 3662 3998 3715 se,

2487 3736 2767 3817 concipit
2824 3737 3035 3799 simile
3085 3739 3231 3800 sibi.
3286 3740 3457 3800 Mens
3517 3756 3666 3819 ergo
3714 3738 4002 3803 dicendo

2485 3853 2573 3907 se,
2625 3836 2792 3915 apud
2845 3854 2911 3897 se
2961 3837 3243 3917 concipit
3289 3837 3558 3899 verbum
3610 3856 3721 3918 per
3769 3840 4002 3901 omnia

2485 3933 2694 3995 simile
2727 3933 2872 4007 sibi,
2907 3942 2969 3996 et
2999 3934 3118 3996 hoc
3151 3942 3243 3995 est
3275 3934 3542 3997 verbum
3576 3944 3994 4016 conceptum.

2483 4030 2623 4093 Alio
2671 4032 2858 4093 modo
2905 4032 3116 4093 dicere
3161 4033 3238 4093 ad
3289 4033 3582 4106 alterum,
3615 4041 3710 4095 est
3759 4052 4001 4097 eonce-

2485 4138 2667 4211 ptum
2729 4132 2960 4193 mentis
3018 4132 3399 4214 exprimere,
3449 4139 3513 4193 et
3569 4133 3720 4194 huic
3769 4133 4002 4197 dicere

874 4230 1339 4311 cujuscumque
1380 4228 1669 4291 dicen'tiS.
1704 4228 2015 4301 Secundo,
2052 4236 2238 4308 prout
2269 4227 2372 4287 ad·
2403 4229 2452 4291 D
2483 4230 2935 4310 correspondet
2983 4229 3250 4292 verbum
3303 4230 3639 4312 prolatum.
3693 4231 3770 4293 Et
3819 4232 3999 4294 sicut

872 4329 964 4391 dit
1004 4347 1197 4410 super
1236 4328 1353 4390 hoc
1394 4326 1865 4408 processionem
1911 4333 1974 4387 et
2020 4324 2374 4387 distinctio-

873 4446 1019 4490 nem
1068 4427 1464 4509 personalem
1509 4444 1545 4485 a
1585 4424 1833 4485 dicente
1868 4440 1881 4483 ε
1916 4430 1978 4484 et
2022 4423 2113 4484 sic
2157 4423 2370 4485 dicere

873 4544 999 4588 non
1042 4525 1339 4588 convenit
1378 4523 1501 4585 nisi
1546 4522 1731 4595 Patri,
1770 4539 1887 4582 nec
1929 4521 2199 4582 verbum
2243 4521 2370 4583 nisi

872 4624 1049 4686 Filio.
1087 4623 1315 4695 Tertio,
1361 4629 1549 4704 prout
1596 4620 1768 4681 addit
1818 4638 2011 4700 super
2057 4619 2192 4682 haec
2245 4620 2370 4682 duo

872 4730 1232 4804 respectum
1282 4721 1358 4782 ad
1410 4728 1727 4780 creaturas
1772 4735 1786 4778 τ
1829 4726 1892 4778 et
1942 4717 2034 4778 sic
2083 4718 2371 4798 designat

872 4839 1193 4903 personaS,
1228 4826 1291 4881 et
1334 4824 1629 4879 connotat
1673 4816 1958 4877 divinam
2004 4816 2364 4877 essentiam.

872 4920 1080 4981 Primo
1132 4918 1317 4979 modo
1375 4933 1771 4997 unaquaeque
1828 4914 2044 4976 divina
2103 4932 2372 4995 persona

810 5002 817 5011 ’
874 5017 1027 5078 dicit
1071 5034 1137 5077 se
1181 5023 1243 5076 et
1288 5012 1636 5095 quamlibet
1684 5012 1967 5073 divinam
2010 5029 2364 5092 personam.

876 5115 1165 5177 Secundo
1199 5114 1384 5175 modo
1416 5112 1588 5173 solus
1626 5112 1805 5172 Pater
1844 5109 2001 5171 dicit
2041 5110 2248 5171 solum
2280 5111 2373 5171 Fi-

879 5214 1055 5275 lium.
1092 5211 1302 5274 Tertio
1334 5212 1521 5272 modo
1551 5211 1715 5271 Deus
1757 5209 1935 5271 Pater
1966 5208 2120 5270 dicit
2150 5226 2372 5271 omnes

594 5324 849 5379 Pe.xxxu‚⁹.
880 5320 1219 5383 creaturas,
1250 5309 1431 5389 juxta
1470 5308 1629 5370 illud
1669 5308 1733 5369 in
1773 5307 2020 5370 Psalmo
2054 5325 2066 5367 :
2101 5308 2242 5389 Ipse
2280 5307 2372 5368 di-

2485 4326 2546 4386 in
2595 4326 2780 4387 nobis
2823 4326 3167 4408 dupliciter
3205 4328 3482 4389 sumitur
3519 4329 3754 4401 dicere,
3790 4330 3885 4391 ita
3931 4332 4003 4393 in

2482 4424 2628 4486 Deo.
2665 4424 2822 4485 Nam
2862 4425 3073 4487 dicere
3115 4426 3226 4487 Dei
3270 4427 3438 4507 apud
3485 4446 3574 4499 se,
3613 4434 3708 4489 est
3755 4428 4007 4490 intelli-

2481 4524 2686 4601 gendo
2719 4524 3054 4606 concipere
3090 4542 3102 4585 ε
3140 4525 3307 4605 quod
3348 4531 3444 4586 est
3475 4544 3776 4605 generare
3811 4527 4007 4590 simi—

2483 4620 2608 4681 lem
2653 4620 2773 4681 sibi
2823 4621 3084 4701 prolem.
3122 4620 3237 4683 Cui
3279 4621 3490 4683 dicere
3531 4626 4006 4704 correspondet

2481 4718 2748 4779 verbum
2796 4726 3036 4789 natum,
3074 4719 3134 4780 id
3180 4727 3275 4781 est
3317 4720 3596 4781 Verbum
3644 4728 3996 4787 aeternum.

2481 4816 2792 4889 Secund0‚
2826 4817 3038 4879 dicere
3069 4817 3204 4891 Dei,
3239 4825 3336 4880 est
3365 4818 3643 4880 exterius
3675 4838 3742 4881 se
3773 4824 4002 4903 expri-

2483 4933 2656 4976 mere
2690 4932 2703 4975 :
2739 4923 2801 4977 et
2851 4916 2944 4977 sic
2993 4916 3205 4978 dicere
3254 4916 3388 4990 Dei,
3431 4925 3529 4978 est
3575 4936 3689 4998 per
3737 4929 4001 4984 creatu-

2481 5032 2614 5075 ram
2665 5032 2732 5075 se
2783 5014 3120 5076 declarare.
3176 5013 3462 5097 Huicque
3511 5015 3722 5079 dicere
3771 5034 4002 5083 corre-

2482 5112 2749 5192 spondet
2806 5112 3073 5173 verhum
3133 5121 3416 5175 creatum
3468 5132 3540 5175 ac
3601 5120 3993 5197 temporale.

2479 5245 2560 5253 —
2603 5210 3089 5273 Concedendum
3140 5218 3235 5273 est
3277 5230 3448 5293 ergo,
3492 5213 3662 5293 quod
3707 5218 3999 5279 verbum

2483 5308 2650 5371 sicut
2677 5315 2741 5372 et
2771 5310 3011 5380 dicere,
3044 5309 3388 5392 dupliciter
3426 5310 3722 5385 sumitur,
3757 5320 4002 5397 utpote
