4359 6250
891 462 1010 527 178

1531 486 1594 531 IN
1637 485 1858 530 LIBRUM
1903 484 1922 529 1
1964 482 2447 530 ΒΕΝΤΕΝΤῘΑΒΌΙ.
2495 500 2576 511 -
2616 482 2768 528 DIST.
2816 482 3003 543 xxlv;
3047 481 3269 537 QUAEST.
3318 480 3363 525 11

891 651 1254 716 invenimus
1312 652 1516 715 divisa
1569 652 1924 715 secundum
1984 650 2162 732 quid,
2226 649 2385 711 dici·
2417 648 2468 710 Α
2498 650 2667 731 quod
2701 657 2909 731 partes
2941 648 3313 731 quantitatis
3344 646 3664 710 continuae
3692 643 4004 726 copulan-

891 768 1034 811 mus
1091 751 1294 813 multa
1346 750 1700 813 secundum
1755 749 1929 831 quid.
1983 747 2226 811 Divisio
2278 767 2385 809 au·

890 855 1020 910 tem
1064 849 1445 932 simpliciter
1490 848 1840 911 attenditur
1879 847 1982 909 vel
2032 846 2385 909 secundum

889 948 1229 1009 essentiam
1283 947 1416 1009 sive
1471 945 1762 1019 formam,
1816 945 1916 1007 vel
1965 944 2387 1026 quantitatem

891 1045 1027 1107 sive
1074 1046 1424 1108 materiam.
1460 1046 1620 1107 Hinc
1661 1064 1734 1107 ea
1773 1063 1914 1125 quae
1953 1041 2267 1105 differunt
2296 1062 2389 1105 se-

891 1144 1171 1205 cundum
1205 1144 1570 1217 essentiam,
1594 1143 1870 1205 dicimus
1901 1160 2038 1204 esse
2071 1141 2293 1214 multa,
2319 1148 2388 1203 ut

890 1240 1215 1303 hominem
1263 1250 1326 1302 et
1370 1242 1661 1319 leonem3
1704 1240 2001 1302 similiter
2044 1239 2202 1300 duas
2248 1258 2386 1320 par-

890 1346 985 1400 tes
1019 1338 1202 1401 lineae
1230 1338 1363 1419 jam
1394 1339 1636 1411 divisae,
1671 1338 1945 1399 dicimus
1979 1337 2176 1399 lineas
2207 1337 2382 1398 duaS.

891 1437 1132 1499 Divisio
1190 1444 1402 1498 autem
1452 1436 1804 1499 secundum
1865 1435 2042 1517 quid,
2093 1443 2189 1497 est
2247 1454 2389 1515 quae

890 1535 1237 1596 attenditur
1267 1535 1618 1597 secundum
1651 1535 1739 1596 rei
1775 1535 2237 1616 proprietatesff
2267 1533 2387 1595 sic-

890 1639 962 1693 ut
1008 1633 1333 1694 hominem
1385 1632 1602 1694 album
1657 1632 1932 1694 dicimus
1989 1631 2188 1693 alium
2236 1650 2273 1692 a
2320 1649 2389 1692 se

890 1730 1091 1810 nigro.
1131 1730 1203 1791 Et
1252 1730 1459 1792 adhuc
1509 1730 1710 1811 magis
1755 1736 1852 1791 est
1893 1730 2124 1792 divisio
2167 1748 2391 1791 secun·

2498 755 2604 810 tur
2650 748 2727 810 ad
2776 748 3122 809 terminum
3182 765 3383 808 unum
3444 761 3875 815 communem,
3930 749 4000 802 ut

2501 846 2684 908 lineae
2737 854 2947 928 partes
2988 846 3066 909 ad
3112 853 3446 927 punctum,
3478 851 3542 904 et
3585 849 3793 925 partes
3842 848 4004 901 tem-

2501 944 2673 1025 poris
2718 945 2796 1006 ad
2838 944 3114 1022 instans3
3148 942 3467 1025 quantitas
3506 958 3659 1003 vero
3700 940 4000 1011 discreta,

2500 1051 2598 1105 est
2626 1044 2812 1124 cujus
2844 1051 3054 1125 partes
3088 1042 3175 1103 ita
3205 1058 3330 1105 non
3364 1040 3746 1123 copulantur
3772 1039 3851 1100 ad
3884 1046 4007 1099 ter·

2504 1142 2751 1204 minum
2786 1160 3215 1204 communem.
3239 1141 3556 1203 Numerus
3584 1155 3736 1219 ergo
3766 1137 4007 1219 impor-

2503 1248 2592 1301 tat
2620 1247 2683 1301 et
2712 1240 3187 1302 distinctionem
3216 1247 3281 1301 et
3310 1237 3792 1320 separationem.
3818 1236 4005 1297 Pater

2502 1357 2653 1401 vero
2683 1347 2747 1401 et
2786 1339 2982 1401 Filius
3022 1347 3085 1399 et
3126 1338 3399 1419 Spiritus
3440 1338 3707 1399 Sanctus
3746 1352 3873 1397 non
3904 1352 4007 1394 se·

2504 1437 2895 1519 parationem
2940 1435 3195 1509 habent,
3240 1436 3349 1497 sed
3394 1432 3891 1505 distinctionem,
3930 1439 4006 1493 ut

2503 1543 2759 1597 sanctus
2798 1536 2886 1597 ait
2916 1534 3287 1597 Ambrosius
3322 1551 3337 1595 :
3372 1532 3611 1594 idcirco
3650 1548 3775 1594 non
3815 1530 4007 1592 diffe-

2504 1640 2651 1694 runt
2682 1650 2949 1695 numero
2980 1632 3381 1714 simpliciter,
3410 1630 3521 1693 sed
3551 1646 3821 1691 numero
3850 1646 4003 1689 cum

2502 1730 2823 1793 additione
2896 1730 3379 1802 determinante,
3444 1736 3664 1809 utpote
3730 1743 4005 1788 numero

890 1827 1043 1889 dum
1075 1828 1229 1909 quid
1273 1829 1337 1889 in
1379 1829 1480 1890 his
1512 1828 1576 1889 in
1616 1828 1852 1909 quibus
1890 1827 2237 1889 attenditur
2268 1827 2390 1888 dis·
2426 1830 2473 1892 B
2505 1846 2939 1910 personarum,
3002 1829 3115 1911 qui
3184 1826 3659 1889 distinctionem
3724 1830 4001 1895 tantum,

891 1925 1115 1988 tinctio
1145 1926 1526 1988 relationum
1560 1926 1843 1998 rationiS,
1879 1944 2004 1987 non
2039 1926 2126 1987 rei
2165 1944 2178 1987 t
2216 1925 2389 1987 velut

890 2023 944 2084 si
977 2032 1252 2105 punctus
1291 2024 1539 2085 dicatur
1579 2022 1936 2105 multiplex,
1972 2024 2037 2085 in
2078 2030 2387 2106 quantum

889 2130 986 2183 est
1030 2122 1426 2184 diversarum
1477 2122 1870 2204 principium
1924 2122 2255 2183 linearum.
2308 2156 2389 2165 —

892 2220 1108 2301 ltaque
1143 2220 1208 2281 in
1239 2219 1474 2282 divinis
1515 2238 1642 2282 non
1671 2227 1768 2281 est
1799 2238 2106 2281 numerus
2144 2219 2391 2301 simpli-

889 2317 1070 2389 citer,
1104 2317 1216 2399 qui
1245 2325 1343 2379 est
1383 2336 1497 2398 per
1525 2317 1906 2381 divisionem
1947 2318 2241 2380 essentiae
2280 2325 2390 2379 aut

889 2415 1282 2496 quantitatis,
1327 2416 1435 2477 sed
1485 2434 1791 2477 numerus
1838 2415 2122 2497 quidam,
2165 2413 2389 2477 videli-

889 2520 989 2575 cet
1018 2532 1324 2575 numerus
1365 2514 1766 2587 relationum,
1801 2531 1927 2575 non
1960 2521 2172 2576 tamen
2206 2514 2391 2575 ratio-

888 2610 1012 2683 nis,
1055 2612 1167 2673 sed
1214 2630 1361 2673 vere
1411 2611 1698 2673 realium.
1742 2611 1973 2692 Sicque
2022 2611 2387 2674 divinarum

888 2728 1195 2771 numerus
1229 2727 1642 2791 personarum
1675 2717 1771 2771 est
1802 2709 2050 2771 medius
2085 2709 2250 2771 inter
2281 2728 2392 2770 nu·

889 2824 1138 2868 merum
1199 2807 1580 2889 simpliciter
1638 2806 1882 2869 dictum
1933 2814 1995 2869 et
2043 2826 2395 2885 numerum⁸

889 2904 1171 2966 rationis.
1208 2904 1273 2967 Si
1301 2912 1516 2966 autem
1558 2921 2003 2986 comparemus
2046 2924 2384 2966 numerum

2504 1945 2629 1990 non
2680 1927 3142 2008 separationem
3194 1925 3513 2007 importat.
3565 1924 3642 1985 Et
3688 1929 4003 2004 quantum

2502 2025 2578 2086 ad
2628 2024 2769 2097 hoc,
2815 2024 3143 2086 veritatem
3190 2022 3453 2085 sortitur
3497 2022 3667 2104 quod
3718 2019 4007 2101 loquitur

2502 2123 2925 2185 Damascenus
2970 2122 3133 2184 libro
3165 2121 3375 2203 primo
3408 2138 3423 2182 ε
3457 2120 3563 2183 11ae
3602 2126 3731 2180 tres
3766 2124 4006 2179 sanctae

2500 2220 2872 2302 hypostases
2917 2218 3229 2281 disserunt
3273 2234 3562 2280 numero.
3597 2216 3787 2278 Porro
3830 2232 4005 2277 eom-

2503 2318 2715 2379 munis
2765 2317 2873 2379 illa
2919 2316 3283 2389 auctoritas,
3336 2317 3763 2396 Quaecumque
3811 2312 4003 2375 diffe-

2500 2423 2649 2476 runt
2680 2434 2767 2489 re,
2787 2414 3099 2477 differunt
3128 2432 3382 2496 genere,
3402 2413 3613 2495 specie
3644 2419 3753 2473 aut
3782 2430 4009 2473 nume-

2500 2531 2757 2587 ro,vera
2785 2521 2883 2575 est
2913 2514 2990 2575 de
3023 2513 3213 2575 rebus
3246 2513 3312 2573 in
3340 2530 3571 2593 genere
3602 2510 4001 2583 substantiae,

2500 2630 2626 2675 non
2672 2612 2749 2674 de
2793 2612 2937 2674 aliis
2981 2612 3517 2693 quibuscumque.
3565 2610 3707 2672 Haec
3753 2607 4001 2672 Petrus,

2581 2710 2929 2773 Concordat
2959 2710 3313 2772 Alexander
3348 2726 3362 2770 :
3397 2708 3467 2769 In
3497 2706 3755 2780 divinis,
3790 2706 4005 2788 inqui-

2498 2826 2634 2881 enS‚
2688 2826 2815 2871 non
2874 2815 2969 2871 est
3026 2826 3332 2869 numerus
3392 2804 3793 2886 simpliciter,
3844 2804 4005 2887 quia

2499 2922 2625 2967 non
2656 2915 2753 2968 est
2785 2906 2873 2967 ibi
2916 2905 3283 2968 differentia
3322 2904 3673 2966 secundum
3707 2902 4005 2964 substan-

890 3019 1305 3083 personarum
1365 3002 1444 3064 ad
1509 3020 1852 3064 numerum
1923 3003 2385 3084 proprietatum
2425 3006 2468 3069 C
2500 3004 2691 3083 tiam;
2725 3005 2833 3067 sed
2874 3012 2970 3066 est
3018 3004 3107 3065 ibi
3152 3011 3220 3064 ut
3264 3020 3590 3075 numerus,
3633 3000 3698 3062 id
3740 3008 3836 3062 est
3878 3020 4003 3061 nu-

887 3097 1320 3161 absolutarum
1373 3118 1516 3181 quae
1575 3106 1724 3161 sunt
1777 3099 1842 3161 in
1903 3100 2232 3173 creaturis,
2283 3100 2388 3162 ha-

890 3197 1043 3259 bent
1085 3216 1153 3259 se
1197 3198 1364 3260 sicut
1405 3198 1774 3260 excedentia
1816 3206 1879 3260 et
1922 3217 2201 3272 excessa,
2235 3199 2387 3280 quia

887 3295 942 3357 si
976 3296 1338 3357 attendatur
1378 3295 1537 3358 ratio
1576 3295 2026 3368 distinctioniS,
2062 3296 2389 3358 invenitur

889 3393 1093 3474 major
1133 3393 1461 3455 distinctio
1499 3393 1566 3455 in
1607 3393 2100 3475 proprietatibus
2139 3394 2388 3457 absolu-

887 3492 969 3553 tis
1018 3499 1473 3565 creaturarum,
1525 3511 1718 3573 quam
1770 3492 1834 3552 in
1888 3491 2124 3554 divinis
2175 3511 2389 3574 perso-

889 3588 990 3652 nis
1032 3607 1046 3651 :
1088 3589 1415 3671 quoniam,
1457 3589 1636 3651 verbi
1686 3590 1908 3670 gratia,
1961 3589 2134 3652 color
2179 3598 2243 3651 et
2292 3609 2387 3652 sa-

891 3705 1008 3770 por
1035 3687 1456 3750 essentialiter
1486 3687 1988 3768 distinguuntur,
2023 3687 2386 3769 habentque

889 3786 1062 3848 aliud
1093 3793 1157 3847 et
1194 3785 1367 3847 aliud
1409 3804 1548 3848 esse
1588 3785 2017 3862 accidentale3
2051 3786 2160 3847 sed
2202 3785 2267 3847 in
2299 3786 2388 3847 di—

891 3883 1060 3946 vinis
1091 3883 1378 3966 personis
1409 3891 1506 3946 est
1548 3903 1748 3945 unum
1780 3891 1842 3945 et
1875 3883 2042 3945 idem
2073 3902 2233 3958 esse,
2270 3903 2388 3947 nec

890 3982 1314 4044 essentialiter
1362 3989 1511 4044 sunt
1560 3981 1894 4044 distinctae.
1932 3981 1994 4044 Si
2047 4000 2197 4045 vero
2245 4001 2390 4045 con-

892 4080 1204 4142 sideretur
1252 4079 1559 4161 perfectio
1607 4079 2075 4155 distinctorum,
2129 4081 2223 4143 sic
2273 4101 2387 4143 nu—

2500 3120 2713 3164 merus
2746 3102 3099 3165 secundum
3133 3100 3310 3183 quid,
3334 3099 3437 3163 vel
3467 3118 3615 3163 cum
3645 3098 3996 3162 additione.

2497 3202 2589 3263 Ad
2642 3201 3125 3280 intelligendum
3172 3217 3324 3262 vero
3380 3217 3495 3264 cur
3540 3199 3600 3260 S.
3654 3197 3999 3280 Dionysius

2497 3299 2666 3361 dicat
2712 3300 2911 3362 Deum
2956 3317 3095 3360 esse
3135 3315 3498 3371 numerum,
3530 3296 3999 3358 advertendum

2497 3398 2667 3478 quod
2698 3397 3050 3459 secundum
3092 3396 3381 3458 Boetium
3423 3394 3587 3458 libro
3616 3394 3693 3456 de
3724 3393 3997 3456 Trinita-

2500 3503 2581 3568 te,
2616 3494 2850 3577 duplex
2880 3501 2978 3556 est
3008 3512 3336 3566 numeruS,
3371 3492 3615 3555 scilicet
3646 3510 4000 3554 numerans

2496 3601 2561 3654 et
2591 3601 2980 3655 numeratus,
3017 3593 3182 3654 Deus
3213 3609 3363 3672 ergo
3393 3609 3521 3654 non
3558 3599 3655 3652 est
3685 3607 4001 3652 numerus

2498 3697 2891 3764 numeratuS,
2934 3691 3045 3752 sed
3090 3709 3395 3751 numerus
3440 3707 3804 3762 numeranS,
3842 3688 4002 3769 quia

2500 3789 2635 3871 ipse
2680 3789 3042 3852 dinumerat
3082 3789 3315 3851 omnia.
3352 3788 3495 3852 Haec
3536 3787 3911 3850 Alexander.

2580 3887 2914 3950 Durandus
2944 3905 3200 3968 quoque
3242 3887 3411 3949 circa
3442 3886 3575 3949 haec
3614 3884 3816 3947 multa
3846 3884 4009 3946 scri-

2501 3985 2616 4061 bit,
2654 3985 2718 4046 in
2752 3985 2987 4068 quibus
3031 3985 3447 4067 praeallegatis
3487 3983 3865 4046 contradicit
3893 3983 4009 4046 do-

2500 4083 2785 4147 ctoribus
2836 4085 2900 4146 in
2944 4083 3293 4156 nonnullis,
3342 4084 3453 4146 sed
3504 4083 3717 4164 inepte
3766 4099 3779 4143 :
3826 4083 4007 4163 quod

894 4198 1108 4242 merus
1149 4197 1561 4261 personarum
1603 4180 1852 4242 excedit
1881 4180 1948 4241 in
1989 4181 2229 4243 ratione
2267 4182 2390 4243 dis·
2419 4185 2468 4246 D
2503 4182 2929 4264 prolixitatem
2976 4183 3205 4256 vitanS,
3249 4199 3377 4244 non
3424 4198 3789 4262 prosequor.

895 4277 1220 4340 tinctionis
1269 4296 1342 4339 ac
1399 4279 1674 4349 numeri,
1727 4279 1878 4359 quia
1936 4278 2273 4342 relat-iones
2324 4280 2387 4342 in

894 4373 1130 4436 divinis
1175 4382 1324 4436 sunt
1367 4373 1785 4437 subsistentes
1820 4392 1834 4437 ε
1871 4375 2108 4439 idcirco
2153 4377 2235 4438 ad
2278 4397 2391 4439 nu-

896 4491 1144 4534 merum
1176 4472 1558 4534 relationum
1589 4472 1880 4553 sequitur
1911 4492 2217 4536 numerus
2249 4493 2387 4556 per-

893 4587 1221 4649 sonarum3
1253 4587 1379 4632 non
1409 4577 1620 4632 autem
1657 4571 1736 4632 ad
1777 4588 2108 4632 numerum
2147 4573 2391 4654 propri-

894 4676 1134 4730 etatum
1167 4669 1233 4730 in
1266 4668 1594 4740 creaturis,
1630 4668 1932 4749 quoniam
1973 4670 2390 4750 proprietates

897 4767 1021 4830 illae
1069 4785 1198 4829 non
1243 4773 1392 4829 sunt
1437 4765 1876 4840 subsistenteS‚
1925 4767 2036 4829 sed
2081 4767 2392 4830 inhaeren-

893 4875 1007 4929 tes,
1056 4866 1200 4930 Haec
1243 4864 1512 4928 Thomas
1556 4865 1621 4926 in
1668 4865 1935 4947 Scripto.

977 4965 1290 5028 Consonat
1338 4963 1580 5038 PetruS,
1628 4963 1705 5025 de
1754 4963 1872 5026 hac
1920 4982 1988 5026 re
2037 4983 2231 5047 supra
2276 4966 2397 5028 dis-

896 5062 1202 5126 tinctione
1248 5061 1666 5124 nonadecima
1709 5061 1975 5144 loquens
2019 5079 2033 5124 :
2076 5063 2392 5126 Numerus

898 5162 1151 5243 proprie
1205 5167 1520 5242 sumptuS,
1573 5168 1670 5222 est
1719 5161 2037 5242 quantitas
2096 5160 2390 5235 discreta,

895 5280 1037 5341 quae
1079 5261 1142 5322 in
1183 5261 1301 5321 hoc
1342 5259 1562 5321 differt
1599 5278 1637 5321 a
1674 5260 2024 5341 quantitate
2066 5260 2390 5336 continua,

2582 4281 2701 4342 Sed
2761 4289 2824 4342 et
2882 4281 3178 4343 dominus
3232 4279 3769 4342 Antisiodorensis
3828 4279 4011 4342 circa

2501 4378 2635 4441 haec
2686 4379 2887 4441 multa
2930 4378 3151 4440 scribit
3200 4379 3264 4439 in
3310 4378 3571 4440 Summa
3618 4395 3753 4448 sua,
3787 4377 4010 4458 primo

2503 4477 2687 4548 libro,
2750 4477 2901 4539 satis
2964 4476 3362 4539 concorditer
3422 4476 3501 4538 ad
3564 4474 4011 4556 praeallegatos

2501 4575 2789 4636 doctores
2834 4592 2847 4636 ε
2893 4574 3078 4655 cujus
3129 4575 3295 4636 dicta
3342 4573 3806 4636 sententialiter
3848 4581 4013 4636 sunt

2503 4673 2778 4735 inducta.

2582 4773 2848 4853 Insuper
2892 4772 3115 4834 Scotus
3164 4771 3333 4832 circa
3381 4772 3514 4834 haec
3566 4769 3849 4852 loquitur
3884 4787 3899 4830 :
3940 4771 4013 4834 Si

2504 4870 2751 4932 dicatur
2808 4869 2977 4951 quod
3036 4888 3341 4931 numerus
3401 4869 3629 4931 habeat
3688 4867 4015 4932 unitatem

2506 4965 2860 5040 formalem,
2884 4975 3178 5047 respectu
3211 4965 3395 5046 cujus
3428 4965 3829 5029 formalitatis
3862 4967 4017 5028 uni-

2506 5073 2666 5127 tates
2696 5073 2843 5127 sunt
2877 5064 3233 5127 materiales
3264 5072 3327 5126 et
3356 5064 3538 5145 quasi
3580 5065 3843 5126 materia
3874 5063 4015 5127 for-

2510 5183 2628 5226 mae
2659 5163 2853 5238 illius,
2878 5164 2970 5227 sic
3002 5180 3128 5226 non
3158 5171 3255 5225 est
3284 5179 3591 5224 numerus
3622 5163 3686 5224 in
3716 5162 3966 5226 divinis
3995 5182 4011 5226 :

2508 5261 2807 5344 quoniam
2841 5262 3143 5344 quaelibet
3181 5277 3453 5345 persona
3482 5259 3696 5323 divina
3726 5269 3821 5322 est
3852 5261 4015 5326 infi-

4076 3315 4135 3361 De
4152 3317 4277 3361 Diria.

4040 3393 4155 3424 ιιοιι.
4196 3393 4277 3434 cap.

4042 3457 4129 3486 xm.
