4359 6250
579 1042 745 1085 ‘dmm

822 474 944 538 282
1054 499 1061 506 ·
1734 499 1910 545 unm
1952 501 1971 544 1
2013 499 2495 546 snm-nmmum.
2541 519 2622 530 —
2661 501 2812 546 nlsr.
2859 501 3008 546 1111111

823 668 1014 749 cipia.
1066 671 1232 734 Ecce
1288 672 1507 751 aperte
1563 672 1850 736 ostendit
1893 672 2330 754 AugustinUS,
2369 673 2633 736 Patrem
2691 674 2757 736 et
2809 673 3054 736 Filium
3116 674 3183 737 et
3235 673 3557 754 Spiritum
3607 674 3932 737 Sanctum

822 802 965 850 esse
1001 805 1209 850 unum
1265 788 1663 870 principium
1710 807 1930 853 rerum
1980 792 2368 869 creatarum,
2409 791 2478 852 id
2515 791 2615 852 est
2662 807 2794 853 uno
2844 790 3204 870 eodemque
3251 791 3449 852 modo
3501 808 3646 854 esse
3682 789 3936 870 princi-

821 902 1006 982 pium
1050 924 1064 964 :
1099 905 1162 967 et
1206 904 1396 966 illum
1432 905 1709 969 modum
1746 907 1907 970 satis
1944 907 2224 987 aperuit,
2262 907 2419 987 quia
2454 906 2702 970 scilicet
2741 910 3094 987 operantur
3129 908 3393 988 omnia3
3433 907 3499 971 et
3544 907 3700 988 quia
3733 905 3934 969 simi-

820 1017 970 1082 liter
994 1015 1018 1039 *
1064 1021 1415 1102 operantur
1459 1021 1529 1083 hi
1576 1024 1731 1102 treS,
1783 1023 1930 1086 ideo
1976 1022 2186 1086 unum'
2232 1022 2631 1104 principium
2679 1041 2822 1087 esse
2865 1023 3194 1087 dicuntur.

1104 1251 1174 1314 C.
1218 1257 1353 1317 Hic
1400 1256 1736 1333 ostendit,
1788 1261 2145 1332 quomodo
2196 1259 2425 1320 Pater
2469 1259 2569 1319 sit
2607 1260 3068 1332 principium
3119 1260 3314 1332 Filii,
3367 1261 3440 1320 et
3483 1261 3637 1333 ipse

1594 1375 1665 1434 et
1712 1377 1944 1436 Filius
1983 1377 2442 1448 principium
2487 1375 2811 1448 Spiritus
2854 1374 3130 1438 Sancti.

949 1576 1202 1640 Deinde
1241 1577 1309 1639 in
1350 1577 1579 1640 eodem
1618 1577 1785 1640 libro
1826 1578 2132 1641 continue
2171 1578 2480 1658 ostendit,
2512 1579 2846 1659 quomodo
2883 1578 3078 1640 Pater
3113 1577 3368 1640 dicatur
3403 1577 3801 1658 principium
3841 1579 3934 1640 ad

815 1691 1085 1770 Filium,
1120 1694 1185 1754 et
1218 1693 1302 1755 ad
1330 1693 1648 1772 Spiritum
1688 1693 2001 1757 Sanctum
2044 1695 2186 1774 ipse
2230 1695 2294 1757 et
2321 1693 2555 1774 Filius,
2589 1694 2814 1756 dicens
2852 1694 3000 1756 ideo
3030 1694 3292 1757 Patrem
3333 1711 3475 1757 esse
3521 1693 3930 1774 principium

815 1808 993 1886 Filii,
1036 1809 1189 1888 quia
1237 1810 1465 1889 genuit
1502 1825 1677 1889 eum,
1720 1811 1784 1873 et
1818 1809 2081 1872 Patrem
2132 1812 2198 1872 et
2252 1810 2498 1873 Filium
2535 1827 2678 1873 esse
2717 1810 3117 1890 principium
3153 1809 3441 1890 Spiritus
3477 1810 3722 1888 Sancti,
3763 1811 3930 1891 (11113

558 1955 587 1984 u
666 1955 689 1983 e
728 1941 787 2014 5⁵·
815 1924 1100 2003 Spiritus
1150 1925 1427 1988 Sanctus
1473 1925 1767 2005 procedit
1812 1925 1917 1988 vel
1972 1925 2164 1988 datur
2218 1926 2301 1988 31)
2356 1928 2656 2005 utroque.
2691 1925 2804 1987 Ait
2852 1926 3030 1987 enim
3079 1925 3170 1986 ita
3215 1945 3229 1985 :
3274 1925 3342 1988 Si
3397 1926 3672 2006 gignens
3719 1925 3802 1987 ad
3857 1926 3926 1988 id

562 3450 697 3493 Hilar.
725 3451 780 3493 de

512 3512 739 3563 ΤΙ-11111310,

514 3575 590 3618 lib.
609 3590 665 3627 w,
678 3589 722 3618 11.
736 3580 777 3619 9.

534 3682 641 3727 ibid.
658 3695 704 3727 11.
716 3685 758 3727 0.

774 2035 991 2119 ’(111οᾱ
1038 2041 1330 2120 gignitur
1365 2040 1764 2120 principium
1816 2041 1937 2119 est,
1986 2041 2183 2105 Pater
2227 2042 2310 2104 ad
2363 2040 2606 2103 Filium
2657 2041 3058 2121 principium
3108 2042 3229 2120 est,
3272 2043 3428 2122 quia
3473 2042 3702 2122 genuit
3738 2059 3923 2104 eum.

590 2185 783 2224 amu,
814 2155 1052 2217 Utrum
1091 2157 1309 2218 antem
1364 2157 1427 2218 et
1472 2157 1556 2218 ad
1602 2156 1921 2237 Spiritum
1962 2158 2275 2220 Sanctum
2323 2157 2722 2238 principium
2775 2157 2864 2218 sit
2907 2157 3125 2236 Pater,
3166 2158 3324 2238 quia
3367 2157 3620 2220 dictum
3657 2158 3778 2235 est,
3819 2159 3928 2222 De

812 2271 1005 2333 Patre
1052 2272 1369 2352 procedit,
1408 2289 1540 2335 non
1590 2289 1793 2352 parva
1829 2274 2106 2353 quaestio
2152 2275 2272 2336 est.
2317 2272 2508 2347 Quod
2559 2273 2615 2334 si
2666 2273 2757 2334 ita
2808 2273 2929 2351 est,
2969 2289 3102 2335 non
3143 2271 3283 2354 jam
3335 2273 3734 2354 principium
3773 2274 3927 2353 ejus

811 2388 1069 2449 tantum
1100 2388 1223 2450 erit
1250 2388 1342 2451 rei
1381 2405 1580 2469 quam
1612 2388 1821 2470 gignit
1858 2388 1960 2451 vel
2000 2388 2178 2468 facit,
2211 2389 2328 2452 sed
2365 2391 2432 2452 et
2468 2388 2612 2468 ejus
2641 2405 2839 2470 quam
2870 2389 2982 2451 dat
3018 2390 3082 2451 et
3111 2406 3260 2470 quae
3297 2389 3592 2470 procedit
3625 2388 3708 2452 ab
3744 2391 3920 2470 ipso.

811 2504 881 2568 Si
930 2521 1083 2584 ergo
1122 2505 1299 2584 quod
1336 2505 1529 2567 datur
1570 2505 1672 2568 vel
1710 2504 1888 2585 quod
1926 2506 2244 2586 procedit,
2285 2505 2682 2586 principium
2725 2504 2923 2568 habet
2959 2521 2999 2566 a
3035 2523 3167 2586 quo
3213 2505 3406 2568 datur
3442 2505 3545 2568 vel
3597 2506 3921 2586 procedit,

812 2621 1149 2683 fatendum
1188 2623 1287 2684 est
1331 2621 1594 2685 Patrem
1644 2617 1791 2685 vel*
1832 2621 2076 2684 Filium
2128 2639 2336 2685 unum
2375 2621 2773 2703 principium
2824 2639 2968 2684 esse
3015 2621 3300 2704 Spiritus
3337 2621 3582 2702 Sancti,
3613 2638 3746 2684 non
3783 2621 3924 2685 duo

809 2737 1152 2818 principia.
1194 2737 1324 2800 Sed
1373 2737 1545 2800 sicut
1595 2737 1790 2800 Pater
1844 2737 1908 2800 et
1955 2737 2167 2800 Filius
2215 2737 2298 2800 ad
2354 2739 2718 2800 creaturam
2775 2737 3045 2800 relative
3091 2754 3265 2799 unus
3321 2738 3574 2800 creator
3621 2739 3688 2800 et
3743 2754 3926 2801 unus

807 2852 1135 2915 Dominus
1190 2853 1453 2932 dieitur,
1503 2853 1601 2916 sic
1646 2852 1915 2915 relative
1972 2853 2054 2915 ad
2104 2853 2425 2934 Spiritum
2477 2853 2814 2932 Sanctum,
2860 2870 3068 2915 unum
3125 2853 3547 2934 principium.
3589 2852 3693 2915 Ad
3737 2870 3926 2916 crea-

808 2969 1024 3031 turam
1062 2985 1216 3031 vero
1264 2969 1459 3031 Pater
1497 2969 1561 3032 et
1598 2969 1809 3031 Filius
1856 2970 1921 3031 et
1968 2969 2255 3050 Spiritus
2292 2969 2570 3031 Sanctus
2607 2985 2814 3030 unum
2867 2969 3268 3049 principium
3306 2970 3484 3048 sunt,
3525 2969 3696 3032 sicut
3741 2986 3925 3032 unus

808 3087 1059 3149 creator
1106 3087 1171 3149 et
1218 3103 1391 3149 unus
1447 3084 1779 3148 dominus.
1833 3086 2000 3149 Ecce
2052 3085 2254 3149 habes
2309 3085 2486 3166 quod
2538 3085 2734 3148 Pater
2780 3085 3181 3167 principium
3237 3085 3391 3148 Filii
3447 3085 3709 3167 dicitur,
3758 3086 3926 3166 quia

807 3202 1035 3282 genuit
1064 3219 1238 3265 eum.
1282 3201 1429 3275 Qua
1455 3218 1607 3283 ergo
1654 3202 1921 3264 notione
1958 3205 2059 3265 est
2088 3203 2304 3281 Pater,
2347 3219 2423 3264 ea
2460 3202 2860 3282 principium
2897 3202 3053 3264 Filii
3101 3202 3363 3282 dicitur,
3405 3202 3474 3264 id
3511 3203 3611 3265 est
3646 3219 3922 3287 genera-

807 3318 1009 3398 tione,
1060 3319 1423 3381 secundum
1471 3335 1670 3398 quam
1718 3319 1917 3381 etiam
1964 3318 2207 3381 dieitur
2253 3319 2480 3381 auctor
2525 3317 2700 3379 Filii.

943 3433 1131 3497 Unde
1179 3434 1471 3497 Hilarius
1511 3436 1580 3497 in
1621 3435 1851 3515 quarto
1892 3434 2058 3497 libro
2098 3435 2179 3497 de
2217 3433 2533 3497 Trinitate
2572 3434 2665 3495 ita
2694 3432 2786 3495 ait
2819 3453 2834 3493 :
2877 3434 3030 3513 Ipso
3074 3450 3204 3514 quo
3241 3434 3438 3498 Pater
3464 3435 3726 3515 dicitur,
3768 3436 3922 3515 ejus

809 3569 1004 3632 quem
1054 3551 1280 3631 genuit
1331 3552 1557 3613 auctor
1608 3551 1995 3629 ostenditur,
2047 3550 2116 3611 id
2165 3567 2408 3612 nomen
2459 3549 2708 3613 habens
2761 3549 2939 3629 quod
2988 3566 3202 3629 neque
3249 3568 3330 3613 ex
3367 3550 3499 3614 alio
3545 3550 3920 3631 profectum

808 3668 1233 3749 intelligatur,
1276 3667 1341 3730 et
1370 3686 1451 3730 ex
1490 3683 1620 3747 qno
1662 3666 1721 3728 is
1750 3667 1866 3747 (1111
1903 3667 2165 3745 genitus
2209 3667 2329 3745 est,
2371 3666 2743 3729 substitisse
2782 3666 3112 3729 doceatur.
3147 3667 3351 3729 Novit
3387 3668 3679 3730 Ecclesia
3706 3685 3922 3731 unum

806 3783 1260 3848 innascibilem
1309 3784 1549 3860 Deum,
1590 3783 1777 3845 novit
1830 3782 2246 3863 unigenitum
2302 3782 2425 3844 Dei
2479 3782 2746 3844 Filium.
2804 3781 3166 3845 Confitetur
3205 3782 3468 3846 Patrem
3527 3782 3610 3845 ab
3665 3784 3922 3864 origine

805 3900 1111 3979 liberum,
1144 3900 1490 3963 confitetur
1519 3900 1583 3962 et
1619 3898 1773 3960 Filii
1812 3898 2133 3977 originem
2172 3897 2255 3959 31)
2293 3896 2522 3977 111111ος
2562 3914 2694 3960 11011
2732 3898 2955 3977 ipsum
2993 3896 3075 3960 31)
3112 3898 3325 3977 1111110,
3361 3899 3477 3961 sed
3513 3899 3595 3961 ab
3623 3900 3923 3962 ininitia-

805 4017 923 4081 bili
949 4038 965 4097 ;
996 4032 1129 4078 non
1167 4033 1283 4096 per
1312 4032 1381 4078 se
1424 4014 1669 4095 ipsum,
1703 4013 1818 4077 sed
1862 4013 1943 4075 ab
1983 4029 2058 4075 eo
2104 4015 2218 4093 qui
2262 4030 2301 4075 3
2347 4013 2610 4075 1101111110
2643 4014 2764 4092 est,
2805 4015 3034 4076 natum
3071 4013 3154 4076 ab
3195 4015 3463 4094 aeterne,
3504 4016 3920 4079 nativitatem

806 4133 1055 4195 scilieet
1093 4148 1174 4194 ex
1210 4131 1479 4211 paterna
1524 4128 1883 4192 aeternitate
1936 4130 2330 4191 sumentem.
2372 4128 2566 4190 Edita
2618 4130 2716 4191 est
2762 4129 2870 4190 1110
2917 4129 3069 4192 fidei
3114 4129 3460 4210 professiO,
3501 4130 3617 4193 sed
3663 4130 3926 4211 profes-

806 4248 1013 4311 sionis
1041 4247 1205 4311 ratio
1241 4246 1535 4308 nondum
1575 4246 1873 4325 exposita
1904 4246 2024 4323 est,
2068 4245 2132 4306 et
2169 4244 2316 4307 ideo
2356 4243 2729 4325 quaerenda,
2770 4244 3018 4308 scilieet
3055 4245 3387 4326 quomodo
3418 4246 3920 4326 intelligendum

806 4366 896 4427 sit
938 4364 1114 4445 qnod
1161 4363 1277 4442 ait,
1317 4361 1470 4423 Filii
1511 4360 1828 4441 originem
1870 4378 2011 4424 esse
2053 4360 2135 4423 ab
2185 4361 2400 4438 initi0,
2434 4361 2498 4423 et
2541 4378 2670 4423 non
2721 4361 2939 4441 ipsum
2985 4379 3128 4424 esse
3165 4361 3249 4423 ab
3286 4362 3501 4441 initio,
3535 4363 3650 4425 sed
3690 4362 3772 4425 ab
3808 4363 3922 4425 in-

806 4479 1133 4544 initiabili.
1178 4479 1323 4541 Hoc
1364 4478 1592 4557 utique
1648 4477 1958 4556 subdens,
1999 4476 2461 4541 determinavit
2504 4476 2836 4557 quomodo
2883 4478 3206 4558 acceperit
3245 4482 3571 4556 initium,
3612 4481 3927 4560 inquiens

808 4598 1129 4679 originem
1172 4596 1327 4659 Filii
1380 4612 1521 4658 esse
1560 4593 1641 4656 ab
1690 4593 1905 4673 initio,
1947 4610 2021 4656 ac
2059 4593 2117 4655 si
2170 4594 2415 4656 diceret
2455 4612 2469 4653 :
2512 4593 2660 4655 Non
2714 4593 2805 4654 ita
2841 4593 3172 4673 intelligas
3223 4595 3543 4675 originem
3582 4594 3738 4657 Filii
3775 4614 3926 4661 esse

806 4716 888 4779 ab
943 4714 1157 4793 initio,
1211 4712 1398 4793 quasi
1455 4711 1595 4791 ipse
1652 4709 1864 4771 Filius
1924 4708 2159 4771 habeat
2219 4708 2508 4787 initium,
2549 4709 2664 4771 sed
2703 4709 2859 4788 quia
2919 4708 3060 4789 ipse
3113 4710 3212 4771 est
3263 4708 3346 4771 ab
3393 4710 3794 4789 ininitiabili,
3849 4713 3926 4776 id

806 4833 905 4895 est
951 4850 990 4894 3
1026 4830 1242 4908 Patre,
1284 4844 1323 4890 a
1355 4843 1486 4908 (1110
1526 4825 1680 4888 sunt
1729 4825 1970 4887 omnia.
2014 4825 2186 4887 Nam
2234 4823 2389 4885 11001
2433 4823 2646 4885 Filius
2698 4823 2786 4885 sit
2821 4824 3224 4903 principium
3272 4824 3352 4887 de
3389 4825 3737 4906 principio,
3780 4842 3924 4888 nou

807 4950 907 5014 est
941 4948 1161 5010 tamen
1202 4942 1688 5007 concedendum
1720 4941 1898 5022 quod
1929 4940 2137 5003 Filius
2174 4938 2413 5001 habeat
2447 4938 2868 5020 principium.
2911 4939 3264 5019 Quumque
3301 4940 3513 5003 Filius
3549 4940 3638 5004 sit
3671 4940 3924 5022 prinei-

806 5067 991 5146 pium
1041 5065 1121 5127 de
1170 5060 1518 5143 principiO,
1566 5059 1631 5121 et
1685 5058 1881 5120 Pater
1918 5056 2320 5138 principium
2378 5071 2510 5117 non
2567 5055 2647 5117 de
2696 5055 3044 5136 principio,
3083 5072 3216 5118 non
3257 5058 3357 5120 est
3393 5057 3792 5138 principium
3833 5058 3924 5123 de

810 5182 1131 5263 principio
1179 5177 1580 5261 principium
1629 5176 1771 5239 sine
1824 5175 2170 5257 principie,
2213 5174 2384 5237 sicut
2431 5172 2644 5235 Filius
2681 5189 2814 5235 non
2861 5172 2961 5235 est
2995 5172 3226 5253 Pater;
3269 5189 3482 5253 neque
3526 5174 3746 5237 tamen
3783 5174 3925 5239 duo

816 5297 1160 5380 principia,
1209 5294 1326 5359 sed
1371 5310 1603 5374 unum,
1653 5292 1827 5357 sicut
1878 5292 2073 5354 Pater
2122 5290 2187 5353 et
2231 5289 2446 5352 Filius
2490 5304 2624 5351 non
2679 5289 2810 5352 duo
2859 5288 3204 5368 creatoreS,
3253 5288 3369 5352 sed
3415 5306 3589 5354 unus
3642 5292 3924 5355 creator.
