4359 6250
898 473 1016 538 164

1536 492 1600 538 IN
1640 491 1862 537 LIBRUM
1902 492 1923 536 1
1966 489 2447 536 SENTENTIARUM.
2493 506 2574 516 -·
2613 489 2765 535 DtS‘r.
2812 489 3005 552 xx1113
3049 490 3272 545 QUAEST.
3316 490 3362 534 11

897 680 1024 725 non
1074 662 1211 744 ipsa
1256 670 1478 724 natura
1513 661 1854 743 :quamvis
1903 660 2120 723 divina
2167 667 2391 721 natura
2421 659 2470 719 A
2502 659 2685 733 naliS‚
2731 666 2827 720 est
2873 668 3085 721 tamen
3132 665 3356 721 natura
3403 658 3873 721 intellectualis.
3928 659 3993 721 Si

895 761 1124 823 habeat
1164 762 1613 843 proprietatem
1655 779 1768 841 per
1799 778 1865 822 se
1907 758 2294 821 subsistendi
2327 764 2390 819 et

895 859 1313 940 intelligendi,
1333 877 1457 922 non
1491 868 1693 921 tamen
1725 858 2390 939 distinguendi,quum

894 958 976 1019 sit
1006 957 1212 1019 tribus
1253 958 1541 1040 personis
1573 957 1953 1020 communis,
1989 958 2206 1037 lpsum
2238 972 2388 1017 vero

891 1055 1184 1118 divinum
1215 1058 1618 1138 suppositum
1650 1075 1687 1117 a
1716 1055 1992 1136 generali
2026 1061 2251 1115 natura
2282 1055 2387 1115 ha-

894 1153 1000 1216 bet
1041 1155 1350 1218 rationem
1393 1154 1782 1217 subsistendi
1824 1172 1938 1235 per
1981 1172 2070 1227 se,
2104 1160 2166 1214 et
2208 1172 2246 1213 a
2284 1172 2390 1214 na-

892 1259 1034 1313 tura
1073 1252 1333 1333 speciali
1378 1252 1568 1314 habet
1607 1252 1916 1313 rationem
1964 1250 2381 1331 intelligendi,

889 1357 1079 1431 atque
1122 1370 1159 1412 a
1203 1350 1406 1413 forma
1447 1350 1754 1431 singulari
1809 1350 2116 1413 rationem
2162 1349 2385 1411 distin-

889 1449 1144 1529 guendi.
1174 1450 1444 1511 Persona
1475 1450 1668 1529 igitur
1699 1449 1764 1510 in
1796 1448 2033 1510 divinis
2065 1447 2387 1527 significat

892 1546 1012 1608 tria
1059 1546 1188 1619 illa,
1240 1548 1351 1609 sed
1401 1548 1699 1609 ultimum
1757 1546 2199 1628 principaliuS,
2254 1553 2384 1607 tan-

890 1663 1082 1725 quam
1113 1645 1589 1726 completivum.
1628 1646 1780 1708 Dico
1819 1645 2012 1725 igitur
2042 1645 2212 1727 quod
2246 1664 2384 1725 per-

890 1761 1043 1806 sona
1089 1732 1410 1824 significat
1453 1745 1856 1827 suppositum
1900 1744 2133 1805 divinae
2176 1762 2386 1805 essen-

2501 764 2713 817 autem
2778 755 3141 837 objiciatur,
3203 758 3371 837 quod
3433 755 3838 817 individuum
3898 763 3993 817 est

2502 854 2795 936 superius
2853 855 2930 915 ad
2993 872 3351 935 personam,
3412 854 3524 916 sed
3587 854 3991 916 individuum

2501 969 2628 1013 non
2678 952 2975 1013 convenit
3020 952 3083 1014 in
3114 952 3373 1025 diviniS,
3410 960 3479 1013 ut
3522 950 3725 1033 patuit
3776 970 3989 1033 supra,

2499 1067 2647 1129 ergo
2680 1069 2797 1111 nec
2828 1068 3060 1111 nomen
3092 1067 3376 1131 personae
3401 1068 3413 1111 :
3440 1049 3991 1130 dicendum‚quod

2500 1147 2904 1210 individuum
2934 1156 3029 1209 est
3059 1148 3352 1229 superius
3382 1148 3461 1209 ad
3492 1165 3829 1229 personam
3862 1166 3991 1209 cre·

2498 1252 2701 1324 a'tam3
2732 1246 3105 1326 accipiendo
3147 1253 3358 1307 tamen
3403 1263 3738 1327 personam
3786 1245 3850 1307 in
3894 1264 3992 1325 ge-

2498 1343 2827 1405 neralitate
2868 1364 2998 1405 suae
3036 1343 3359 1424 analogiae,
3395 1351 3585 1425 prout
3624 1343 3991 1425 complecti-

2499 1448 2601 1501 tur
2646 1459 2981 1522 personam
3032 1448 3304 1503 creatam
3350 1449 3411 1502 et
3458 1441 3826 1511 increatam,
3864 1458 3987 1503 non

2496 1545 2591 1601 est
2637 1558 2879 1600 verum.
2912 1574 2993 1584 ——
3032 1540 3273 1603 Nomen
3322 1557 3574 1621 quoque
3622 1538 3993 1601 substantiae

2499 1638 2795 1699 convenit
2838 1639 2986 1711 De0‚
3026 1655 3151 1700 non
3205 1646 3390 1719 prout
3439 1637 3794 1699 substantia
3836 1637 3991 1699 dici-

2497 1743 2601 1796 tur
2647 1755 2684 1797 a
2738 1736 3105 1810 substando,
3157 1737 3265 1798 sed
3314 1756 3351 1798 a
3402 1755 3516 1818 per
3568 1755 3634 1798 se
3686 1736 3991 1799 exsisten-

889 1842 993 1904 tiae
1038 1850 1336 1924 tanquam
1384 1843 1446 1904 id
1491 1843 1594 1903 cui
1640 1861 1872 1906 nomen
1918 1841 2289 1923 imponitur,
2323 1849 2385 1903 et
2422 1840 2468 1903 Β
2498 1833 2598 1896 do.
2652 1834 2963 1897 Creaturae
3012 1842 3225 1896 autem
3275 1834 3574 1896 dicuntur
3622 1834 3991 1896 substantiae

891 1940 1033 2001 ideo
1062 1939 1385 2021 significat
1416 1942 1537 2003 hoc
1581 1941 1644 2002 in
1679 1948 1885 2019 rect03
1920 1940 2201 2002 divinam
2234 1957 2385 2002 vero

888 2039 1252 2112 essentiam,
1297 2046 1596 2120 tanquam
1642 2039 1706 2100 id
1746 2058 1784 2101 a
1825 2057 1952 2121 quo
1995 2057 2228 2102 nomen
2272 2039 2387 2099 im-

892 2136 1170 2217 ponitur,
1219 2137 1360 2200 ideo
1407 2138 1472 2199 in
1517 2136 1800 2219 obliquo,
1842 2137 2383 2218 quemadmodum

890 2235 1079 2297 homo
1118 2235 1599 2297 humanitatem.
1636 2236 1712 2297 Et
1745 2236 1810 2296 in
1851 2236 2085 2297 divinis
2126 2235 2246 2296 tria
2277 2235 2386 2296 illa

873 2338 1015 2394 ‘non
1060 2332 1267 2394 solum
1309 2334 1704 2396 constituunt
1752 2352 1975 2406 unum,
2019 2334 2148 2395 imo
2191 2332 2384 2393 etiam

888 2449 1088 2491 unum
1139 2439 1288 2491 sunt
1323 2449 1335 2492 :
1374 2431 1724 2513 proprietas
1774 2450 2051 2513 namque
2101 2438 2198 2493 est
2249 2431 2387 2512 ipsa

887 2528 1267 2611 hypostasis,
1291 2537 1354 2591 et
1385 2537 1728 2611 utrumque
1759 2537 1854 2591 est
1886 2528 2176 2591 essentia.
2211 2529 2383 2591 Unde

888 2626 1100 2689 Sancti
1132 2626 1428 2689 videntur
1457 2646 1736 2690 asserere
1768 2627 1936 2709 quod
1979 2644 2249 2708 persona
2279 2627 2384 2689 de-

889 2726 1096 2805 signet
1133 2726 1498 2799 essentiam,
1534 2727 1931 2787 attendentes
1971 2742 2097 2787 non
2141 2732 2269 2786 tam
2306 2726 2385 2787 ad

892 2824 1151 2885 modum
1193 2822 1623 2904 significandi,
1658 2843 1849 2904 quam
1889 2824 1967 2885 ad
2009 2823 2097 2885 rei
2139 2823 2385 2904 signifi-

890 2928 1044 2983 catae
1087 2928 1396 2983 naturam.
1445 2922 1588 2985 Haec
1631 2922 1868 2983 Petrus.

2498 1932 2687 1993 etiam
2731 1934 2939 2014 primo
2981 1933 3187 2005 mode,
3221 1933 3521 2015 quoniam
3562 1933 3855 1995 substant
3893 1950 3993 1995 ac-

2499 2031 2860 2094 cidentibus
2910 2033 3061 2094 suiS.
3107 2034 3374 2115 Insuper
3418 2050 3649 2095 nomen
3698 2032 3993 2095 essentiae

2499 2131 2804 2212 competit
2852 2131 2979 2193 Deo
3034 2150 3047 2192 :
3100 2132 3251 2212 quia
3302 2131 3367 2191 in
3416 2131 3591 2193 omni
3640 2150 3707 2192 re
3760 2148 3873 2211 per
3922 2149 3991 2193 se

2496 2229 2861 2301 exsistente,
2892 2229 3277 2292 considerari
3310 2237 3575 2311 possunt
3605 2232 3778 2309 quod
3804 2239 3897 2290 εει
3928 2240 3995 2291 et

2498 2347 2621 2405 quo
2652 2336 2743 2387 est
2756 2348 2785 2395 ,·
2817 2326 2879 2388 id
2909 2335 3122 2389 autem
3154 2343 3282 2407 quo
3322 2334 3445 2400 est‚·
3472 2334 3568 2388 est
3607 2326 3745 2408 ipsa
3775 2327 3865 2389 rei
3898 2346 3995 2389 es-

2496 2424 2719 2497 sentia,
2753 2433 2816 2486 et
2848 2424 3059 2506 ipsum
3092 2425 3262 2507 quod
3292 2431 3410 2498 est,
3432 2432 3529 2487 est
3558 2426 3988 2508 suppositum.

2496 2522 2703 2595 Quum
2746 2523 2938 2603 igitur
2970 2525 3135 2585 Deus
3174 2523 3258 2585 sit
3297 2542 3411 2605 per
3448 2543 3515 2587 se
3554 2524 3887 2597 exsistens,
3925 2524 3992 2586 in

2496 2620 2634 2701 ipso
2677 2622 3158 2684 considerantur
3188 2643 3315 2701 quo
3354 2632 3445 2683 εει
3475 2630 3539 2685 et
3567 2626 3741 2702 quod
3776 2632 3895 2695 est,
3928 2625 3992 2686 id

2494 2726 2591 2780 est
2638 2720 2913 2781 essentia
2958 2727 3020 2781 et
3069 2736 3371 2802 persona3
3418 2721 3530 2782 sed
3575 2721 3759 2783 aliter
3794 2740 3993 2802 quam

2496 2819 2561 2879 in
2608 2819 2912 2881 creaturis
2948 2836 2961 2882 :
2996 2820 3147 2901 quia
3185 2820 3251 2881 in
3290 2820 3417 2882 Deo
3458 2821 3809 2883 secundum
3850 2840 3993 2885 rem

2495 2924 2643 2978 sunt
2692 2918 2946 2999 penitus
2998 2918 3188 2992 idem,
3224 2936 3350 2981 non
3400 2919 3493 2981 sic
3544 2919 3609 2981 in
3660 2920 3988 2981 creaturis

969 3019 1079 3081 His
1111 3019 1449 3082 concordat
1488 3020 1657 3101 quod
1698 3018 1896 3101 aliqui
1937 3020 2180 3093 dicunt,
2214 3020 2383 3101 quod
2418 3021 2461 3085 C
2495 3017 2637 3079 Haec
2680 3017 3051 3079 Richardus.

891 3115 1280 3198 significatio
1310 3116 1608 3180 dictionis
1647 3117 2082 3180 consideratur
2111 3118 2383 3200 duplici-

891 3222 988 3277 ter
1023 3233 1036 3276 :
1073 3215 1304 3297 primo,
1337 3215 1709 3288 formaliter,
1744 3225 2053 3296 quantum
2093 3217 2170 3278 ad
2206 3217 2268 3278 id
2306 3218 2386 3279 ad

891 3314 1061 3395 quod
1105 3312 1598 3394 significandum
1640 3333 1871 3378 nomen
1913 3315 2263 3397 imponitur
2294 3334 2386 3377 se-

892 3413 1174 3474 cundum
1233 3431 1638 3475 communem
1699 3413 1976 3475 nominis
2036 3415 2382 3494 rationem3

891 3511 1394 3593 secundo‚quasi
1427 3511 1855 3585 materialiter,
1876 3520 2183 3593 quantum
2211 3513 2289 3574 ad
2322 3513 2385 3574 id

891 3611 994 3671 cui
1028 3627 1260 3672 nomen
1301 3609 1670 3671 attribuitur
1703 3610 1768 3671 in
1808 3629 1875 3672 re
1905 3610 2118 3691 aliqua
2147 3611 2386 3692 specia-

893 3707 956 3769 li.
991 3708 1233 3770 Nomen
1277 3726 1426 3789 ergo
1475 3725 1783 3789 personae,
1819 3709 1970 3789 quia
2011 3708 2383 3790 impositum

889 3813 985 3867 est
1033 3807 1111 3868 ad
1159 3806 1652 3887 significandum
1711 3825 1844 3868 rem
1905 3807 2381 3880 subsistentem,

890 3905 1256 3966 distinctam
1287 3904 1367 3965 ab
1397 3905 1540 3966 aliis
1574 3906 1759 3966 rebus
1791 3905 2287 3967 subsistentibus
2320 3906 2384 3967 in

889 4002 1110 4064 eadem
1171 4009 1414 4076 natura,
1469 4001 1820 4065 formaliter
1880 4002 2197 4082 significat
2260 4004 2386 4085 pri-

894 4119 1061 4161 mam
1116 4098 1557 4172 substantiam,
1611 4119 1751 4181 quae
1809 4107 1906 4161 est
1957 4101 2383 4182 suppositum,

2574 3114 3013 3178 Bonaventura
3063 3115 3257 3178 etiam
3306 3134 3568 3179 concors
3616 3125 3713 3178 est
3763 3115 3997 3198 praein—

2495 3214 2724 3287 ductiS,
2760 3214 3111 3295 praesertim
3162 3233 3240 3276 ex
3285 3216 3483 3278 Petro.
3518 3215 3708 3278 Addit
3752 3223 3991 3290 tamen,

2494 3314 2663 3394 quod
2714 3312 3065 3375 substantia
3114 3313 3351 3374 dicitur
3397 3332 3435 3375 a
3482 3313 3826 3376 substando
3878 3315 3997 3376 du-

2497 3411 2749 3492 pliciter
2802 3429 2815 3472 :
2872 3411 3100 3492 primo,
3156 3412 3308 3492 quia
3365 3411 3610 3475 substat
3666 3413 3855 3474 alicui
3921 3423 3994 3475 ut

2496 3509 2851 3582 inhaerenti,
2898 3515 2963 3570 et
3012 3509 3097 3570 ita
3149 3527 3275 3572 non
3330 3510 3625 3572 convenit
3677 3511 3846 3587 De03
3896 3531 3995 3574 se-

2496 3608 2725 3680 cunde,
2760 3608 2911 3689 quia
2942 3608 3186 3670 substat
3214 3607 3407 3669 alicui
3440 3617 3509 3671 ut
3546 3609 3992 3690 distinguent-i,

2494 3714 2557 3767 et
2620 3707 2707 3768 ita
2769 3706 3067 3768 convenit
3129 3708 3275 3780 Deo,
3345 3725 3461 3768 nec
3526 3707 3780 3788 penitus
3842 3727 3997 3789 pro-

2496 3805 2654 3887 prie,
2675 3823 2791 3866 nec
2823 3822 3083 3886 prorsus
3116 3805 3480 3886 improprie.
3500 3806 3785 3868 Personae
3814 3807 3995 3869 enim

2496 3903 2989 3985 proprietatibus
3033 3903 3167 3965 suis
3206 3904 3421 3985 aliquo
3461 3904 3647 3966 modo
3690 3904 3999 3967 dicuntur

2496 4001 2806 4073 substare,
2862 4010 3161 4082 tanquam
3222 4001 3761 4082 distinguentibus
3820 4003 3999 4083 ipsas

2497 4119 2817 4182 personaS,
2852 4117 2977 4161 non
3010 4106 3311 4180 tanquam
3345 4099 3801 4162 inhaerentibus
3827 4101 4001 4162 acci-

891 4215 1020 4260 non
1063 4207 1276 4260 autem
1319 4197 1740 4260 substantiam
1786 4218 1928 4280 quae
1969 4207 2066 4260 est
2112 4201 2389 4262 essentia
2420 4207 2467 4267 D
2497 4198 2831 4260 dentaliter
2876 4197 3031 4278 ipsis
3075 4197 3385 4278 personis,

891 4296 993 4358 vel
1053 4296 1395 4377 quidditas.
1451 4296 1758 4369 Quoniam
1819 4315 1970 4359 vero
2032 4297 2387 4359 subsistens

892 4393 1268 4455 distinctum
1301 4394 1366 4455 in
1400 4394 1635 4456 divinis
1667 4413 1792 4456 non
1826 4402 2032 4476 potest
2062 4414 2201 4458 esse
2233 4396 2387 4476 quid

891 4491 1278 4565 absolutum,
1313 4493 1422 4553 sed
1465 4492 1864 4554 solummodo
1902 4493 2261 4567 relativum,
2298 4494 2388 4554 id-

890 4608 967 4652 eo
1015 4590 1196 4671 quasi
1251 4590 1661 4651 materialiter
1710 4609 1979 4673 persona
2033 4591 2096 4652 in
2152 4591 2388 4654 divinis

891 4687 1215 4770 significat
1256 4688 1651 4762 relationem,
1685 4691 1837 4771 quia
1876 4690 2097 4752 relatio
2133 4690 2198 4750 in
2230 4690 2388 4752 divi-

889 4787 991 4849 nis
1035 4795 1131 4849 est
1168 4787 1542 4850 subsistens

985 4886 1336 4949 Concordat
1395 4903 1648 4968 quoque
1707 4885 2074 4967 praehabitis
2135 4887 2389 4949 Richar-

890 4985 1009 5047 dus
1059 5001 1074 5046 ε
1122 4986 1414 5058 Persona,
1469 4984 1787 5066 inquienS,
1840 4993 1935 5046 est
1984 4985 2387 5067 suppositum

895 5083 1341 5146 intellectualis
1373 5091 1482 5146 aut
1513 5083 1836 5146 rationalis
1871 5091 2131 5158 naturae,
2165 5083 2390 5146 distin-

892 5189 1064 5243 ctum
1112 5183 1499 5264 proprietate
1539 5184 1616 5244 ad
1655 5183 2029 5264 dignitatem
2070 5183 2391 5265 pertinen-

895 5287 973 5340 te.
1013 5281 1086 5341 Et
1116 5281 1408 5362 quamvis
1452 5283 1616 5344 Deus
1660 5300 1786 5344 non
1828 5282 1910 5343 sit
1953 5289 2174 5342 natura
2206 5281 2391 5344 ratio-

2577 4298 2880 4359 Praeterea
2927 4297 3004 4357 de
3057 4296 3466 4358 distinctione
3518 4295 3684 4358 inter
3731 4299 4003 4360 essenti-

2496 4415 2621 4468 am,
2656 4394 3096 4467 substantiam,
3138 4393 3637 4468 subsistentiam,
3670 4402 3735 4456 et
3778 4413 4003 4476 perso-

2496 4512 2667 4566 nam,
2702 4492 2926 4554 scribit
2963 4492 3405 4554 Bonaventura
3437 4509 3451 4552 ε
3486 4492 3663 4554 Sicut
3701 4493 3765 4554 in
3798 4493 4001 4557 rebus

2498 4592 2723 4654 creatis
2775 4591 3190 4653 inveniuntur
3238 4611 3362 4669 quo
3410 4600 3501 4652 εει
3550 4599 3613 4652 et
3658 4594 3830 4670 quod
3872 4603 4002 4663 est,

2501 4698 2759 4773 propter
2797 4690 2966 4771 quod
3006 4687 3453 4770 significantur
3484 4689 3549 4750 in
3590 4689 4005 4753 concretione

2498 4796 2562 4850 et
2589 4788 3033 4861 abstractione,
3066 4795 3137 4848 ut
3166 4787 3413 4848 dicatur
3441 4787 3653 4860 homo,
3686 4796 3750 4850 et
3778 4788 4007 4851 huma·

2500 4887 2700 4964 nitas;
2733 4886 2824 4948 sic
2857 4885 3273 4967 intelligimus
3308 4885 3371 4946 in
3408 4885 3665 4959 divinis,
3700 4887 4007 4966 quamvis

2501 4985 2930 5064 intelligamus
2975 4984 3082 5045 illa
3121 4984 3248 5046 duo
3296 4982 3382 5044 ibi
3428 4983 3861 5045 indifferentia
3902 5003 4009 5046 es-

2500 5103 2566 5147 sc
2616 5101 2629 5144 ε
2677 5091 2739 5144 et
2789 5103 2913 5161 quo
2962 5091 3079 5151 est,
3124 5081 3565 5161 significamus
3615 5081 4007 5144 abstractive

2500 5182 2620 5242 hoc
2664 5180 2944 5252 nomine,
2988 5180 3223 5256 deitas;
3265 5185 3328 5240 et
3368 5182 3541 5257 quod
3581 5187 3698 5248 est,
3738 5195 4007 5248 concre—

2504 5281 2627 5342 tive
2688 5280 2805 5340 hoc
2867 5278 3145 5351 nomine,
3201 5278 3383 5338 Deus,
3440 5278 3512 5338 Et
3570 5275 4006 5358 imposuimus
