4359 6250
532 4531 598 4575 Ie.
616 4544 710 4583 axv,
733 4533 799 4575 12.

555 4720 588 4763 ΙΙ
600 4721 714 4778 Rea.
726 4737 795 4775 xv,

532 4786 601 4827 26.

800 484 921 552 646

1359 504 1425 552 IN
1463 506 1685 553 LIBRUM
1728 507 1747 551 ¹
1789 506 2271 552 SENTENTIARUM.
2317 522 2398 533 -·
2437 506 2590 551 msr.
2637 506 2840 569 XLV113
2884 506 3107 561 QUAEST.
3155 506 3339 553 UNICA

805 676 1075 758 pediret,
1109 677 1370 759 haecque
1413 677 1525 740 Dei
1566 675 1791 739 nolitio
1833 684 2045 758 posset
2083 674 2298 757 appel·
2329 676 2378 736 A
2413 674 2620 755 Uriae),
2654 695 2855 759 quum
2900 682 3110 737 tamen
3152 674 3490 756 displicere
3532 694 3646 737 seu
3683 675 3908 757 displi-

807 775 921 838 lari
980 776 1318 858 permissio
1364 776 1505 856 ejus
1556 793 1570 837 ε
1622 783 1686 837 et
1732 776 1819 838 ita
1866 782 1962 837 est
2007 782 2185 837 actus
2233 776 2300 837 in

808 875 937 938 Deo
988 875 1052 936 in
1102 882 1409 956 quantum
1460 875 1684 936 transit
1734 894 1928 956 super
1974 873 2298 954 objectum

806 973 897 1036 sic
941 993 1007 1037 se
1048 974 1287 1036 habens
1329 975 1408 1036 ad
1450 974 1838 1035 voluntatem
1886 973 2186 1036 divinam.
2221 1010 2302 1019 —

806 1072 869 1135 Si
904 1080 1118 1134 autem
1150 1072 1319 1134 istud
1350 1089 1476 1135 non
1511 1072 1737 1153 placet,
1771 1090 1847 1133 eo
1877 1071 2046 1153 quod
2078 1071 2302 1134 nolitio

805 1171 1270 1253 cujuscumque
1320 1171 1509 1252 positi
1556 1170 1621 1231 in
1665 1189 1824 1244 esse,
1867 1170 2121 1233 videtur
2162 1190 2302 1232 esse

806 1289 955 1333 cum
987 1269 1243 1331 tristitia
1276 1270 1547 1351 quadam
1582 1278 1642 1331 et
1675 1268 2157 1350 imperfectione
2192 1269 2302 1330 ali-

806 1388 934 1452 qua
962 1369 1341 1447 voluntatis3
1376 1376 1527 1430 tunc
1558 1369 1683 1430 dici
1717 1377 1943 1449 potest,
1968 1369 2136 1451 quod
2170 1387 2304 1449 per·

810 1467 1032 1530 missio
1061 1475 1238 1529 extra
1268 1466 1367 1529 vel
1398 1467 1675 1548 signum,
1704 1475 1799 1529 est
1830 1468 1998 1549 quod
2029 1466 2301 1529 effectus

808 1565 912 1638 sit,
946 1565 1057 1647 qui
1101 1572 1314 1626 tamen
1363 1571 1459 1626 est
1503 1572 1721 1626 contra
1767 1571 2157 1646 praeceptum
2210 1563 2302 1624 di·

806 1663 1055 1736 vinum,
1100 1671 1163 1724 et
1214 1661 1380 1724 istud
1428 1669 1523 1724 est
1580 1662 1937 1744 permissiO,
1988 1662 2158 1743 quod
2209 1669 2304 1722 est,

808 1762 1063 1843 signum
1111 1761 1456 1823 voluntatis
1504 1760 1735 1823 divinas
1779 1778 1791 1822 :
1838 1761 1940 1822 cui
1990 1779 2117 1822 non
2168 1778 2302 1821 cor-

2411 774 2621 836 centia
2679 774 2880 856 magis
2929 774 3219 835 videatur
3268 774 3611 855 importare
3660 773 3908 836 tristiti-

2411 891 2536 945 am,
2589 891 2865 955 poenam,
2919 873 3265 945 miseriam,
3310 891 3502 953 quam
3551 872 3721 934 nolle
3771 873 3910 934 sive

2411 971 2653 1033 nolitio.
2690 971 3087 1034 Conveniunt
3126 978 3337 1033 autem
3379 972 3515 1033 haec
3550 972 3678 1033 Deo
3719 980 3908 1052 prout

2411 1069 2742 1150 designant.
2778 1070 3014 1150 justam
3056 1078 3119 1132 et
3149 1069 3509 1151 simplicem
3551 1068 3912 1131 detestatio-

2411 1186 2582 1240 nem,
2633 1166 3170 1229 abominationem
3229 1186 3340 1229 seu
3392 1165 3908 1248 reprobationem

2412 1264 2757 1346 impietatis
2799 1274 2862 1327 et
2902 1266 3123 1348 culpae.
3159 1266 3444 1347 Denique
3485 1266 3616 1346 jam
3661 1265 3910 1327 dictum

2411 1370 2507 1425 est
2557 1363 2745 1444 paulo
2791 1370 2958 1437 ante,
3002 1364 3174 1444 quod
3224 1364 3582 1445 permissiO,
3631 1364 3794 1425 sicut
3843 1370 3909 1425 et
3937 1378 4178 1433 μωσιν,
4197 1376 4263 1421 13‘.

2413 1461 2760 1544 prohibitio
2821 1470 2886 1523 et
2939 1462 3144 1542 jussio
3206 1462 3410 1524 active
3473 1469 3748 1543 sumpta,
3809 1469 3910 1524 est

2414 1560 2686 1641 ipsemet
2731 1562 2898 1622 Deus
2949 1560 3345 1642 permittens,
3389 1560 3760 1641 prohibenS,
3804 1560 3910 1641 ju·

2413 1658 2602 1737 bens3
2633 1678 2752 1722 nec
2783 1658 3022 1740 aliquid
3065 1659 3291 1721 horum
3333 1658 3398 1721 in
3437 1660 3564 1721 Deo
3601 1666 3698 1720 est
3725 1667 3908 1720 actus

2414 1758 2664 1819 elicitus
2722 1758 2902 1839 quasi
2959 1757 3038 1820 ab
3096 1758 3371 1819 essentia
3425 1766 3534 1819 aut
3581 1757 3910 1819 voluntate

808 1860 1147 1941 respondet
1186 1858 1428 1940 aliquid
1464 1859 1529 1920 in
1563 1859 1884 1921 voluntate
1921 1858 2136 1920 divina
2176 1858 2298 1919 nisi
2337 1855 2386 1918 B
2416 1857 2525 1917 Dei
2571 1856 2824 1919 realiter
2864 1856 3190 1918 differens.

810 1976 939 2021 non
975 1957 1139 2019 velle
1176 1956 1513 2039 prohibere
1554 1976 1665 2019 seu
1708 1956 2019 2038 impedire
2057 1956 2302 2037 aliquid

811 2055 982 2132 fieri,
1038 2056 1173 2118 sive
1222 2074 1348 2117 non
1398 2055 1567 2118 nolle
1620 2073 1633 2117 :
1688 2055 1856 2137 quod
1909 2064 2005 2117 est
2053 2055 2304 2136 negatio

810 2162 989 2217 actus
1038 2152 1240 2216 divini
1302 2152 1581 2235 positivi,
1635 2161 1696 2215 et
1746 2172 1859 2234 per
1907 2172 2302 2234 consequens

814 2269 941 2314 non
970 2259 1067 2313 est
1096 2250 1407 2333 positivus
1438 2259 1628 2313 actus.
1648 2252 1723 2312 Et
1752 2253 1915 2333 quod
1947 2251 2181 2313 dicitur
2207 2269 2307 2313 vo-

813 2351 950 2412 lens
993 2349 1223 2423 sinere,
1258 2348 1379 2412 hoc
1410 2357 1617 2430 potest
1649 2349 1940 2430 intelligi,
1976 2368 2101 2411 non
2134 2349 2303 2430 quod

814 2449 1042 2511 habeat
1090 2448 1253 2510 velle
1303 2454 1547 2509 rectum
1608 2448 1777 2509 eirca
1826 2448 1889 2509 id
1939 2449 2107 2529 quod
2169 2467 2306 2529 per-

815 2547 1032 2620 mittit,
1066 2546 1176 2609 sed
1217 2545 1527 2609 reflexum
1570 2547 1922 2608 secundum
1960 2553 2170 2608 actum
2210 2565 2304 2607 re-

811 2645 1073 2708 flexum.
1112 2644 1391 2707 Offertur
1420 2644 1591 2705 enim
1624 2642 1933 2705 voluntati
1970 2664 2099 2707 suae
2132 2645 2304 2706 hunc

813 2751 1247 2825 peccaturum,
1280 2750 1343 2805 et
1374 2742 1581 2824 primo
1611 2744 1905 2806 voluntas
1938 2744 2155 2805 divina
2190 2745 2307 2806 cir-

813 2861 887 2904 ca
936 2841 1107 2903 hunc
1154 2860 1283 2904 non
1330 2842 1519 2904 habet
1564 2842 1749 2915 velle,
1793 2842 1944 2923 quia
1991 2860 2117 2904 non
2169 2843 2307 2903 vult

813 2960 1201 3023 quemquam
1262 2959 1563 3023 peceare3
1615 2943 1896 3004 secundo
1954 2950 2157 3024 potest
2214 2941 2308 3003 in·

812 3039 1098 3119 telligere
1140 3040 1531 3102 voluntatem
1581 3059 1763 3102 suam
1811 3058 1938 3103 non
1988 3041 2307 3103 volentem
2343 3041 2386 3105 C
2419 3038 2761 3101 essentiam
2813 3057 2826 3100 :

816 3138 958 3212 hoc,
991 3145 1056 3200 et
1084 3145 1237 3200 tunc
1268 3147 1474 3220 potest
1503 3139 1665 3201 velle
1696 3140 2087 3202 voluntatem
2128 3160 2310 3203 suam

817 3254 945 3299 non
976 3237 1140 3299 velle
1171 3237 1290 3299 hoc
1326 3257 1338 3299 :
1374 3237 1593 3318 sicque
1628 3238 1863 3299 dicitur
1892 3239 2112 3301 volens
2144 3239 2310 3302 sine-

817 3356 908 3410 re,
942 3336 1297 3399 voluntarie
1327 3335 1557 3409 sinere,
1580 3336 1799 3398 volens
1832 3338 2221 3417 permittere,
2251 3347 2312 3401 et

819 3432 1173 3497 voluntarie
1204 3433 1423 3496 volens
1456 3434 1842 3516 permittere.
1878 3435 2053 3498 Sicut
2082 3455 2159 3498 ex
2189 3437 2313 3499 alia

820 3541 1018 3615 parte,
1070 3539 1446 3614 praesentato
1492 3531 1616 3594 sibi
1662 3533 1841 3608 Juda,
1890 3533 2101 3615 primo
2147 3536 2314 3596 Deus

820 3631 1011 3693 habet
1040 3648 1165 3693 non
1196 3629 1360 3693 velle
1392 3628 1516 3691 sibi
1546 3631 1835 3712 gloriam,
1854 3639 1917 3694 et
1948 3650 2073 3694 non
2106 3632 2315 3714 primo

820 3729 1010 3804 nolle,
1043 3729 1396 3792 secundum
1438 3729 1821 3811 positionem
1863 3730 2048 3792 istam
2090 3749 2314 3793 secun-

820 3829 1002 3907 dam3
1042 3835 1106 3890 et
1138 3833 1345 3910 potest
1375 3835 1527 3889 tunc
1567 3828 1848 3891 secundo
1882 3847 1949 3890 se
1984 3829 2314 3892 reflectere

820 3945 1014 4009 super
1042 3925 1231 3987 istam
1262 3925 1661 4006 negationem
1695 3933 1757 3988 et
1788 3925 1951 3988 velle
1980 3945 2121 3988 eam
2152 3945 2165 3988 :
2201 3927 2317 3989 sic—

819 4042 944 4105 que
990 4022 1207 4086 volens
1258 4041 1372 4084 seu
1418 4022 1774 4085 voluntarie
1818 4040 1944 4085 non
1993 4024 2173 4105 eligit
2211 4026 2314 4087 Ju-

820 4123 966 4184 dam
1004 4119 1287 4183 finaliter
1318 4127 1749 4202 peccaturum.
1783 4157 1864 4166 —
1891 4121 2034 4184 Haec
2066 4123 2308 4184 Seotus,

2493 1955 2796 2017 Praeterea
2847 1955 2925 2016 ad
2986 1954 3171 2017 istam
3229 1955 3646 2037 quaestionem
3709 1955 3914 2017 multo

2417 2053 2782 2137 praeclarius
2845 2054 3334 2135 evidentiusque
3397 2053 3750 2115 Alexander
3809 2072 3912 2115 re-

2415 2154 2705 2235 spondet,
2742 2160 2929 2233 prout
2969 2152 3158 2233 paulo
3197 2158 3342 2213 ante
3381 2159 3748 2233 praetactum
3791 2161 3911 2223 est,

2417 2260 2478 2314 et
2509 2269 2680 2314 nunc
2720 2250 2994 2332 plenius,
3029 2257 3099 2312 ut
3132 2258 3317 2313 tantae
3352 2250 3444 2313 rei
3473 2251 3720 2312 eluceat
3749 2251 3914 2313 veri-

2417 2359 2532 2424 taS,
2571 2358 2840 2430 tangam.
2877 2348 3234 2421 Permissio,
3275 2348 3505 2430 inquit,
3545 2348 3910 2430 praeceptiO,

2419 2448 2786 2530 prohibitio,
2819 2455 2964 2519 etc„
2999 2447 3342 2529 dupliciter
3377 2448 3580 2529 accipi
3623 2456 3909 2529 possunt.

2417 2547 2626 2609 Primo
2663 2546 2890 2619 active,
2925 2546 3145 2628 sicque
3190 2546 3528 2627 permissio
3569 2564 3694 2607 non
3737 2546 3914 2608 aliud

2418 2653 2514 2706 est
2550 2664 2741 2726 quam
2772 2644 3063 2706 voluntas
3105 2642 3503 2725 permittenS,
3538 2662 3654 2705 nec
3686 2663 3918 2725 praece-

2421 2743 2554 2825 ptio
2583 2761 2770 2824 quam
2808 2742 3098 2803 voluntas
3133 2742 3522 2824 praecipienS,
3537 2741 3630 2802 sic
3659 2760 3918 2823 quoque

2420 2843 2496 2903 de
2535 2840 2714 2919 aliis3
2754 2848 2817 2902 et
2857 2840 2949 2902 sic
2990 2840 3157 2903 idem
3199 2839 3566 2921 significant
3603 2850 3916 2922 quantum

2418 2940 2496 3002 ad
2543 2938 2895 3021 principale
2940 2938 3397 3019 significatum,
3435 2945 3590 3019 puta
3630 2938 3919 3001 divinam

2880 3037 3120 3119 aliquid
3181 3046 3394 3101 tamen
3455 3045 3800 3100 connotant
3850 3038 3917 3099 in

2421 3147 2726 3210 creatura,
2751 3138 2852 3200 vel
2886 3138 3178 3220 positive,
3204 3147 3273 3200 ut
3303 3139 3588 3220 operatio
3619 3145 3920 3200 connotat

2421 3237 2748 3310 effect-um,
2785 3237 3127 3318 praeceptio
3153 3237 3430 3317 jussum,
3463 3245 3625 3316 etc.;
3656 3237 3757 3299 vel
3792 3237 3920 3318 pri-

2420 3337 2736 3408 vative,ut
2768 3335 3102 3416 permissio
3133 3353 3259 3398 non
3292 3335 3922 3417 coercitionem,pro·

2421 3433 2650 3497 bibitio
2680 3432 2897 3514 fugam
2925 3440 3034 3494 aut
3064 3451 3189 3495 non
3222 3433 3656 3496 sectationem.
3682 3435 3920 3497 Secun-

2422 3534 2504 3595 do
2551 3539 2892 3594 sumuntur
2940 3531 3190 3612 passive
3233 3549 3247 3593 ε
3294 3539 3362 3592 ut
3411 3532 3755 3614 praeceptio
3802 3550 3923 3614 pro

2425 3651 2492 3694 re
2533 3638 2867 3713 praecepta,
2904 3628 3252 3712 prohibitio
3303 3648 3418 3711 pro
3464 3649 3530 3692 re
3575 3630 3921 3711 prohibita,

2425 3729 2761 3812 permissio
2802 3745 2915 3810 pro
2955 3747 3022 3790 re
3064 3727 3395 3812 permissa,
3429 3735 3547 3790 ete.
3584 3728 3661 3790 Et
3693 3727 3780 3790 ita
3808 3747 3927 3811 per

2425 3846 2498 3889 ea
2547 3844 2674 3889 non
2737 3826 3139 3908 significatur
3186 3825 3405 3888 divina
3460 3827 3758 3899 essentia,
3811 3827 3926 3888 sed

2425 3925 2678 4006 signum
2720 3924 3064 3986 voluntatis
3108 3922 3363 3998 divinae,
3396 3923 3498 3985 vel
3541 3924 3606 3986 in
3649 3932 3818 3998 actu,
3853 3931 3928 3986 ut.

2426 4024 2491 4086 in
2541 4022 2905 4104 operatione
2954 4029 3019 4084 et
3060 4022 3488 4103 praeceptione
3536 4029 3726 4105 atque
3773 4041 3924 4085 con·

2425 4121 2606 4200 silio;
2647 4121 2749 4184 vel
2789 4120 2853 4183 in
2892 4121 3186 4202 opposito
3227 4129 3428 4194 actuS,
3462 4120 3628 4183 sicut
3671 4121 3737 4182 in
3781 4140 3926 4203 pro-

904 4218 1099 4300 Cujus
1146 4217 1341 4280 verba
1385 4217 1683 4279 videntur
1742 4218 1973 4300 partim
2022 4218 2310 4283 obscura.
2344 4222 2395 4285 D
2425 4220 2775 4299 hibitione;
2816 4220 2917 4282 vel
2967 4219 3033 4281 in
3083 4238 3158 4282 eo
3205 4220 3374 4302 quod
3425 4219 3700 4293 elicitur,
3751 4220 3924 4282 sicut

824 4317 953 4378 Hoc
996 4323 1209 4377 tamen
1252 4315 1607 4388 sciendum,
1650 4315 1819 4396 quod
1864 4316 2190 4397 Scriptura
2231 4326 2319 4379 at-

825 4413 1052 4476 tribuit
1093 4415 1221 4475 Deo
1268 4412 1458 4486 nolle,
1500 4433 1700 4495 quum
1751 4414 1887 4495 ipse
1931 4434 2043 4496 per
2091 4416 2316 4478 isaiam

828 4512 998 4575 dicat
1043 4509 1305 4592 iniqui3‚
1357 4511 1503 4584 Quae
1555 4511 1731 4573 nolui
1788 4511 2068 4593 elegistis
2120 4533 2134 4576 :
2188 4514 2317 4576 imo

828 4618 891 4674 et
938 4627 1065 4674 non
1116 4609 1387 4693 placere,
1441 4611 1978 4690 quemadmodum
2038 4613 2318 4675 secundo

824 4711 1068 4791 Regum
1113 4708 1309 4771 David
1352 4707 1461 4781 ait,
1496 4707 1558 4770 Si
1604 4707 1853 4781 dixerit,
1896 4708 2032 4770 Non
2082 4709 2316 4790 placeS,

825 4815 1056 4893 praesto
1102 4826 1265 4869 sum.
1321 4807 1398 4867 Et
1445 4805 1499 4868 si
1549 4823 1675 4868 non
1736 4805 1985 4886 placere
2032 4815 2321 4868 sumatur

825 4925 940 4989 pro
978 4907 1337 4987 displicere,
1370 4904 1561 4966 etiam
1602 4903 1942 4985 displicere
1981 4904 2108 4967 Deo
2148 4905 2322 4967 attri-

824 5004 1145 5068 bueretur.
1179 5005 1314 5067 Imo
1347 5003 1414 5064 in
1454 5002 1800 5083 Scripturis
1839 5003 2177 5084 displicere
2217 5005 2322 5066 ad-

824 5103 1127 5166 scribitur
1154 5104 1283 5166 Deo
1310 5102 1518 5183 (juxta
1558 5100 1716 5162 illud
1756 5101 2017 5163 secundi
2052 5101 2314 5182 Regum,

529 5218 792 5271 [maxum.
824 5200 1162 5284 Displicuit
1192 5199 1460 5262 verbum
1491 5199 1662 5281 quod
1694 5198 1845 5260 fecit
1875 5199 2071 5261 David
2103 5217 2314 5262 coram

825 5299 1094 5363 Domino
1122 5315 1135 5360 z
1171 5297 1462 5360 videlicet
1496 5297 1908 5360 adulterando
1940 5316 2084 5359 cum
2123 5315 2316 5360 uxore

2427 4321 2491 4382 in
2538 4319 2967 4401 permissione.
3010 4354 3092 4363 —
3135 4319 3211 4380 Et
3251 4318 3543 4400 quamvis
3586 4317 3920 4400 permissio

2426 4427 2676 4500 sumpta
2713 4419 2940 4490 active,
2975 4418 3057 4479 sit
3087 4417 3340 4479 realiter
3368 4417 3584 4479 divina
3619 4417 3917 4491 essentia,

2426 4526 2639 4579 tamen
2699 4516 3051 4578 secundum
3115 4515 3422 4578 rationem
3484 4515 3920 4597 intelligentiae

2427 4615 2647 4676 differt
2685 4615 2764 4677 ab
2805 4633 2880 4676 ea
2913 4634 2926 4677 :
2961 4612 3262 4695 quoniam
3307 4615 3675 4694 superaddit
3712 4613 3920 4676 inten-

2429 4714 2667 4776 tionem
2700 4712 3042 4774 voluntatis
3077 4729 3204 4774 non
3237 4709 3574 4773 cohibendi
3617 4712 3780 4774 mala
3810 4721 3922 4774 aut

2428 4812 2601 4875 vitia.
2647 4812 2790 4872 Haec
2832 4809 3202 4873 Alexander.
3237 4845 3318 4854 —
3354 4808 3526 4870 Idem
3569 4809 3927 4872 Antisiodo-

2428 4910 2631 4971 rensis
2675 4909 2741 4971 in
2785 4909 3046 4970 Summa
3088 4926 3202 4968 sua
3244 4905 3408 4968 libro
3450 4906 3676 4988 primo.

2537 5008 2856 5069 Postremo
2917 5006 3250 5067 Durandus
3316 5005 3421 5066 hic
3481 5003 3843 5066 sciscitatur
3905 5024 3921 5068 :

2426 5105 2631 5178 Quum
2691 5103 3060 5184 dispensare
3117 5103 3201 5166 sit
3249 5103 3326 5164 de
3385 5102 3612 5164 illicito
3670 5100 3923 5164 licitum

2426 5201 2655 5274 facere,
2696 5201 2864 5262 idem
2909 5208 3004 5262 est
3046 5219 3349 5281 quaerere,
3381 5218 3460 5260 an
3505 5200 3670 5261 Deus
3714 5199 3926 5261 valeat

2425 5299 2792 5381 dispensare
2854 5304 3072 5360 cont-ra
3130 5304 3444 5379 praecepta
3491 5296 3806 5376 Decalogi‚
3853 5305 3922 5359 et
