4359 6250
1091 479 1314 534 QUAEST.
1363 478 1408 523 11
1450 478 1465 523 t
1511 478 1715 524 mmm
1756 477 1822 523 IN
1862 476 1981 522 ΠΕΟ
2021 476 2180 523 VERE
2222 477 2316 523 SIT
2355 476 2660 535 nmmum,
2700 476 2829 523 mc.

3394 456 3511 523 175

402 646 750 727 respondet
803 665 818 709 t
870 648 1036 710 Deus
1083 655 1179 709 est
1230 646 1429 729 magis
1487 666 1654 708 unus
1709 664 1902 728 quam
1933 644 1986 708 A
2015 662 2142 707 non
2175 645 2260 707 sit
2290 645 2447 727 ipse,
2472 645 2558 707 ita
2588 650 2683 707 est
2714 664 2880 707 unus
2911 662 3037 707 non
3066 644 3280 727 aliqua
3309 644 3511 707 unita-

403 743 614 805 unitas
647 753 877 819 creata,
897 764 1036 827 quae
1065 764 1179 828 per
1208 751 1569 827 respectum
1595 745 1673 806 ad
1706 745 1904 806 Deum

401 858 472 902 se
509 841 706 904 habet
745 843 912 906 sicut
949 843 1242 917 effectuS,
1276 852 1340 906 et
1377 852 1474 905 est
1512 844 1579 905 in
1622 843 1904 925 potentia

399 946 594 1021 atque
644 942 1096 1024 componibilis
1144 942 1324 1004 alteri
1377 960 1390 1003 :
1437 959 1713 1023 quorum
1763 941 1902 1003 nul-

404 1038 540 1099 lum
587 1040 888 1103 convenit
929 1040 1156 1102 unitati
1204 1040 1496 1103 increatae
1546 1059 1688 1122 quae
1735 1040 1902 1101 Deus

401 1146 520 1210 est,
554 1139 667 1220 qui
699 1146 796 1201 est
823 1147 968 1201 ante
999 1157 1255 1202 omnem
1287 1139 1598 1201 unitatem
1629 1146 1902 1199 creatam

403 1243 708 1318 tanquam
749 1256 939 1299 causa
978 1237 1201 1320 ipsius.
1245 1238 1404 1300 Hinc
1437 1238 1659 1299 dicunt
1699 1235 1903 1318 philo-

400 1334 614 1416 sophi,
647 1335 818 1416 quod
866 1352 1058 1398 omne
1105 1336 1275 1417 quod
1323 1342 1418 1398 est
1468 1336 1627 1397 citra
1676 1334 1899 1407 Deum,

398 1438 500 1491 est
543 1431 662 1494 hoc
705 1440 769 1493 et
810 1431 950 1495 hoc.
986 1432 1191 1515 Atque
1228 1432 1586 1495 Avicebron
1634 1433 1697 1493 in
1740 1431 1904 1493 libro

397 1529 617 1591 Fontis
647 1530 794 1593 vitae
823 1530 1392 1593 fatetur2Primum
1425 1539 1706 1593 creatum
1736 1530 1902 1611 quod

397 1627 632 1708 recipit
680 1648 717 1691 a
767 1630 978 1711 primo
1037 1630 1338 1703 increato,
1390 1629 1760 1711 recipiendo
1807 1634 1904 1691 est

396 1724 549 1798 duo,
592 1725 748 1808 quia
792 1727 1110 1809 recipiens
1157 1734 1220 1790 et
1261 1735 1611 1809 receptum.
1655 1726 1903 1809 Recipit

2015 748 2076 803 te
2107 762 2249 823 quoe
2280 760 2407 806 non
2438 743 2521 804 sit
2553 743 2711 824 ipse,
2748 743 2856 805 sed
2890 761 3003 824 per
3031 742 3373 805 essentiam
3410 761 3510 803 su-

2015 860 2140 915 am,
2186 842 2329 903 ideo
2369 842 2643 903 maxime
2684 860 2904 903 unum.
2944 840 3131 903 Aliud
3172 848 3268 902 cst
3308 860 3509 901 unum

2016 939 2187 1020 quod
2220 956 2345 1001 non
2380 940 2770 1002 convertitur
2800 958 2947 1001 cum
2978 946 3145 1012 ente,
3180 939 3350 1020 quod
3381 956 3508 1000 non

2017 1044 2225 1117 potest
2256 1038 2563 1100 transumi
2604 1039 2683 1100 ad
2715 1038 2932 1099 divina
2965 1044 3276 1118 quantum
3307 1036 3384 1098 ad
3412 1054 3512 1116 ge·

2016 1154 2136 1196 nus
2177 1154 2389 1209 suum,
2424 1136 2595 1217 quod
2636 1141 2733 1196 est
2774 1134 3115 1215 quantitaS,
3150 1134 3262 1195 sed
3302 1133 3509 1215 quoad

2014 1231 2445 1295 differentiam
2493 1251 2695 1305 suam,
2730 1252 2873 1315 quae
2921 1232 2999 1294 ad
3049 1230 3508 1313 perfectionem

2013 1338 2109 1392 est
2139 1331 2669 1412 pertinenS‚sicut
2700 1330 3179 1393 indivisibilitas
3210 1336 3273 1390 et
3305 1330 3508 1410 prima

2015 1429 2172 1491 ratio
2206 1429 2635 1504 mensurandi,
2661 1448 2774 1493 seu
2804 1430 3049 1512 aliquid
3081 1432 3219 1494 tale.
3249 1433 3377 1495 Hoc
3407 1451 3510 1494 au-

2014 1536 2141 1590 tem
2174 1548 2374 1590 unum
2408 1530 2575 1611 quod
2609 1548 2755 1591 cum
2786 1536 2932 1592 ente
2964 1532 3378 1605 convertitur,
3412 1530 3506 1592 ni-

2013 1626 2105 1687 hil
2147 1627 2315 1689 reale
2360 1628 2728 1710 superaddit
2764 1629 2998 1703 eidem,
3034 1629 3201 1692 sicut
3245 1648 3361 1691 nec
3402 1648 3505 1691 ve-

2013 1744 2156 1787 rum
2204 1744 2321 1787 nec
2368 1725 2627 1799 bonum,
2663 1746 2804 1808 quae
2850 1734 3310 1790 convertuntur
3358 1746 3506 1790 cum

395 1824 576 1885 enim
615 1843 756 1887 esse
795 1845 834 1887 a
871 1826 1103 1908 primo,
1136 1833 1200 1889 et
1240 1835 1336 1889 est
1375 1826 1531 1909 quid
1571 1844 1772 1887 unum
1806 1844 1900 1887 re·
1938 1829 1985 1891 B
2013 1831 2177 1885 ente.
2203 1858 2285 1868 —-
2314 1824 2389 1885 Et
2419 1843 2533 1905 per
2561 1824 2681 1886 hoc
2713 1832 2883 1906 patet
2914 1825 3147 1888 solutio
3178 1826 3367 1889 tertii.
3393 1826 3509 1889 Un-

397 1930 660 2004 ceptum
690 1931 754 1985 et
784 1925 1249 2007 participatum.
1267 1925 1711 1988 consideratur
1741 1942 1904 1985 nam-

397 2040 526 2102 que
579 2021 646 2083 in
696 2040 770 2084 eo
819 2023 1061 2104 aliquid
1110 2042 1224 2105 per
1274 2024 1534 2085 modum
1583 2030 1785 2096 actus,
1838 2030 1902 2084 et

395 2120 644 2202 aliquid
697 2140 812 2202 per
859 2122 1120 2184 modum
1175 2122 1492 2204 potentiae.
1550 2122 1623 2183 Et
1673 2122 1761 2183 ita
1807 2139 1902 2183 se-

395 2220 686 2281 cundum
747 2220 1030 2283 diversas
1093 2220 1629 2284 considerationes
1691 2220 1900 2282 unitas

395 2325 610 2381 creata
668 2318 905 2380 dicitur
953 2319 1164 2381 unitas
1216 2328 1278 2381 et
1330 2320 1458 2382 duo
1512 2337 1526 2381 :
1580 2320 1899 2401 siquidem

395 2416 643 2479 ratione
702 2416 1229 2479 indivisibilitatis
1273 2418 1510 2480 dicitur
1556 2417 1789 2492 unitaS,
1835 2423 1899 2479 et

393 2514 640 2576 dicitur
704 2515 830 2576 duo
893 2515 959 2577 in
1021 2524 1333 2597 quantum
1393 2516 1550 2598 quid
1615 2522 1897 2578 creatum

394 2613 821 2674 constitutum
866 2613 932 2673 in
975 2614 1188 2694 specie
1237 2622 1558 2678 creatura).
1608 2614 1752 2676 Haec
1796 2614 1898 2676 Al-

393 2710 640 2773 bertus.

478 2808 932 2872 Verumtamen
972 2810 1050 2871 de
1079 2810 1199 2872 hac
1239 2830 1326 2883 re,
1361 2830 1440 2873 an
1480 2810 1726 2873 scilicet
1758 2811 1896 2873 uni-

391 2916 494 2970 tas
533 2916 600 2970 et
637 2928 944 2971 numerus
983 2909 1196 2971 dicant
1229 2910 1473 2991 aliquid
1516 2911 1786 2992 positive
1830 2911 1896 2973 in

393 3008 548 3083 Det),
593 3015 842 3091 oportet
882 3008 1136 3090 plenius
1179 3010 1582 3090 perscrutari.

476 3207 662 3269 Nunc
707 3207 902 3288 igitur
943 3207 1455 3288 respondendum
1498 3208 1575 3270 ad
1620 3206 1889 3287 objecta.

388 3307 606 3386 Atque
632 3305 713 3366 ad
744 3305 1025 3386 primum
1055 3304 1420 3379 dicendum,
1438 3305 1608 3386 quod
1639 3305 1896 3368 divinus

393 3402 738 3485 Dionysius
771 3402 909 3464 vult
948 3403 1182 3476 dicere,
1214 3401 1384 3484 quod
1428 3402 1595 3465 Deus
1625 3411 1722 3464 est
1749 3412 1896 3466 ante

391 3501 711 3562 unitatem
772 3507 1046 3562 creatam
1107 3509 1407 3581 tanquam
1457 3500 1785 3583 exemplar
1832 3509 1896 3563 et

389 3599 552 3662 finis
609 3598 1035 3681 effectivaque
1093 3616 1282 3660 causa
1341 3598 1536 3672 illius,
1601 3607 1666 3661 et
1723 3601 1895 3683 quod

394 3699 671 3780 ipsemet
711 3698 877 3760 Deus
918 3703 1015 3759 est
1053 3716 1218 3758 unus
1254 3705 1318 3758 et
1359 3697 1569 3759 unitas
1609 3717 1896 3780 superes·

389 3796 848 3869 sentialiter,et
876 3795 1130 3858 infinite
1159 3795 1548 3858 eminentius
1581 3815 1772 3879 quam
1801 3816 1897 3860 ca-

394 3914 552 3978 pere
582 3895 928 3957 valeamus.
966 3894 1139 3956 Unde
1170 3895 1441 3976 ipsemet
1471 3895 1530 3957 S.
1556 3895 1894 3977 Dionysius

396 3996 636 4057 iterum
687 3999 1100 4066 contestatur,
1150 3993 1320 4074 quod
1369 3994 1534 4056 Deus
1583 4001 1679 4055 est
1730 4014 1895 4056 unus

351 4111 362 4122 ·
393 4101 462 4155 et
491 4093 725 4166 unitas,
755 4091 910 4154 ordo
940 4098 1004 4152 et
1033 4109 1338 4154 numerus
1373 4109 1386 4152 ε
1422 4092 1572 4173 quia
1600 4092 1898 4154 videlicet

2013 1922 2090 1983 de
2121 1929 2185 1982 et
2213 1922 2419 1983 unitas
2451 1942 2587 2003 quae
2617 1929 2713 1985 est
2742 1923 3033 1997 DeuS‚est
3062 1925 3266 1987 omnis
3296 1944 3509 1987 nume-

2012 2038 2120 2081 rus
2165 2021 2371 2082 activa
2416 2021 2697 2102 potentia
2738 2022 3217 2104 exemplarique
3265 2023 3506 2085 ratione

2009 2126 2073 2180 et
2115 2120 2633 2201 superessentiali
2681 2119 3094 2203 perfectione,
3133 2142 3261 2203 qua
3304 2122 3507 2185 omni-

2013 2235 2119 2278 um
2153 2236 2367 2279 rerum
2396 2235 2470 2280 ac
2501 2236 2913 2280 numerorum
2948 2218 3407 2301 perfectionem
3441 2221 3506 2283 in

2009 2333 2076 2376 se
2107 2316 2657 2397 supereminenter
2689 2317 3191 2399 comprehendit,
3224 2317 3411 2380 habet
3444 2326 3507 2380 et

2010 2414 2311 2476 continet.
2344 2450 2426 2461 —--
2454 2416 2547 2477 Ad
2591 2422 2887 2497 quartum
2930 2416 3199 2478 Thomas
3248 2434 3505 2498 respon—

2008 2512 2134 2587 det,
2170 2514 2340 2595 quod
2380 2513 2545 2575 Deus
2590 2520 2685 2576 est
2727 2514 2972 2595 aliquid
3010 2514 3503 2577 determinatum

2009 2611 2076 2673 in
2125 2630 2193 2674 se
2242 2630 2255 2674 :
2302 2612 2457 2675 alias
2502 2612 2579 2675 de
2630 2612 2769 2695 ipso
2812 2612 3027 2693 negari
3076 2630 3200 2675 non
3246 2621 3505 2695 possent

2009 2720 2443 2774 creaturarum
2501 2712 2893 2774 conditiones
2942 2719 3007 2773 et
3060 2712 3497 2794 proprietates,

2007 2808 2144 2871 Non
2175 2818 2388 2872 tamen
2420 2810 2656 2871 dicitur
2684 2809 3142 2872 determinatus
3171 2810 3353 2891 quasi
3384 2818 3505 2872 ter·

2009 2908 2185 2971 mino
2226 2909 2356 2972 ullo
2397 2909 2645 2981 finitus,
2688 2907 2798 2969 sed
2844 2908 2995 2989 quia
3039 2926 3151 2990 per
3194 2909 3503 2971 excellen-

1934 3009 1977 3072 C
2007 3006 2161 3068 tiam
2220 3009 2319 3069 sui
2370 3006 2835 3090 simplicissimi
2894 3024 3055 3081 esse,
3107 3007 3277 3088 quod
3332 3009 3504 3071 addi·

2006 3103 2248 3168 tionem
2296 3124 2422 3169 non
2473 3104 2763 3187 suscipit,
2810 3123 2847 3166 a
2897 3104 3203 3168 creaturis
3254 3107 3502 3169 cunctis

2007 3203 2440 3284 distinguitur.

2446 3528 2921 3602 QUAESTIO
3000 3531 3079 3593 II

2129 3791 2389 3854 Ecundo
2412 3791 2853 3873 principaliter
2873 3791 3185 3872 quaeritur,
3201 3793 3497 3861 Utrum

2153 3891 2241 3956 111
2270 3892 2431 3957 Deo
2459 3904 2651 3956 vere
2684 3891 2799 3958 sit
2831 3905 3250 3973 numeru-:⁵3
3278 3894 3364 3959 et
3394 3907 3498 3959 an

2004 3989 2275 4056 unitas
2320 4003 2412 4055 ac
2458 4003 2838 4056 numerus
2884 3989 3156 4056 dicant
3201 3991 3288 4056 111
3337 3993 3497 4057 Deo

2005 4089 2199 4170 quid.
2239 4087 2701 4167 positivum.

393 4211 566 4253 unus
597 4199 658 4252 et
689 4191 900 4253 unitas
929 4209 1006 4252 ex
1039 4198 1262 4252 natura
1290 4190 1380 4252 rei
1413 4198 1782 4272 competunt
1811 4190 1893 4267 ei,
1928 4201 1977 4261 Ι)
2087 4185 2350 4246 Videtur
2387 4185 2557 4266 quod
2598 4186 2664 4247 in
2706 4187 2834 4249 Deo
2878 4203 3006 4248 non
3045 4187 3127 4248 sit
3167 4207 3491 4252 numerus.

393 4290 554 4352 ordo
601 4305 754 4351 vero
811 4295 875 4349 et
933 4306 1240 4350 numerus
1299 4307 1412 4370 per
1461 4288 1786 4370 exemplar
1833 4296 1897 4351 et

393 4406 678 4450 causam.
734 4387 972 4449 Tamen
1028 4386 1348 4468 quomodo
1403 4404 1709 4448 numerus
1767 4387 1897 4449 Deo

391 4487 760 4560 conveniat,
797 4502 944 4547 mox
975 4485 1208 4548 clarius
1247 4484 1658 4567 exprimetur.
1693 4521 1774 4532 —
1799 4485 1895 4548 Ad

390 4585 776 4658 secundum,
830 4582 1000 4666 quod
1050 4584 1259 4646 unitas
1308 4585 1434 4645 Deo
1482 4585 1890 4659 convenienS,

388 4691 492 4746 est
543 4683 758 4745 unitas
805 4683 972 4744 entis
1021 4700 1148 4745 non
1198 4682 1603 4744 determinati
1657 4683 1733 4744 ad
1781 4683 1892 4745 ali-

388 4782 568 4864 quod
599 4799 821 4862 genus.
847 4781 1006 4842 Hinc
1037 4781 1306 4844 Thomas
1335 4781 1413 4842 ad
1447 4780 1614 4842 istud
1645 4798 1896 4863 respon·

389 4881 502 4942 det
547 4897 562 4941 ε
609 4879 820 4941 Unum
869 4879 1213 4961 dupliciter
1260 4878 1513 4940 dicitur.
1567 4879 1674 4940 Est
1721 4878 1892 4940 enim

389 4996 605 5040 unum
653 4977 826 5058 quod
875 4977 1266 5040 convertitur
1313 4995 1461 5038 cum
1511 4984 1678 5050 ente,
1726 4976 1895 5059 quod

387 5093 526 5138 non
556 5082 655 5136 est
695 5074 1187 5136 determinatum
1226 5074 1303 5136 ad
1342 5093 1543 5154 genus
1582 5074 1894 5155 quantita-

387 5173 500 5246 tis,
539 5173 672 5235 imo
703 5172 769 5233 in
801 5172 1102 5234 omnibus
1130 5171 1388 5233 entibus
1427 5171 1750 5234 invenitur
1785 5188 1798 5232 :
1833 5177 1896 5232 et

385 5272 568 5334 sicut
611 5271 780 5332 Deus
824 5276 921 5331 est
961 5288 1076 5332 ens
1119 5287 1246 5333 non
1287 5268 1502 5351 aliquo
1541 5288 1681 5332 esse
1723 5269 1894 5350 quod

2007 4284 2239 4356 Primo,
2273 4283 2423 4365 quia
2461 4284 2539 4345 de
2580 4284 2821 4347 ratione
2862 4287 3113 4348 numeri
3152 4293 3249 4349 est
3278 4307 3497 4350 nume-

2007 4391 2286 4446 ratorum
2327 4380 2658 4444 diversitas
2694 4400 2709 4444 ε
2742 4403 2889 4446 nam
2933 4392 2996 4446 et
3035 4390 3195 4447 teste
3232 4385 3491 4460 Isidoro,

2007 4500 2311 4544 numerus
2351 4480 2586 4541 dicitur
2616 4480 2797 4562 quasi
2837 4489 3031 4544 nutus
3072 4485 3394 4558 memoriS,
3429 4485 3494 4546 id
3570 4505 3642 4561 cf.
3678 4509 3784 4551 tom.

2005 4588 2102 4643 est
2148 4578 2552 4641 diversitatis.
2588 4581 2656 4641 ln
2702 4580 2828 4642 Deo
2870 4587 3107 4656 autem,
3150 4590 3222 4644 ut
3263 4584 3489 4664 patuit,
3522 4567 3792 4624 ¹¹2¹²⁴²⁴⁰

2006 4679 2181 4741 nulla
2212 4677 2501 4740 consistit
2529 4677 2881 4740 diversitas.
2916 4715 2997 4726 —
3024 4679 3333 4754 SecundO,
3358 4682 3495 4744 Phi-

2007 4777 2308 4858 losophus
2338 4793 2507 4838 nono
2545 4777 2985 4859 Metaphysicae
3015 4778 3296 4860 loquitur
3329 4796 3343 4840 :
3376 4779 3496 4841 Nu·

2007 4895 2219 4938 merus
2248 4882 2345 4937 est
2374 4874 2713 4937 multitudo
2742 4884 3101 4938 mensurata
3132 4895 3243 4958 per
3273 4897 3488 4939 unum.

2004 4974 2170 5036 Deus
2218 4981 2433 5035 autem
2482 4979 2579 5034 est
2627 4972 2921 5035 infinitus
2970 4981 3033 5036 et
3080 4975 3494 5037 immensura-

2005 5079 2125 5134 tus.
2161 5106 2243 5116 —
2274 5071 2503 5144 Tertio,
2547 5071 2699 5152 quia
2746 5071 2999 5133 Boetius
3048 5071 3114 5133 in
3167 5071 3331 5133 libro
3377 5091 3495 5135 suo

2004 5170 2081 5232 de
2112 5168 2415 5232 Trinitate
2445 5167 2781 5230 disseruit:
2806 5168 2935 5231 Hoc
2964 5187 3112 5231 vere
3142 5177 3237 5230 est
3266 5188 3489 5244 unum,

2003 5268 2070 5331 in
2117 5284 2247 5350 quo
2293 5267 2509 5331 nullus
2557 5274 2653 5328 est
2700 5285 3024 5329 numerus,
3071 5267 3146 5331 Et
3195 5267 3495 5351 intelligit
