4359 6250
877 477 998 542 542

1555 497 1620 543 IN
1660 496 1881 544 LIBRUM
1925 497 1945 542 1
1987 495 2469 543 SENTENTIARUH.
2518 515 2597 524 --
2638 497 2790 543 msr.
2837 496 2978 560 xm3
3022 497 3245 552 QUAEST.
3293 499 3313 542 1

873 668 968 730 dit
1016 666 1374 749 tripliciter.
1419 665 1650 738 Primo,
1685 665 1838 746 quia
1888 664 1954 726 in
2003 664 2195 726 rebus
2244 682 2378 727 om-
2410 663 2461 725 A
2492 683 2641 744 ergo
2691 666 2966 747 pertinet
3007 668 3085 728 ad
3138 666 3447 729 effectum
3498 667 3997 749 praedestinatio-

876 766 1031 827 nino
1073 763 1426 846 aequalibus
1467 763 1694 826 electio
1739 763 2054 825 nominari
2101 781 2230 824 non
2271 781 2379 844 po-

877 871 1000 926 test
1032 881 1046 924 :
1081 880 1232 943 ergo
1259 863 1312 924 si
1346 862 1512 924 Deus
1555 861 1746 923 istum
1783 862 1995 942 elegit,
2031 862 2245 943 aliqua
2284 868 2381 922 est

876 961 1243 1024 differentia
1291 961 1477 1023 electi
1527 979 1565 1021 a
1610 977 1736 1022 non
1787 960 2007 1021 electo.
2063 959 2377 1032 Secundo,

878 1061 1027 1142 quia
1081 1059 1147 1121 in
1205 1058 1506 1122 omnibus
1563 1056 1866 1139 operibus
1928 1057 2381 1119 misericordia»

876 1158 988 1220 Dei
1031 1157 1284 1220 videtur
1325 1175 1702 1220 concurrere
1743 1155 1992 1236 justitia
2026 1173 2040 1218 ε
2075 1173 2226 1236 ergo
2267 1155 2380 1217 ali-

876 1275 1003 1340 qua
1051 1263 1147 1318 est
1190 1255 1636 1318 convenientia
1678 1274 1756 1316 ex
1801 1262 1978 1336 parte
2019 1254 2160 1334 ejus
2211 1255 2382 1315 circa

877 1375 1070 1438 quem
1104 1353 1600 1416 misericorditer
1629 1361 1944 1434 operatur.
1971 1353 2205 1426 Tertio,
2233 1353 2382 1433 quia

877 1453 1296 1516 consimiliter
1327 1453 1577 1514 videtur
1606 1471 1732 1514 non
1765 1471 1903 1514 esse
1936 1452 2037 1513 vel
2079 1470 2224 1512 esse
2256 1469 2383 1512 me-

877 1553 1072 1614 ritum
1113 1551 1442 1615 elect10nis
1473 1559 1536 1612 et
1578 1549 2044 1632 reprobationis
2082 1567 2095 1610 :
2129 1557 2193 1610 et
2236 1549 2384 1610 licet

880 1649 1120 1712 malitia
1169 1669 1310 1732 quae
1360 1656 1455 1712 est
1503 1668 1579 1711 ex
1629 1657 1806 1730 parte
1861 1648 2205 1731 reprobati,
2256 1665 2382 1708 non

877 1750 960 1810 sit
989 1767 1182 1810 causa
1211 1748 1554 1810 damnandi
1599 1767 1676 1809 ex
1709 1755 1885 1828 partc
1927 1746 2060 1820 Dei,
2095 1746 2183 1807 ita
2212 1746 2383 1826 quod

2492 763 2613 836 niS,
2648 771 2711 825 et
2752 764 2837 827 ita
2878 783 3005 828 non
3047 773 3142 827 est
3188 766 3348 828 ratio
3388 766 3703 846 eligendi3
3738 785 4001 848 respon-

2492 862 2619 930 det,
2664 863 2833 943 quod
2884 862 3091 926 bonus
3143 884 3296 926 usus
3347 864 3819 946 quodammodo
3868 881 3995 923 non

2494 959 2842 1022 includitur
2874 961 2939 1022 in
2973 961 3521 1043 praedestinatione
3552 981 3669 1024 nec
3702 960 3824 1024 sub
3854 961 3999 1041 ejus

2492 1056 2753 1132 effectu,
2788 1058 2936 1121 licet
2968 1078 3097 1122 non
3129 1061 3207 1122 sit
3241 1060 3379 1122 sine
3407 1061 3549 1141 ejus
3579 1060 3841 1132 effectu,
3878 1077 3999 1120 nec

2492 1155 2574 1218 sit
2617 1157 2993 1220 distinctum
3042 1158 3104 1220 id
3148 1159 3315 1240 quod
3362 1166 3459 1221 est
3500 1157 4002 1241 praedestinatio·

2492 1255 2615 1328 niS‚
2659 1255 2739 1318 ab
2780 1275 2858 1319 eo
2900 1258 3069 1338 quod
3117 1256 3302 1319 liberi
3352 1265 3447 1319 est
3492 1257 3761 1319 arbitrii.
3796 1293 3877 1302 —
3924 1256 4001 1317 Et.

2492 1354 2585 1416 sic
2614 1355 2964 1416 secundum
3009 1356 3248 1438 ipsum,
3286 1356 3403 1418 ista
3442 1356 3603 1418 ratio
3642 1355 3807 1418 valet
3842 1355 3999 1416 assi-

2491 1452 2669 1533 gnari
2704 1452 2768 1514 in
2801 1454 3168 1533 communi3
3202 1463 3265 1516 ct
3299 1455 3361 1517 in
3394 1454 3701 1536 singulari
3733 1455 3811 1514 de
3844 1471 4003 1535 quo·

2492 1569 2768 1632 cumque
2801 1552 3246 1633 praedestinato
3276 1572 3387 1615 seu
3422 1552 3755 1634 reprobato
3788 1559 4001 1633 potest

2490 1649 2797 1729 assignari
2832 1650 2991 1712 ratio
3023 1669 3100 1712 ex
3134 1658 3311 1732 parte
3354 1651 3577 1733 ipsiuS‚
3608 1658 3673 1712 et
3706 1658 3802 1713 est
3834 1651 3999 1712 ratio

2494 1765 2621 1809 uon
2656 1755 2915 1830 propter
2945 1769 3163 1831 quam,
3199 1750 3307 1812 sed
3340 1750 3477 1812 sine
3509 1769 3634 1833 qua
3670 1766 3797 1812 non
3825 1767 3840 1812 τ
3866 1766 3997 1811 non

876 1847 954 1910 sit
989 1866 1178 1910 causa
1206 1847 1475 1910 actionis
1507 1846 1738 1908 divinae
1775 1845 2210 1927 reprobativae‚
2233 1844 2382 1926 quia
2416 1848 2463 1911 B
2494 1853 2707 1909 tamen
2754 1856 2846 1909 est
2893 1849 3174 1911 hominis
3219 1849 3393 1911 illam
3439 1849 3505 1910 in
3548 1847 3879 1929 singulari⁴
3906 1848 4001 1910 in-

877 1947 970 2008 sic
1003 1947 1168 2008 Deus
1201 1953 1366 2008 esset
1397 1945 1708 2028 passivuS,
1743 1954 1805 2007 et
1838 1944 2186 2026 temporale
2216 1950 2384 2004 esset

879 2063 1069 2107 causa
1115 2045 1372 2122 aeterni3
1408 2052 1616 2106 tamen
1670 2044 1831 2105 bene
1885 2042 2258 2105 conceditur
2304 2061 2381 2104 ex

878 2152 1056 2226 parte
1083 2143 1422 2206 damnandi
1457 2143 1616 2205 ratio
1645 2142 1879 2204 motiva
1911 2150 2167 2224 propter
2199 2160 2383 2222 quam

876 2243 1224 2324 recipiatur
1272 2241 1338 2304 in
1383 2242 1523 2325 ipso
1562 2240 1729 2304 actio
1779 2241 1919 2314 ista,
1969 2248 2032 2302 et
2081 2240 2164 2302 sit
2214 2239 2383 2300 circa

876 2341 1110 2422 ipsum.
1145 2341 1308 2422 Ergo
1336 2359 1373 2402 a
1402 2340 1599 2402 simili
1632 2340 1884 2402 videtur
1914 2357 1990 2400 ex
2019 2338 2145 2400 alia
2178 2345 2378 2420 parte,

873 2439 1044 2521 quod
1073 2438 1315 2520 absque
1350 2439 1830 2520 imperfectione
1863 2437 1973 2499 Dei
2007 2437 2072 2498 in
2105 2437 2378 2518 agendO,

875 2545 1084 2620 potest
1131 2537 1283 2620 poni
1329 2538 1545 2620 aliqua
1589 2537 1748 2601 ratio
1796 2556 1872 2600 ex
1919 2545 2098 2619 parte
2145 2536 2384 2617 praede-

877 2637 1112 2699 stinati.
1148 2637 1224 2698 Et
1268 2637 1386 2699 iste
1429 2637 1724 2699 innititur
1765 2635 2124 2698 auctoritati
2172 2636 2383 2714 Augu-

880 2736 1056 2809 stini,
1093 2738 1261 2818 quod
1293 2735 1764 2818 praedestinatio
1792 2754 1904 2797 seu
1935 2733 2163 2797 electio
2195 2733 2277 2795 sit
2306 2751 2384 2794 ex

876 2834 1330 2897 occultissimis
1371 2835 1616 2896 meritis
1650 2852 1664 2896 :
1699 2853 1891 2916 quam
1935 2832 2378 2894 auctoritatem

878 2932 1037 2995 dicit
1083 2950 1212 2995 non
1255 2950 1393 2994 esse
1435 2939 1831 2993 retractatam
1879 2930 1959 2993 ab
2003 2929 2378 3010 Augustino.

2492 1945 2827 2026 vestigare,
2874 1947 3172 2028 quamvis
3216 1967 3341 2010 non
3386 1947 3569 2010 desit.

2572 2043 2693 2105 Sed
2738 2051 2957 2106 contra
2996 2045 3167 2107 istud
3205 2046 3495 2127 arguitur
3528 2063 3542 2107 :
3577 2045 3808 2127 primo,
3844 2063 4001 2127 quo-

2494 2141 2665 2202 niam
2698 2142 2863 2204 Deus
2904 2160 3031 2205 non
3072 2143 3377 2225 praevidet
3418 2143 3611 2204 istum
3648 2143 3813 2205 bene
3848 2163 3998 2205 usu-

2494 2258 2639 2300 rum
2691 2239 2893 2303 libero
2942 2240 3228 2315 arbitrio,
3262 2241 3385 2304 nisi
3438 2243 3589 2324 quia
3638 2241 3775 2324 ipse
3828 2242 3997 2305 Deus

2492 2338 2632 2399 vult
2671 2346 2781 2400 aut
2823 2339 3205 2421 praeordinat
3248 2340 3441 2402 istum
3488 2339 3651 2402 bene
3696 2359 3991 2402 usurum.

2494 2437 2669 2499 Unde
2700 2437 2753 2500 si
2784 2437 3136 2500 offerantur
3166 2438 3295 2502 Deo
3335 2439 3462 2501 duo
3492 2439 3559 2500 in
3594 2439 3999 2501 naturalibus

2493 2536 2756 2598 omnino
2791 2536 3086 2618 aequales,
3121 2555 3337 2619 quaero
3374 2556 3571 2619 quare
3607 2537 3999 2619 praeordinat

2493 2633 2690 2695 istum
2739 2633 2901 2696 bene
2951 2654 3217 2697 usurum
3275 2635 3477 2698 libero
3524 2635 3811 2708 arbitrio,
3864 2653 3997 2698 non

2494 2731 2697 2794 illum.
2732 2732 2869 2794 Non
2900 2733 3153 2796 videtur
3182 2733 3341 2796 ratio
3373 2733 3497 2796 nisi
3528 2732 3823 2796 voluntas
3856 2734 3994 2808 Dei,

2493 2830 2571 2892 ad
2621 2850 2813 2914 quam
2862 2833 3152 2914 sequitur
3202 2833 3391 2894 unius
3438 2833 3689 2906 electi0,
3728 2833 3996 2894 alterius

2496 2930 2872 3011 reprobatio.
2909 2931 3073 3010 Ergo
3104 2931 3168 2992 in
3200 2931 3408 3013 prima
3438 2931 3847 2993 distinctione
3879 2949 3997 2993 seu

959 3029 1234 3093 Ulterius
1285 3030 1350 3092 in
1407 3029 1668 3112 speciali
1715 3030 1894 3104 dicit,
1948 3029 2117 3111 quod
2180 3028 2383 3090 bonus
2422 3033 2465 3096 C
2494 3028 2877 3092 discretione
2936 3029 3295 3111 pertinente
3356 3030 3434 3092 ad
3496 3030 3999 3113 praedestinatio-

879 3149 1034 3191 usus
1065 3128 1251 3191 liberi
1281 3128 1527 3191 arbitrii
1563 3128 1870 3211 praevisus
1898 3148 1935 3190 a
1966 3129 2094 3190 Deo
2137 3147 2214 3190 ex
2249 3147 2386 3209 par-

880 3236 941 3290 te
971 3227 1180 3301 electi,
1213 3235 1277 3290 et
1317 3227 1521 3289 malus
1553 3247 1706 3289 usus
1749 3228 2056 3309 praevisus
2088 3246 2166 3288 ex
2202 3235 2381 3309 parte

881 3326 1224 3409 reprobati,
1279 3327 1506 3389 horum
1561 3325 1643 3389 sit
1694 3327 1868 3388 ratio.
1918 3326 2094 3399 Quod
2146 3326 2233 3387 ita
2281 3326 2385 3387 de—

881 3425 1077 3488 clarat
1111 3444 1125 3487 :
1167 3426 1466 3500 Quamvis
1515 3426 1716 3507 gratia
1762 3425 2202 3507 principaliter
2240 3442 2385 3507 ope-

882 3533 1058 3587 retur
1117 3524 1182 3585 in
1248 3523 1496 3587 actibus
1563 3524 1770 3598 boniS,
1836 3531 2046 3586 tamen
2109 3524 2382 3586 liberum

881 3623 1216 3685 arbitrium
1283 3631 1675 3705 cooperatur.
1740 3622 1915 3695 Quod
1980 3622 2207 3703 probat
2271 3641 2385 3704 per

685 3756 851 3793 mvn,
881 3722 1328 3803 Augustinum,
1353 3740 1546 3804 super
1577 3721 1758 3795 illud,
1777 3720 2024 3801 Adjuva
2055 3738 2190 3794 nOS,
2215 3721 2382 3782 Deus

881 3821 1176 3883 salutaris
1235 3829 1469 3894 noster,
1521 3820 1838 3882 dicentem
1895 3837 1909 3881 ε
1964 3819 2170 3891 Quum
2222 3820 2384 3901 petit

881 3937 997 3982 nos
1041 3919 1354 3999 adjuvari,
1405 3937 1612 3999 neque
1660 3918 1944 3999 ingratus
1993 3924 2090 3978 est
2138 3918 2377 3997 gratiae,

880 4035 999 4079 nec
1030 4017 1194 4079 tollit
1223 4017 1498 4079 liberum
1537 4016 1894 4078 arbitrium.
1930 4015 2192 4088 Quando
2231 4034 2380 4097 ergo

878 4114 1150 4178 offertur
1187 4115 1388 4196 gratia
1425 4114 1674 4186 viatori,
1709 4113 1759 4175 si
1801 4114 2069 4195 recipiat
2111 4114 2378 4193 gratiam

2497 3146 2643 3189 nem
2675 3136 2737 3191 et
2778 3127 3311 3210 reprobationem,
3346 3130 3479 3192 sola
3519 3130 3677 3192 ratio
3708 3137 3804 3191 est
3834 3130 3999 3192 divi-

2496 3246 2577 3288 na
2616 3227 2927 3290 voluntas,
2960 3264 3043 3273 —
3070 3229 3395 3303 Praeterea,
3433 3229 3593 3291 ratio
3635 3228 3755 3291 ista
3798 3247 3997 3310 quam

2495 3325 2696 3407 ponit,
2738 3344 2867 3389 non
2918 3334 3088 3388 tenet
3136 3326 3201 3389 in
3245 3326 3568 3401 omnibus,
3602 3346 3803 3408 quum
3854 3327 3999 3409 qui-

2494 3424 2639 3485 dam
2682 3425 3107 3506 praedestinati
3138 3442 3265 3487 non
3305 3424 3577 3487 habeant
3608 3426 3673 3487 in
3713 3426 3833 3487 hac
3864 3426 3999 3487 vita

2496 3542 2686 3584 usum
2727 3523 2966 3585 bouum
3010 3524 3195 3585 liberi
3238 3522 3509 3597 arbitrii,
3542 3532 3607 3585 et
3650 3524 3853 3606 aliqui
3898 3543 3995 3585 re-

2495 3621 2741 3701 probati
2776 3640 2902 3683 non
2944 3621 3219 3684 habeant
3250 3641 3437 3684 usum
3471 3622 3734 3698 malum,
3770 3631 3842 3685 ut
3882 3642 3995 3705 pa-

2493 3728 2582 3783 tet
2627 3720 2689 3782 in
2738 3720 3019 3803 parvulis
3063 3720 3397 3803 baptizatis
3437 3729 3501 3783 et
3542 3740 3669 3784 non
3710 3722 3993 3803 baptiza-

2495 3818 2595 3889 tis,
2627 3827 2773 3881 ante
2825 3838 3011 3881 usum
3064 3818 3344 3881 rationis,
3390 3818 3455 3882 Si
3504 3820 3773 3895 dicatur,
3818 3822 3993 3901 quod

2494 3918 2835 3999 praevideat
2886 3937 3070 3979 usum
3121 3936 3314 3999 quem
3362 3917 3735 3980 habuissent
3778 3918 3834 3981 si
3888 3940 3995 3981 su·

2491 4015 2935 4097 pervixissent,
2991 4016 3134 4079 ideo
3192 4017 3385 4079 istum
3442 4035 3637 4098 quem
3696 4017 3997 4099 praevidit

2491 4114 2653 4177 bene
2710 4134 2977 4177 usurum
3030 4114 3247 4189 fuisse,
3301 4115 3599 4196 perduxit
3644 4115 3722 4177 ad
3782 4116 3996 4198 Bapti-

879 4213 1003 4275 sibi
1039 4212 1318 4276 oblatam
1356 4221 1419 4274 et
1461 4212 1518 4274 ei
1565 4231 1679 4294 per
1722 4211 1996 4274 liberum
2041 4212 2378 4274 arbitrium
2411 4215 2460 4277 D
2490 4231 2724 4287 smum,
2778 4231 2904 4275 non
2962 4213 3182 4286 alium,
3242 4220 3362 4275 etc.
3428 4213 3679 4285 Contra,
3731 4222 3999 4296 propter

878 4311 1043 4374 bene
1086 4318 1482 4392 cooperetur,
1515 4318 1795 4372 meretur
1835 4309 2069 4373 habere
2108 4310 2377 4391 gratiam

879 4410 1233 4473 secundum
1281 4408 1546 4490 gradum
1597 4408 1988 4481 ulteriorem,
2031 4416 2221 4491 prout
2272 4410 2379 4472 do-

879 4516 1017 4571 ctor
1065 4507 1171 4570 ille
1214 4506 1646 4588 exemplificat
1695 4506 1760 4569 in
1807 4507 2026 4570 multis
2072 4507 2379 4588 gradibus

879 4605 1278 4669 intermediis
1309 4625 1346 4669 a
1377 4612 1541 4668 statu
1574 4605 1816 4687 peccati
1857 4605 2142 4667 mortalis
2174 4625 2378 4687 usque

876 4705 955 4768 ad
1006 4712 1243 4767 statum
1293 4704 1510 4785 gloriae
1564 4720 1578 4765 :
1633 4703 1853 4785 sicque
1902 4703 2155 4765 videtur
2208 4705 2379 4785 quod

877 4812 1048 4867 totus
1080 4804 1286 4867 bonus
1327 4822 1481 4865 usus
1522 4801 1706 4864 liberi
1747 4800 1995 4863 arbitrii
2032 4819 2148 4883 pro
2179 4802 2380 4864 omni-

878 4903 1000 4966 bus
1048 4900 1319 4965 statibus
1381 4900 1711 4983 praevisuS,
1763 4908 1970 4981 potest
2028 4918 2167 4961 esse
2218 4900 2379 4962 ratio

878 5002 1209 5066 electionis
1240 5009 1488 5065 aeternae
1529 4999 1732 5080 ipsius
1763 4998 1924 5060 bene
1968 4999 2166 5073 usuri,
2200 5007 2264 5062 et
2292 5000 2381 5061 ita

880 5121 957 5164 ex
997 5102 1122 5163 alia
1161 5107 1338 5182 parte
1377 5099 1454 5160 de
1496 5096 1663 5159 malo
1707 5115 1849 5169 usu,
1884 5104 1946 5157 et
1994 5097 2158 5159 male
2200 5098 2377 5160 usuri

881 5199 1345 5282 reprobatione.
1379 5232 1460 5241 —
1488 5195 1566 5258 Et
1596 5194 1648 5257 si
1680 5193 2043 5275 objiciatur,
2079 5194 2230 5276 quia
2270 5197 2378 5259 bo-

881 5318 1002 5363 nus
1051 5316 1204 5359 usus
1255 5294 1442 5358 liberi
1489 5292 1736 5356 arbitrii
1786 5300 1882 5355 est
1924 5311 2038 5375 per
2082 5294 2375 5373 gratiam,

2493 4331 2678 4373 usum
2712 4312 2799 4373 ita
2831 4312 3169 4393 praevisum
3202 4330 3328 4374 non
3364 4321 3642 4375 meretur
3670 4312 3839 4395 quiS‚
3874 4332 3997 4375 nec

2489 4415 2877 4491 acceptatur,
2924 4428 3042 4471 nec
3083 4408 3479 4490 reprobatur.

2568 4509 2773 4571 Potest
2803 4508 2987 4570 aliter
3022 4507 3172 4581 dici,
3206 4509 3373 4590 quod
3410 4508 3993 4591 praedestinationis

2490 4607 2664 4669 nulla
2707 4614 2804 4668 est
2846 4606 3026 4681 rat-io,
3072 4606 3263 4669 etiam
3312 4625 3390 4669 ex
3440 4615 3617 4689 parte
3663 4609 3994 4689 praedesti-

2489 4705 2643 4779 nati,
2674 4704 2890 4786 aliquo
2926 4706 3111 4767 modo
3152 4705 3326 4787 prior
3366 4705 3486 4767 ista
3530 4706 3995 4788 praedestinati-

2489 4819 2641 4881 one;
2664 4801 3127 4884 reprobationis
3160 4810 3371 4864 tamen
3403 4810 3499 4864 est
3528 4802 3742 4883 aliqua
3772 4821 3987 4865 causa.

2490 4936 2563 4945 -
2597 4900 2877 4962 Primum
2911 4900 3235 4982 probatur,
3268 4901 3419 4983 quia
3450 4901 3667 4964 volens
3698 4902 3990 4963 ordinate

2488 4999 2689 5061 finem
2720 5008 2783 5061 et
2812 5018 2885 5060 ea
2914 5018 3057 5081 quae
3088 5007 3238 5061 sunt
3266 5000 3343 5061 ad
3376 4999 3592 5073 finem,
3615 5000 3819 5082 primo
3852 5000 3991 5063 vult

2489 5097 2712 5170 finem,
2764 5105 2827 5159 et
2881 5104 3138 5180 propter
3186 5096 3386 5160 finem
3436 5098 3574 5159 vult
3620 5099 3764 5161 alia.
3822 5099 3987 5179 Ergo

2490 5198 2555 5260 in
2588 5205 2718 5261 toto
2759 5216 3056 5279 processu
3094 5215 3222 5279 quo
3261 5206 3548 5260 creatura
3586 5197 3984 5261 beatificabi-

2493 5296 2570 5358 lis
2601 5296 2973 5380 perducitur
3000 5297 3076 5358 ad
3109 5296 3307 5359 finem
3340 5297 3721 5379 perfectum,
3744 5299 3859 5379 qui
3888 5306 3987 5361 est
