<?xml version="1.0" encoding="UTF-8"?>
<!DOCTYPE html PUBLIC "-//W3C//DTD XHTML 1.0 Transitional//EN"
    "http://www.w3.org/TR/xhtml1/DTD/xhtml1-transitional.dtd">
<html xmlns="http://www.w3.org/1999/xhtml" xml:lang="en" lang="en">
 <head>
  <title>
</title>
<meta http-equiv="Content-Type" content="text/html;charset=utf-8" />
  <meta name='ocr-system' content='tesseract 3.04.00' />
  <meta name='ocr-capabilities' content='ocr_page ocr_carea ocr_par ocr_line ocrx_word'/>
</head>
<body>
  <div class='ocr_page' id='page_1' title='image "./doctorisecstati11unkngoog_0285.png"; bbox 0 0 4359 6250; ppageno 0'>
   <div class='ocr_carea' id='block_1_1' title="bbox 166 3926 339 3977">
    <p class='ocr_par' dir='ltr' id='par_1_1' title="bbox 166 3926 339 3977">
     <span class='ocr_line' id='line_1_1' title="bbox 166 3926 339 3977; baseline 0.029 -12"><span class='ocrx_word' id='word_1_1' title='bbox 166 3936 197 3977; x_wconf 75' lang='lat' dir='ltr'>p.</span> <span class='ocrx_word' id='word_1_2' title='bbox 216 3926 277 3969; x_wconf 74' lang='lat'>227</span> <span class='ocrx_word' id='word_1_3' title='bbox 288 3927 339 3970; x_wconf 77' lang='lat' dir='ltr'>B&#39;.</span> 
     </span>
    </p>
   </div>
   <div class='ocr_carea' id='block_1_2' title="bbox 1156 504 2709 558">
    <p class='ocr_par' dir='ltr' id='par_1_2' title="bbox 1156 504 2709 558">
     <span class='ocr_line' id='line_1_2' title="bbox 1156 504 2709 558; baseline 0.001 -9"><span class='ocrx_word' id='word_1_4' title='bbox 1156 505 1241 550; x_wconf 74' lang='lat' dir='ltr'>AN</span> <span class='ocrx_word' id='word_1_5' title='bbox 1286 504 1763 551; x_wconf 67' lang='lat' dir='ltr'>tNNAscmtmms</span> <span class='ocrx_word' id='word_1_6' title='bbox 1807 504 1899 549; x_wconf 79' lang='lat' dir='ltr'>SIT</span> <span class='ocrx_word' id='word_1_7' title='bbox 1944 504 2089 548; x_wconf 66' lang='lat' dir='ltr'>mem</span> <span class='ocrx_word' id='word_1_8' title='bbox 2132 505 2292 558; x_wconf 68' lang='lat' dir='ltr'>Qtron</span> <span class='ocrx_word' id='word_1_9' title='bbox 2337 505 2709 551; x_wconf 75' lang='lat' dir='ltr'>PATERNJTAS</span> 
     </span>
    </p>
   </div>
   <div class='ocr_carea' id='block_1_3' title="bbox 3363 488 3482 552">
    <p class='ocr_par' dir='ltr' id='par_1_3' title="bbox 3363 488 3482 552">
     <span class='ocr_line' id='line_1_3' title="bbox 3363 488 3482 552; baseline -0.017 0"><span class='ocrx_word' id='word_1_10' title='bbox 3363 488 3482 552; x_wconf 79' lang='lat'>273</span> 
     </span>
    </p>
   </div>
   <div class='ocr_carea' id='block_1_4' title="bbox 382 671 3481 756">
    <p class='ocr_par' dir='ltr' id='par_1_4' title="bbox 382 671 3481 756">
     <span class='ocr_line' id='line_1_4' title="bbox 382 671 3481 756; baseline 0.002 -25"><span class='ocrx_word' id='word_1_11' title='bbox 382 677 499 744; x_wconf 87' lang='lat' dir='ltr'>est,</span> <span class='ocrx_word' id='word_1_12' title='bbox 536 671 751 753; x_wconf 92' lang='lat' dir='ltr'>ipsum</span> <span class='ocrx_word' id='word_1_13' title='bbox 785 673 1229 736; x_wconf 82' lang='lat' dir='ltr'>innascibilem</span> <span class='ocrx_word' id='word_1_14' title='bbox 1272 680 1457 754; x_wconf 87' lang='lat' dir='ltr'>negat</span> <span class='ocrx_word' id='word_1_15' title='bbox 1490 691 1628 735; x_wconf 90' lang='lat' dir='ltr'>esse</span> <span class='ocrx_word' id='word_1_16' title='bbox 1658 673 1738 735; x_wconf 87' lang='lat' dir='ltr'>ab</span> <span class='ocrx_word' id='word_1_17' title='bbox 1769 674 1881 735; x_wconf 90' lang='lat' dir='ltr'>ali·</span> <span class='ocrx_word' id='word_1_18' title='bbox 1910 673 1962 735; x_wconf 83' lang='lat' dir='ltr'><strong>A</strong></span> <span class='ocrx_word' id='word_1_19' title='bbox 1989 681 2086 734; x_wconf 89' lang='lat' dir='ltr'>est</span> <span class='ocrx_word' id='word_1_20' title='bbox 2118 680 2363 734; x_wconf 88' lang='lat' dir='ltr'>tantum</span> <span class='ocrx_word' id='word_1_21' title='bbox 2396 693 2520 735; x_wconf 87' lang='lat' dir='ltr'>una</span> <span class='ocrx_word' id='word_1_22' title='bbox 2552 675 2902 755; x_wconf 85' lang='lat' dir='ltr'>proprietas</span> <span class='ocrx_word' id='word_1_23' title='bbox 2946 675 3313 756; x_wconf 64' lang='lat' dir='ltr'>personalis</span> <span class='ocrx_word' id='word_1_24' title='bbox 3337 675 3481 738; x_wconf 86' lang='lat' dir='ltr'>Haec</span> 
     </span>
    </p>
   </div>
   <div class='ocr_carea' id='block_1_5' title="bbox 376 770 1884 1836">
    <p class='ocr_par' dir='ltr' id='par_1_5' title="bbox 376 770 1884 1836">
     <span class='ocr_line' id='line_1_5' title="bbox 383 770 1884 853; baseline 0.001 -23"><span class='ocrx_word' id='word_1_25' title='bbox 383 787 545 849; x_wconf 89' lang='lat' dir='ltr'>quo;</span> <span class='ocrx_word' id='word_1_26' title='bbox 598 770 945 852; x_wconf 88' lang='lat' dir='ltr'>paternitas</span> <span class='ocrx_word' id='word_1_27' title='bbox 994 789 1145 834; x_wconf 90' lang='lat' dir='ltr'>vero</span> <span class='ocrx_word' id='word_1_28' title='bbox 1194 772 1351 834; x_wconf 90' lang='lat' dir='ltr'>dicit</span> <span class='ocrx_word' id='word_1_29' title='bbox 1403 772 1739 853; x_wconf 82' lang='lat' dir='ltr'>positivam</span> <span class='ocrx_word' id='word_1_30' title='bbox 1792 789 1884 832; x_wconf 92' lang='lat' dir='ltr'>re-</span> 
     </span>
     <span class='ocr_line' id='line_1_6' title="bbox 385 867 1879 953; baseline 0.001 -25"><span class='ocrx_word' id='word_1_31' title='bbox 385 867 687 930; x_wconf 80' lang='lat' dir='ltr'>lationem</span> <span class='ocrx_word' id='word_1_32' title='bbox 716 869 794 930; x_wconf 92' lang='lat' dir='ltr'>ad</span> <span class='ocrx_word' id='word_1_33' title='bbox 837 870 1218 953; x_wconf 89' lang='lat' dir='ltr'>productum</span> <span class='ocrx_word' id='word_1_34' title='bbox 1256 889 1293 932; x_wconf 88' lang='lat' dir='ltr'>a</span> <span class='ocrx_word' id='word_1_35' title='bbox 1332 871 1526 932; x_wconf 89' lang='lat' dir='ltr'>Patre.</span> <span class='ocrx_word' id='word_1_36' title='bbox 1564 870 1627 932; x_wconf 90' lang='lat' dir='ltr'>Si</span> <span class='ocrx_word' id='word_1_37' title='bbox 1668 877 1879 931; x_wconf 89' lang='lat' dir='ltr'>autem</span> 
     </span>
     <span class='ocr_line' id='line_1_7' title="bbox 383 966 1881 1051; baseline 0.001 -24"><span class='ocrx_word' id='word_1_38' title='bbox 383 966 824 1030; x_wconf 81' lang='lat' dir='ltr'>consideretur</span> <span class='ocrx_word' id='word_1_39' title='bbox 854 968 1315 1031; x_wconf 78' lang='lat' dir='ltr'>innascibilitas</span> <span class='ocrx_word' id='word_1_40' title='bbox 1356 977 1665 1051; x_wconf 88' lang='lat' dir='ltr'>quantum</span> <span class='ocrx_word' id='word_1_41' title='bbox 1706 969 1785 1030; x_wconf 89' lang='lat' dir='ltr'>ad</span> <span class='ocrx_word' id='word_1_42' title='bbox 1818 968 1881 1029; x_wconf 88' lang='lat' dir='ltr'>id</span> 
     </span>
     <span class='ocr_line' id='line_1_8' title="bbox 382 1065 1878 1148; baseline 0.001 -22"><span class='ocrx_word' id='word_1_43' title='bbox 382 1065 553 1145; x_wconf 90' lang='lat' dir='ltr'>quod</span> <span class='ocrx_word' id='word_1_44' title='bbox 612 1066 991 1129; x_wconf 89' lang='lat' dir='ltr'>secundario</span> <span class='ocrx_word' id='word_1_45' title='bbox 1036 1074 1133 1129; x_wconf 87' lang='lat' dir='ltr'>est</span> <span class='ocrx_word' id='word_1_46' title='bbox 1180 1068 1257 1129; x_wconf 88' lang='lat' dir='ltr'>de</span> <span class='ocrx_word' id='word_1_47' title='bbox 1306 1067 1447 1146; x_wconf 89' lang='lat' dir='ltr'>ejus</span> <span class='ocrx_word' id='word_1_48' title='bbox 1495 1067 1878 1148; x_wconf 76' lang='lat' dir='ltr'>significate,</span> 
     </span>
     <span class='ocr_line' id='line_1_9' title="bbox 380 1163 1881 1247; baseline 0 -23"><span class='ocrx_word' id='word_1_49' title='bbox 380 1163 471 1224; x_wconf 89' lang='lat' dir='ltr'>sic</span> <span class='ocrx_word' id='word_1_50' title='bbox 522 1163 780 1226; x_wconf 84' lang='lat' dir='ltr'>realiter</span> <span class='ocrx_word' id='word_1_51' title='bbox 835 1165 1005 1227; x_wconf 91' lang='lat' dir='ltr'>idem</span> <span class='ocrx_word' id='word_1_52' title='bbox 1052 1173 1149 1227; x_wconf 89' lang='lat' dir='ltr'>est</span> <span class='ocrx_word' id='word_1_53' title='bbox 1196 1184 1344 1227; x_wconf 91' lang='lat' dir='ltr'>cum</span> <span class='ocrx_word' id='word_1_54' title='bbox 1395 1165 1769 1247; x_wconf 80' lang='lat' dir='ltr'>paternitate</span> <span class='ocrx_word' id='word_1_55' title='bbox 1818 1171 1881 1226; x_wconf 90' lang='lat' dir='ltr'>et</span> 
     </span>
     <span class='ocr_line' id='line_1_10' title="bbox 378 1261 1877 1344; baseline 0.001 -22"><span class='ocrx_word' id='word_1_56' title='bbox 378 1261 587 1322; x_wconf 88' lang='lat' dir='ltr'>activa</span> <span class='ocrx_word' id='word_1_57' title='bbox 644 1263 1009 1344; x_wconf 87' lang='lat' dir='ltr'>spiratione.</span> <span class='ocrx_word' id='word_1_58' title='bbox 1072 1263 1537 1325; x_wconf 87' lang='lat' dir='ltr'>Innascibilitas</span> <span class='ocrx_word' id='word_1_59' title='bbox 1602 1281 1877 1344; x_wconf 87' lang='lat' dir='ltr'>namque</span> 
     </span>
     <span class='ocr_line' id='line_1_11' title="bbox 378 1360 1877 1444; baseline 0.002 -25"><span class='ocrx_word' id='word_1_60' title='bbox 378 1360 758 1422; x_wconf 88' lang='lat' dir='ltr'>secundario</span> <span class='ocrx_word' id='word_1_61' title='bbox 800 1360 1121 1442; x_wconf 82' lang='lat' dir='ltr'>significat</span> <span class='ocrx_word' id='word_1_62' title='bbox 1166 1361 1579 1444; x_wconf 86' lang='lat' dir='ltr'>primitatem,</span> <span class='ocrx_word' id='word_1_63' title='bbox 1613 1380 1754 1442; x_wconf 80' lang='lat' dir='ltr'>quae</span> <span class='ocrx_word' id='word_1_64' title='bbox 1798 1361 1877 1422; x_wconf 91' lang='lat' dir='ltr'>ad</span> 
     </span>
     <span class='ocr_line' id='line_1_12' title="bbox 378 1459 1875 1541; baseline 0.001 -23"><span class='ocrx_word' id='word_1_65' title='bbox 378 1474 637 1519; x_wconf 91' lang='lat' dir='ltr'>omnem</span> <span class='ocrx_word' id='word_1_66' title='bbox 677 1459 1143 1522; x_wconf 84' lang='lat' dir='ltr'>emanationem</span> <span class='ocrx_word' id='word_1_67' title='bbox 1185 1467 1248 1522; x_wconf 92' lang='lat' dir='ltr'>et</span> <span class='ocrx_word' id='word_1_68' title='bbox 1286 1460 1364 1521; x_wconf 88' lang='lat' dir='ltr'>ad</span> <span class='ocrx_word' id='word_1_69' title='bbox 1403 1460 1875 1541; x_wconf 82' lang='lat' dir='ltr'>generationem</span> 
     </span>
     <span class='ocr_line' id='line_1_13' title="bbox 376 1556 1873 1638; baseline 0.001 -22"><span class='ocrx_word' id='word_1_70' title='bbox 376 1563 567 1638; x_wconf 88' lang='lat' dir='ltr'>atque</span> <span class='ocrx_word' id='word_1_71' title='bbox 618 1556 1035 1638; x_wconf 83' lang='lat' dir='ltr'>spirationem</span> <span class='ocrx_word' id='word_1_72' title='bbox 1080 1577 1147 1620; x_wconf 91' lang='lat' dir='ltr'>se</span> <span class='ocrx_word' id='word_1_73' title='bbox 1191 1557 1383 1619; x_wconf 87' lang='lat' dir='ltr'>habet</span> <span class='ocrx_word' id='word_1_74' title='bbox 1426 1558 1873 1630; x_wconf 88' lang='lat' dir='ltr'>communiter,</span> 
     </span>
     <span class='ocr_line' id='line_1_14' title="bbox 379 1655 1875 1738; baseline 0.002 -24"><span class='ocrx_word' id='word_1_75' title='bbox 379 1672 495 1716; x_wconf 90' lang='lat' dir='ltr'>nec</span> <span class='ocrx_word' id='word_1_76' title='bbox 529 1655 787 1717; x_wconf 89' lang='lat' dir='ltr'>realiter</span> <span class='ocrx_word' id='word_1_77' title='bbox 814 1655 1035 1718; x_wconf 82' lang='lat' dir='ltr'>differt</span> <span class='ocrx_word' id='word_1_78' title='bbox 1065 1656 1144 1718; x_wconf 86' lang='lat' dir='ltr'>ab</span> <span class='ocrx_word' id='word_1_79' title='bbox 1173 1657 1289 1730; x_wconf 90' lang='grc' dir='ltr'><strong>6ἰ3,</strong></span> <span class='ocrx_word' id='word_1_80' title='bbox 1324 1657 1441 1719; x_wconf 88' lang='lat' dir='ltr'>hoc</span> <span class='ocrx_word' id='word_1_81' title='bbox 1482 1664 1577 1719; x_wconf 89' lang='lat' dir='ltr'>est</span> <span class='ocrx_word' id='word_1_82' title='bbox 1606 1675 1643 1718; x_wconf 90' lang='lat' dir='ltr'>a</span> <span class='ocrx_word' id='word_1_83' title='bbox 1674 1663 1875 1738; x_wconf 90' lang='lat' dir='ltr'>pater-</span> 
     </span>
     <span class='ocr_line' id='line_1_15' title="bbox 378 1752 1871 1836; baseline 0.003 -24"><span class='ocrx_word' id='word_1_84' title='bbox 378 1752 577 1814; x_wconf 88' lang='lat' dir='ltr'>nitate</span> <span class='ocrx_word' id='word_1_85' title='bbox 608 1771 725 1816; x_wconf 89' lang='lat' dir='ltr'>seu</span> <span class='ocrx_word' id='word_1_86' title='bbox 753 1755 1155 1834; x_wconf 83' lang='lat' dir='ltr'>generatione</span> <span class='ocrx_word' id='word_1_87' title='bbox 1185 1763 1249 1817; x_wconf 90' lang='lat' dir='ltr'>et</span> <span class='ocrx_word' id='word_1_88' title='bbox 1278 1755 1483 1817; x_wconf 87' lang='lat' dir='ltr'>activa</span> <span class='ocrx_word' id='word_1_89' title='bbox 1514 1754 1871 1836; x_wconf 89' lang='lat' dir='ltr'>spiratione.</span> 
     </span>
    </p>
   </div>
   <div class='ocr_carea' id='block_1_6' title="bbox 1989 771 2960 834">
    <p class='ocr_par' dir='ltr' id='par_1_6' title="bbox 1989 771 2960 834">
     <span class='ocr_line' id='line_1_16' title="bbox 1989 771 2960 834; baseline 0 0"><span class='ocrx_word' id='word_1_90' title='bbox 1989 771 2358 834; x_wconf 81' lang='lat' dir='ltr'>RicharduS.</span> <span class='ocrx_word' id='word_1_91' title='bbox 2394 807 2474 816; x_wconf 91' lang='lat'>—</span> <span class='ocrx_word' id='word_1_92' title='bbox 2505 772 2677 834; x_wconf 88' lang='lat' dir='ltr'>Idem</span> <span class='ocrx_word' id='word_1_93' title='bbox 2721 773 2960 834; x_wconf 80' lang='lat' dir='ltr'>PetruS.</span> 
     </span>
    </p>
   </div>
   <div class='ocr_carea' id='block_1_7' title="bbox 1984 968 3484 1836">
    <p class='ocr_par' dir='ltr' id='par_1_7' title="bbox 1984 968 3484 1836">
     <span class='ocr_line' id='line_1_17' title="bbox 2067 968 3482 1053; baseline 0.001 -24"><span class='ocrx_word' id='word_1_94' title='bbox 2067 968 2160 1029; x_wconf 88' lang='lat' dir='ltr'>Ad</span> <span class='ocrx_word' id='word_1_95' title='bbox 2207 969 2486 1048; x_wconf 88' lang='lat' dir='ltr'>primum</span> <span class='ocrx_word' id='word_1_96' title='bbox 2531 968 2854 1048; x_wconf 89' lang='lat' dir='ltr'>objectum</span> <span class='ocrx_word' id='word_1_97' title='bbox 2896 969 2961 1030; x_wconf 94' lang='lat' dir='ltr'>in</span> <span class='ocrx_word' id='word_1_98' title='bbox 3003 969 3321 1053; x_wconf 86' lang='lat' dir='ltr'>principio</span> <span class='ocrx_word' id='word_1_99' title='bbox 3360 979 3482 1032; x_wconf 89' lang='lat' dir='ltr'>ter-</span> 
     </span>
     <span class='ocr_line' id='line_1_18' title="bbox 1988 1064 3481 1148; baseline 0.005 -25"><span class='ocrx_word' id='word_1_100' title='bbox 1988 1064 2091 1127; x_wconf 84' lang='lat' dir='ltr'>tiae</span> <span class='ocrx_word' id='word_1_101' title='bbox 2150 1067 2518 1146; x_wconf 83' lang='lat' dir='ltr'>quaestionis</span> <span class='ocrx_word' id='word_1_102' title='bbox 2583 1076 2849 1142; x_wconf 88' lang='lat' dir='ltr'>motum,</span> <span class='ocrx_word' id='word_1_103' title='bbox 2912 1068 3252 1129; x_wconf 90' lang='lat' dir='ltr'>dicendum</span> <span class='ocrx_word' id='word_1_104' title='bbox 3310 1069 3481 1148; x_wconf 90' lang='lat' dir='ltr'>quod</span> 
     </span>
     <span class='ocr_line' id='line_1_19' title="bbox 1988 1162 3480 1228; baseline 0.003 -4"><span class='ocrx_word' id='word_1_105' title='bbox 1988 1162 2284 1225; x_wconf 87' lang='lat' dir='ltr'>nativitas</span> <span class='ocrx_word' id='word_1_106' title='bbox 2329 1171 2392 1226; x_wconf 88' lang='lat' dir='ltr'>et</span> <span class='ocrx_word' id='word_1_107' title='bbox 2434 1164 2664 1228; x_wconf 81' lang='lat' dir='ltr'>filiatio</span> <span class='ocrx_word' id='word_1_108' title='bbox 2709 1165 2774 1228; x_wconf 91' lang='lat' dir='ltr'>in</span> <span class='ocrx_word' id='word_1_109' title='bbox 2818 1165 2977 1227; x_wconf 84' lang='lat' dir='ltr'>Filio</span> <span class='ocrx_word' id='word_1_110' title='bbox 3019 1165 3329 1227; x_wconf 79' lang='lat' dir='ltr'>differunt</span> <span class='ocrx_word' id='word_1_111' title='bbox 3371 1183 3480 1228; x_wconf 90' lang='lat' dir='ltr'>no-</span> 
     </span>
     <span class='ocr_line' id='line_1_20' title="bbox 1990 1261 3480 1346; baseline 0.003 -24"><span class='ocrx_word' id='word_1_112' title='bbox 1990 1261 2161 1323; x_wconf 91' lang='lat' dir='ltr'>mine</span> <span class='ocrx_word' id='word_1_113' title='bbox 2193 1269 2462 1336; x_wconf 85' lang='lat' dir='ltr'>tantum,</span> <span class='ocrx_word' id='word_1_114' title='bbox 2497 1282 2616 1326; x_wconf 90' lang='lat' dir='ltr'>nec</span> <span class='ocrx_word' id='word_1_115' title='bbox 2655 1263 2892 1326; x_wconf 89' lang='lat' dir='ltr'>habent</span> <span class='ocrx_word' id='word_1_116' title='bbox 2922 1283 2989 1326; x_wconf 88' lang='lat' dir='ltr'>se</span> <span class='ocrx_word' id='word_1_117' title='bbox 3030 1271 3099 1325; x_wconf 91' lang='lat' dir='ltr'>ut</span> <span class='ocrx_word' id='word_1_118' title='bbox 3133 1264 3480 1346; x_wconf 91' lang='lat' dir='ltr'>positivum</span> 
     </span>
     <span class='ocr_line' id='line_1_21' title="bbox 1985 1360 3480 1445; baseline 0.003 -25"><span class='ocrx_word' id='word_1_119' title='bbox 1985 1367 2047 1421; x_wconf 89' lang='lat' dir='ltr'>et</span> <span class='ocrx_word' id='word_1_120' title='bbox 2080 1360 2466 1441; x_wconf 88' lang='lat' dir='ltr'>privativum</span> <span class='ocrx_word' id='word_1_121' title='bbox 2499 1381 2612 1424; x_wconf 89' lang='lat' dir='ltr'>seu</span> <span class='ocrx_word' id='word_1_122' title='bbox 2652 1363 3037 1442; x_wconf 84' lang='lat' dir='ltr'>negativum,</span> <span class='ocrx_word' id='word_1_123' title='bbox 3072 1363 3480 1445; x_wconf 90' lang='lat' dir='ltr'>quemadmo-</span> 
     </span>
     <span class='ocr_line' id='line_1_22' title="bbox 1984 1458 3481 1540; baseline 0.002 -21"><span class='ocrx_word' id='word_1_124' title='bbox 1984 1458 2137 1520; x_wconf 92' lang='lat' dir='ltr'>dum</span> <span class='ocrx_word' id='word_1_125' title='bbox 2171 1459 2516 1540; x_wconf 86' lang='lat' dir='ltr'>paternitas</span> <span class='ocrx_word' id='word_1_126' title='bbox 2549 1467 2610 1522; x_wconf 88' lang='lat' dir='ltr'>et</span> <span class='ocrx_word' id='word_1_127' title='bbox 2642 1461 3102 1523; x_wconf 85' lang='lat' dir='ltr'>innascibilitas</span> <span class='ocrx_word' id='word_1_128' title='bbox 3138 1479 3151 1522; x_wconf 92' lang='lat'>:</span> <span class='ocrx_word' id='word_1_129' title='bbox 3182 1461 3323 1523; x_wconf 92' lang='lat' dir='ltr'>ideo</span> <span class='ocrx_word' id='word_1_130' title='bbox 3354 1477 3481 1523; x_wconf 92' lang='lat' dir='ltr'>non</span> 
     </span>
     <span class='ocr_line' id='line_1_23' title="bbox 1984 1557 3484 1639; baseline 0.001 -21"><span class='ocrx_word' id='word_1_131' title='bbox 1984 1563 2081 1618; x_wconf 86' lang='lat' dir='ltr'>est</span> <span class='ocrx_word' id='word_1_132' title='bbox 2130 1557 2361 1619; x_wconf 89' lang='lat' dir='ltr'>simile.</span> <span class='ocrx_word' id='word_1_133' title='bbox 2407 1593 2488 1602; x_wconf 91' lang='lat'><strong>—</strong></span> <span class='ocrx_word' id='word_1_134' title='bbox 2525 1558 2615 1619; x_wconf 85' lang='lat' dir='ltr'>Ad</span> <span class='ocrx_word' id='word_1_135' title='bbox 2667 1557 3045 1632; x_wconf 88' lang='lat' dir='ltr'>secundum,</span> <span class='ocrx_word' id='word_1_136' title='bbox 3099 1559 3268 1639; x_wconf 88' lang='lat' dir='ltr'>quod</span> <span class='ocrx_word' id='word_1_137' title='bbox 3316 1559 3484 1620; x_wconf 89' lang='lat' dir='ltr'>sicut</span> 
     </span>
     <span class='ocr_line' id='line_1_24' title="bbox 1986 1656 3483 1738; baseline 0 -21"><span class='ocrx_word' id='word_1_138' title='bbox 1986 1673 2111 1718; x_wconf 91' lang='lat' dir='ltr'>non</span> <span class='ocrx_word' id='word_1_139' title='bbox 2144 1656 2454 1738; x_wconf 89' lang='lat' dir='ltr'>sequitur,</span> <span class='ocrx_word' id='word_1_140' title='bbox 2489 1657 2639 1718; x_wconf 88' lang='lat' dir='ltr'>Tam</span> <span class='ocrx_word' id='word_1_141' title='bbox 2673 1657 2850 1718; x_wconf 91' lang='lat' dir='ltr'>Pater</span> <span class='ocrx_word' id='word_1_142' title='bbox 2879 1675 3072 1738; x_wconf 89' lang='lat' dir='ltr'>quam</span> <span class='ocrx_word' id='word_1_143' title='bbox 3103 1656 3301 1718; x_wconf 88' lang='lat' dir='ltr'>Filius</span> <span class='ocrx_word' id='word_1_144' title='bbox 3334 1664 3483 1718; x_wconf 90' lang='lat' dir='ltr'>sunt</span> 
     </span>
     <span class='ocr_line' id='line_1_25' title="bbox 1985 1753 3480 1836; baseline 0.001 -22"><span class='ocrx_word' id='word_1_145' title='bbox 1985 1753 2204 1816; x_wconf 89' lang='lat' dir='ltr'>divina</span> <span class='ocrx_word' id='word_1_146' title='bbox 2251 1755 2546 1828; x_wconf 88' lang='lat' dir='ltr'>essentia,</span> <span class='ocrx_word' id='word_1_147' title='bbox 2599 1772 2748 1835; x_wconf 82' lang='lat' dir='ltr'>ergo</span> <span class='ocrx_word' id='word_1_148' title='bbox 2797 1762 2946 1816; x_wconf 90' lang='lat' dir='ltr'>sunt</span> <span class='ocrx_word' id='word_1_149' title='bbox 2995 1773 3122 1816; x_wconf 90' lang='lat' dir='ltr'>una</span> <span class='ocrx_word' id='word_1_150' title='bbox 3170 1772 3480 1836; x_wconf 87' lang='lat' dir='ltr'>persona3</span> 
     </span>
    </p>
   </div>
   <div class='ocr_carea' id='block_1_8' title="bbox 380 1849 3482 1935">
    <p class='ocr_par' dir='ltr' id='par_1_8' title="bbox 380 1849 3482 1935">
     <span class='ocr_line' id='line_1_26' title="bbox 380 1849 3482 1935; baseline 0.001 -24"><span class='ocrx_word' id='word_1_151' title='bbox 380 1849 521 1913; x_wconf 67' lang='lat' dir='ltr'>nme</span> <span class='ocrx_word' id='word_1_152' title='bbox 570 1850 945 1914; x_wconf 82' lang='lat' dir='ltr'>RicharduS.</span> <span class='ocrx_word' id='word_1_153' title='bbox 992 1889 1072 1898; x_wconf 93' lang='lat'>—</span> <span class='ocrx_word' id='word_1_154' title='bbox 1114 1853 1193 1916; x_wconf 81' lang='lat' dir='ltr'>At</span> <span class='ocrx_word' id='word_1_155' title='bbox 1242 1871 1391 1916; x_wconf 87' lang='lat' dir='ltr'>vero</span> <span class='ocrx_word' id='word_1_156' title='bbox 1439 1854 1876 1915; x_wconf 88' lang='lat' dir='ltr'>Bonaventura</span> <span class='ocrx_word' id='word_1_157' title='bbox 1913 1854 1960 1917; x_wconf 92' lang='lat' dir='ltr'><strong>B</strong></span> <span class='ocrx_word' id='word_1_158' title='bbox 1988 1853 2074 1913; x_wconf 91' lang='lat' dir='ltr'>ita</span> <span class='ocrx_word' id='word_1_159' title='bbox 2104 1871 2230 1914; x_wconf 89' lang='lat' dir='ltr'>non</span> <span class='ocrx_word' id='word_1_160' title='bbox 2263 1853 2571 1934; x_wconf 88' lang='lat' dir='ltr'>sequitur,</span> <span class='ocrx_word' id='word_1_161' title='bbox 2606 1854 2756 1915; x_wconf 83' lang='lat' dir='ltr'>Tam</span> <span class='ocrx_word' id='word_1_162' title='bbox 2797 1853 3258 1915; x_wconf 87' lang='lat' dir='ltr'>innascibilitas</span> <span class='ocrx_word' id='word_1_163' title='bbox 3289 1871 3482 1935; x_wconf 88' lang='lat' dir='ltr'>quam</span> 
     </span>
    </p>
   </div>
   <div class='ocr_carea' id='block_1_9' title="bbox 378 1949 1879 3006">
    <p class='ocr_par' dir='ltr' id='par_1_9' title="bbox 378 1949 1879 3006">
     <span class='ocr_line' id='line_1_27' title="bbox 381 1949 1879 2033; baseline 0.002 -23"><span class='ocrx_word' id='word_1_164' title='bbox 381 1949 745 2031; x_wconf 85' lang='lat' dir='ltr'>respondet,</span> <span class='ocrx_word' id='word_1_165' title='bbox 768 1951 939 2032; x_wconf 89' lang='lat' dir='ltr'>quod</span> <span class='ocrx_word' id='word_1_166' title='bbox 971 1951 1431 2014; x_wconf 86' lang='lat' dir='ltr'>innascibilitas</span> <span class='ocrx_word' id='word_1_167' title='bbox 1462 1952 1653 2014; x_wconf 91' lang='lat' dir='ltr'>etiam</span> <span class='ocrx_word' id='word_1_168' title='bbox 1686 1971 1879 2033; x_wconf 88' lang='lat' dir='ltr'>quan-</span> 
     </span>
     <span class='ocr_line' id='line_1_28' title="bbox 378 2049 1875 2130; baseline 0.001 -22"><span class='ocrx_word' id='word_1_169' title='bbox 378 2055 515 2109; x_wconf 91' lang='lat' dir='ltr'>tum</span> <span class='ocrx_word' id='word_1_170' title='bbox 574 2049 657 2110; x_wconf 90' lang='lat' dir='ltr'>ad</span> <span class='ocrx_word' id='word_1_171' title='bbox 706 2049 1153 2112; x_wconf 87' lang='lat' dir='ltr'>secundarium</span> <span class='ocrx_word' id='word_1_172' title='bbox 1204 2069 1393 2112; x_wconf 90' lang='lat' dir='ltr'>suum</span> <span class='ocrx_word' id='word_1_173' title='bbox 1442 2049 1875 2130; x_wconf 83' lang='lat' dir='ltr'>significatum</span> 
     </span>
     <span class='ocr_line' id='line_1_29' title="bbox 378 2145 1878 2229; baseline 0.001 -23"><span class='ocrx_word' id='word_1_174' title='bbox 378 2145 601 2208; x_wconf 80' lang='lat' dir='ltr'>differt</span> <span class='ocrx_word' id='word_1_175' title='bbox 627 2165 668 2207; x_wconf 91' lang='lat' dir='ltr'>a</span> <span class='ocrx_word' id='word_1_176' title='bbox 706 2148 1085 2229; x_wconf 86' lang='lat' dir='ltr'>paternitate</span> <span class='ocrx_word' id='word_1_177' title='bbox 1120 2165 1133 2209; x_wconf 91' lang='lat'><strong>:</strong></span> <span class='ocrx_word' id='word_1_178' title='bbox 1168 2149 1469 2229; x_wconf 87' lang='lat' dir='ltr'>quoniam</span> <span class='ocrx_word' id='word_1_179' title='bbox 1510 2149 1689 2210; x_wconf 90' lang='lat' dir='ltr'>Pater</span> <span class='ocrx_word' id='word_1_180' title='bbox 1722 2147 1878 2209; x_wconf 83' lang='lat' dir='ltr'>dicit</span> 
     </span>
     <span class='ocr_line' id='line_1_30' title="bbox 378 2244 1875 2328; baseline 0.002 -23"><span class='ocrx_word' id='word_1_181' title='bbox 378 2244 755 2307; x_wconf 87' lang='lat' dir='ltr'>relationem</span> <span class='ocrx_word' id='word_1_182' title='bbox 818 2247 1120 2328; x_wconf 89' lang='lat' dir='ltr'>principii</span> <span class='ocrx_word' id='word_1_183' title='bbox 1182 2247 1389 2309; x_wconf 92' lang='lat' dir='ltr'>solum</span> <span class='ocrx_word' id='word_1_184' title='bbox 1438 2253 1749 2328; x_wconf 88' lang='lat' dir='ltr'>quantum</span> <span class='ocrx_word' id='word_1_185' title='bbox 1798 2246 1875 2308; x_wconf 90' lang='lat' dir='ltr'>ad</span> 
     </span>
     <span class='ocr_line' id='line_1_31' title="bbox 380 2342 1878 2420; baseline 0.002 -17"><span class='ocrx_word' id='word_1_186' title='bbox 380 2342 651 2420; x_wconf 82' lang='lat' dir='ltr'>Filium3</span> <span class='ocrx_word' id='word_1_187' title='bbox 688 2343 1085 2406; x_wconf 87' lang='lat' dir='ltr'>innascibilis</span> <span class='ocrx_word' id='word_1_188' title='bbox 1124 2362 1275 2407; x_wconf 87' lang='lat' dir='ltr'>vero</span> <span class='ocrx_word' id='word_1_189' title='bbox 1314 2345 1469 2407; x_wconf 88' lang='lat' dir='ltr'>dicit</span> <span class='ocrx_word' id='word_1_190' title='bbox 1504 2344 1878 2407; x_wconf 89' lang='lat' dir='ltr'>secundario</span> 
     </span>
     <span class='ocr_line' id='line_1_32' title="bbox 378 2439 1877 2523; baseline 0.001 -22"><span class='ocrx_word' id='word_1_191' title='bbox 378 2440 775 2522; x_wconf 84' lang='lat' dir='ltr'>primitatem</span> <span class='ocrx_word' id='word_1_192' title='bbox 820 2440 1366 2523; x_wconf 90' lang='lat' dir='ltr'>plenitudinemve</span> <span class='ocrx_word' id='word_1_193' title='bbox 1408 2439 1710 2504; x_wconf 80' lang='lat' dir='ltr'>fontalem</span> <span class='ocrx_word' id='word_1_194' title='bbox 1750 2458 1877 2503; x_wconf 88' lang='lat' dir='ltr'>non</span> 
     </span>
     <span class='ocr_line' id='line_1_33' title="bbox 378 2538 1878 2620; baseline 0 -20"><span class='ocrx_word' id='word_1_195' title='bbox 378 2539 586 2600; x_wconf 92' lang='lat' dir='ltr'>solum</span> <span class='ocrx_word' id='word_1_196' title='bbox 630 2539 713 2601; x_wconf 86' lang='lat' dir='ltr'>ad</span> <span class='ocrx_word' id='word_1_197' title='bbox 755 2540 1210 2620; x_wconf 82' lang='lat' dir='ltr'>generandum,</span> <span class='ocrx_word' id='word_1_198' title='bbox 1244 2540 1353 2602; x_wconf 91' lang='lat' dir='ltr'>sed</span> <span class='ocrx_word' id='word_1_199' title='bbox 1398 2539 1591 2602; x_wconf 87' lang='lat' dir='ltr'>etiam</span> <span class='ocrx_word' id='word_1_200' title='bbox 1630 2540 1707 2601; x_wconf 89' lang='lat' dir='ltr'>ad</span> <span class='ocrx_word' id='word_1_201' title='bbox 1754 2538 1878 2620; x_wconf 92' lang='lat' dir='ltr'>spi-</span> 
     </span>
     <span class='ocr_line' id='line_1_34' title="bbox 380 2637 1875 2700; baseline -0.001 -1"><span class='ocrx_word' id='word_1_202' title='bbox 380 2638 671 2700; x_wconf 84' lang='lat' dir='ltr'>randum.</span> <span class='ocrx_word' id='word_1_203' title='bbox 704 2673 789 2682; x_wconf 95' lang='lat'>—</span> <span class='ocrx_word' id='word_1_204' title='bbox 830 2638 950 2700; x_wconf 92' lang='lat' dir='ltr'>Sed</span> <span class='ocrx_word' id='word_1_205' title='bbox 1001 2638 1123 2700; x_wconf 88' lang='lat' dir='ltr'>ista</span> <span class='ocrx_word' id='word_1_206' title='bbox 1171 2637 1445 2700; x_wconf 82' lang='lat' dir='ltr'>faciliter</span> <span class='ocrx_word' id='word_1_207' title='bbox 1494 2638 1875 2700; x_wconf 87' lang='lat' dir='ltr'>concordan-</span> 
     </span>
     <span class='ocr_line' id='line_1_35' title="bbox 380 2736 1878 2818; baseline 0.002 -23"><span class='ocrx_word' id='word_1_208' title='bbox 380 2743 483 2797; x_wconf 89' lang='lat' dir='ltr'>tur</span> <span class='ocrx_word' id='word_1_209' title='bbox 532 2755 547 2798; x_wconf 90' lang='lat'><strong>:</strong></span> <span class='ocrx_word' id='word_1_210' title='bbox 600 2736 759 2818; x_wconf 88' lang='lat' dir='ltr'>quia</span> <span class='ocrx_word' id='word_1_211' title='bbox 812 2737 1161 2799; x_wconf 87' lang='lat' dir='ltr'>Richardus</span> <span class='ocrx_word' id='word_1_212' title='bbox 1220 2736 1359 2798; x_wconf 91' lang='lat' dir='ltr'>vult</span> <span class='ocrx_word' id='word_1_213' title='bbox 1413 2737 1645 2810; x_wconf 86' lang='lat' dir='ltr'>dicere,</span> <span class='ocrx_word' id='word_1_214' title='bbox 1708 2737 1878 2818; x_wconf 89' lang='lat' dir='ltr'>quod</span> 
     </span>
     <span class='ocr_line' id='line_1_36' title="bbox 380 2833 1879 2916; baseline 0 -20"><span class='ocrx_word' id='word_1_215' title='bbox 380 2833 847 2896; x_wconf 87' lang='lat' dir='ltr'>innascibilitas</span> <span class='ocrx_word' id='word_1_216' title='bbox 884 2842 949 2896; x_wconf 90' lang='lat' dir='ltr'>et</span> <span class='ocrx_word' id='word_1_217' title='bbox 990 2835 1332 2916; x_wconf 88' lang='lat' dir='ltr'>paternitas</span> <span class='ocrx_word' id='word_1_218' title='bbox 1372 2835 1501 2896; x_wconf 88' lang='lat' dir='ltr'>sint</span> <span class='ocrx_word' id='word_1_219' title='bbox 1539 2835 1707 2896; x_wconf 90' lang='lat' dir='ltr'>idem</span> <span class='ocrx_word' id='word_1_220' title='bbox 1749 2853 1879 2897; x_wconf 88' lang='lat' dir='ltr'>rca-</span> 
     </span>
     <span class='ocr_line' id='line_1_37' title="bbox 378 2932 1877 3006; baseline 0.001 -13"><span class='ocrx_word' id='word_1_221' title='bbox 378 2932 543 3006; x_wconf 88' lang='lat' dir='ltr'>liter‚</span> <span class='ocrx_word' id='word_1_222' title='bbox 581 2951 714 2996; x_wconf 90' lang='lat' dir='ltr'>non</span> <span class='ocrx_word' id='word_1_223' title='bbox 757 2941 971 2995; x_wconf 87' lang='lat' dir='ltr'>tamen</span> <span class='ocrx_word' id='word_1_224' title='bbox 1015 2933 1520 2996; x_wconf 88' lang='lat' dir='ltr'>convertibiliter</span> <span class='ocrx_word' id='word_1_225' title='bbox 1563 2933 1731 2994; x_wconf 92' lang='lat' dir='ltr'>sicut</span> <span class='ocrx_word' id='word_1_226' title='bbox 1774 2952 1877 2994; x_wconf 93' lang='lat' dir='ltr'>su-</span> 
     </span>
    </p>
   </div>
   <div class='ocr_carea' id='block_1_10' title="bbox 1984 1950 3484 2404">
    <p class='ocr_par' dir='ltr' id='par_1_10' title="bbox 1984 1950 3484 2404">
     <span class='ocr_line' id='line_1_38' title="bbox 1988 1950 3484 2032; baseline 0.001 -21"><span class='ocrx_word' id='word_1_227' title='bbox 1988 1950 2331 2031; x_wconf 89' lang='lat' dir='ltr'>paternitas</span> <span class='ocrx_word' id='word_1_228' title='bbox 2362 1958 2510 2012; x_wconf 88' lang='lat' dir='ltr'>sunt</span> <span class='ocrx_word' id='word_1_229' title='bbox 2541 1951 2708 2013; x_wconf 90' lang='lat' dir='ltr'>idem</span> <span class='ocrx_word' id='word_1_230' title='bbox 2741 1952 2909 2032; x_wconf 92' lang='lat' dir='ltr'>quod</span> <span class='ocrx_word' id='word_1_231' title='bbox 2939 1952 3139 2025; x_wconf 90' lang='lat' dir='ltr'>Pater,</span> <span class='ocrx_word' id='word_1_232' title='bbox 3155 1969 3304 2032; x_wconf 85' lang='lat' dir='ltr'>ergo</span> <span class='ocrx_word' id='word_1_233' title='bbox 3334 1959 3484 2012; x_wconf 89' lang='lat' dir='ltr'>sunt</span> 
     </span>
     <span class='ocr_line' id='line_1_39' title="bbox 1986 2048 3481 2130; baseline 0.001 -21"><span class='ocrx_word' id='word_1_234' title='bbox 1986 2048 2160 2110; x_wconf 92' lang='lat' dir='ltr'>notio</span> <span class='ocrx_word' id='word_1_235' title='bbox 2221 2067 2332 2109; x_wconf 89' lang='lat' dir='ltr'>seu</span> <span class='ocrx_word' id='word_1_236' title='bbox 2393 2048 2748 2130; x_wconf 80' lang='lat' dir='ltr'>proprietas</span> <span class='ocrx_word' id='word_1_237' title='bbox 2808 2068 2951 2110; x_wconf 90' lang='lat' dir='ltr'>una.</span> <span class='ocrx_word' id='word_1_238' title='bbox 3015 2048 3481 2110; x_wconf 89' lang='lat' dir='ltr'>Innascibilitas</span> 
     </span>
     <span class='ocr_line' id='line_1_40' title="bbox 1986 2145 3482 2228; baseline 0 -22"><span class='ocrx_word' id='word_1_239' title='bbox 1986 2163 2240 2226; x_wconf 83' lang='lat' dir='ltr'>quoque</span> <span class='ocrx_word' id='word_1_240' title='bbox 2272 2145 2336 2206; x_wconf 92' lang='lat' dir='ltr'>in</span> <span class='ocrx_word' id='word_1_241' title='bbox 2379 2153 2688 2226; x_wconf 90' lang='lat' dir='ltr'>quantum</span> <span class='ocrx_word' id='word_1_242' title='bbox 2731 2165 2890 2228; x_wconf 90' lang='lat' dir='ltr'>pura</span> <span class='ocrx_word' id='word_1_243' title='bbox 2928 2147 3178 2225; x_wconf 83' lang='lat' dir='ltr'>negatio</span> <span class='ocrx_word' id='word_1_244' title='bbox 3216 2153 3325 2208; x_wconf 85' lang='lat' dir='ltr'>aut</span> <span class='ocrx_word' id='word_1_245' title='bbox 3355 2145 3482 2227; x_wconf 91' lang='lat' dir='ltr'>pri-</span> 
     </span>
     <span class='ocr_line' id='line_1_41' title="bbox 1984 2243 3482 2326; baseline 0 -22"><span class='ocrx_word' id='word_1_246' title='bbox 1984 2243 2174 2317; x_wconf 85' lang='lat' dir='ltr'>vatio,</span> <span class='ocrx_word' id='word_1_247' title='bbox 2212 2260 2336 2304; x_wconf 92' lang='lat' dir='ltr'>non</span> <span class='ocrx_word' id='word_1_248' title='bbox 2383 2251 2676 2306; x_wconf 88' lang='lat' dir='ltr'>censetur</span> <span class='ocrx_word' id='word_1_249' title='bbox 2715 2243 2884 2306; x_wconf 91' lang='lat' dir='ltr'>idem</span> <span class='ocrx_word' id='word_1_250' title='bbox 2924 2245 3093 2326; x_wconf 88' lang='lat' dir='ltr'>quod</span> <span class='ocrx_word' id='word_1_251' title='bbox 3135 2243 3482 2326; x_wconf 89' lang='lat' dir='ltr'>positivum</span> 
     </span>
     <span class='ocr_line' id='line_1_42' title="bbox 1985 2342 2336 2404; baseline 0 -1"><span class='ocrx_word' id='word_1_252' title='bbox 1985 2359 2098 2403; x_wconf 88' lang='lat' dir='ltr'>seu</span> <span class='ocrx_word' id='word_1_253' title='bbox 2138 2342 2336 2404; x_wconf 86' lang='lat' dir='ltr'>Pater.</span> 
     </span>
    </p>
   </div>
   <div class='ocr_carea' id='block_1_11' title="bbox 1986 2539 3482 2720">
    <p class='ocr_par' dir='ltr' id='par_1_11' title="bbox 1986 2539 3482 2720">
     <span class='ocr_line' id='line_1_43' title="bbox 2064 2539 3482 2622; baseline 0 -20"><span class='ocrx_word' id='word_1_254' title='bbox 2064 2541 2194 2602; x_wconf 89' lang='lat' dir='ltr'>Hoc</span> <span class='ocrx_word' id='word_1_255' title='bbox 2245 2541 2382 2602; x_wconf 93' lang='lat' dir='ltr'>loco</span> <span class='ocrx_word' id='word_1_256' title='bbox 2431 2540 2658 2621; x_wconf 78' lang='lat' dir='ltr'>quaerit</span> <span class='ocrx_word' id='word_1_257' title='bbox 2706 2541 2951 2614; x_wconf 83' lang='lat' dir='ltr'>ScotuS,</span> <span class='ocrx_word' id='word_1_258' title='bbox 3003 2541 3224 2603; x_wconf 89' lang='lat' dir='ltr'>Utrum</span> <span class='ocrx_word' id='word_1_259' title='bbox 3277 2539 3482 2622; x_wconf 91' lang='lat' dir='ltr'>prima</span> 
     </span>
     <span class='ocr_line' id='line_1_44' title="bbox 1986 2638 3482 2720; baseline 0.001 -21"><span class='ocrx_word' id='word_1_260' title='bbox 1986 2656 2277 2718; x_wconf 90' lang='lat' dir='ltr'>persona,</span> <span class='ocrx_word' id='word_1_261' title='bbox 2311 2638 2608 2700; x_wconf 90' lang='lat' dir='ltr'>videlicet</span> <span class='ocrx_word' id='word_1_262' title='bbox 2657 2639 2856 2711; x_wconf 86' lang='lat' dir='ltr'>Pater,</span> <span class='ocrx_word' id='word_1_263' title='bbox 2900 2638 3322 2700; x_wconf 88' lang='lat' dir='ltr'>constituatur</span> <span class='ocrx_word' id='word_1_264' title='bbox 3373 2656 3482 2720; x_wconf 93' lang='lat' dir='ltr'>po-</span> 
     </span>
    </p>
   </div>
   <div class='ocr_carea' id='block_1_12' title="bbox 1950 2734 3484 2817">
    <p class='ocr_par' dir='ltr' id='par_1_12' title="bbox 1950 2734 3484 2817">
     <span class='ocr_line' id='line_1_45' title="bbox 1950 2734 3484 2817; baseline 0.001 -21"><span class='ocrx_word' id='word_1_265' title='bbox 1950 2734 2172 2797; x_wconf 87' lang='lat' dir='ltr'>-sitiva</span> <span class='ocrx_word' id='word_1_266' title='bbox 2213 2737 2515 2799; x_wconf 89' lang='lat' dir='ltr'>relatione</span> <span class='ocrx_word' id='word_1_267' title='bbox 2555 2737 2632 2798; x_wconf 90' lang='lat' dir='ltr'>ad</span> <span class='ocrx_word' id='word_1_268' title='bbox 2675 2737 3041 2810; x_wconf 88' lang='lat' dir='ltr'>secundam,</span> <span class='ocrx_word' id='word_1_269' title='bbox 3076 2743 3232 2817; x_wconf 87' lang='lat' dir='ltr'>puta</span> <span class='ocrx_word' id='word_1_270' title='bbox 3270 2737 3347 2799; x_wconf 90' lang='lat' dir='ltr'>ad</span> <span class='ocrx_word' id='word_1_271' title='bbox 3389 2736 3484 2798; x_wconf 89' lang='lat' dir='ltr'>Fi-</span> 
     </span>
    </p>
   </div>
   <div class='ocr_carea' id='block_1_13' title="bbox 1984 2833 3482 3014">
    <p class='ocr_par' dir='ltr' id='par_1_13' title="bbox 1984 2833 3482 3014">
     <span class='ocr_line' id='line_1_46' title="bbox 1986 2833 3482 2896; baseline 0 -2"><span class='ocrx_word' id='word_1_272' title='bbox 1986 2833 2164 2895; x_wconf 90' lang='lat' dir='ltr'>lium.</span> <span class='ocrx_word' id='word_1_273' title='bbox 2203 2835 2322 2896; x_wconf 92' lang='lat' dir='ltr'>Sed</span> <span class='ocrx_word' id='word_1_274' title='bbox 2365 2834 2532 2896; x_wconf 90' lang='lat' dir='ltr'>istud</span> <span class='ocrx_word' id='word_1_275' title='bbox 2573 2835 2826 2896; x_wconf 88' lang='lat' dir='ltr'>videtur</span> <span class='ocrx_word' id='word_1_276' title='bbox 2853 2833 2933 2896; x_wconf 90' lang='lat' dir='ltr'>ab</span> <span class='ocrx_word' id='word_1_277' title='bbox 2973 2851 3048 2896; x_wconf 89' lang='lat' dir='ltr'>eo</span> <span class='ocrx_word' id='word_1_278' title='bbox 3082 2833 3482 2896; x_wconf 79' lang='lat' dir='ltr'>sufficienter</span> 
     </span>
     <span class='ocr_line' id='line_1_47' title="bbox 1984 2932 3482 3014; baseline 0.001 -20"><span class='ocrx_word' id='word_1_279' title='bbox 1984 2932 2324 3014; x_wconf 86' lang='lat' dir='ltr'>quaesitum</span> <span class='ocrx_word' id='word_1_280' title='bbox 2375 2941 2438 2994; x_wconf 90' lang='lat' dir='ltr'>et</span> <span class='ocrx_word' id='word_1_281' title='bbox 2481 2933 2972 2995; x_wconf 90' lang='lat' dir='ltr'>determinatum</span> <span class='ocrx_word' id='word_1_282' title='bbox 3018 2952 3209 3014; x_wconf 88' lang='lat' dir='ltr'>supra</span> <span class='ocrx_word' id='word_1_283' title='bbox 3259 2933 3482 2995; x_wconf 92' lang='lat' dir='ltr'>distin-</span> 
     </span>
    </p>
   </div>
   <div class='ocr_carea' id='block_1_14' title="bbox 380 3029 3482 3114">
    <p class='ocr_par' dir='ltr' id='par_1_14' title="bbox 380 3029 3482 3114">
     <span class='ocr_line' id='line_1_48' title="bbox 380 3029 3482 3114; baseline -0 -21"><span class='ocrx_word' id='word_1_284' title='bbox 380 3031 595 3112; x_wconf 88' lang='lat' dir='ltr'>perius</span> <span class='ocrx_word' id='word_1_285' title='bbox 625 3039 691 3093; x_wconf 97' lang='lat' dir='ltr'>et</span> <span class='ocrx_word' id='word_1_286' title='bbox 724 3031 1028 3111; x_wconf 84' lang='lat' dir='ltr'>inferius3</span> <span class='ocrx_word' id='word_1_287' title='bbox 1060 3039 1124 3094; x_wconf 89' lang='lat' dir='ltr'>et</span> <span class='ocrx_word' id='word_1_288' title='bbox 1153 3031 1305 3114; x_wconf 91' lang='lat' dir='ltr'>quia</span> <span class='ocrx_word' id='word_1_289' title='bbox 1344 3031 1635 3112; x_wconf 87' lang='lat' dir='ltr'>primitas</span> <span class='ocrx_word' id='word_1_290' title='bbox 1672 3031 1781 3093; x_wconf 88' lang='lat' dir='ltr'>illa</span> <span class='ocrx_word' id='word_1_291' title='bbox 1809 3049 1875 3093; x_wconf 90' lang='lat' dir='ltr'>se</span> <span class='ocrx_word' id='word_1_292' title='bbox 1912 3029 1956 3091; x_wconf 90' lang='lat' dir='ltr'>C</span> <span class='ocrx_word' id='word_1_293' title='bbox 1985 3031 2195 3094; x_wconf 88' lang='lat' dir='ltr'>ctione</span> <span class='ocrx_word' id='word_1_294' title='bbox 2235 3031 2540 3093; x_wconf 90' lang='lat' dir='ltr'>vicesima</span> <span class='ocrx_word' id='word_1_295' title='bbox 2583 3039 2778 3104; x_wconf 82' lang='lat' dir='ltr'>sexta,</span> <span class='ocrx_word' id='word_1_296' title='bbox 2813 3031 2925 3093; x_wconf 92' lang='lat' dir='ltr'>ubi</span> <span class='ocrx_word' id='word_1_297' title='bbox 2964 3030 3144 3112; x_wconf 89' lang='lat' dir='ltr'>quasi</span> <span class='ocrx_word' id='word_1_298' title='bbox 3188 3030 3482 3112; x_wconf 91' lang='lat' dir='ltr'>probabi-</span> 
     </span>
    </p>
   </div>
   <div class='ocr_carea' id='block_1_15' title="bbox 375 3130 1879 4197">
    <p class='ocr_par' dir='ltr' id='par_1_15' title="bbox 376 3130 1879 3312">
     <span class='ocr_line' id='line_1_49' title="bbox 378 3130 1879 3214; baseline 0.002 -23"><span class='ocrx_word' id='word_1_299' title='bbox 378 3130 567 3193; x_wconf 88' lang='lat' dir='ltr'>habet</span> <span class='ocrx_word' id='word_1_300' title='bbox 600 3132 669 3193; x_wconf 90' lang='lat' dir='ltr'>in</span> <span class='ocrx_word' id='word_1_301' title='bbox 698 3130 845 3213; x_wconf 90' lang='lat' dir='ltr'>plus</span> <span class='ocrx_word' id='word_1_302' title='bbox 877 3150 1069 3214; x_wconf 92' lang='lat' dir='ltr'>quam</span> <span class='ocrx_word' id='word_1_303' title='bbox 1100 3132 1467 3213; x_wconf 80' lang='lat' dir='ltr'>paternitaS,</span> <span class='ocrx_word' id='word_1_304' title='bbox 1502 3131 1657 3193; x_wconf 91' lang='lat' dir='ltr'>dicit</span> <span class='ocrx_word' id='word_1_305' title='bbox 1688 3133 1879 3194; x_wconf 86' lang='lat' dir='ltr'>Bona-</span> 
     </span>
     <span class='ocr_line' id='line_1_50' title="bbox 376 3230 1543 3312; baseline 0.001 -22"><span class='ocrx_word' id='word_1_306' title='bbox 376 3237 647 3292; x_wconf 88' lang='lat' dir='ltr'>ventura</span> <span class='ocrx_word' id='word_1_307' title='bbox 689 3230 859 3312; x_wconf 90' lang='lat' dir='ltr'>quod</span> <span class='ocrx_word' id='word_1_308' title='bbox 903 3230 1033 3292; x_wconf 91' lang='lat' dir='ltr'>sint</span> <span class='ocrx_word' id='word_1_309' title='bbox 1074 3230 1543 3311; x_wconf 81' lang='lat' dir='ltr'>distinguenda.</span> 
     </span>
    </p>

    <p class='ocr_par' dir='ltr' id='par_1_16' title="bbox 375 3327 1877 4097">
     <span class='ocr_line' id='line_1_51' title="bbox 452 3327 1872 3409; baseline -0.001 -19"><span class='ocrx_word' id='word_1_310' title='bbox 452 3327 763 3390; x_wconf 83' lang='lat' dir='ltr'>Praeterea</span> <span class='ocrx_word' id='word_1_311' title='bbox 792 3327 1053 3409; x_wconf 90' lang='lat' dir='ltr'>quidam</span> <span class='ocrx_word' id='word_1_312' title='bbox 1094 3328 1381 3390; x_wconf 88' lang='lat' dir='ltr'>doctores</span> <span class='ocrx_word' id='word_1_313' title='bbox 1412 3328 1517 3390; x_wconf 91' lang='lat' dir='ltr'>hic</span> <span class='ocrx_word' id='word_1_314' title='bbox 1559 3335 1872 3409; x_wconf 82' lang='lat' dir='ltr'>quaerunt,</span> 
     </span>
     <span class='ocr_line' id='line_1_52' title="bbox 375 3426 1877 3507; baseline 0 -21"><span class='ocrx_word' id='word_1_315' title='bbox 375 3426 469 3487; x_wconf 84' lang='lat' dir='ltr'>An</span> <span class='ocrx_word' id='word_1_316' title='bbox 499 3426 684 3487; x_wconf 89' lang='lat' dir='ltr'>Pater</span> <span class='ocrx_word' id='word_1_317' title='bbox 712 3434 976 3507; x_wconf 87' lang='lat' dir='ltr'>propter</span> <span class='ocrx_word' id='word_1_318' title='bbox 1003 3433 1129 3488; x_wconf 89' lang='lat' dir='ltr'>tres</span> <span class='ocrx_word' id='word_1_319' title='bbox 1165 3445 1310 3488; x_wconf 89' lang='lat' dir='ltr'>suas</span> <span class='ocrx_word' id='word_1_320' title='bbox 1352 3427 1641 3488; x_wconf 90' lang='lat' dir='ltr'>notiones</span> <span class='ocrx_word' id='word_1_321' title='bbox 1673 3426 1877 3488; x_wconf 88' lang='lat' dir='ltr'>valeat</span> 
     </span>
     <span class='ocr_line' id='line_1_53' title="bbox 376 3523 1877 3605; baseline 0.001 -21"><span class='ocrx_word' id='word_1_322' title='bbox 376 3523 502 3585; x_wconf 89' lang='lat' dir='ltr'>dici</span> <span class='ocrx_word' id='word_1_323' title='bbox 547 3523 775 3585; x_wconf 83' lang='lat' dir='ltr'>trinuS.</span> <span class='ocrx_word' id='word_1_324' title='bbox 812 3524 959 3597; x_wconf 79' lang='lat' dir='ltr'>Quae</span> <span class='ocrx_word' id='word_1_325' title='bbox 998 3524 1267 3605; x_wconf 85' lang='lat' dir='ltr'>quaestio</span> <span class='ocrx_word' id='word_1_326' title='bbox 1306 3523 1535 3586; x_wconf 89' lang='lat' dir='ltr'>similis</span> <span class='ocrx_word' id='word_1_327' title='bbox 1574 3530 1669 3585; x_wconf 88' lang='lat' dir='ltr'>est</span> <span class='ocrx_word' id='word_1_328' title='bbox 1708 3542 1877 3605; x_wconf 81' lang='lat' dir='ltr'>quae-</span> 
     </span>
     <span class='ocr_line' id='line_1_54' title="bbox 376 3621 1876 3703; baseline 0 -20"><span class='ocrx_word' id='word_1_329' title='bbox 376 3621 571 3683; x_wconf 88' lang='lat' dir='ltr'>stioni</span> <span class='ocrx_word' id='word_1_330' title='bbox 600 3621 891 3703; x_wconf 88' lang='lat' dir='ltr'>superius</span> <span class='ocrx_word' id='word_1_331' title='bbox 922 3630 1124 3697; x_wconf 84' lang='lat' dir='ltr'>motae,</span> <span class='ocrx_word' id='word_1_332' title='bbox 1141 3622 1456 3696; x_wconf 87' lang='lat' dir='ltr'>videlicet,</span> <span class='ocrx_word' id='word_1_333' title='bbox 1477 3629 1687 3683; x_wconf 90' lang='lat' dir='ltr'>utrum</span> <span class='ocrx_word' id='word_1_334' title='bbox 1712 3623 1876 3683; x_wconf 89' lang='lat' dir='ltr'>Deus</span> 
     </span>
     <span class='ocr_line' id='line_1_55' title="bbox 380 3720 1875 3803; baseline -0.001 -21"><span class='ocrx_word' id='word_1_335' title='bbox 380 3729 643 3803; x_wconf 88' lang='lat' dir='ltr'>propter</span> <span class='ocrx_word' id='word_1_336' title='bbox 686 3722 975 3803; x_wconf 88' lang='lat' dir='ltr'>quinque</span> <span class='ocrx_word' id='word_1_337' title='bbox 1026 3741 1171 3783; x_wconf 88' lang='lat' dir='ltr'>suas</span> <span class='ocrx_word' id='word_1_338' title='bbox 1232 3722 1521 3783; x_wconf 89' lang='lat' dir='ltr'>notiones</span> <span class='ocrx_word' id='word_1_339' title='bbox 1569 3720 1875 3783; x_wconf 90' lang='lat' dir='ltr'>dicendus</span> 
     </span>
     <span class='ocr_line' id='line_1_56' title="bbox 379 3819 1876 3902; baseline -0.001 -22"><span class='ocrx_word' id='word_1_340' title='bbox 379 3819 461 3880; x_wconf 89' lang='lat' dir='ltr'>sit</span> <span class='ocrx_word' id='word_1_341' title='bbox 489 3819 753 3901; x_wconf 89' lang='lat' dir='ltr'>quinus,</span> <span class='ocrx_word' id='word_1_342' title='bbox 788 3820 954 3881; x_wconf 91' lang='lat' dir='ltr'>sicut</span> <span class='ocrx_word' id='word_1_343' title='bbox 984 3828 1243 3901; x_wconf 87' lang='lat' dir='ltr'>propter</span> <span class='ocrx_word' id='word_1_344' title='bbox 1274 3827 1399 3881; x_wconf 86' lang='lat' dir='ltr'>tres</span> <span class='ocrx_word' id='word_1_345' title='bbox 1440 3836 1739 3902; x_wconf 89' lang='lat' dir='ltr'>personas</span> <span class='ocrx_word' id='word_1_346' title='bbox 1772 3836 1876 3880; x_wconf 92' lang='lat' dir='ltr'>vo-</span> 
     </span>
     <span class='ocr_line' id='line_1_57' title="bbox 380 3916 1877 3999; baseline -0.001 -20"><span class='ocrx_word' id='word_1_347' title='bbox 380 3926 559 3980; x_wconf 90' lang='lat' dir='ltr'>catur</span> <span class='ocrx_word' id='word_1_348' title='bbox 608 3918 834 3980; x_wconf 80' lang='lat' dir='ltr'>trinus,</span> <span class='ocrx_word' id='word_1_349' title='bbox 868 3917 961 3980; x_wconf 85' lang='lat' dir='ltr'>Ad</span> <span class='ocrx_word' id='word_1_350' title='bbox 1011 3937 1201 3999; x_wconf 87' lang='lat' dir='ltr'>quam</span> <span class='ocrx_word' id='word_1_351' title='bbox 1246 3937 1438 3999; x_wconf 90' lang='lat' dir='ltr'>supra</span> <span class='ocrx_word' id='word_1_352' title='bbox 1485 3937 1562 3979; x_wconf 89' lang='lat' dir='ltr'>ex</span> <span class='ocrx_word' id='word_1_353' title='bbox 1604 3916 1877 3979; x_wconf 87' lang='lat' dir='ltr'>Antisio-</span> 
     </span>
     <span class='ocr_line' id='line_1_58' title="bbox 378 4015 1213 4097; baseline 0.002 -21"><span class='ocrx_word' id='word_1_354' title='bbox 378 4015 633 4078; x_wconf 85' lang='lat' dir='ltr'>dorensi</span> <span class='ocrx_word' id='word_1_355' title='bbox 678 4033 1055 4097; x_wconf 86' lang='lat' dir='ltr'>responsum</span> <span class='ocrx_word' id='word_1_356' title='bbox 1099 4025 1213 4078; x_wconf 89' lang='lat' dir='ltr'>est.</span> 
     </span>
    </p>

    <p class='ocr_par' dir='ltr' id='par_1_17' title="bbox 454 4115 1876 4197">
     <span class='ocr_line' id='line_1_59' title="bbox 454 4115 1876 4197; baseline -0.001 -19"><span class='ocrx_word' id='word_1_357' title='bbox 454 4115 809 4178; x_wconf 82' lang='lat' dir='ltr'>Richardus</span> <span class='ocrx_word' id='word_1_358' title='bbox 838 4133 989 4178; x_wconf 90' lang='lat' dir='ltr'>vero</span> <span class='ocrx_word' id='word_1_359' title='bbox 1020 4117 1360 4197; x_wconf 89' lang='lat' dir='ltr'>respondet</span> <span class='ocrx_word' id='word_1_360' title='bbox 1388 4116 1465 4177; x_wconf 90' lang='lat' dir='ltr'>ad</span> <span class='ocrx_word' id='word_1_361' title='bbox 1504 4122 1876 4197; x_wconf 71' lang='lat' dir='ltr'>praetactum</span> 
     </span>
    </p>
   </div>
   <div class='ocr_carea' id='block_1_16' title="bbox 1983 3129 3484 4197">
    <p class='ocr_par' dir='ltr' id='par_1_18' title="bbox 1983 3129 3484 4197">
     <span class='ocr_line' id='line_1_60' title="bbox 1986 3129 3483 3212; baseline 0 -20"><span class='ocrx_word' id='word_1_362' title='bbox 1986 3131 2130 3192; x_wconf 90' lang='lat' dir='ltr'>liter</span> <span class='ocrx_word' id='word_1_363' title='bbox 2168 3130 2396 3203; x_wconf 89' lang='lat' dir='ltr'>tenuit,</span> <span class='ocrx_word' id='word_1_364' title='bbox 2432 3131 2600 3212; x_wconf 88' lang='lat' dir='ltr'>quod</span> <span class='ocrx_word' id='word_1_365' title='bbox 2646 3129 2878 3193; x_wconf 81' lang='lat' dir='ltr'>divinae</span> <span class='ocrx_word' id='word_1_366' title='bbox 2923 3147 3208 3211; x_wconf 84' lang='lat' dir='ltr'>personae</span> <span class='ocrx_word' id='word_1_367' title='bbox 3253 3130 3483 3193; x_wconf 91' lang='lat' dir='ltr'>consti-</span> 
     </span>
     <span class='ocr_line' id='line_1_61' title="bbox 1985 3228 3481 3310; baseline 0.001 -20"><span class='ocrx_word' id='word_1_368' title='bbox 1985 3236 2254 3291; x_wconf 90' lang='lat' dir='ltr'>tuuntur</span> <span class='ocrx_word' id='word_1_369' title='bbox 2299 3247 2412 3310; x_wconf 90' lang='lat' dir='ltr'>per</span> <span class='ocrx_word' id='word_1_370' title='bbox 2449 3228 2768 3291; x_wconf 87' lang='lat' dir='ltr'>absolutas</span> <span class='ocrx_word' id='word_1_371' title='bbox 2812 3228 3229 3310; x_wconf 87' lang='lat' dir='ltr'>proprietates</span> <span class='ocrx_word' id='word_1_372' title='bbox 3264 3245 3278 3290; x_wconf 72' lang='grc' dir='ltr'>ε</span> <span class='ocrx_word' id='word_1_373' title='bbox 3312 3228 3481 3310; x_wconf 89' lang='lat' dir='ltr'>quod</span> 
     </span>
     <span class='ocr_line' id='line_1_62' title="bbox 1985 3325 3484 3408; baseline 0.001 -20"><span class='ocrx_word' id='word_1_374' title='bbox 1985 3334 2050 3389; x_wconf 88' lang='lat' dir='ltr'>ct</span> <span class='ocrx_word' id='word_1_375' title='bbox 2087 3327 2194 3388; x_wconf 92' lang='lat' dir='ltr'>hic</span> <span class='ocrx_word' id='word_1_376' title='bbox 2236 3346 2453 3389; x_wconf 89' lang='lat' dir='ltr'>rursus</span> <span class='ocrx_word' id='word_1_377' title='bbox 2492 3325 2582 3388; x_wconf 89' lang='lat' dir='ltr'>ait</span> <span class='ocrx_word' id='word_1_378' title='bbox 2620 3327 2698 3389; x_wconf 90' lang='lat' dir='ltr'>de</span> <span class='ocrx_word' id='word_1_379' title='bbox 2737 3327 2933 3390; x_wconf 87' lang='lat' dir='ltr'>Patris</span> <span class='ocrx_word' id='word_1_380' title='bbox 2975 3344 3264 3408; x_wconf 90' lang='lat' dir='ltr'>persona,</span> <span class='ocrx_word' id='word_1_381' title='bbox 3299 3335 3360 3389; x_wconf 88' lang='lat' dir='ltr'>et</span> <span class='ocrx_word' id='word_1_382' title='bbox 3391 3346 3484 3389; x_wconf 89' lang='lat' dir='ltr'>ar-</span> 
     </span>
     <span class='ocr_line' id='line_1_63' title="bbox 1984 3427 3481 3508; baseline 0.001 -20"><span class='ocrx_word' id='word_1_383' title='bbox 1984 3428 2121 3508; x_wconf 87' lang='lat' dir='ltr'>guit</span> <span class='ocrx_word' id='word_1_384' title='bbox 2171 3428 2260 3488; x_wconf 88' lang='lat' dir='ltr'>ita</span> <span class='ocrx_word' id='word_1_385' title='bbox 2307 3444 2320 3489; x_wconf 91' lang='lat'>:</span> <span class='ocrx_word' id='word_1_386' title='bbox 2370 3428 2438 3489; x_wconf 92' lang='lat' dir='ltr'>In</span> <span class='ocrx_word' id='word_1_387' title='bbox 2489 3427 2666 3489; x_wconf 89' lang='lat' dir='ltr'>Patre</span> <span class='ocrx_word' id='word_1_388' title='bbox 2716 3444 2844 3489; x_wconf 89' lang='lat' dir='ltr'>non</span> <span class='ocrx_word' id='word_1_389' title='bbox 2888 3435 2984 3488; x_wconf 89' lang='lat' dir='ltr'>est</span> <span class='ocrx_word' id='word_1_390' title='bbox 3033 3427 3155 3489; x_wconf 91' lang='lat' dir='ltr'>nisi</span> <span class='ocrx_word' id='word_1_391' title='bbox 3207 3428 3481 3489; x_wconf 87' lang='lat' dir='ltr'>essentia</span> 
     </span>
     <span class='ocr_line' id='line_1_64' title="bbox 1986 3525 3483 3607; baseline -0.001 -20"><span class='ocrx_word' id='word_1_392' title='bbox 1986 3525 2269 3607; x_wconf 82' lang='lat' dir='ltr'>ingenita</span> <span class='ocrx_word' id='word_1_393' title='bbox 2326 3534 2388 3587; x_wconf 90' lang='lat' dir='ltr'>et</span> <span class='ocrx_word' id='word_1_394' title='bbox 2437 3525 2700 3607; x_wconf 89' lang='lat' dir='ltr'>spiratio</span> <span class='ocrx_word' id='word_1_395' title='bbox 2749 3533 2937 3607; x_wconf 89' lang='lat' dir='ltr'>atque</span> <span class='ocrx_word' id='word_1_396' title='bbox 2992 3526 3214 3588; x_wconf 88' lang='lat' dir='ltr'>relatio</span> <span class='ocrx_word' id='word_1_397' title='bbox 3261 3526 3340 3587; x_wconf 90' lang='lat' dir='ltr'>ad</span> <span class='ocrx_word' id='word_1_398' title='bbox 3390 3543 3483 3587; x_wconf 91' lang='grc'>36-</span> 
     </span>
     <span class='ocr_line' id='line_1_65' title="bbox 1985 3624 3480 3705; baseline 0 -20"><span class='ocrx_word' id='word_1_399' title='bbox 1985 3624 2260 3686; x_wconf 90' lang='lat' dir='ltr'>cundam</span> <span class='ocrx_word' id='word_1_400' title='bbox 2309 3641 2666 3705; x_wconf 89' lang='lat' dir='ltr'>personam,</span> <span class='ocrx_word' id='word_1_401' title='bbox 2701 3624 2765 3685; x_wconf 90' lang='lat' dir='ltr'>id</span> <span class='ocrx_word' id='word_1_402' title='bbox 2814 3631 2909 3685; x_wconf 89' lang='lat' dir='ltr'>est</span> <span class='ocrx_word' id='word_1_403' title='bbox 2954 3624 3319 3704; x_wconf 89' lang='lat' dir='ltr'>paternitas,</span> <span class='ocrx_word' id='word_1_404' title='bbox 3354 3641 3480 3704; x_wconf 89' lang='lat' dir='ltr'>qua</span> 
     </span>
     <span class='ocr_line' id='line_1_66' title="bbox 1986 3720 3479 3784; baseline 0 -3"><span class='ocrx_word' id='word_1_405' title='bbox 1986 3721 2258 3784; x_wconf 79' lang='lat' dir='ltr'>refertur</span> <span class='ocrx_word' id='word_1_406' title='bbox 2305 3722 2383 3784; x_wconf 91' lang='lat' dir='ltr'>ad</span> <span class='ocrx_word' id='word_1_407' title='bbox 2435 3722 2684 3783; x_wconf 89' lang='lat' dir='ltr'>Filium.</span> <span class='ocrx_word' id='word_1_408' title='bbox 2740 3720 3021 3784; x_wconf 84' lang='lat' dir='ltr'>Relativa</span> <span class='ocrx_word' id='word_1_409' title='bbox 3065 3728 3280 3783; x_wconf 89' lang='lat' dir='ltr'>autem</span> <span class='ocrx_word' id='word_1_410' title='bbox 3330 3727 3479 3783; x_wconf 88' lang='lat' dir='ltr'>sunt</span> 
     </span>
     <span class='ocr_line' id='line_1_67' title="bbox 1985 3818 3478 3901; baseline 0 -20"><span class='ocrx_word' id='word_1_411' title='bbox 1985 3820 2177 3881; x_wconf 91' lang='lat' dir='ltr'>simul</span> <span class='ocrx_word' id='word_1_412' title='bbox 2222 3826 2445 3881; x_wconf 88' lang='lat' dir='ltr'>natura</span> <span class='ocrx_word' id='word_1_413' title='bbox 2479 3836 2493 3880; x_wconf 73' lang='grc' dir='ltr'>ε</span> <span class='ocrx_word' id='word_1_414' title='bbox 2527 3836 2932 3901; x_wconf 89' lang='lat' dir='ltr'>quocumque</span> <span class='ocrx_word' id='word_1_415' title='bbox 2971 3835 3120 3899; x_wconf 82' lang='lat' dir='ltr'>ergo</span> <span class='ocrx_word' id='word_1_416' title='bbox 3159 3818 3337 3899; x_wconf 89' lang='lat' dir='ltr'>prius</span> <span class='ocrx_word' id='word_1_417' title='bbox 3381 3826 3478 3881; x_wconf 89' lang='lat' dir='ltr'>est</span> 
     </span>
     <span class='ocr_line' id='line_1_68' title="bbox 1985 3916 3476 3998; baseline -0.001 -19"><span class='ocrx_word' id='word_1_418' title='bbox 1985 3937 2186 3980; x_wconf 89' lang='lat' dir='ltr'>unum</span> <span class='ocrx_word' id='word_1_419' title='bbox 2232 3918 2662 3990; x_wconf 86' lang='lat' dir='ltr'>relativorum,</span> <span class='ocrx_word' id='word_1_420' title='bbox 2696 3925 2757 3979; x_wconf 87' lang='lat' dir='ltr'>et</span> <span class='ocrx_word' id='word_1_421' title='bbox 2798 3916 3136 3998; x_wconf 86' lang='lat' dir='ltr'>reliquum.</span> <span class='ocrx_word' id='word_1_422' title='bbox 3173 3916 3235 3979; x_wconf 90' lang='lat' dir='ltr'>Si</span> <span class='ocrx_word' id='word_1_423' title='bbox 3282 3917 3476 3998; x_wconf 83' lang='lat' dir='ltr'>igitur</span> 
     </span>
     <span class='ocr_line' id='line_1_69' title="bbox 1983 4015 3476 4097; baseline -0.001 -19"><span class='ocrx_word' id='word_1_424' title='bbox 1983 4017 2161 4078; x_wconf 90' lang='lat' dir='ltr'>Pater</span> <span class='ocrx_word' id='word_1_425' title='bbox 2220 4016 2629 4078; x_wconf 86' lang='lat' dir='ltr'>constituitur</span> <span class='ocrx_word' id='word_1_426' title='bbox 2678 4015 3076 4097; x_wconf 85' lang='lat' dir='ltr'>paternitate,</span> <span class='ocrx_word' id='word_1_427' title='bbox 3132 4015 3476 4097; x_wconf 87' lang='lat' dir='ltr'>paternitas</span> 
     </span>
     <span class='ocr_line' id='line_1_70' title="bbox 1984 4113 3471 4197; baseline 0.001 -22"><span class='ocrx_word' id='word_1_428' title='bbox 1984 4115 2159 4197; x_wconf 90' lang='lat' dir='ltr'>prior</span> <span class='ocrx_word' id='word_1_429' title='bbox 2202 4121 2298 4177; x_wconf 91' lang='lat' dir='ltr'>est</span> <span class='ocrx_word' id='word_1_430' title='bbox 2346 4114 2543 4177; x_wconf 87' lang='lat' dir='ltr'>Patris</span> <span class='ocrx_word' id='word_1_431' title='bbox 2596 4132 2884 4195; x_wconf 87' lang='lat' dir='ltr'>persona,</span> <span class='ocrx_word' id='word_1_432' title='bbox 2917 4131 3066 4194; x_wconf 82' lang='lat' dir='ltr'>ergo</span> <span class='ocrx_word' id='word_1_433' title='bbox 3109 4121 3172 4175; x_wconf 88' lang='lat' dir='ltr'>et</span> <span class='ocrx_word' id='word_1_434' title='bbox 3224 4113 3471 4188; x_wconf 75' lang='lat' dir='ltr'>filiatio,</span> 
     </span>
    </p>
   </div>
   <div class='ocr_carea' id='block_1_17' title="bbox 376 4212 3480 4493">
    <p class='ocr_par' dir='ltr' id='par_1_19' title="bbox 376 4212 3480 4493">
     <span class='ocr_line' id='line_1_71' title="bbox 376 4212 3476 4294; baseline 0 -19"><span class='ocrx_word' id='word_1_435' title='bbox 376 4214 719 4294; x_wconf 77' lang='lat' dir='ltr'>quaesitum</span> <span class='ocrx_word' id='word_1_436' title='bbox 746 4214 1085 4287; x_wconf 85' lang='lat' dir='ltr'>:Quamvis</span> <span class='ocrx_word' id='word_1_437' title='bbox 1118 4215 1182 4276; x_wconf 92' lang='lat' dir='ltr'>in</span> <span class='ocrx_word' id='word_1_438' title='bbox 1214 4216 1392 4277; x_wconf 88' lang='lat' dir='ltr'>Patre</span> <span class='ocrx_word' id='word_1_439' title='bbox 1428 4222 1553 4276; x_wconf 88' lang='lat' dir='ltr'>tres</span> <span class='ocrx_word' id='word_1_440' title='bbox 1587 4214 1875 4276; x_wconf 88' lang='lat' dir='ltr'>notiones</span> <span class='ocrx_word' id='word_1_441' title='bbox 1907 4216 1956 4276; x_wconf 91' lang='lat' dir='ltr'>D</span> <span class='ocrx_word' id='word_1_442' title='bbox 1984 4213 2114 4276; x_wconf 91' lang='lat' dir='ltr'>imo</span> <span class='ocrx_word' id='word_1_443' title='bbox 2162 4220 2226 4275; x_wconf 89' lang='lat' dir='ltr'>et</span> <span class='ocrx_word' id='word_1_444' title='bbox 2274 4213 2490 4275; x_wconf 89' lang='lat' dir='ltr'>Filius.</span> <span class='ocrx_word' id='word_1_445' title='bbox 2545 4212 2783 4275; x_wconf 90' lang='lat' dir='ltr'>Deinde</span> <span class='ocrx_word' id='word_1_446' title='bbox 2833 4214 3012 4294; x_wconf 83' lang='lat' dir='ltr'>ponit</span> <span class='ocrx_word' id='word_1_447' title='bbox 3069 4230 3476 4275; x_wconf 90' lang='lat' dir='ltr'>communem</span> 
     </span>
     <span class='ocr_line' id='line_1_72' title="bbox 376 4310 3480 4394; baseline 0 -21"><span class='ocrx_word' id='word_1_448' title='bbox 376 4312 705 4385; x_wconf 86' lang='lat' dir='ltr'>exsistant,</span> <span class='ocrx_word' id='word_1_449' title='bbox 758 4320 969 4374; x_wconf 88' lang='lat' dir='ltr'>tamen</span> <span class='ocrx_word' id='word_1_450' title='bbox 1020 4313 1085 4374; x_wconf 90' lang='lat' dir='ltr'>in</span> <span class='ocrx_word' id='word_1_451' title='bbox 1136 4331 1212 4376; x_wconf 92' lang='lat' dir='ltr'>eo</span> <span class='ocrx_word' id='word_1_452' title='bbox 1260 4330 1389 4374; x_wconf 90' lang='lat' dir='ltr'>non</span> <span class='ocrx_word' id='word_1_453' title='bbox 1432 4320 1529 4373; x_wconf 90' lang='lat' dir='ltr'>est</span> <span class='ocrx_word' id='word_1_454' title='bbox 1574 4312 1700 4373; x_wconf 90' lang='lat' dir='ltr'>nisi</span> <span class='ocrx_word' id='word_1_455' title='bbox 1750 4331 1876 4374; x_wconf 90' lang='lat' dir='ltr'>una</span> <span class='ocrx_word' id='word_1_456' title='bbox 1984 4314 2314 4375; x_wconf 89' lang='lat' dir='ltr'>doctorum</span> <span class='ocrx_word' id='word_1_457' title='bbox 2347 4312 2847 4394; x_wconf 89' lang='lat' dir='ltr'>responsionem,</span> <span class='ocrx_word' id='word_1_458' title='bbox 2881 4310 3152 4374; x_wconf 89' lang='lat' dir='ltr'>dicendo</span> <span class='ocrx_word' id='word_1_459' title='bbox 3186 4330 3200 4373; x_wconf 74' lang='grc' dir='ltr'>ε</span> <span class='ocrx_word' id='word_1_460' title='bbox 3236 4312 3480 4375; x_wconf 90' lang='lat' dir='ltr'>Dicitur</span> 
     </span>
     <span class='ocr_line' id='line_1_73' title="bbox 376 4410 3479 4493; baseline 0 -21"><span class='ocrx_word' id='word_1_461' title='bbox 376 4410 730 4490; x_wconf 87' lang='lat' dir='ltr'>personalis</span> <span class='ocrx_word' id='word_1_462' title='bbox 782 4411 1155 4492; x_wconf 88' lang='lat' dir='ltr'>proprietas,</span> <span class='ocrx_word' id='word_1_463' title='bbox 1209 4430 1324 4493; x_wconf 89' lang='lat' dir='ltr'>per</span> <span class='ocrx_word' id='word_1_464' title='bbox 1372 4430 1564 4493; x_wconf 90' lang='lat' dir='ltr'>quam</span> <span class='ocrx_word' id='word_1_465' title='bbox 1622 4410 1687 4472; x_wconf 93' lang='lat' dir='ltr'>in</span> <span class='ocrx_word' id='word_1_466' title='bbox 1736 4428 1874 4472; x_wconf 90' lang='grc'><strong>6336</strong></span> <span class='ocrx_word' id='word_1_467' title='bbox 1984 4411 2153 4493; x_wconf 88' lang='lat' dir='ltr'>quod</span> <span class='ocrx_word' id='word_1_468' title='bbox 2205 4410 2426 4473; x_wconf 90' lang='lat' dir='ltr'>relatio</span> <span class='ocrx_word' id='word_1_469' title='bbox 2477 4418 2546 4471; x_wconf 90' lang='lat' dir='ltr'>ut</span> <span class='ocrx_word' id='word_1_470' title='bbox 2591 4410 2965 4492; x_wconf 75' lang='lat' dir='ltr'>proprietaS,</span> <span class='ocrx_word' id='word_1_471' title='bbox 2999 4411 3329 4472; x_wconf 89' lang='lat' dir='ltr'>constituit</span> <span class='ocrx_word' id='word_1_472' title='bbox 3371 4412 3479 4473; x_wconf 92' lang='lat' dir='ltr'>Pa-</span> 
     </span>
    </p>
   </div>
   <div class='ocr_carea' id='block_1_18' title="bbox 376 4508 1876 5380">
    <p class='ocr_par' dir='ltr' id='par_1_20' title="bbox 376 4508 1876 5380">
     <span class='ocr_line' id='line_1_74' title="bbox 378 4508 1874 4591; baseline -0.001 -20"><span class='ocrx_word' id='word_1_473' title='bbox 378 4508 695 4589; x_wconf 88' lang='lat' dir='ltr'>personali</span> <span class='ocrx_word' id='word_1_474' title='bbox 743 4508 1153 4571; x_wconf 89' lang='lat' dir='ltr'>constituitur</span> <span class='ocrx_word' id='word_1_475' title='bbox 1200 4509 1280 4571; x_wconf 91' lang='lat' dir='ltr'>ab</span> <span class='ocrx_word' id='word_1_476' title='bbox 1330 4509 1601 4591; x_wconf 86' lang='lat' dir='ltr'>aliisque</span> <span class='ocrx_word' id='word_1_477' title='bbox 1651 4509 1874 4571; x_wconf 90' lang='lat' dir='ltr'>distin-</span> 
     </span>
     <span class='ocr_line' id='line_1_75' title="bbox 376 4608 1873 4689; baseline 0.001 -21"><span class='ocrx_word' id='word_1_478' title='bbox 376 4608 608 4686; x_wconf 81' lang='lat' dir='ltr'>guitur.</span> <span class='ocrx_word' id='word_1_479' title='bbox 673 4608 959 4671; x_wconf 84' lang='lat' dir='ltr'>Personae</span> <span class='ocrx_word' id='word_1_480' title='bbox 1017 4625 1167 4689; x_wconf 79' lang='lat' dir='ltr'>ergo</span> <span class='ocrx_word' id='word_1_481' title='bbox 1224 4608 1457 4671; x_wconf 84' lang='lat' dir='ltr'>divinae</span> <span class='ocrx_word' id='word_1_482' title='bbox 1512 4608 1693 4689; x_wconf 84' lang='lat' dir='ltr'>juxta</span> <span class='ocrx_word' id='word_1_483' title='bbox 1751 4627 1873 4670; x_wconf 89' lang='lat' dir='ltr'>nu-</span> 
     </span>
     <span class='ocr_line' id='line_1_76' title="bbox 378 4706 1872 4788; baseline 0.001 -22"><span class='ocrx_word' id='word_1_484' title='bbox 378 4724 625 4769; x_wconf 89' lang='lat' dir='ltr'>merum</span> <span class='ocrx_word' id='word_1_485' title='bbox 664 4706 1128 4788; x_wconf 87' lang='lat' dir='ltr'>proprietatum</span> <span class='ocrx_word' id='word_1_486' title='bbox 1174 4706 1603 4788; x_wconf 89' lang='lat' dir='ltr'>personalium</span> <span class='ocrx_word' id='word_1_487' title='bbox 1649 4725 1872 4768; x_wconf 90' lang='lat' dir='ltr'>nume-</span> 
     </span>
     <span class='ocr_line' id='line_1_77' title="bbox 380 4805 1871 4886; baseline 0.002 -22"><span class='ocrx_word' id='word_1_488' title='bbox 380 4812 617 4879; x_wconf 82' lang='lat' dir='ltr'>rantur,</span> <span class='ocrx_word' id='word_1_489' title='bbox 660 4805 828 4867; x_wconf 90' lang='lat' dir='ltr'>sicut</span> <span class='ocrx_word' id='word_1_490' title='bbox 876 4812 939 4866; x_wconf 89' lang='lat' dir='ltr'>et</span> <span class='ocrx_word' id='word_1_491' title='bbox 982 4824 1082 4867; x_wconf 86' lang='lat' dir='ltr'>res</span> <span class='ocrx_word' id='word_1_492' title='bbox 1128 4812 1352 4867; x_wconf 70' lang='lat' dir='ltr'>creatae</span> <span class='ocrx_word' id='word_1_493' title='bbox 1396 4822 1589 4886; x_wconf 91' lang='lat' dir='ltr'>penes</span> <span class='ocrx_word' id='word_1_494' title='bbox 1635 4805 1871 4868; x_wconf 82' lang='lat' dir='ltr'>formas</span> 
     </span>
     <span class='ocr_line' id='line_1_78' title="bbox 378 4902 1875 4985; baseline 0.001 -21"><span class='ocrx_word' id='word_1_495' title='bbox 378 4902 861 4982; x_wconf 87' lang='lat' dir='ltr'>substantialcs;</span> <span class='ocrx_word' id='word_1_496' title='bbox 906 4920 1035 4965; x_wconf 91' lang='lat' dir='ltr'>non</span> <span class='ocrx_word' id='word_1_497' title='bbox 1084 4911 1297 4965; x_wconf 86' lang='lat' dir='ltr'>autem</span> <span class='ocrx_word' id='word_1_498' title='bbox 1350 4922 1543 4985; x_wconf 89' lang='lat' dir='ltr'>penes</span> <span class='ocrx_word' id='word_1_499' title='bbox 1596 4904 1875 4985; x_wconf 91' lang='lat' dir='ltr'>proprie-</span> 
     </span>
     <span class='ocr_line' id='line_1_79' title="bbox 380 5000 1875 5083; baseline 0.001 -21"><span class='ocrx_word' id='word_1_500' title='bbox 380 5008 561 5075; x_wconf 80' lang='lat' dir='ltr'>tateS,</span> <span class='ocrx_word' id='word_1_501' title='bbox 598 5000 935 5063; x_wconf 90' lang='lat' dir='ltr'>relationes</span> <span class='ocrx_word' id='word_1_502' title='bbox 983 5020 1098 5063; x_wconf 89' lang='lat' dir='ltr'>seu</span> <span class='ocrx_word' id='word_1_503' title='bbox 1148 5002 1437 5064; x_wconf 90' lang='lat' dir='ltr'>notiones</span> <span class='ocrx_word' id='word_1_504' title='bbox 1486 5019 1615 5064; x_wconf 90' lang='lat' dir='ltr'>non</span> <span class='ocrx_word' id='word_1_505' title='bbox 1666 5020 1875 5083; x_wconf 89' lang='lat' dir='ltr'>perso-</span> 
     </span>
     <span class='ocr_line' id='line_1_80' title="bbox 378 5100 1875 5175; baseline 0.001 -15"><span class='ocrx_word' id='word_1_506' title='bbox 378 5100 551 5161; x_wconf 87' lang='lat' dir='ltr'>nales</span> <span class='ocrx_word' id='word_1_507' title='bbox 605 5118 721 5161; x_wconf 89' lang='lat' dir='ltr'>nec</span> <span class='ocrx_word' id='word_1_508' title='bbox 770 5100 1234 5175; x_wconf 87' lang='lat' dir='ltr'>constitutivas,</span> <span class='ocrx_word' id='word_1_509' title='bbox 1282 5100 1451 5162; x_wconf 92' lang='lat' dir='ltr'>sicut</span> <span class='ocrx_word' id='word_1_510' title='bbox 1496 5118 1616 5162; x_wconf 89' lang='lat' dir='ltr'>nec</span> <span class='ocrx_word' id='word_1_511' title='bbox 1667 5108 1875 5163; x_wconf 89' lang='lat' dir='ltr'>creata</span> 
     </span>
     <span class='ocr_line' id='line_1_81' title="bbox 380 5197 1876 5281; baseline 0.003 -23"><span class='ocrx_word' id='word_1_512' title='bbox 380 5206 795 5260; x_wconf 89' lang='lat' dir='ltr'>numerantur</span> <span class='ocrx_word' id='word_1_513' title='bbox 824 5216 1019 5281; x_wconf 87' lang='lat' dir='ltr'>penes</span> <span class='ocrx_word' id='word_1_514' title='bbox 1051 5197 1287 5261; x_wconf 83' lang='lat' dir='ltr'>formas</span> <span class='ocrx_word' id='word_1_515' title='bbox 1316 5198 1876 5262; x_wconf 75' lang='lat' dir='ltr'>accidentales.Pa-</span> 
     </span>
     <span class='ocr_line' id='line_1_82' title="bbox 378 5297 1866 5380; baseline 0.002 -23"><span class='ocrx_word' id='word_1_516' title='bbox 378 5302 470 5357; x_wconf 90' lang='lat' dir='ltr'>ter</span> <span class='ocrx_word' id='word_1_517' title='bbox 505 5313 659 5377; x_wconf 78' lang='lat' dir='ltr'>ergo</span> <span class='ocrx_word' id='word_1_518' title='bbox 694 5304 791 5359; x_wconf 88' lang='lat' dir='ltr'>est</span> <span class='ocrx_word' id='word_1_519' title='bbox 830 5316 1019 5372; x_wconf 79' lang='lat' dir='ltr'>unuS‚</span> <span class='ocrx_word' id='word_1_520' title='bbox 1052 5314 1180 5360; x_wconf 89' lang='lat' dir='ltr'>non</span> <span class='ocrx_word' id='word_1_521' title='bbox 1217 5297 1425 5360; x_wconf 89' lang='lat' dir='ltr'>trinus</span> <span class='ocrx_word' id='word_1_522' title='bbox 1459 5314 1474 5359; x_wconf 90' lang='lat'><strong>:</strong></span> <span class='ocrx_word' id='word_1_523' title='bbox 1509 5297 1660 5380; x_wconf 86' lang='lat' dir='ltr'>quia</span> <span class='ocrx_word' id='word_1_524' title='bbox 1695 5298 1759 5359; x_wconf 91' lang='lat' dir='ltr'>in</span> <span class='ocrx_word' id='word_1_525' title='bbox 1790 5315 1866 5360; x_wconf 90' lang='lat' dir='ltr'>eo</span> 
     </span>
    </p>
   </div>
   <div class='ocr_carea' id='block_1_19' title="bbox 630 5430 809 5483">
    <p class='ocr_par' dir='ltr' id='par_1_21' title="bbox 630 5430 809 5483">
     <span class='ocr_line' id='line_1_83' title="bbox 630 5430 809 5483; baseline 0.006 -2"><span class='ocrx_word' id='word_1_526' title='bbox 630 5430 694 5483; x_wconf 88' lang='grc' dir='ltr'>Τ.</span> <span class='ocrx_word' id='word_1_527' title='bbox 728 5430 809 5483; x_wconf 83' lang='lat'>20.</span> 
     </span>
    </p>
   </div>
   <div class='ocr_carea' id='block_1_20' title="bbox 1979 4508 3478 5377">
    <p class='ocr_par' dir='ltr' id='par_1_22' title="bbox 1979 4508 3478 5377">
     <span class='ocr_line' id='line_1_84' title="bbox 1984 4508 3478 4591; baseline 0 -20"><span class='ocrx_word' id='word_1_528' title='bbox 1984 4510 2097 4571; x_wconf 91' lang='lat' dir='ltr'>tris</span> <span class='ocrx_word' id='word_1_529' title='bbox 2147 4527 2505 4591; x_wconf 88' lang='lat' dir='ltr'>personam,</span> <span class='ocrx_word' id='word_1_530' title='bbox 2547 4516 2610 4571; x_wconf 91' lang='lat' dir='ltr'>et</span> <span class='ocrx_word' id='word_1_531' title='bbox 2660 4508 2960 4590; x_wconf 80' lang='lat' dir='ltr'>praecedit</span> <span class='ocrx_word' id='word_1_532' title='bbox 3006 4510 3478 4589; x_wconf 83' lang='lat' dir='ltr'>generationem</span> 
     </span>
     <span class='ocr_line' id='line_1_85' title="bbox 1982 4606 3475 4688; baseline -0.001 -17"><span class='ocrx_word' id='word_1_533' title='bbox 1982 4608 2306 4688; x_wconf 83' lang='lat' dir='ltr'>activam3</span> <span class='ocrx_word' id='word_1_534' title='bbox 2359 4609 2469 4671; x_wconf 91' lang='lat' dir='ltr'>sed</span> <span class='ocrx_word' id='word_1_535' title='bbox 2519 4614 2588 4669; x_wconf 91' lang='lat' dir='ltr'>ut</span> <span class='ocrx_word' id='word_1_536' title='bbox 2650 4606 2890 4680; x_wconf 88' lang='lat' dir='ltr'>relatio,</span> <span class='ocrx_word' id='word_1_537' title='bbox 2943 4607 3249 4688; x_wconf 85' lang='lat' dir='ltr'>sequitur.</span> <span class='ocrx_word' id='word_1_538' title='bbox 3304 4608 3475 4670; x_wconf 89' lang='lat' dir='ltr'>Istud</span> 
     </span>
     <span class='ocr_line' id='line_1_86' title="bbox 1980 4705 3476 4788; baseline -0.001 -18"><span class='ocrx_word' id='word_1_539' title='bbox 1980 4716 2194 4771; x_wconf 91' lang='lat' dir='ltr'>autem</span> <span class='ocrx_word' id='word_1_540' title='bbox 2244 4725 2372 4770; x_wconf 93' lang='lat' dir='ltr'>non</span> <span class='ocrx_word' id='word_1_541' title='bbox 2423 4706 2697 4768; x_wconf 91' lang='lat' dir='ltr'>multum</span> <span class='ocrx_word' id='word_1_542' title='bbox 2742 4705 2909 4768; x_wconf 89' lang='lat' dir='ltr'>valet</span> <span class='ocrx_word' id='word_1_543' title='bbox 2953 4705 3018 4767; x_wconf 91' lang='lat' dir='ltr'>in</span> <span class='ocrx_word' id='word_1_544' title='bbox 3061 4707 3476 4788; x_wconf 86' lang='lat' dir='ltr'>re‚·quamvis</span> 
     </span>
     <span class='ocr_line' id='line_1_87' title="bbox 1981 4804 3470 4888; baseline -0.001 -19"><span class='ocrx_word' id='word_1_545' title='bbox 1981 4807 2048 4869; x_wconf 93' lang='lat' dir='ltr'>in</span> <span class='ocrx_word' id='word_1_546' title='bbox 2080 4806 2408 4869; x_wconf 89' lang='lat' dir='ltr'>intellectu</span> <span class='ocrx_word' id='word_1_547' title='bbox 2450 4805 2650 4888; x_wconf 92' lang='lat' dir='ltr'>possit</span> <span class='ocrx_word' id='word_1_548' title='bbox 2677 4804 2822 4867; x_wconf 89' lang='lat' dir='ltr'>talis</span> <span class='ocrx_word' id='word_1_549' title='bbox 2856 4804 3275 4866; x_wconf 88' lang='lat' dir='ltr'>consideratio</span> <span class='ocrx_word' id='word_1_550' title='bbox 3313 4822 3470 4867; x_wconf 89' lang='lat' dir='ltr'>esse.</span> 
     </span>
     <span class='ocr_line' id='line_1_88' title="bbox 1979 4901 3473 4987; baseline -0.002 -20"><span class='ocrx_word' id='word_1_551' title='bbox 1979 4904 2137 4967; x_wconf 86' lang='lat' dir='ltr'>Nam</span> <span class='ocrx_word' id='word_1_552' title='bbox 2179 4922 2395 4987; x_wconf 84' lang='lat' dir='ltr'>quaero</span> <span class='ocrx_word' id='word_1_553' title='bbox 2434 4902 2514 4965; x_wconf 88' lang='lat' dir='ltr'>de</span> <span class='ocrx_word' id='word_1_554' title='bbox 2558 4902 2862 4964; x_wconf 89' lang='lat' dir='ltr'>relatione</span> <span class='ocrx_word' id='word_1_555' title='bbox 2903 4903 3256 4964; x_wconf 88' lang='lat' dir='ltr'>secundum</span> <span class='ocrx_word' id='word_1_556' title='bbox 3305 4901 3473 4983; x_wconf 89' lang='lat' dir='ltr'>quod</span> 
     </span>
     <span class='ocr_line' id='line_1_89' title="bbox 1981 4999 3478 5085; baseline -0.003 -20"><span class='ocrx_word' id='word_1_557' title='bbox 1981 5010 2078 5065; x_wconf 91' lang='lat' dir='ltr'>est</span> <span class='ocrx_word' id='word_1_558' title='bbox 2125 5001 2504 5085; x_wconf 78' lang='lat' dir='ltr'>proprietaS,</span> <span class='ocrx_word' id='word_1_559' title='bbox 2547 5020 2628 5062; x_wconf 90' lang='lat' dir='ltr'>an</span> <span class='ocrx_word' id='word_1_560' title='bbox 2677 5000 2760 5062; x_wconf 90' lang='lat' dir='ltr'>sit</span> <span class='ocrx_word' id='word_1_561' title='bbox 2808 5000 2886 5061; x_wconf 86' lang='lat' dir='ltr'>ad</span> <span class='ocrx_word' id='word_1_562' title='bbox 2935 5018 3004 5061; x_wconf 89' lang='lat' dir='ltr'>se</span> <span class='ocrx_word' id='word_1_563' title='bbox 3050 4999 3151 5062; x_wconf 87' lang='lat' dir='ltr'>vel</span> <span class='ocrx_word' id='word_1_564' title='bbox 3197 5000 3278 5061; x_wconf 89' lang='lat' dir='ltr'>ad</span> <span class='ocrx_word' id='word_1_565' title='bbox 3325 5000 3478 5062; x_wconf 88' lang='lat' dir='ltr'>alte-</span> 
     </span>
     <span class='ocr_line' id='line_1_90' title="bbox 1982 5098 3475 5183; baseline -0.003 -20"><span class='ocrx_word' id='word_1_566' title='bbox 1982 5120 2124 5163; x_wconf 90' lang='lat' dir='ltr'>rum</span> <span class='ocrx_word' id='word_1_567' title='bbox 2150 5118 2165 5163; x_wconf 73' lang='grc' dir='ltr'>ε</span> <span class='ocrx_word' id='word_1_568' title='bbox 2191 5099 2492 5183; x_wconf 88' lang='lat' dir='ltr'>quoniam</span> <span class='ocrx_word' id='word_1_569' title='bbox 2525 5099 2673 5160; x_wconf 89' lang='lat' dir='ltr'>licet</span> <span class='ocrx_word' id='word_1_570' title='bbox 2702 5098 2784 5159; x_wconf 89' lang='lat' dir='ltr'>sit</span> <span class='ocrx_word' id='word_1_571' title='bbox 2814 5104 3159 5179; x_wconf 88' lang='lat' dir='ltr'>conceptus</span> <span class='ocrx_word' id='word_1_572' title='bbox 3190 5116 3475 5161; x_wconf 90' lang='lat' dir='ltr'>commu-</span> 
     </span>
     <span class='ocr_line' id='line_1_91' title="bbox 1982 5196 3476 5278; baseline -0.001 -16"><span class='ocrx_word' id='word_1_573' title='bbox 1982 5200 2081 5261; x_wconf 91' lang='lat' dir='ltr'>nis</span> <span class='ocrx_word' id='word_1_574' title='bbox 2124 5199 2415 5262; x_wconf 89' lang='lat' dir='ltr'>absoluto</span> <span class='ocrx_word' id='word_1_575' title='bbox 2456 5206 2520 5259; x_wconf 89' lang='lat' dir='ltr'>et</span> <span class='ocrx_word' id='word_1_576' title='bbox 2559 5197 2777 5271; x_wconf 89' lang='lat' dir='ltr'>relato,</span> <span class='ocrx_word' id='word_1_577' title='bbox 2809 5196 2961 5278; x_wconf 87' lang='lat' dir='ltr'>quia</span> <span class='ocrx_word' id='word_1_578' title='bbox 2999 5204 3298 5258; x_wconf 88' lang='lat' dir='ltr'>neutrum</span> <span class='ocrx_word' id='word_1_579' title='bbox 3340 5197 3476 5260; x_wconf 93' lang='lat' dir='ltr'>illo-</span> 
     </span>
     <span class='ocr_line' id='line_1_92' title="bbox 1982 5294 3470 5377; baseline 0 -16"><span class='ocrx_word' id='word_1_580' title='bbox 1982 5318 2125 5361; x_wconf 90' lang='lat' dir='ltr'>rum</span> <span class='ocrx_word' id='word_1_581' title='bbox 2171 5298 2441 5361; x_wconf 89' lang='lat' dir='ltr'>includit</span> <span class='ocrx_word' id='word_1_582' title='bbox 2479 5302 2824 5377; x_wconf 90' lang='lat' dir='ltr'>conceptus</span> <span class='ocrx_word' id='word_1_583' title='bbox 2867 5294 2976 5357; x_wconf 91' lang='lat' dir='ltr'>ille</span> <span class='ocrx_word' id='word_1_584' title='bbox 3021 5295 3100 5357; x_wconf 92' lang='lat' dir='ltr'>de</span> <span class='ocrx_word' id='word_1_585' title='bbox 3139 5314 3256 5377; x_wconf 88' lang='lat' dir='ltr'>per</span> <span class='ocrx_word' id='word_1_586' title='bbox 3293 5314 3360 5359; x_wconf 88' lang='lat' dir='ltr'>se</span> <span class='ocrx_word' id='word_1_587' title='bbox 3404 5297 3470 5361; x_wconf 90' lang='lat' dir='ltr'>in</span> 
     </span>
    </p>
   </div>
   <div class='ocr_carea' id='block_1_21' title="bbox 3162 5429 3224 5481">
    <p class='ocr_par' dir='ltr' id='par_1_23' title="bbox 3162 5429 3224 5481">
     <span class='ocr_line' id='line_1_93' title="bbox 3162 5429 3224 5481; baseline 0 0"><span class='ocrx_word' id='word_1_588' title='bbox 3162 5429 3224 5481; x_wconf 88' lang='lat'>18</span> 
     </span>
    </p>
   </div>
   <div class='ocr_carea' id='block_1_22' title="bbox 3534 3144 3752 3198">
    <p class='ocr_par' dir='ltr' id='par_1_24' title="bbox 3534 3144 3752 3198">
     <span class='ocr_line' id='line_1_94' title="bbox 3534 3144 3752 3198; baseline 0.005 -11"><span class='ocrx_word' id='word_1_589' title='bbox 3534 3157 3578 3198; x_wconf 83' lang='lat' dir='ltr'>p.</span> <span class='ocrx_word' id='word_1_590' title='bbox 3598 3144 3752 3188; x_wconf 77' lang='lat' dir='ltr'><strong>2¹3D&#39;.</strong></span> 
     </span>
    </p>
   </div>
  </div>
 </body>
</html>
