4359 6250
897 453 1019 516 256

1518 469 1579 514 IN
1622 467 1843 512 Lunum
1886 467 1905 510 1
1949 464 2432 511 SENTENTIARUM.
2477 481 2558 491 -··
2599 464 2750 509 msT.
2797 464 3008 524 xxvn3
3053 464 3276 520 QUAEST.
3325 465 3391 508 ΠΙ

896 639 1233 723 exquisite,
1267 639 1433 701 inter
1470 646 1680 702 cetera
1718 639 1939 700 dicens
1974 654 1987 698 :
2024 638 2110 699 De
2150 636 2395 698 ratione
2424 635 2475 697 A
2505 635 2602 698 cie
2652 634 3066 716 intelligibili,
3109 635 3411 717 quoniam
3463 632 3573 695 illa
3623 641 3718 696 est
3765 633 4002 714 princi—

898 739 1038 820 ejus
1080 737 1249 819 quod
1288 744 1383 798 θεῖ
1424 736 1800 817 intelligere,
1834 743 1930 798 est
1970 735 2136 817 quod
2179 735 2262 796 sit
2307 734 2398 795 in-

897 837 1189 917 telligens
1248 844 1309 897 θῖ
1367 835 1783 897 intellectum.
1838 835 1903 896 ld
1963 841 2177 896 autem
2228 832 2396 913 quod

898 943 995 996 est
1024 953 1139 1016 per
1168 953 1236 996 se
1277 934 1673 995 intellectum
1712 951 1841 995 non
1881 939 1975 994 est
2016 951 2115 994 res
2156 931 2266 993 illa
2293 949 2400 992 cu-

894 1033 1001 1115 jus
1032 1032 1259 1094 notitia
1299 1051 1412 1114 per
1442 1032 1835 1094 intellectum
1870 1030 2161 1103 habetur,
2196 1048 2420 1112 quum,

900 1128 1009 1191 illa
1056 1129 1140 1190 sit
1185 1136 1362 1192 extra
1411 1129 1893 1210 intelligentem,
1932 1147 2131 1210 quum
2183 1134 2396 1189 tamen

898 1235 1186 1309 oporteat
1215 1229 1382 1310 quod
1426 1227 1823 1290 intellectum
1854 1227 1937 1289 sit
1977 1227 2044 1288 in
2078 1233 2303 1306 agente
2333 1232 2396 1286 et

900 1345 1101 1388 unum
1131 1345 1278 1388 curn
1313 1327 1469 1408 ipso.
1505 1326 1721 1407 Neque
1762 1325 1955 1387 etiam
1998 1323 2394 1386 intellectum

900 1443 1015 1506 per
1063 1443 1131 1486 se
1182 1433 1279 1487 est
1327 1425 1679 1487 similitudo
1737 1424 1826 1485 rei
1882 1423 2240 1496 intellectae,
2283 1440 2396 1502 per

900 1541 1093 1604 quam
1124 1522 1503 1586 informatur
1534 1522 1895 1585 intellectus
1936 1521 2012 1583 ad
2046 1520 2399 1600 intelligen-

899 1621 1073 1682 dum.
1128 1622 1491 1684 Intellectus
1552 1639 1827 1703 namque
1886 1619 2242 1700 intelligere
2291 1637 2397 1681 ne-

2506 733 2686 814 pium
2716 733 2986 795 actionis
3028 731 3462 813 intelligendi3
3494 739 3556 793 et
3600 730 3752 793 item
3794 730 3876 792 ab
3907 749 4007 791 ac—

2505 830 2698 904 tione,
2743 830 2894 913 quia
2934 832 3267 913 conceptio
3307 830 3417 913 illa
3454 830 3894 892 consideratur
3937 837 4008 890 ut

2505 928 2816 990 terminus
2865 929 3158 1002 actionis,
3193 936 3256 990 et
3303 936 3606 1010 tanquam
3657 927 3811 1009 quid
3861 943 4010 988 con-

2506 1028 2800 1090 stitutum
2840 1047 2954 1109 per
2986 1029 3188 1110 ipsius
3231 1028 3592 1090 intellectus
3632 1027 3950 1090 actionem
3988 1044 4002 1088 :

2506 1126 2867 1188 intellectus
2913 1127 3154 1208 quippe
3195 1146 3308 1189 sua
3345 1126 3595 1188 actione
3635 1125 3866 1188 format
3913 1125 4005 1186 rei

2505 1225 2949 1287 definitionem
2981 1245 3093 1287 seu
3135 1225 3636 1308 propositionem
3670 1223 4006 1286 affirmati·

2505 1343 2650 1385 vam
2697 1324 2799 1385 vel
2857 1324 3238 1404 negativam,
3291 1331 3354 1386 et
3409 1324 3531 1386 hoc
3589 1322 3855 1386 verbum
3909 1329 4003 1384 est

2505 1421 2860 1484 similitudo
2903 1423 2993 1484 rei
3041 1422 3394 1486 intellectae.

2585 1520 2926 1583 Sciendum
2979 1530 3302 1601 praeterea,
3354 1521 3523 1603 quod
3576 1520 3857 1602 potentia
3909 1519 4002 1580 in-

4077 1541 4242 1591 Suum.

2503 1618 2823 1680 tellectiva
2860 1619 3070 1701 primo
3108 1619 3351 1702 aliquid
3390 1618 3811 1701 apprehendit
3845 1617 3999 1679 sim·
4027 1604 4063 1648 ¹¹
4089 1605 4195 1656 ''⁸¹³-
4223 1620 4258 1660 ⁴1·
4293 1619 4295 1640 ³

4027 1682 4154 1714 xxxix.
4169 1682 4205 1710 a.
4223 1673 4261 1710 Ιυ

900 1719 1041 1801 quit
1083 1720 1206 1782 nisi
1251 1721 1604 1782 secundum
1647 1719 1817 1800 quod
1860 1718 1937 1779 fit
1984 1719 2052 1779 in
2092 1726 2238 1779 actu
2281 1735 2396 1798 per
2507 1716 2882 1799 pliciter:et
2912 1717 3017 1779 hic
3056 1725 3233 1780 actus
3263 1725 3526 1780 vocatur
3554 1716 3995 1796 intelligentia.
4026 1731 4178 1773 adan.

900 1817 1388 1880 similitudinem
1430 1817 1635 1879 istam.
1671 1818 1814 1879 Hae'c
1853 1834 2003 1896 ergo
2040 1815 2395 1878 similitudo
2429 1811 2478 1874 B
2508 1816 2818 1889 Secundo,
2854 1816 2918 1878 id
2947 1816 3118 1896 quod
3156 1815 3598 1898 apprehendit,
3631 1815 3884 1877 ordinat
3923 1813 4002 1875 ad

901 1935 968 1978 se
1007 1916 1197 1978 habet
1236 1917 1301 1978 in
1344 1916 1757 1997 intelligendo
1798 1915 1963 1977 sicut
1997 1913 2393 1995 intelligendi

902 2014 1291 2096 principium
1307 2015 1875 2096 (quemadmodum
1905 2014 2077 2076 calor
2105 2020 2202 2075 est
2232 2013 2399 2094 prin-

903 2113 1147 2195 cipium
1186 2113 1667 2192 calefactionis),
1710 2130 1837 2175 non
1878 2113 2044 2174 sicut
2082 2111 2395 2172 terminus

904 2199 1318 2292 intelligendi.
1354 2211 1482 2274 Hoc
1527 2211 1746 2293 itaque
1787 2218 1884 2273 θεῖ
1930 2209 2138 2292 primo
2180 2217 2244 2270 et
2284 2227 2397 2290 per

902 2329 971 2372 se
1028 2309 1424 2372 intellectum
1482 2329 1594 2371 seu
1654 2309 1718 2371 id
1765 2310 1933 2391 quod
1995 2307 2393 2388 intelligitur,

902 2409 1074 2490 quod
1117 2409 1478 2470 intellectus
1520 2408 1690 2488 capit
1728 2426 1841 2468 seu
1881 2407 2163 2488 concipit
2206 2406 2284 2467 de
2329 2423 2396 2468 re

904 2507 1244 2581 intellecta,
1262 2507 1397 2570 sive
1430 2507 1586 2568 illud
1615 2505 1699 2568 sit
1726 2505 2041 2578 definitio,
2062 2523 2173 2566 seu
2205 2523 2400 2566 enun-

902 2607 1102 2680 tiatio,
1136 2606 1487 2667 secundum
1528 2605 1697 2686 quod
1735 2605 1877 2666 duae
1906 2611 2054 2666 sunt
2092 2602 2398 2684 operatio-

903 2724 1015 2768 nes
1059 2705 1439 2778 intellectus,
1478 2711 1545 2765 ut
1575 2703 1761 2765 tertio
1799 2701 2000 2764 fertur
2037 2702 2117 2764 de
2146 2701 2390 2763 Anima.

902 2803 1033 2867 Hoc
1080 2811 1293 2866 autem
1342 2803 1435 2864 sic
1482 2802 1564 2864 ab
1613 2801 1941 2863 intellectu
1989 2807 2394 2881 conceptum,

902 2909 1165 2965 vocatur
1193 2901 1463 2964 verbum
1495 2900 1762 2962 interius
1793 2918 1905 2961 seu
1940 2900 2232 2961 mentale.
2267 2899 2396 2960 Hoc

2505 1913 2748 1995 aliquid
2779 1915 3290 1994 cognoscendum
3320 1915 3419 1976 vel
3461 1914 3853 1996 operandum
3891 1929 3906 1973 ε
3941 1920 4005 1972 θῑ

2504 2012 2640 2075 haec
2689 2013 3054 2074 nominatur
3104 2013 3390 2075 intentio.
3447 2014 3610 2075 Dum
3659 2030 3810 2074 vero
3859 2029 4004 2092 per-

2505 2109 2672 2171 sistit
2715 2111 2781 2172 in
2824 2110 3244 2191 acquisitione
3294 2110 3435 2190 ejus
3482 2111 3653 2192 quod
3701 2109 4002 2181 intendit,

2504 2216 2765 2270 vocatur
2806 2209 3203 2288 excogitatio.
3239 2209 3402 2270 Dum
3443 2215 3657 2271 autem
3698 2207 3869 2289 quod
3909 2215 4009 2268 est

2505 2307 2951 2387 excogitatum,
3003 2307 3322 2370 examinat
3377 2325 3490 2390 per
3541 2307 3754 2388 aliqua
3806 2314 4003 2376 certa,

2504 2404 2740 2466 dicitur
2770 2405 2932 2466 scire
2962 2405 3061 2466 vel
3095 2424 3315 2487 sapere
3350 2423 3363 2466 :
3399 2406 3568 2488 quod
3606 2412 3702 2467 est
3729 2405 4006 2486 phrone-

2505 2503 2614 2576 εἰε,
2650 2503 2714 2565 id
2743 2510 2839 2564 est
2869 2503 3200 2585 sapientia,
3235 2502 3420 2583 cujus
3458 2511 3556 2565 θεῖ
3587 2503 3900 2583 judicare,
3937 2511 4008 2564 ut

2507 2601 2714 2682 primo
2771 2601 3213 2683 Metaphysicae
3251 2595 3521 2663 dicitur.
3577 2601 3668 2664 Ex
3725 2619 3852 2683 quo
3903 2602 4011 2662 de-

2507 2717 2685 2761 mum
2713 2699 2904 2761 habet
2930 2699 3176 2781 aliquid
3207 2700 3386 2781 quasi
3420 2717 3536 2782 pro
3565 2708 3738 2762 certo
3765 2699 4011 2761 exami-

2505 2805 2748 2871 natum,
2783 2798 3015 2879 cogitat
3055 2798 3372 2880 quomodo
3417 2799 3618 2879 possit
3655 2798 3795 2860 aliis
3838 2797 4008 2860 illud

2507 2895 2914 2958 manifestare
2961 2914 2975 2958 ε
3023 2905 3086 2958 et
3134 2898 3268 2960 haec
3317 2903 3414 2960 θεῖ
3461 2897 3796 2978 dispositio
3843 2896 4010 2959 inte-

903 3002 1097 3063 etiam
1152 3008 1250 3062 est
1304 3000 1471 3082 quod
1532 2998 1932 3079 significatur
1988 3017 2101 3078 per
2147 3015 2390 3059 vocem.
2429 2994 2472 3058 C
2506 2995 2691 3057 rioris
2735 2995 3068 3068 sermoniS‚
3107 3014 3183 3056 ex
3228 3015 3354 3077 qua
3395 2995 3671 3058 exterior
3715 2995 4010 3077 procedit

901 3100 1039 3164 Non
1088 3099 1261 3161 enim
1304 3116 1426 3161 vox
1469 3097 1743 3160 exterior
1784 3095 2105 3178 significat
2156 3095 2398 3159 intelle-

904 3206 1102 3273 ctum,
1134 3206 1242 3259 aut
1282 3196 1753 3278 intelligibilem
1794 3195 1935 3276 ejus
1974 3194 2246 3257 formam
2289 3203 2398 3257 aut

903 3296 1207 3380 speciem,
1239 3303 1348 3358 aut
1388 3296 1599 3377 ipsum
1633 3293 2008 3375 intelligere,
2042 3294 2153 3355 sed
2195 3293 2396 3375 ipsius

904 3394 1264 3457 intellectus
1324 3402 1725 3475 conceptum,
1778 3410 1903 3474 quo
1953 3390 2270 3454 mediante
2320 3388 2399 3451 si-

902 3493 1169 3575 gnificat
1216 3512 1350 3556 rem
1387 3510 1400 3555 :
1436 3501 1505 3554 ut
1553 3511 1753 3575 quum
1803 3492 1967 3565 dico,
2010 3491 2238 3567 homo;
2269 3487 2393 3560 vel,

902 3592 1103 3655 Homo
1144 3599 1239 3654 est
1282 3591 1537 3653 animal.
1572 3592 1778 3664 Quum
1822 3589 1995 3651 enim
2036 3587 2397 3649 intellectus

903 3691 1204 3774 intelligit
1240 3690 1505 3772 aliquid,
1539 3689 1768 3752 format
1804 3693 2184 3769 conceptum
2223 3684 2397 3747 illius

903 3791 995 3853 rei
1040 3808 1231 3872 quam
1276 3807 1430 3851 voce
1474 3788 1813 3869 significat.
1847 3785 2206 3865 Intelligere
2249 3799 2398 3861 ergo

902 3905 1031 3950 non
1061 3888 1158 3963 fit,
1192 3888 1318 3950 nisi
1356 3887 1599 3968 aliquid
1630 3886 1696 3947 in
1736 3893 1948 3947 mente
1984 3880 2396 3962 intelligentis

906 3987 1325 4069 concipiatur,
1387 3984 1557 4068 quod
1614 3984 1849 4046 dicitur
1907 3982 2196 4045 verbum.
2258 3980 2396 4042 Non

906 4086 1077 4147 enim
1108 4085 1387 4147 dicimur
1416 4082 1793 4164 intelligere,
1827 4081 1938 4143 sed
1979 4080 2276 4161 cogitare,
2311 4078 2400 4140 in-

2507 3093 2761 3157 locutio.
2806 3130 2886 3139 —
2922 3093 3266 3157 Sciendum
3306 3111 3582 3176 quoque,
3625 3095 3794 3177 quod
3833 3094 4010 3157 sicut

2506 3193 2858 3254 secundum
2895 3194 3211 3255 actionem
3251 3212 3393 3275 quae
3431 3193 3634 3255 tendit
3667 3193 3731 3254 in
3771 3192 4010 3255 exteri-

2505 3308 2681 3353 orem
2720 3291 3072 3365 materiam,
3106 3298 3202 3353 est
3235 3291 3555 3372 processio
3591 3291 3884 3373 quaedam
3925 3291 4008 3353 ad

2506 3397 2716 3469 extra3
2750 3390 2836 3451 ita
2865 3390 3218 3451 secundum
3257 3390 3574 3451 actionem
3604 3408 3746 3470 quae
3787 3397 4012 3451 manet

2507 3488 2571 3549 in
2624 3488 2763 3570 ipso
2804 3496 3049 3569 agente,
3082 3488 3370 3570 quaedam
3416 3489 3739 3569 processio
3779 3495 3877 3551 est
3925 3489 4010 3550 ad

2506 3586 2671 3649 intra
2714 3604 2728 3648 :
2771 3588 2939 3669 quod
2990 3587 3265 3649 maxime
3315 3594 3485 3667 patet
3537 3586 3601 3647 in
3647 3585 4008 3660 intellectu,

2507 3686 2693 3765 cujus
2733 3686 2920 3759 actio,
2964 3684 3210 3747 scilicet
3254 3684 3632 3767 intelligere,
3679 3693 3894 3747 manet
3942 3686 4011 3746 in

2505 3784 2644 3865 ipso
2692 3784 3102 3864 intelligente.
3137 3784 3534 3865 Quicumque
3583 3802 3858 3865 namque
3913 3784 4013 3845 in-

2507 3882 2754 3963 telligit,
2787 3902 2864 3944 ex
2893 3882 3014 3944 hoc
3045 3882 3184 3964 ipso
3215 3882 3386 3964 quod
3427 3880 3746 3962 intelligit,
3780 3899 4011 3963 proce·

2504 3980 2597 4042 dit
2627 3980 2869 4062 aliquid
2900 3980 3061 4041 intra
3092 3980 3326 4062 ipsum,
3346 3980 3511 4061 quod
3541 3987 3637 4041 est
3667 3980 4015 4061 conceptio

2506 4078 2595 4140 rei
2648 4077 2984 4141 intellectae
3031 4096 3109 4140 ex
3158 4078 3382 4140 notitia
3438 4078 3578 4157 ejus
3629 4078 4012 4159 procedenS,

907 4184 1249 4265 telligendo
1295 4190 1637 4263 antequam
1688 4180 2021 4262 conceptio
2070 4178 2284 4260 aliqua
2331 4177 2396 4238 in
2427 4184 2476 4245 D
2505 4184 2568 4239 et
2596 4176 2832 4238 dicitur
2859 4176 3127 4239 verbum
3159 4175 3388 4248 cordis,
3407 4174 3842 4256 significatum
3871 4196 4018 4238 ver·

595 4304 880 4355 ceperanum,
909 4290 1121 4344 mente
1168 4290 1383 4344 nostra
1429 4279 1805 4343 stabiliatur.
1850 4314 1929 4324 —
1973 4278 2258 4358 Denique
2308 4275 2400 4337 in-

610 4370 877 4423 q·'¹¹¹’²·¹·
908 4380 1198 4443 tellectus
1257 4386 1468 4442 noster
1526 4378 1937 4458 intelligendo
1994 4377 2070 4437 ad
2129 4382 2402 4457 quatuor

906 4480 1195 4542 ordinem
1235 4485 1441 4560 potest
1479 4477 1734 4550 habere,
1767 4476 2065 4538 videlicet
2098 4491 2111 4535 ε
2144 4474 2223 4535 ad
2263 4492 2398 4535 rem

905 4597 1047 4661 quae
1078 4577 1475 4658 intelligitur,
1508 4576 1585 4638 ad
1618 4575 1897 4656 speciem
1929 4572 2398 4653 intelligibilem

906 4696 1033 4760 qua
1072 4676 1149 4738 fit
1189 4676 1325 4758 ipse
1367 4675 1728 4737 intellectus
1773 4674 1840 4734 in
1882 4680 2050 4745 actU,
2084 4680 2147 4733 et
2185 4673 2264 4734 ad
2310 4672 2401 4733 in-

906 4777 1190 4858 telligere
1220 4794 1431 4850 suum,
1463 4783 1653 4856 atque
1682 4774 1761 4836 ad
1802 4773 2003 4855 ipsius
2039 4772 2398 4833 intellectus

904 4874 1387 4957 conceptionem
1444 4892 1457 4935 :
1511 4892 1653 4955 quae
1711 4870 2044 4953 conceptio
2099 4870 2318 4932 differt
2365 4888 2402 4932 a

903 4974 1111 5036 tribus
1143 4972 1439 5056 praefatis.
1464 4972 1696 5046 Primo,
1721 4990 1757 5033 a
1788 4970 1979 5033 rebus
2013 4968 2352 5030 intellectis
2383 4986 2396 5029 :

905 5073 1056 5155 quia
1095 5092 1193 5135 res
1236 5072 1573 5135 intellectae
1612 5071 1993 5152 quandoque
2038 5074 2188 5130 sunt
2225 5075 2402 5128 extra

903 5172 1220 5251 animam3
1252 5169 1587 5252 conceptio
1626 5176 1839 5230 autem
1882 5167 2244 5230 intellectus
2274 5183 2402 5228 non

904 5278 997 5332 est
1028 5270 1153 5332 nisi
1185 5270 1250 5332 in
1282 5270 1628 5332 intellectu.
1650 5266 1879 5331 Differt
1908 5284 2163 5349 quoque
2193 5285 2230 5327 a
2260 5284 2404 5347 spe·

2507 4276 2588 4338 bo
2637 4276 2830 4337 vociS.
2883 4311 2960 4320 —
3009 4274 3366 4337 Notandum
3415 4282 3510 4336 est
3561 4274 3777 4349 etiam,
3827 4276 4012 4356 quod

2507 4374 2866 4437 intellectus
2897 4374 3248 4437 secundum
3279 4374 3447 4455 quod
3479 4382 3574 4435 θεῖ
3615 4374 3678 4435 in
3709 4381 3854 4436 actu
3885 4394 4012 4456 per

2508 4474 2788 4555 speciem
2828 4472 3322 4553 intelligibilem,
3359 4472 3793 4535 consideratur
3821 4472 4014 4536 abso·

2509 4572 2674 4651 lute3
2717 4572 3013 4634 similiter
3062 4572 3441 4654 intelligere,
3484 4572 3654 4653 quod
3698 4590 3766 4633 se
3810 4572 4012 4635 habet

2507 4672 2585 4733 ad
2636 4671 3032 4733 intellectum
3077 4671 3142 4732 in
3190 4678 3334 4733 actu
3379 4670 3546 4732 sicut
3587 4688 3728 4733 esse
3767 4670 3843 4731 ad
3889 4690 4016 4733 ens

2509 4770 2574 4831 in
2623 4777 2768 4831 actu
2817 4787 2829 4829 :
2878 4787 3005 4831 non
3053 4769 3228 4831 enim
3279 4768 3632 4849 intelligere
3681 4768 4018 4849 significat

2507 4870 2822 4932 actionem
2853 4868 2934 4930 ab
2964 4868 3359 4949 intelligente
3389 4866 3544 4930 foris
3575 4874 4016 4943 emanantem,

2509 4969 2617 5031 sed
2651 4967 2716 5029 in
2757 4966 3150 5048 intelligente
3191 4974 3574 5029 manentem.
3609 4965 3815 5038 Quum
3854 4983 4022 5047 ergo

2508 5066 2744 5128 dicitur
2790 5065 2957 5146 quod
3004 5063 3272 5126 verbum
3315 5070 3411 5126 θεῖ
3454 5063 3698 5136 notitia,
3733 5080 3858 5125 non
3909 5084 4024 5126 su-

2512 5165 2710 5226 mitur
2751 5164 2974 5226 notitia
3023 5180 3137 5244 pro
3179 5169 3322 5224 actu
3367 5162 3729 5225 intellectus
3779 5178 4024 5243 cogno-

2511 5262 2767 5336 scentiS,
2801 5280 3008 5343 neque
3041 5278 3156 5343 pro
3193 5260 3410 5345 aliquo
3443 5259 3666 5323 habitu
3695 5260 3859 5341 ejus,
3897 5261 4022 5323 sed

4041 4374 4068 4403 x

4039 4424 4200 4467 adi-k

4089 3110 4190 3155 thid.
4211 3124 4252 3165 q.

4035 3190 4161 3226 xxm,
4179 3188 4216 3216 a,
4235 3178 4268 3214 ί.

4098 4297 4204 4341 thid.
4229 4310 4268 4351 q.

4071 4374 4184 4409 xm,
4211 4373 4248 4401 ι.
4279 4362 4296 4401 t
