4359 6250
586 494 789 539 cmm(
835 494 1154 540 met-:Nuus
1197 493 1457 540 DIGA‘rt'n
1502 493 1817 538 SECUNDUM
1860 493 2280 539 stusTAN'rlAM
2323 495 2435 538 vm.
2477 493 2794 540 SECUNDUM
2835 494 3218 540 RELATlONEM
3331 473 3444 538 271

362 661 567 736 tioniS,
604 663 847 726 idcirco
876 663 1217 725 dicendum
1258 670 1354 725 est
1384 671 1609 745 quarto
1640 663 1848 735 modo,
1880 663 1931 723 A
2038 662 2200 724 Hinc
2241 663 2474 724 fatetur
2501 663 2870 737 Richardus‚
2905 663 3345 746 respondendo
3372 663 3450 724 ad

362 761 525 842 quod
586 761 907 841 ingenitus
968 761 1317 824 secundum
1372 763 1541 844 quod
1596 760 1850 842 proprie

364 861 655 922 convenit
684 861 873 932 Patri,
906 861 1061 922 dicit
1101 860 1473 922 relationem
1514 860 1847 942 privative,

363 963 422 1018 et
460 975 539 1018 ex
579 957 700 1020 hoc
745 958 887 1039 ipso
926 959 1080 1020 dicit
1118 977 1195 1021 ex
1242 957 1653 1040 consequenti
1696 956 1850 1019 rela-

364 1055 599 1117 tionem
632 1057 927 1137 positive,
962 1058 1112 1138 quia
1142 1077 1267 1120 non
1296 1056 1583 1138 generari
1616 1055 1851 1117 dicitur

362 1152 467 1232 qui
500 1152 885 1235 simpliciter
914 1173 1041 1217 non
1070 1162 1409 1235 generatur
1442 1172 1455 1214 :
1490 1161 1552 1215 et
1583 1153 1675 1215 sic
1706 1170 1853 1214 con-

362 1250 527 1311 venit
562 1269 691 1312 non
723 1259 969 1314 tantum
1008 1253 1195 1326 Patri,
1228 1253 1337 1314 sed
1378 1251 1667 1314 essentiae
1699 1267 1852 1332 quo-

362 1365 479 1428 que
533 1367 607 1410 ac
661 1350 925 1431 Spiritui
986 1351 1231 1412 Sancto.
1286 1351 1406 1412 Sed
1462 1351 1625 1411 ultra
1677 1350 1849 1411 hunc

366 1445 775 1520 intellectum,
813 1456 1001 1530 prout
1040 1449 1293 1530 proprie
1335 1448 1631 1511 convenit
1661 1447 1846 1517 Patri,

362 1545 529 1606 addit
575 1547 749 1626 quod
788 1547 967 1609 Pater
1008 1565 1133 1609 non
1179 1556 1535 1627 generatur,
1569 1565 1686 1608 nec
1738 1565 1852 1627 per

362 1645 828 1724 generationem
866 1646 1181 1728 accipitur
1214 1663 1228 1708 :
1262 1653 1327 1708 et
1364 1645 1451 1706 ita
1492 1644 1851 1707 excluditur

362 1743 654 1815 essentia,
686 1761 827 1824 quae
857 1761 972 1825 per
1000 1744 1469 1824 generationem
1502 1743 1845 1824 accipitur3

1960 760 2375 840 quaestionem
2410 781 2535 843 qua
2564 763 2889 843 quaeritur‚
2925 771 3141 824 utrum
3182 760 3452 823 innasci—

1960 858 2173 920 bilitas
2234 859 2316 920 sit
2379 860 2564 926 realis
2630 861 2849 922 relatio
2911 878 2925 922 ε
2985 859 3452 923 Innascibilitas

1959 964 2271 1036 quantum
2302 958 2382 1018 ad
2415 957 2477 1019 id
2508 957 2676 1040 quod
2709 958 2918 1038 primo
2948 958 3289 1040 significat,
3324 975 3450 1020 non

1959 1062 2055 1116 est
2086 1055 2272 1116 realis
2306 1055 2547 1128 relatio,
2583 1057 2693 1117 sed
2735 1057 2986 1136 negatio
3019 1057 3292 1137 alicujus
3323 1075 3454 1118 rea-

1961 1154 2039 1215 lis
2088 1153 2433 1228 relationis,
2477 1173 2676 1236 quum
2727 1155 2810 1216 sit
2858 1155 3109 1236 negatio
3155 1155 3454 1218 emanati-

1960 1251 2099 1312 onis
2147 1251 2229 1312 ab
2277 1251 2437 1330 alio;
2484 1261 2793 1333 quantum
2845 1271 2994 1315 vero
3042 1253 3119 1314 ad
3171 1253 3234 1314 id
3282 1252 3452 1334 quod

1960 1349 2335 1411 secundario
2386 1350 2706 1432 importat,
2759 1351 2914 1413 dicit
2963 1369 3098 1412 rem
3148 1349 3450 1430 aliquam,

1962 1454 2113 1528 puta
2144 1447 2534 1528 primitatem
2565 1449 2643 1509 ad
2674 1467 2928 1510 omnem
2961 1447 3447 1510 emanationem.

1959 1545 2105 1618 Quae
2137 1546 2428 1627 primitas
2468 1546 2623 1607 dicit
2663 1545 3050 1608 habitualem
3091 1552 3452 1627 respectum

1958 1643 2037 1704 ad
2086 1643 2467 1724 originatum
2506 1661 2519 1706 :
2555 1644 2721 1706 unde
2767 1645 3020 1706 videtur
3063 1645 3129 1706 in
3171 1663 3237 1706 se
3283 1661 3451 1706 com-

1962 1742 2354 1823 prehendere
2384 1750 2447 1803 et
2478 1743 2652 1804 illam
2686 1743 3134 1824 proprietatem
3163 1762 3305 1823 quae
3335 1740 3455 1803 for-

364 1840 467 1901 sed
512 1840 607 1901 sic
666 1841 873 1902 adhuc
921 1841 1219 1904 convenit
1278 1841 1541 1922 Spiritui
1594 1841 1841 1903 Sancto.
1883 1847 1932 1909 Β
1966 1839 2213 1901 maliter
2259 1847 2354 1901 est
2392 1840 2492 1919 (ut
2537 1841 2630 1902 sic
2681 1841 2929 1922 loquar)
2966 1842 3044 1903 de
3094 1840 3454 1922 significato

364 1937 571 2018 ltaque
620 1947 812 2020 prout
860 1941 1158 2002 convenit
1208 1940 1325 2002 soli
1375 1939 1561 2014 Patri,
1606 1939 1697 2000 sic
1744 1958 1849 2019 ap-

364 2034 631 2115 pellatur
664 2037 1006 2117 ingenitus,
1042 2037 1151 2119 qui
1194 2057 1311 2099 nec
1338 2045 1697 2119 generatur,
1733 2055 1849 2098 nec

366 2151 471 2213 per
505 2135 982 2214 generationem
1020 2135 1355 2218 accipitur,
1391 2155 1507 2198 nec
1546 2135 1852 2216 generati-

365 2249 543 2294 onem
594 2233 1025 2314 consequitur.
1079 2235 1193 2296 Per
1241 2252 1512 2316 quorum
1569 2235 1849 2317 primum

365 2330 717 2392 excluditur
766 2333 1009 2410 Filius3
1058 2351 1171 2414 per
1218 2332 1593 2404 secundum,
1640 2351 1851 2394 essen-

366 2429 480 2506 tia3
522 2448 637 2511 per
691 2431 969 2504 tertium,
1018 2431 1292 2512 Spiritus
1338 2431 1624 2505 SanctuS,
1668 2431 1853 2511 cujus

368 2527 681 2607 processio
720 2529 1193 2608 generationem
1232 2529 1448 2610 aliquo
1480 2529 1667 2591 modo
1706 2546 1854 2590 con-

366 2625 667 2706 sequitur.
712 2626 945 2707 Sicque
984 2627 1303 2708 ingenitus
1351 2626 1621 2689 includit
1658 2635 1857 2708 pater·

368 2722 624 2785 nitatem
684 2724 1279 2807 plenitudinemque
1333 2724 1655 2787 fontalem.
1712 2725 1854 2788 Haec

366 2821 817 2884 Bonaventura.

440 2919 795 2982 Alexander
822 2939 1077 3002 quoque
1109 2922 1215 2983 hic
1255 2921 1481 2983 asserit
1514 2939 1527 2982 τ
1562 2922 1855 3002 Augusti—

1960 1938 2260 2018 potentiae
2297 1939 2696 2018 generativae,
2731 1946 2793 2000 et
2832 1939 3006 2000 illam
3038 1959 3180 2021 quae
3221 1938 3452 2000 forma-

1960 2036 2103 2096 liter
2132 2043 2230 2096 est
2258 2036 2335 2096 de
2376 2035 2736 2116 significato
2771 2037 3070 2118 potentiae
3109 2036 3450 2118 spirativae.

1959 2170 2039 2178 —
2067 2135 2256 2196 Porro
2294 2153 2492 2216 quum
2535 2135 2788 2208 dicitur,
2823 2135 2991 2216 quod
3037 2152 3164 2197 non
3201 2134 3454 2215 genitus

1962 2232 2236 2294 refertur
2275 2233 2354 2294 ad
2394 2251 2520 2295 non
2559 2233 2934 2314 genitorem,
2969 2233 3455 2314 intelligendum

1961 2337 2059 2391 est
2108 2330 2228 2392 hoc
2271 2330 2348 2391 de
2391 2331 2693 2392 relatione
2744 2332 3096 2394 secundum
3145 2331 3454 2392 rationem

1964 2437 2222 2490 tantum.
2242 2429 2368 2492 Nec
2399 2447 2560 2510 nego
2589 2429 2742 2510 quin
2771 2429 3235 2492 innascibilitas
3266 2447 3460 2510 quan·

1965 2534 2101 2588 tum
2131 2528 2210 2589 ad
2242 2527 2306 2588 id
2337 2528 2506 2609 quod
2539 2528 2748 2609 primo
2777 2527 3120 2608 significat,
3155 2529 3457 2610 importet

1964 2626 2335 2688 relationem
2377 2627 2731 2688 secundum
2773 2627 3082 2688 rationem
3117 2643 3130 2687 ε
3167 2627 3318 2707 quia
3348 2645 3456 2688 ne-

1960 2725 2246 2805 gationes
2277 2725 2404 2787 dici
2437 2731 2702 2807 possunt
2732 2743 2831 2786 res
2862 2724 3145 2798 rationiS,
3168 2725 3235 2786 in
3264 2744 3460 2807 quan-

1965 2832 2099 2885 tum
2147 2824 2715 2907 apprehenduntur
2763 2842 2801 2884 a
2849 2823 3090 2885 ratione
3150 2841 3263 2904 per
3311 2842 3458 2886 suas

1961 2921 2442 2985 affirmationes
2495 2921 2736 2985 Relatio
2783 2905 2997 2984 autem
3047 2942 3190 3004 quae
3239 2941 3457 2985 conse-

368 3035 480 3078 nus
527 3017 597 3078 in
647 3018 813 3080 libro
862 3019 941 3081 de
988 3019 1316 3092 Trinitate,
1365 3027 1583 3081 contra
1630 3020 1851 3081 Arium
1890 3023 1934 3086 C
1964 3020 2185 3102 quitur
2215 3021 2278 3082 id
2318 3021 2487 3102 quod
2532 3038 2643 3100 per
2680 3039 2820 3081 eam
2857 3019 3128 3082 refertur
3165 3039 3293 3082 non
3335 3021 3460 3082 nisi

365 3114 509 3177 dicit
558 3134 573 3179 ε
620 3116 686 3179 In
740 3117 975 3179 divinis
1025 3136 1152 3181 non
1202 3117 1514 3200 sequitur,
1548 3118 1675 3181 lloc
1725 3136 1851 3181 non

367 3215 739 3293 praedicatur
798 3216 1151 3277 secundum
1209 3216 1651 3290 substantiam,
1706 3235 1855 3297 ergo

368 3312 739 3392 praedicatur
796 3315 1149 3377 secundum
1211 3315 1556 3392 accidens3
1616 3316 1728 3376 sed
1790 3315 1854 3376 in

368 3412 663 3473 creaturis
724 3413 789 3475 id
846 3414 1155 3494 sequitur,
1217 3414 1283 3475 in
1342 3414 1577 3495 quibus
1636 3413 1857 3476 relatio

367 3510 719 3571 continetur
746 3510 869 3572 sub
896 3512 1257 3573 accidente:
1282 3512 1347 3573 in
1378 3512 1613 3574 divinis
1642 3518 1855 3574 autem

368 3624 483 3669 non
532 3617 632 3670 est
680 3618 750 3671 ut
796 3608 1115 3683 accidenS,
1156 3611 1267 3672 sed
1318 3611 1549 3672 retinet
1594 3611 1855 3673 modum

367 3724 565 3769 suum.
610 3707 801 3769 Arius
849 3716 1065 3770 autem
1113 3708 1205 3771 sic
1253 3709 1557 3789 arguebat
1605 3726 1618 3771 :
1668 3708 1855 3783 Quid-

368 3804 511 3884 quid
550 3806 788 3867 dicitur
825 3806 903 3868 de
942 3806 1092 3880 Deo,
1124 3806 1360 3869 dicitur
1397 3807 1475 3869 de
1516 3824 1593 3869 eo
1630 3826 1856 3869 secun-

367 3901 511 3965 dum
550 3903 974 3967 substantiam
1003 3905 1105 3967 vel
1145 3906 1498 3968 secundum
1529 3906 1850 3968 accidenS.

370 4000 480 4063 Sed
520 4020 661 4064 esse
706 4002 1061 4082 ingenitum
1108 4004 1485 4085 praedicatur
1525 4005 1604 4067 de
1654 4004 1853 4079 Patre,

369 4106 427 4159 et
464 4117 605 4162 esse
645 4099 935 4180 genitum
979 4102 1057 4163 de
1096 4100 1271 4164 Filio.
1309 4102 1470 4183 Ergo
1512 4110 1856 4183 utrumque

1964 3120 2318 3181 secundum
2351 3119 2520 3201 quod
2549 3119 2631 3182 ab
2672 3119 2999 3182 intellectu
3039 3119 3460 3203 apprehendi-

1965 3225 2088 3291 tur,
2142 3218 2378 3279 dicitur
2433 3218 2654 3281 relatio
2711 3220 3064 3281 secundum
3126 3219 3457 3293 rationem,

1966 3335 2092 3379 non
2132 3317 2487 3378 secundum
2537 3336 2691 3379 rem.
2740 3317 2882 3380 Haec
2922 3318 3294 3380 RicharduS.

2048 3417 2348 3478 Praeterea
2389 3416 2558 3477 circa
2597 3416 2730 3479 haec
2771 3416 2996 3479 asserit
3033 3416 3253 3477 Petrus
3291 3434 3304 3477 :
3338 3417 3464 3478 Ali-

1966 3515 2120 3595 quid
2185 3514 2420 3575 dici'tur
2479 3532 2618 3575 esse
2685 3514 2748 3575 in
2807 3532 3036 3594 genere
3096 3514 3456 3595 dupliciter.

1965 3612 2196 3685 Primo,
2250 3630 2364 3693 per
2420 3630 2509 3685 se,
2567 3618 2638 3672 ut
2692 3612 2863 3693 quod
2921 3611 3150 3692 recipit
3205 3612 3461 3691 generis

1966 3710 2481 3792 praedicationem
2516 3726 2530 3770 ε
2565 3709 2731 3771 sicut
2769 3710 2962 3771 homo
3001 3716 3098 3770 est
3133 3708 3200 3770 in
3227 3726 3461 3789 genere

1966 3808 2354 3870 substantiae.
2392 3807 2702 3882 Secundo,
2737 3826 2851 3889 per
2881 3805 3313 3868 reductionem
3353 3823 3366 3867 :
3399 3813 3463 3867 et

1966 3906 2086 3968 hoc
2145 3906 2504 3987 dupliciter.
2563 3905 2794 3980 Primo,
2853 3924 2967 3986 per
3024 3903 3461 3966 reductionem

1966 4005 2296 4077 directam,
2349 4012 2418 4066 ut
2473 4004 2866 4085 principium
2923 4002 3175 4083 generis
3232 4019 3245 4063 ε
3299 4002 3467 4064 sicut

1968 4111 2244 4185 punctus
2275 4110 2372 4164 est
2402 4102 2466 4164 in
2497 4119 2727 4182 genere
2757 4100 3164 4184 quantitatis;
3201 4100 3465 4162 materia

371 4197 715 4259 secundum
766 4197 1185 4260 substantiam
1237 4199 1471 4261 dicitur
1505 4217 1519 4261 ε
1553 4218 1703 4281 ergo
1752 4200 1857 4263 Pa·
1888 4206 1939 4268 D
1967 4208 2029 4262 et
2078 4201 2282 4262 forma
2339 4199 2795 4273 substantialia,
2849 4200 2914 4261 in
2972 4199 3464 4281 praedicamento

374 4302 459 4355 ter
484 4304 551 4357 et
583 4296 777 4358 Filius
816 4296 1318 4359 substantialiter
1357 4298 1854 4379 distinguuntur.

372 4392 457 4454 Ad
502 4394 675 4475 quod
723 4394 948 4476 quinto
996 4395 1073 4456 de
1118 4396 1421 4459 Trinitate
1469 4398 1858 4478 Augustinus

376 4493 703 4573 respondet
748 4510 762 4554 :
805 4494 1123 4575 Quidquid
1174 4494 1252 4557 de
1302 4496 1430 4557 Deo
1479 4496 1734 4571 dicitur,
1768 4514 1859 4557 se-

376 4591 647 4652 cundum
696 4591 1118 4654 substantiam
1166 4592 1420 4654 dicitur.
1476 4594 1637 4674 Ergo
1690 4595 1858 4676 quod

184 4700 355 4759 lma,
378 4686 609 4751 dictum
639 4696 757 4763 est,
792 4690 921 4770 Ego
949 4699 1014 4752 et
1045 4691 1223 4753 Pater
1253 4710 1453 4753 unum
1486 4712 1731 4767 sumuS,
1764 4712 1858 4755 se-

378 4788 649 4850 cundum
681 4787 1101 4851 substantiam
1132 4789 1375 4852 dictum
1406 4799 1500 4852 est
1536 4807 1549 4851 τ
1584 4808 1734 4871 ergo
1761 4792 1862 4853 Pa-

382 4892 467 4945 ter
494 4895 555 4947 et
584 4887 781 4949 Filius
812 4890 1164 4949 secundum
1206 4889 1627 4951 substantiam
1661 4909 1859 4951 unum

380 4990 439 5043 et
472 4984 637 5047 idem
676 4994 843 5047 sunt.
881 4986 1118 5048 Deinde
1157 4988 1433 5049 ostendit
1470 4989 1860 5068 Augustinus

384 5080 631 5157 ibidem,
683 5084 925 5165 aliquid
984 5084 1109 5145 dici
1162 5086 1241 5147 de
1290 5087 1417 5147 Deo
1466 5104 1591 5147 non
1654 5086 1861 5149 solum

382 5181 719 5243 secundum
762 5181 1207 5257 substantiam,
1243 5184 1353 5245 sed
1396 5191 1459 5245 et
1508 5185 1859 5246 secundum

382 5277 758 5342 relationem.
808 5280 950 5343 Haec
994 5281 1363 5344 Alexander.

1969 4298 2358 4361 substantiae.
2396 4299 2706 4370 Secundo,
2741 4316 2853 4379 per
2895 4297 3330 4359 reductionem
3373 4296 3467 4358 in-

1970 4398 2298 4469 directam,
2343 4403 2496 4477 puta
2546 4415 2659 4477 per
2700 4396 2873 4457 aliud
2909 4412 2922 4457 ε
2959 4404 3026 4457 ut
3076 4395 3464 4477 privationes

1970 4503 2032 4557 et
2080 4494 2444 4575 negationes
2489 4494 2880 4555 reducuntur
2921 4494 3000 4555 ad
3047 4494 3214 4556 idem
3262 4512 3464 4574 genus

1970 4613 2117 4655 cum
2149 4593 2475 4654 habitibus
2505 4599 2569 4653 et
2601 4591 3142 4655 affirmationibus
3173 4592 3326 4666 suiS,
3353 4610 3467 4673 per

1970 4712 2126 4773 quas
2165 4691 2402 4754 habent
2440 4710 2579 4752 esse
2618 4697 2806 4772 atque
2847 4690 3160 4771 cognosci.
3196 4690 3464 4770 Haecque

1972 4790 2256 4852 reductio
2309 4789 2388 4852 fit
2436 4808 2562 4851 non
2614 4808 2727 4870 per
2777 4789 2980 4870 ipsam
3039 4788 3460 4868 negationem,

1971 4908 2111 4971 quae
2160 4889 2228 4951 in
2281 4889 2456 4950 nullo
2504 4906 2734 4969 genere
2780 4888 2979 4968 ponit,
3013 4887 3124 4948 sed
3168 4905 3282 4967 per
3331 4906 3464 4949 rem

1972 4995 2261 5067 negatam
2290 5004 2303 5047 ε
2329 4988 2632 5069 quoniam
2662 5004 2800 5049 esse
2834 4985 3210 5065 intelligitur
3239 4984 3304 5046 in
3335 5003 3463 5048 non

1969 5106 2129 5160 esse,
2162 5093 2226 5147 et
2265 5085 2612 5147 affirmatio
2653 5084 2718 5146 in
2759 5084 3113 5164 negatione,
3147 5090 3216 5143 ut
3255 5082 3464 5163 primo

1970 5184 2472 5247 perihermenias
2523 5182 2774 5244 dicitur.
2811 5216 2886 5227 —
2929 5180 2993 5243 Si
3041 5188 3254 5242 autem
3305 5180 3466 5262 obji-

1973 5282 2200 5355 ciatur,
2233 5282 2402 5363 quod
2444 5280 2694 5361 negatio
2735 5278 2948 5342 addita
2985 5278 3258 5341 termino
3305 5278 3463 5341 rela-
