4359 6250
880 537 1104 596 QUAEST.
1150 541 1194 586 11
1237 541 1252 585 ἰ
1298 540 1386 588 ΑΝ
1427 541 1581 590 DEUS
1622 542 1828 588 Possrr
1869 543 1949 589 EA
1991 541 2127 598 QUAE
2168 543 2571 590 lurossmmA
2616 545 2768 591 SUNT
2806 543 3067 591 NATURAE

861 848 1338 922 QUAESTIO
1398 851 1477 916 ΙΙ

551 1109 784 1191 Mplius
824 1112 1129 1192 quaeritur
1166 1114 1292 1190 hic,
1325 1117 1456 1182 An
1494 1119 1704 1185 Deus
1740 1133 1912 1198 pos·

577 1211 693 1275 sit
750 1224 842 1275 ea
897 1227 1072 1292 quae
1130 1215 1663 1294 impossibilia
1722 1219 1910 1284 sunt

413 1309 750 1390 naturae,
822 1312 905 1375 et
971 1325 1284 1379 omnem
1349 1329 1622 1381 rerum
1685 1319 1914 1384 natu-

409 1407 665 1472 ralem
730 1423 1053 1475 cursum
1119 1415 1634 1495 ordinemque
1693 1417 1913 1483 tran-

409 1507 822 1574 scendunt.

487 1603 608 1665 Sed
648 1605 726 1666 ad
765 1605 887 1667 hoc
923 1615 1092 1688 patet
1121 1628 1196 1670 ex
1238 1609 1516 1672 inductis
1556 1613 1906 1693 responsi0,

408 1709 626 1783 utpote
671 1703 840 1784 quod
880 1724 956 1767 ea
994 1725 1135 1787 quae
1174 1708 1736 1773 contradictionem
1783 1728 1909 1773 non

407 1801 762 1882 implicant,
813 1805 1014 1884 possit
1062 1805 1496 1888 OmnipotenS‚
1549 1809 1658 1890 qui
1708 1810 1911 1871 omni-

3404 521 3526 586 565

1941 709 1992 772 A
2022 713 2361 797 principia,
2414 733 2528 796 per
2576 733 2717 796 quae
2772 715 3089 777 naturales
3148 721 3525 776 exercentur

2021 814 2326 892 effectus3
2377 820 2439 876 et
2487 833 2679 895 supra
2735 813 2848 876 has
2896 821 3194 896 operatur
3240 813 3406 875 Deus
3454 812 3521 874 in

1991 913 2353 978 ·miraculis
2396 913 2590 976 variis
2638 913 2865 976 modis.
2908 912 3039 975 Nec
3087 911 3345 994 proprie
3392 910 3523 992 agit

2022 1021 2261 1086 contra,
2306 1015 2414 1076 sed
2462 1013 2673 1095 potius
2723 1031 2917 1093 supra
2960 1019 3025 1074 et
3068 1018 3296 1093 praeter
3339 1010 3523 1074 ratio-

2021 1131 2134 1176 nes
2167 1114 2307 1176 illas
2340 1111 2681 1175 seminales
2716 1129 2729 1173 :
2764 1112 2929 1174 sicut
2958 1111 3111 1172 dum
3146 1108 3520 1192 corporibus

2022 1212 2321 1275 humanis
2374 1212 2642 1274 formam
2696 1208 3180 1290 glorificationis
3232 1207 3517 1286 inducit3

2021 1311 2323 1373 similiter
2370 1310 2623 1392 quando
2674 1309 2813 1371 sine
2864 1306 3085 1370 officio
3132 1305 3516 1368 naturalium

2021 1430 2355 1474 causarum
2404 1409 2698 1492 producit
2736 1407 3041 1470 effectum
3085 1426 3275 1488 quem
3315 1413 3380 1468 et
3411 1425 3520 1467 na-

2021 1519 2162 1572 tura
2202 1529 2317 1572 suo
2357 1508 2579 1572 ordine
2620 1514 2827 1589 potest
2859 1506 3230 1588 producere,
3265 1514 3335 1566 ut
3363 1505 3517 1567 dum

2019 1630 2247 1692 aquam
2314 1615 2573 1689 repente
2636 1605 2949 1668 convertit
3011 1605 3076 1666 in
3135 1603 3380 1666 vinum.
3443 1604 3521 1666 Et
3544 1617 3809 1671 Joanms.

2021 1715 2172 1771 tunc
2209 1705 2465 1790 proprie
2497 1723 2625 1767 non
2664 1705 2793 1785 agit
2824 1710 3043 1766 contra
3080 1710 3370 1766 naturam
3410 1711 3521 1765 aut

2021 1814 2240 1869 contra
2282 1805 2555 1867 rationes
2599 1802 2960 1875 seminaleS,
3006 1800 3156 1883 quia
3202 1820 3327 1864 non
3371 1819 3518 1884 ope-

407 1901 758 1980 potentiam
797 1921 976 1964 suam
1011 1905 1219 1966 causis
1257 1906 1652 1968 naturalibus
1684 1915 1746 1969 et
1777 1926 1908 1970 cre·
1946 1900 1993 1963 B
2023 1912 2198 1966 ratur
2246 1910 2314 1964 ut
2362 1921 2551 1964 causa
2599 1899 2903 1962 naturalis
2950 1899 3175 1973 act-iva,
3228 1899 3337 1961 sed
3388 1905 3519 1960 tan-

405 1999 524 2060 atis
563 2016 692 2059 non
736 1999 1036 2081 alligavit.
1071 2003 1206 2065 Imo
1245 2005 1354 2085 qui
1395 2004 1515 2066 hoc
1557 2005 1908 2068 maximum

407 2097 637 2176 potuit,
671 2097 917 2160 scilicet
949 2099 1244 2162 universa
1273 2121 1507 2176 creare,
1531 2111 1787 2166 naturas
1819 2123 1910 2166 re-

408 2213 550 2256 rum
583 2202 649 2256 et
679 2194 968 2258 ordinem
1001 2196 1166 2258 inter
1195 2217 1300 2260 eas
1335 2199 1910 2282 instituere‚potest

407 2293 484 2354 de
513 2292 674 2374 ipsis
716 2292 906 2355 rebus
935 2302 998 2356 et
1029 2294 1093 2356 in
1138 2296 1292 2377 ipsis
1333 2299 1578 2378 operari
1621 2306 1692 2360 ut
1731 2299 1914 2372 libet,

407 2392 996 2473 supernaturaliter,
1043 2393 1410 2457 immediate
1457 2403 1520 2457 et
1564 2397 1910 2478 imperiali-

407 2498 521 2552 ter.
575 2489 820 2571 Nempe
875 2491 954 2552 ad
1012 2492 1198 2573 eujus
1258 2493 1602 2575 imperium
1656 2497 1732 2558 de
1785 2514 1912 2558 non

408 2606 544 2649 esse
589 2596 1004 2650 surrexerunt.
1049 2589 1113 2651 in
1158 2610 1317 2666 esse,
1351 2592 1427 2653 ad
1471 2593 1612 2672 ejus
1659 2612 1912 2676 quoque

409 2683 753 2768 imperium
815 2686 1167 2749 alterantur
1212 2696 1272 2751 et
1321 2699 1664 2772 operantur
1721 2713 1914 2775 supra

409 2783 614 2864 legem
649 2791 908 2848 naturae.
931 2787 1265 2849 —Tamen
1299 2789 1467 2852 circa
1497 2790 1616 2852 hoc
1649 2791 1908 2871 quidam

405 2883 773 2965 philosophi
835 2883 1250 2947 inveniuntur
1295 2906 1559 2961 errasse,
1613 2891 1912 2970 quemad-

405 2981 670 3043 modum
734 2980 1226 3058 Commentator,
1279 2984 1387 3066 qui
1445 2993 1668 3049 octavo
1723 2988 1912 3050 Meta-

2021 2022 2212 2085 quam
2262 2020 2453 2082 agens
2501 2006 2677 2062 extra
2726 2006 2787 2060 et
2831 2016 3023 2079 supra
3070 2015 3326 2059 omnem
3377 2015 3523 2059 cau-

2026 2120 2160 2163 sam
2208 2108 2268 2162 et
2313 2098 2601 2162 ordinem
2647 2116 2881 2159 rerum.
2919 2095 3061 2159 Haec
3104 2096 3392 2159 Thomas

2130 2199 2219 2261 De
2284 2199 2403 2260 hoc
2469 2196 2817 2259 Richardus
2883 2213 2898 2256 ε
2967 2195 3223 2268 Natura,
3289 2194 3520 2277 inquit,

2021 2297 2367 2378 dupliciter
2423 2294 2719 2358 sumitur.
2770 2293 3002 2366 Prim0,
3056 2311 3170 2376 pro
3218 2293 3283 2354 vi
3334 2292 3523 2355 rebus

2023 2397 2216 2458 insita
2264 2414 2389 2477 qua
2435 2393 2691 2475 explent
2736 2411 2883 2454 suos
2932 2392 3250 2455 naturales
3300 2411 3523 2454 cursus

2021 2495 2265 2576 agendo
2313 2493 2413 2554 vel
2464 2491 2779 2573 patiend0.
2836 2491 2939 2552 Sic
2987 2491 3298 2553 sumendo
3344 2496 3525 2552 natu-

2022 2613 2181 2666 ram,
2225 2594 2391 2654 Deus
2440 2589 2641 2652 multa
2688 2589 2837 2652 facit
2889 2596 2951 2651 et
2998 2589 3183 2669 plura
3230 2589 3284 2650 si
3333 2588 3526 2650 vellet

2021 2693 2259 2754 faceret
2315 2698 2379 2752 et
2434 2687 2722 2751 absolute
2778 2686 2986 2748 facere
3044 2694 3250 2768 potest
3306 2695 3527 2749 contra

2023 2797 2335 2852 naturam.
2386 2786 2698 2859 Secund0‚
2749 2791 2975 2846 natura
3018 2791 3281 2847 vocatur
3327 2785 3525 2866 possi-

2023 2886 2238 2949 bilitas
2284 2885 2571 2969 quaedam
2612 2902 2824 2945 rerum
2868 2889 2939 2944 ut
2970 2881 3035 2944 in
3065 2882 3158 2944 eis
3196 2882 3340 2944 fieri
3382 2900 3524 2964 pos-

2022 2986 2104 3047 sit
2158 2985 2377 3047 divina
2422 2983 2658 3046 virtute
2712 2981 2879 3063 quod
2936 2979 3084 3042 fieri
3140 2979 3364 3061 nequit
3412 2999 3527 3063 per

405 3079 687 3163 physicae
716 3079 805 3141 ait
834 3097 848 3141 ε
883 3079 1105 3143 Omnis
1135 3081 1422 3146 alteratio
1451 3092 1547 3147 est
1575 3084 1656 3147 ab
1685 3094 1909 3166 agente
1949 3077 1992 3141 C
2024 3091 2315 3146 naturam
2348 3081 2557 3164 primo
2587 3080 2776 3143 modo
2806 3085 3131 3162 acceptam
3168 3096 3183 3141 ι
3216 3085 3278 3141 et
3308 3086 3527 3142 contra

403 3178 622 3259 aliquo
663 3179 994 3260 corporali.
1038 3180 1128 3241 Ex
1174 3200 1300 3263 quo
1349 3191 1614 3246 conatur
1657 3185 1910 3247 conclu-

401 3278 574 3350 dere,
631 3277 799 3358 quod
849 3297 1050 3359 quum
1113 3280 1278 3342 Deus
1326 3282 1406 3342 sit
1457 3300 1648 3362 agens
1709 3282 1910 3345 incor-

400 3374 642 3457 porale,
692 3375 869 3437 nulla
925 3375 1212 3439 alteratio
1261 3380 1460 3458 possit
1507 3380 1586 3441 ab
1639 3398 1712 3443 eo
1761 3380 1906 3442 fieri

401 3473 774 3535 immediate
806 3473 871 3535 in
904 3482 1192 3537 creatura
1223 3475 1530 3551 inferiori,
1555 3480 1664 3540 sed
1697 3478 1904 3541 solum

399 3571 726 3634 mediante
785 3570 1122 3634 influentia
1179 3573 1346 3647 coeli,
1402 3576 1568 3656 quod
1618 3584 1712 3638 est
1758 3578 1906 3639 alte-

399 3688 550 3731 rans
601 3685 729 3731 non
789 3668 1148 3742 alteratum,
1201 3688 1318 3731 nec
1365 3690 1558 3754 super
1614 3681 1903 3736 naturam

399 3784 588 3847 agere
635 3772 858 3848 potest.

481 3966 702 4045 ltaque
733 3964 902 4025 circa
934 3964 1056 4027 hoc
1085 3965 1354 4029 Thomas
1393 3968 1498 4029 hic
1528 3969 1752 4032 scribit·
1785 3988 1798 4033 :
1833 3972 1901 4034 ln

400 4062 522 4124 hoc
565 4062 1038 4124 commentator
1077 4064 1330 4139 erravit,
1366 4065 1498 4128 imo
1537 4074 1598 4128 et
1643 4069 1902 4149 quidam

397 4161 767 4243 philosophi
825 4160 949 4222 sibi
1010 4162 1075 4224 in
1134 4163 1252 4225 hoc
1311 4166 1771 4241 contradicunt,
1835 4177 1904 4230 ut

2021 3192 2310 3245 naturam
2341 3183 2460 3244 hoc
2491 3180 2772 3243 secundo
2800 3180 2987 3241 modo
3017 3185 3329 3260 sumptam
3358 3178 3525 3241 Deus

2022 3298 2148 3343 non
2196 3281 2321 3361 agit
2364 3298 2483 3341 nec
2524 3296 2709 3359 agere
2754 3283 2983 3358 potest,
3026 3277 3177 3358 quia
3221 3276 3341 3339 hoc
3386 3294 3527 3357 pos-

2021 3378 2232 3441 sibilis
2273 3379 2582 3440 rationem
2613 3394 2738 3437 non
2770 3374 2977 3437 habet.
3014 3375 3133 3436 Sed
3165 3374 3315 3456 quia
3344 3382 3523 3436 natu-

2019 3498 2085 3541 ra
2127 3475 2554 3540 communiter
2596 3474 2874 3536 sumitur
2922 3471 3132 3553 primo
3183 3473 3392 3547 mode,
3436 3472 3524 3535 id-

2017 3577 2189 3638 circo
2238 3574 2624 3656 simpliciter
2670 3570 3145 3633 concedendum
3190 3576 3307 3643 est,
3349 3571 3520 3651 quod

2016 3674 2181 3736 Deus
2235 3678 2441 3755 potest
2490 3670 2697 3733 facere
2730 3677 2965 3732 contra
3013 3676 3323 3730 naturam.
3374 3668 3519 3731 Haec

2014 3771 2383 3834 RicharduS.

2110 3870 2252 3932 Haec
2284 3866 2613 3950 responsio
2643 3865 2718 3929 ad
2751 3872 3113 3947 praetactam
3143 3864 3398 3928 Thomae
3428 3884 3519 3927 re-

2014 3968 2422 4051 sponsionem
2460 3964 2737 4027 faciliter
2777 3970 2983 4045 potest
3022 3962 3238 4024 reduci
3272 3970 3336 4025 et
3369 3982 3517 4025 con-

2014 4065 2258 4129 cordari
2305 4086 2319 4129 ε
2361 4064 2510 4146 quia
2560 4062 2728 4145 quod
2781 4062 3049 4127 Thomas
3099 4061 3377 4143 appellat
3424 4081 3517 4123 ra-

2015 4165 2256 4227 tionem
2328 4160 2841 4233 obedientialem‚
2915 4159 3264 4222 Richardus
3333 4168 3519 4223 vocat

395 4258 748 4331 Avicenna‚
801 4259 912 4341 qui
961 4260 1117 4321 dicit
1164 4264 1332 4344 quod
1393 4265 1654 4327 materia
1705 4267 1905 4347 magis
1936 4265 1986 4327 D
2016 4270 2306 4324 naturam
2341 4261 2618 4323 secundo
2650 4259 2839 4321 modo
2868 4264 3212 4340 acceptam.
3248 4258 3519 4320 Thomas

397 4356 620 4419 obedit
666 4357 1158 4438 a'pprehensioni
1209 4380 1320 4421 seu
1371 4364 1704 4445 conceptui
1761 4366 1907 4426 sub-

397 4454 650 4517 stantiae
693 4462 1016 4536 separatae‚
1059 4476 1250 4538 quam
1297 4461 1626 4522 contrariis
1674 4464 1909 4542 agenti-

400 4553 542 4616 bus.
579 4553 817 4615 Tamen
861 4553 1172 4635 quidquid
1223 4555 1304 4617 sit
1349 4557 1425 4617 de
1471 4557 1611 4629 hoc,
1655 4559 1733 4620 de
1782 4560 1910 4621 Deo

395 4650 782 4714 firmissime
827 4657 924 4711 est
968 4652 1336 4726 tenendum,
1370 4654 1539 4734 quod
1582 4654 1722 4734 ejus
1767 4674 1911 4717 con-

398 4748 684 4831 ceptioni
731 4767 806 4811 ac
848 4748 1124 4828 jussioni
1173 4751 1383 4812 omnis
1431 4760 1658 4814 natura
1704 4762 1912 4816 creata

397 4847 638 4910 obedit.
685 4847 825 4929 lpse
874 4846 1112 4909 etenim
1165 4850 1444 4911 materiae
1492 4851 1736 4931 primae,
1781 4852 1910 4915 imo

398 4949 462 5004 et
513 4940 692 5003 omni
749 4948 992 5003 naturae
1040 4950 1284 5015 creatae,
1336 4943 1622 5025 duplices
1683 4945 1910 5008 indidit

397 5038 706 5113 rationeS,
749 5046 970 5121 utpote
1014 5057 1029 5101 τ
1071 5038 1549 5114 obedientialeS,
1595 5061 1709 5124 per
1755 5063 1913 5125 quas

397 5156 631 5201 omnes
673 5156 773 5199 res
816 5144 978 5200 natae
1017 5145 1167 5200 sunt
1209 5138 1338 5200 Deo
1378 5138 1658 5213 obedire,
1693 5147 1764 5201 ut
1803 5141 1916 5202 fiat¹

398 5256 480 5299 ex
532 5236 627 5298 eis
674 5235 989 5318 quidquid
1027 5236 1086 5298 ei
1129 5237 1458 5318 placuerit.
1494 5237 1727 5299 Indidit
1765 5257 1918 5320 quo-

2018 4378 2271 4442 quoque
2316 4358 2653 4439 perhibens
2694 4356 3207 4439 supernaturales
3245 4365 3307 4419 et
3339 4348 3523 4420 mira-

2017 4458 2269 4519 culosos
2301 4455 2570 4518 effectus
2606 4475 2732 4518 non
2770 4454 2911 4517 fieri
2946 4464 3163 4518 contra
3201 4462 3515 4528 naturam,

2016 4555 2126 4617 sed
2187 4572 2382 4635 supra
2438 4572 2599 4627 eam,
2651 4553 2937 4635 loquitur
2992 4552 3398 4635 appropriate
3456 4562 3517 4616 et

2019 4652 2219 4734 magis
2250 4652 2588 4714 subtiliter.
2623 4651 2973 4714 Richardus
3003 4669 3154 4715 vero
3183 4652 3517 4714 affirmans

2017 4770 2124 4813 eos
2163 4751 2309 4814 fieri
2351 4758 2570 4813 contra
2612 4757 2924 4821 naturam,
2958 4750 3280 4811 extensius
3323 4750 3520 4811 sumit

2019 4852 2139 4912 hoc
2192 4849 2361 4931 quod
2410 4855 2505 4910 est
2552 4866 2691 4909 esse
2730 4846 2830 4909 vel
2881 4845 3023 4908 fieri
3075 4854 3291 4909 contra
3338 4854 3518 4908 natu-

2019 4968 2176 5011 ram.
2208 4948 2392 5010 Juxta
2432 4965 2620 5028 quem
2668 4945 2928 5007 modum
2976 4944 3271 5026 loquendi
3317 4946 3518 5007 sancti

2020 5048 2230 5110 Patres
2279 5063 2445 5126 saepe
2495 5051 2643 5105 sunt
2696 5043 2911 5117 locuti,
2965 5049 3034 5104 ut
3081 5062 3279 5125 quum
3328 5063 3522 5126 super

2022 5144 2257 5205 Lucam
2317 5142 2404 5203 ait
2454 5140 2826 5203 Ambrosius
2879 5160 2892 5203 ε
2946 5140 3175 5203 Contra
3230 5148 3521 5203 naturam

2025 5248 2121 5303 est
2178 5240 2491 5320 virginem
2553 5257 2791 5321 parere.
2844 5239 3048 5320 Atque
3108 5238 3171 5300 in
3234 5238 3395 5302 libro
3444 5239 3523 5302 de

405 5353 536 5417 que
599 5334 694 5395 eis
753 5333 1028 5397 rationes
1084 5335 1447 5409 seminaleS,
1509 5344 1664 5417 puta
1719 5336 1924 5399 activa
2032 5337 2366 5421 MysteriiS,
2420 5344 2685 5399 testatur
2734 5336 2898 5417 quod
2960 5344 3177 5399 contra
3232 5344 3523 5401 naturam
