4359 6250
912 492 998 536 AN
1043 491 1294 536 CAmTAs
1336 489 1626 544 Quonam·
1665 487 1820 534 AGTU
1863 485 2071 533 011.ssOE
2077 487 2235 532 lOle
2277 487 2663 533 INTENDATUP.
2706 487 2816 534 SEU
2858 489 3183 536 AUGRATUR
3514 471 3595 536 45

493 669 686 734 mota,
739 669 807 723 et
865 678 1138 743 sequens
1193 667 1372 722 actus
1423 658 1624 740 magis
1685 655 1986 739 disponit,
2018 655 2070 718 A
2101 655 2400 730 similem,
2424 656 2643 739 sicque
2674 656 3002 720 habilitate
3033 665 3377 733 crescente,
3400 659 3593 722 homo

488 759 713 840 sicque
755 759 1083 841 deincepS,
1116 758 1468 820 secundum
1509 757 1677 838 quod
1717 775 1794 817 ex
1827 755 1989 816 mul—

488 858 574 920 tis
620 857 874 920 actibus
925 857 1109 920 bonis
1157 857 1528 938 pervenitur
1565 855 1646 917 ad
1697 854 1986 916 ultimam

485 956 1005 1038 dispositionem,
1039 955 1104 1017 in
1143 963 1453 1036 quantum
1493 962 1672 1016 actus
1714 971 1987 1034 sequens

484 1072 748 1136 semper
777 1053 906 1134 agit
938 1054 1004 1116 in
1036 1053 1268 1114 virtute
1308 1052 1596 1114 omnium
1631 1051 1988 1133 praeceden-

487 1153 657 1214 tium
698 1160 962 1213 actuum
995 1168 1009 1212 ε
1045 1158 1114 1212 ut
1156 1157 1328 1232 patet
1372 1150 1436 1211 in
1476 1149 1672 1230 guttis
1713 1149 1989 1211 cavanti-

483 1250 614 1312 bus
660 1250 961 1333 lapidem,
999 1248 1167 1331 quod
1219 1266 1346 1310 non
1395 1247 1696 1329 quaelibet
1743 1246 1987 1328 aliquid

482 1349 704 1410 aufert
749 1347 826 1408 de
877 1348 1109 1428 lapide,
1143 1346 1252 1408 sed
1305 1346 1730 1428 praecedentes
1780 1345 1988 1426 dispo-

483 1455 677 1518 nunt,
708 1453 771 1507 et
820 1445 1045 1506 ultima
1092 1444 1157 1507 in
1205 1445 1441 1506 virtute
1491 1443 1985 1524 praecedentium

482 1561 708 1624 agenS,
743 1542 807 1605 in
850 1550 1160 1625 quantum
1204 1542 1448 1603 invenit
1491 1541 1822 1603 materiam
1860 1540 1984 1601 dis-

482 1642 760 1724 positam
787 1640 1060 1722 complet
1090 1641 1504 1703 cavationem.
1525 1638 1764 1719 Nempe
1795 1658 1986 1720 quum

481 1741 684 1803 homo
714 1741 794 1802 sit
826 1740 1024 1801 libere
1062 1756 1277 1819 agens,
1312 1745 1518 1819 potest
1546 1755 1730 1818 agere
1761 1755 1982 1800 secun-

2101 755 2461 836 prorumpit
2490 755 2554 817 in
2583 764 2797 818 actum
2828 755 3295 830 ferventiorem,
3313 775 3436 838 quo
3466 766 3598 820 ten-

2098 851 2271 913 ditur
2318 852 2398 914 ad
2446 853 2725 915 caritatis
2774 854 3153 936 profectum,
3186 863 3251 916 et
3296 863 3449 917 tunc
3499 874 3595 917 ca-

2097 950 2251 1012 ritas
2300 960 2567 1032 augetur
2609 953 2673 1013 in
2722 960 2869 1015 actu
2904 954 3489 1034 :quemadmodum
3532 961 3597 1016 et

2099 1049 2164 1109 in
2196 1050 2603 1129 generatione
2638 1051 2964 1132 acquisitae
2996 1051 3250 1114 virtutis
3291 1070 3419 1115 non
3459 1053 3597 1134 qui-

2097 1147 2254 1209 libet
2292 1156 2470 1210 actus
2509 1149 2715 1210 bonus
2757 1149 2921 1230 parit
2959 1151 3285 1224 virtutem,
3318 1151 3428 1212 sed
3468 1151 3594 1212 dis-

2097 1246 2369 1327 positive
2427 1255 2823 1328 cooperatur,
2878 1255 2940 1308 et
2999 1249 3262 1311 ultimus
3322 1250 3432 1329 qui
3489 1268 3593 1312 ex-

2095 1351 2219 1405 stat
2274 1343 2637 1425 perfectior,
2689 1345 2756 1405 in
2808 1345 3041 1407 virtute
3096 1347 3591 1427 praecedentium

2092 1459 2308 1522 agenS,
2334 1442 2626 1522 perducit
2654 1442 2957 1504 virtutem
2993 1443 3058 1503 in
3088 1451 3321 1505 actum.
3350 1443 3493 1507 Haec
3526 1446 3591 1507 in

2095 1540 2375 1602 Summa.

2174 1637 2528 1700 Concordat
2574 1638 2945 1713 RicharduS,
2997 1639 3268 1701 dicendo
3302 1657 3316 1701 ε
3352 1640 3589 1703 Caritas

2095 1753 2222 1798 non
2252 1744 2519 1817 augetur
2548 1736 2835 1817 quolibet
2863 1744 3027 1810 actu,
3047 1738 3393 1800 secundum
3426 1740 3588 1820 quod

479 1839 644 1901 dum
683 1846 888 1901 totum
929 1857 1118 1901 suum
1165 1853 1349 1918 posse
1385 1845 1450 1898 et
1487 1836 1640 1898 item
1679 1835 1979 1914 remisse3
2017 1840 2064 1902 B
2095 1836 2496 1897 communior
2526 1843 2699 1896 tenet
2729 1835 2967 1916 opinio,
2991 1836 3100 1897 sed
3131 1837 3417 1917 quolibet
3444 1845 3590 1903 actu

477 1938 802 1999 naturalia
831 1955 982 2000 vero
1011 1956 1089 1998 ex
1119 1935 1492 1998 necessitate
1531 1935 1802 2015 agentia,
1838 1952 1983 2015 ope-

475 2043 710 2097 rantur
736 2053 991 2117 semper
1019 2033 1372 2096 secundum
1405 2052 1592 2094 suum
1623 2040 1979 2094 extremum

478 2152 695 2216 posse.
727 2169 807 2179 -
836 2134 1053 2214 Itaque
1083 2133 1236 2194 dum
1268 2132 1460 2194 homo
1497 2131 1822 2192 caritatem
1855 2147 1981 2192 non

479 2231 754 2306 habenS,
787 2240 1080 2294 movetur
1120 2237 1183 2292 et
1232 2238 1544 2312 praeparat
1590 2247 1657 2290 se
1699 2229 1778 2290 ad
1822 2229 1984 2290 salu-

479 2337 622 2390 tem
651 2330 1002 2392 secundum
1045 2337 1248 2390 totum
1288 2346 1473 2410 posse
1512 2347 1642 2390 suae
1682 2327 1981 2390 bonitatis

481 2427 796 2489 naturalis
853 2447 967 2488 seu
1024 2426 1374 2508 acquisitae‚
1436 2434 1590 2488 tunc
1647 2443 1774 2487 uno
1834 2433 1980 2487 actu

479 2526 736 2589 obtinet
777 2527 1141 2604 caritatem;
1181 2525 1236 2586 si
1284 2532 1496 2586 autem
1543 2523 1869 2586 remissius
1913 2542 1981 2585 se

476 2625 802 2706 disponat,
855 2623 1271 2706 requiruntur
1318 2623 1532 2704 plures
1579 2629 1777 2684 actus.
1822 2622 1979 2684 Con-

476 2723 798 2798 formiter‚
849 2723 1104 2804 quando
1152 2721 1344 2783 homo
1393 2721 1460 2783 in
1511 2720 1769 2783 caritate
1817 2720 1980 2782 exsi-

2094 1933 2373 1995 caritatis
2424 1935 2510 1995 ita
2553 1934 2835 2015 perfecto
2882 1943 3073 2016 atque
3123 1935 3372 1998 intenso
3420 1936 3591 2018 quod

2092 2030 2385 2093 voluntas
2427 2050 2541 2112 per
2580 2033 2907 2095 caritatem
2946 2033 3068 2095 sibi
3111 2033 3589 2096 inexsisten'tem

2091 2131 2315 2211 nequit
2357 2130 2586 2193 elicere
2637 2131 3068 2194 intensiorem.
3104 2134 3173 2194 In
3216 2133 3444 2194 ceteris
3492 2151 3592 2194 ac—

2091 2226 2263 2289 tibus
2322 2246 2482 2310 quos
2546 2246 2672 2291 non
2730 2229 2909 2292 elicit
2970 2231 3324 2294 secundum
3382 2239 3589 2294 totum

2091 2344 2279 2386 suum
2338 2333 2658 2400 conatum,
2718 2343 2846 2389 non
2911 2336 3191 2391 meretur
3248 2347 3377 2392 uno
3441 2338 3587 2391 actu

2091 2424 2369 2486 caritatis
2410 2433 2845 2505 augmentum,
2881 2426 2990 2487 sed
3031 2446 3231 2508 quum
3278 2437 3456 2490 actus
3498 2437 3587 2490 ta—

2094 2522 2183 2584 les
2214 2523 2398 2585 toties
2440 2523 2965 2604 multiplicaverit
2993 2525 3164 2605 quod
3203 2527 3587 2607 aequivalent

2091 2621 2204 2682 uni
2252 2621 2422 2684 actui
2466 2621 2819 2684 secundum
2869 2630 3070 2684 totum
3118 2641 3303 2704 posse
3344 2625 3581 2700 elicitO,

2091 2719 2421 2800 probabile
2468 2728 2566 2781 est
2614 2721 2780 2801 quod
2831 2728 2984 2782 tunc
3033 2722 3198 2783 Deus
3259 2724 3585 2786 caritatem

474 2829 684 2895 stenS,
715 2828 1014 2902 operatur
1041 2819 1283 2882 bonum
1314 2837 1392 2880 ex
1423 2826 1552 2881 tota
1583 2818 1816 2880 virtute
1848 2837 1980 2880 suae
2087 2827 2277 2899 auget
2326 2819 2392 2880 in
2441 2818 2625 2882 nobis
2664 2836 2677 2880 :
2719 2819 2831 2899 qui
2880 2820 3047 2880 sicut
3096 2820 3423 2882 caritatem
3472 2841 3586 2904 per

476 2927 728 2981 naturae
756 2927 820 2981 et
850 2919 1104 2980 virtutis
1135 2917 1384 2992 infusae,
1417 2925 1570 2979 tunc
1603 2934 1730 2978 uno
1760 2915 1979 2996 hujus-

2091 2917 2475 2980 creationem
2521 2917 2823 2992 infundit,
2858 2926 3275 2980 concurrente
3319 2919 3587 3002 disposi-

477 3017 659 3080 modi
707 3025 853 3080 actu
899 3016 1300 3079 sufficienter
1347 3016 1707 3097 disponitur
1753 3016 1832 3077 ad
1881 3033 1982 3077 ca·
2013 3017 2057 3079 C
2093 3016 2263 3077 tione
2295 3024 2507 3078 nostra
2536 3015 2613 3076 ad
2643 3016 2932 3096 gratiam,
2967 3016 3059 3078 sic
3092 3016 3227 3098 ipse
3260 3019 3585 3080 caritatem

475 3116 691 3179 ritatis
739 3124 1174 3197 augmentum,
1215 3124 1278 3177 et
1326 3132 1471 3177 mox
1521 3113 1750 3196 recipit
1797 3113 1977 3188 illud,

477 3216 616 3277 nisi
645 3215 912 3297 ipsemet
952 3213 1202 3276 obicem
1233 3221 1452 3295 ponat.
1489 3214 1552 3275 Si
1593 3221 1806 3275 autem
1835 3230 1984 3294 ope-

477 3320 666 3375 retur
715 3312 1066 3386 remissiuS,
1097 3311 1432 3393 dispositio
1478 3318 1574 3372 est
1624 3318 1884 3384 remota,
1918 3319 1982 3371 et

477 3418 699 3492 potest
729 3429 842 3492 per
881 3409 1096 3491 plures
1135 3418 1312 3471 actus
1353 3408 1552 3471 bonos
1582 3410 1659 3470 ad
1701 3408 1980 3470 caritatis

475 3516 901 3589 augmentum
934 3508 1313 3589 pertingere,
1348 3525 1474 3570 non
1516 3514 1728 3568 tamen
1767 3507 1845 3568 de
1876 3525 1983 3567 ne-

476 3607 800 3681 cessitate,
834 3605 1136 3688 quoniam
1168 3605 1360 3668 homo
1390 3614 1980 3686 quantumcumque

473 3706 854 3787 disposituS,
917 3713 1126 3787 potest
1186 3722 1314 3767 non
1378 3722 1562 3784 agere
1625 3703 1977 3765 secundum

471 3804 968 3885 dispositionem
1010 3801 1381 3882 hujusmodi
1414 3818 1427 3862 :
1460 3802 1629 3882 quod
1670 3818 1796 3864 non
1835 3819 1980 3864 con-

473 3902 674 3983 tingit
723 3903 788 3965 in
829 3901 1356 3983 dispositionibus
1404 3918 1531 3963 non
1579 3900 1974 3973 voluntariiS,

473 4002 730 4064 ratione
757 4001 888 4082 jam
922 4000 1108 4062 dicta.
1139 4000 1284 4063 Haec
1311 3999 1580 4062 Thomas
1611 3999 1676 4080 in
1708 3999 1974 4080 Scripto.

565 4099 760 4161 Porro
813 4099 877 4159 in
929 4098 1208 4160 secunda
1265 4097 1579 4169 secundae,
1631 4097 1978 4178 quaestione

2089 3123 2279 3195 auget
2327 3133 2439 3196 per
2484 3121 2843 3176 nostrarum
2890 3115 3193 3177 exercitia
3237 3115 3580 3180 actionum.

2091 3213 2235 3275 Haec
2278 3211 2643 3274 Richardus.

2183 3310 2361 3372 Circa
2419 3309 2553 3373 haec
2611 3310 2835 3372 scribit
2883 3310 3164 3391 AEgidius
3219 3328 3235 3373 t
3286 3312 3583 3385 Quamvis

2091 3408 2442 3470 secundum
2478 3408 2929 3490 Philosophum
2972 3410 3252 3471 secundo
3282 3411 3585 3475 Posterio-

2092 3523 2233 3566 rum
2278 3513 2341 3565 et
2382 3504 2590 3587 primo
2636 3505 3098 3587 Metaphysicae,
3134 3508 3442 3570 memoria
3483 3527 3585 3589 ge·

2092 3610 2349 3665 neretur
2392 3603 2457 3664 in
2496 3602 2681 3665 nobis
2720 3622 2797 3665 ex
2840 3604 3057 3665 multis
3098 3604 3347 3667 actibus
3388 3608 3586 3669 sensi-

2091 3701 2261 3776 tivis,
2296 3702 2615 3763 interdum
2656 3710 2869 3764 tamen
2911 3703 3110 3783 magis
3148 3712 3487 3783 generatur
3518 3706 3583 3768 in

2091 3800 2276 3862 nobis
2316 3819 2392 3861 ex
2435 3808 2579 3862 actu
2626 3818 2753 3862 uno
2796 3820 3040 3874 sensus,
3075 3820 3266 3883 quam
3306 3821 3384 3864 ex
3426 3804 3585 3865 mul-

2091 3898 2171 3960 tis
2218 3916 2231 3959 :
2274 3898 2440 3960 sicut
2488 3899 2641 3960 dum
2689 3898 2932 3980 aliquid
2978 3917 3300 3980 magnum,
3347 3902 3581 3964 mirum

2090 3996 2545 4078 insolitumque
2575 3997 2865 4058 videmus
2897 4015 3043 4058 cum
3076 3996 3315 4078 ingenti
3344 3998 3582 4062 affectu

2089 4102 2152 4156 et
2190 4095 2623 4157 admiratione.
2661 4094 2763 4156 Sic
2806 4094 3123 4157 interdum
3164 4114 3241 4158 ex
3272 4114 3401 4159 uno
3438 4106 3583 4161 actu

473 4198 792 4260 vicesima
820 4204 1065 4278 quarta,
1099 4195 1436 4277 respondet
1463 4196 1558 4257 sic
1591 4212 1605 4256 :
1641 4195 1979 4277 Spirituale
2009 4199 2058 4259 D
2091 4192 2369 4255 caritatis
2410 4200 2541 4255 toto
2582 4201 2813 4254 conatu
2853 4191 3088 4267 elicit0,
3124 4195 3349 4257 caritas
3383 4195 3448 4257 in
3478 4214 3586 4259 no-

473 4293 768 4356 caritatis
803 4300 1218 4373 augmentum
1262 4292 1728 4373 quodammodo
1771 4291 1979 4353 simile

473 4400 582 4453 est
615 4391 928 4472 corporali
967 4398 1307 4471 augmento
1341 4407 1354 4450 :
1389 4390 1558 4471 quod
1602 4390 1666 4451 in
1695 4389 1981 4452 animali-

475 4490 609 4551 bus
665 4496 728 4550 et
778 4488 1012 4570 plantis
1059 4505 1185 4550 non
1233 4494 1330 4549 est
1378 4496 1588 4550 motus
1639 4488 1978 4549 continuus

471 4588 655 4650 sicut
695 4595 904 4650 motus
945 4586 1192 4664 localis3
1224 4586 1334 4647 sed
1377 4605 1490 4667 per
1523 4585 1779 4667 aliquod
1821 4594 1978 4647 tem—

472 4706 608 4769 pus
637 4693 936 4768 operatur
967 4693 1190 4747 natura
1218 4685 1297 4746 ad
1325 4692 1738 4766 augmentum
1769 4684 1978 4765 dispo-

475 4804 646 4847 nens
687 4794 752 4845 et
793 4783 955 4846 nihil
997 4772 1438 4864 augens'actu,
1471 4790 1534 4843 et
1571 4783 1976 4863 postmodum

473 4883 820 4947 actualiter
863 4900 1118 4963 augens.
1177 4881 1278 4942 Sic
1325 4898 1452 4943 non
1501 4878 1786 4962 quolibet
1833 4889 1980 4942 actu

477 4982 768 5045 caritatis
796 4981 1023 5042 caritas
1057 4980 1193 5060 ipsa
1230 4986 1528 5058 augetur3
1561 4980 1672 5040 sed
1711 4979 1981 5059 quilibet

477 5080 766 5143 caritatis
813 5086 992 5141 actus
1039 5077 1320 5159 disponit
1369 5078 1449 5139 ad
1495 5076 1636 5157 ejus
1684 5094 1981 5157 augmen-

477 5190 648 5252 tum,
701 5179 766 5240 in
824 5185 1134 5259 quantum
1189 5195 1266 5237 ex
1320 5194 1448 5238 uno
1497 5184 1641 5237 actu
1702 5175 1978 5238 caritatis

477 5281 679 5343 homo
728 5278 1012 5340 redditur
1055 5276 1409 5358 promptior
1450 5276 1527 5338 ad
1575 5283 1786 5337 actum
1837 5292 1981 5337 con—

2089 4291 2189 4352 bis
2240 4298 2523 4371 augetur.
2576 4326 2658 4335 —
2701 4291 2956 4372 Triplex
3014 4309 3267 4374 quoque
3325 4295 3586 4376 ponitur

2089 4407 2281 4451 causa
2322 4408 2437 4449 cur
2477 4405 2604 4451 non
2646 4388 2937 4470 quolibet
2976 4398 3122 4451 actu
3163 4390 3389 4453 caritas
3436 4411 3583 4474 aug·

2090 4496 2429 4561 mentatur,
2462 4488 2813 4549 secundum
2846 4488 2968 4550 tria
2995 4508 3137 4569 quae
3164 4490 3581 4573 Philosophus

2087 4585 2393 4647 adscribit
2421 4583 2660 4646 virtuti.
2699 4585 2905 4647 Unum
2934 4594 3052 4660 est,
3084 4587 3254 4668 quod
3289 4597 3385 4650 est
3414 4590 3582 4651 circa

2089 4682 2329 4746 bonum
2360 4681 2653 4756 difficile,
2685 4683 2838 4764 quia
2867 4684 3157 4746 consistit
3187 4685 3252 4746 in
3284 4686 3513 4761 medio,
3545 4682 3583 4749 'a

2089 4799 2217 4864 quo
2267 4781 2453 4843 facile
2501 4789 2598 4841 est
2646 4781 2921 4856 deviare,
2955 4790 3018 4844 et
3059 4782 3328 4845 difficile
3376 4793 3472 4847 est
3514 4786 3584 4847 il-

2090 4879 2199 4941 lud
2228 4898 2481 4960 semper
2508 4880 2837 4960 attingere.
2875 4880 3235 4945 Secundum
3267 4890 3383 4955 est,
3414 4884 3582 4963 quod

2089 4979 2291 5039 virtus
2323 4978 2479 5039 dicit
2508 4980 3015 5059 permanentiam
3046 4979 3408 5059 quamdam,
3431 4980 3583 5061 quia

2089 5085 2185 5139 est
2234 5075 2460 5137 stabile
2515 5075 2779 5151 bonum,
2832 5084 3050 5158 utpote
3107 5076 3380 5139 habitus.
3436 5078 3580 5140 Ter-

2089 5176 2253 5237 tium
2284 5182 2401 5249 est,
2434 5175 2585 5256 quia
2625 5175 2889 5236 inclinat
2916 5176 2993 5236 ad
3028 5174 3269 5236 bonum
3306 5194 3419 5257 per
3450 5195 3579 5239 mo-

2091 5274 2245 5335 dum
2278 5282 2519 5336 naturae
2548 5291 2561 5335 :
2598 5280 2856 5354 propter
2885 5273 3052 5355 quod
3084 5274 3315 5337 certior
3343 5275 3578 5338 dicitur
