4359 6250
103 2736 338 2780 Joanmxu

635 486 725 532 AN
765 487 936 534 HOMO
979 487 1116 534 SINE
1155 485 1574 533 REVELATIONE
1619 484 1788 531 smne
1831 484 2068 530 VALBAT
2111 484 2174 528 IN
2217 483 2339 530 HAG
2382 485 2523 530 vt'rA
2566 483 2637 530 SE·
2680 485 2824 530 Essa·
2868 487 2929 530 ΙΝ
2972 486 3269 532 GARITATE
3426 467 3507 531 29

405 654 714 716 naturalis
742 657 994 720 amoris.
1019 655 1270 731 Quarto,
1304 663 1565 738 propter
1589 654 1904 735 judicium
1939 655 1988 716 A
2020 672 2186 727 ηιιιε,
2244 654 2355 716 sed
2412 653 2720 736 Spiritum
2780 655 2892 737 qui
2950 673 3028 717 ex
3085 655 3213 718 Deo
3268 661 3384 728 est,
3438 661 3508 716 ut

403 752 540 826 Dei,
591 754 706 834 qui
765 755 844 816 ad
903 755 1372 817 humiliandum
1433 771 1546 816 nos
1595 754 1731 815 vult
1790 771 1904 816 nos

403 849 575 913 bona
625 861 842 915 nostra
891 853 1101 916 latere.
1134 890 1215 898 —
1252 854 1460 917 Potest
1509 869 1764 934 quoque
1813 852 1904 913 sic

404 951 780 1032 responderi
807 953 1355 1035 :Unumquodque
1386 951 1788 1032 cognoscitur
1818 969 1909 1012 se-

402 1048 694 1111 cundum
725 1050 893 1130 quod
925 1057 1022 1112 est
1051 1051 1117 1112 in
1145 1059 1314 1124 actu,
1348 1057 1537 1132 prout
1567 1050 1905 1112 undecimo

399 1146 852 1230 Metaphysicae
908 1148 1160 1210 dicitur.
1216 1147 1480 1210 Habitus
1539 1157 1752 1210 autem
1810 1155 1907 1210 est

405 1244 694 1306 medium
753 1245 921 1308 inter
967 1246 1316 1328 potentiam
1365 1254 1427 1307 et
1475 1254 1712 1320 actum,
1767 1263 1907 1327 pro-

404 1351 550 1423 pter
577 1342 748 1423 quod
777 1361 896 1406 nec
927 1342 1183 1406 habitus
1218 1345 1358 1425 ipse
1398 1344 1750 1426 percipitur
1780 1344 1902 1406 nisi

399 1440 762 1502 secundum
825 1442 995 1523 quod
1066 1461 1179 1523 per
1241 1450 1456 1504 actum
1524 1443 1898 1524 completur.

401 1538 565 1599 Hinc
617 1539 972 1602 exercendo
1029 1548 1208 1602 actus
1256 1541 1680 1621 quorumdam
1730 1540 1906 1602 habi-

401 1644 614 1710 tuum,
647 1637 1040 1720 percipimus
1081 1655 1194 1700 nos
1238 1638 1494 1700 habitus
1537 1639 1679 1701 illos
1719 1638 1906 1701 habe-

399 1753 490 1796 re.
513 1735 690 1808 Quod
723 1737 1034 1817 contingit
1064 1755 1143 1798 ex
1172 1737 1292 1799 hoc
1322 1738 1486 1819 quod
1519 1738 1904 1819 percipimus

2017 752 2295 813 sciamus
2326 770 2467 832 quae
2494 771 2531 814 a
2559 752 2685 814 Deo
2716 754 2944 815 donata
2982 761 3129 815 sunt
3160 752 3363 815 nobis.
3398 753 3509 814 De-

2019 851 2212 931 nique
2254 858 2479 932 praeter
2516 851 2695 930 signa
2739 859 3056 932 praetacta‚
3098 859 3247 913 sunt
3288 859 3353 912 et
3388 851 3511 913 alia

2017 949 2218 1029 signa,
2261 950 2551 1031 quaedam
2599 951 2813 1014 minus
2860 959 2924 1012 et
2972 952 3260 1033 quaedam
3310 952 3511 1032 magis

2019 1046 2391 1128 probabilia.
2428 1049 2618 1129 Signa
2656 1056 2870 1111 autem
2912 1049 3185 1112 multum
3216 1049 3510 1131 probabi-

2019 1146 2102 1208 lia
2144 1155 2293 1208 sunt
2328 1163 2342 1207 :
2378 1146 2739 1209 cordialiter
2781 1147 3121 1211 abhorrere
3168 1167 3243 1210 ac
3291 1146 3510 1229 fugere

2017 1262 2206 1307 omne
2255 1252 2588 1325 peccatum
2638 1246 2926 1318 mortale,
2968 1246 3053 1307 ita
3100 1246 3270 1327 quod
3319 1246 3509 1309 homo

2018 1360 2134 1424 pro
2173 1342 2349 1404 nulla
2392 1361 2459 1404 re
2496 1343 2689 1404 vellet
2730 1343 3006 1404 scienter
3042 1362 3305 1425 peccare
3350 1361 3511 1407 mor·

2018 1441 2264 1520 taliter3
2298 1442 2473 1515 item,
2513 1442 2834 1522 propriam
2876 1443 3331 1504 conscientiam
3371 1443 3511 1505 dili-

2014 1547 2238 1619 genter
2266 1539 2603 1612 discutere,
2635 1547 2698 1600 et
2728 1540 3041 1622 quidquid
3073 1541 3137 1601 in
3168 1559 3235 1602 se
3266 1541 3511 1604 venerit

2018 1636 2542 1718 reprehensibile,
2607 1636 2855 1700 fortiter
2920 1639 3307 1718 emendare3
3367 1639 3509 1702 aliis

2016 1753 2271 1818 quoque
2319 1736 2609 1798 discretis
2660 1737 2946 1818 personis
2998 1738 3319 1819 propriam
3366 1756 3513 1801 con-

399 1843 620 1896 actum
650 1836 986 1916 pervenire
1014 1837 1092 1897 ad
1121 1836 1240 1898 hoc
1271 1836 1442 1918 quod
1482 1844 1578 1898 est
1609 1837 1903 1919 proprius
1939 1837 1988 1902 B
2017 1835 2439 1897 versationem
2484 1843 2545 1896 et
2594 1835 3048 1898 conscientiam
3090 1837 3337 1918 aperire
3381 1844 3508 1899 tam

399 1930 676 1995 effectus
735 1933 1105 2014 hujusmodi
1156 1933 1412 1996 habitus
1466 1953 1479 1996 :
1533 1935 1698 1997 sicut
1749 1935 1904 1996 dum

399 2031 551 2112 quis
600 2032 722 2093 scit
763 2049 832 2093 se
881 2051 991 2094 seu
1043 2041 1256 2094 actum
1305 2052 1494 2094 suum
1545 2034 1904 2114 pertingere

399 2129 482 2190 ad
543 2130 876 2210 proprium
937 2129 1241 2192 effectum
1302 2132 1758 2212 temperantias,
1808 2149 1908 2193 co-

401 2227 655 2306 gnoscit
719 2228 1207 2308 temperantiam
1270 2248 1339 2290 se
1398 2229 1650 2291 habere.
1718 2229 1907 2292 Porro

405 2325 743 2406 proprium
793 2325 1074 2387 caritatis
1121 2325 1449 2400 effectum,
1489 2345 1682 2407 quem
1731 2326 1907 2388 addit

403 2441 600 2503 supra
657 2422 1012 2485 naturalem
1072 2425 1500 2498 dilectionem,
1553 2426 1716 2486 scire
1777 2443 1904 2488 non

405 2537 770 2601 possumus
805 2521 920 2582 Hic
969 2540 1244 2603 namque
1291 2521 1562 2584 effectus
1605 2531 1700 2585 est
1739 2543 1908 2604 quae-

402 2618 552 2679 dam
577 2609 948 2682 'ineffabilis
987 2620 1139 2681 unio
1177 2621 1409 2682 mentis
1449 2621 1526 2683 ad
1568 2622 1792 2694 Deum,
1827 2622 1903 2684 de

339 2749 370 2786 ι,
402 2734 532 2797 qua
561 2716 732 2798 apud
771 2717 1078 2780 Ioannem
1121 2718 1350 2799 legitur
1383 2737 1398 2780 ε
1435 2720 1509 2782 Ut
1545 2719 1672 2781 sint
1703 2739 1902 2781 unum

400 2814 572 2876 sicut
614 2823 680 2876 et
721 2832 856 2878 nos.
905 2816 1049 2880 Haec
1090 2817 1326 2879 Petrus.

469 2912 842 2976 Praehabitis
872 2914 1134 2976 omnino
1163 2915 1502 2978 concordat
1529 2914 1896 2978 RicharduS.

2019 1934 2083 1994 in
2143 1933 2541 1996 confessione
2599 1935 3039 1996 sacramentali
3090 1953 3280 2016 quam
3334 1943 3511 1996 extra

2015 2031 2329 2104 eamdem,
2364 2039 2427 2092 et
2465 2031 2647 2112 juxta
2689 2031 2945 2095 illorum
2991 2032 3503 2095 informationem

2015 2129 2447 2192 emendationi
2498 2129 2827 2208 insistere3
2877 2129 3111 2192 habere
3157 2130 3349 2193 etiam
3400 2148 3510 2193 cor

2017 2235 2309 2307 paratum
2351 2227 2431 2288 ad
2472 2227 2688 2289 omnia
2732 2247 2873 2308 quse
2916 2228 3081 2290 Deus
3125 2229 3414 2310 requirit,
3446 2237 3511 2290 et

2015 2342 2229 2387 coram
2262 2325 2389 2387 Deo
2425 2324 2664 2406 jugiter
2703 2325 2768 2386 in
2804 2324 3103 2388 omnibus
3141 2325 3504 2389 formidare.

2017 2424 2207 2503 Signa
2237 2440 2387 2485 vero
2417 2423 2630 2485 minus
2664 2422 3017 2505 probabilia
3046 2433 3215 2498 sunt,
3240 2424 3510 2487 verbum

2015 2522 2126 2583 Dei
2171 2520 2444 2583 libenter
2480 2521 2721 2594 audire,
2756 2521 2975 2584 divino
3011 2521 3234 2585 officio
3273 2523 3510 2586 intuitu

2015 2619 2125 2680 Dei
2167 2617 2596 2686 affectualiter
2634 2620 2957 2682 interesse.
2991 2620 3127 2683 Non
3166 2629 3261 2683 est
3295 2630 3509 2684 autem

2013 2735 2307 2778 securum
2336 2716 2625 2779 sensibili
2656 2717 2977 2780 devotioni
3007 2718 3355 2800 plurimum
3384 2739 3513 2782 cre·

2013 2814 2185 2888 dere,
2209 2815 2359 2896 quia
2388 2813 2755 2896 frequenter
2785 2824 2992 2897 potest
3022 2816 3088 2879 in
3116 2835 3193 2880 ea
3220 2817 3510 2900 deceptio

2013 2913 2433 2974 commisceri.
2482 2913 2640 2974 Vera
2696 2922 2909 2975 autem
2958 2922 3023 2976 et
3071 2921 3208 2976 tuta
3258 2916 3511 2979 devotio

479 3011 768 3092 AEgidius
797 3029 1055 3094 quoque
1082 3012 1304 3074 scribit
1339 3011 1763 3095 hiczAliquid
1795 3031 1902 3095 po-
1937 3013 1983 3078 C
2012 3019 2129 3085 est,
2175 3012 2255 3073 ad
2302 3030 2377 3073 ea
2424 3030 2566 3093 quse
2616 3012 2727 3075 Dei
2776 3020 2925 3074 sunt
2970 3031 3045 3075 ac
3093 3014 3337 3088 salutiS‚
3381 3015 3512 3076 ani-

395 3117 522 3173 test
578 3111 878 3191 cognosci
926 3110 1288 3194 dupliciter,
1331 3111 1575 3174 scilicet
1620 3129 1634 3174 :
1679 3131 1901 3194 specu-

393 3209 592 3272 lative
641 3218 707 3271 et
749 3210 816 3272 in
859 3211 1209 3285 communi,
1242 3218 1462 3293 utpote
1501 3211 1656 3293 quid
1701 3213 1803 3285 sit,
1838 3220 1902 3274 et

391 3326 542 3389 quae
589 3308 676 3369 sit
717 3327 907 3371 causa
952 3309 1152 3390 ipsius
1195 3316 1258 3371 et
1300 3308 1664 3390 subjectum
1709 3317 1900 3391 atque

389 3404 690 3468 effectus.
743 3407 974 3488 Sicque
1033 3407 1258 3469 caritas
1309 3415 1517 3489 potest
1574 3408 1894 3488 cognosci,

391 3520 525 3567 non
576 3505 786 3568 solum
835 3504 918 3566 ab
967 3505 1351 3567 habentibus
1403 3506 1752 3580 caritatem,
1787 3508 1898 3568 sed

391 3602 552 3663 item
583 3602 666 3663 ab
695 3602 840 3665 aliis
874 3620 889 3665 ε
923 3603 1090 3665 sicut
1117 3612 1180 3665 et
1219 3621 1408 3685 sapor
1439 3612 1645 3685 potest
1674 3622 1900 3685 cogno-

389 3701 490 3762 sci
539 3700 662 3763 hoc
711 3701 902 3763 modo
949 3700 1028 3763 ab
1077 3702 1169 3763 eis
1214 3703 1327 3784 qui
1377 3719 1504 3765 non
1553 3710 1702 3764 sunt
1749 3721 1897 3765 eum

391 3798 645 3879 experti
685 3799 754 3861 in
793 3799 913 3862 boc
943 3800 1043 3861 vel
1085 3799 1196 3864 illo
1236 3798 1544 3880 subjecto.
1581 3800 1893 3875 Secunde,

393 3914 500 3957 res
531 3904 741 3978 potest
783 3898 1080 3978 cognosci
1120 3898 1471 3960 secundum
1507 3898 1674 3979 quod
1705 3906 1800 3959 est
1830 3900 1896 3960 in

395 3994 524 4058 isto
556 3995 657 4057 vel
692 3996 802 4057 illo
839 4013 852 4056 ε
883 4004 948 4057 et
977 3997 1070 4058 sic
1101 4012 1228 4058 non
1268 4004 1474 4078 potest
1509 3996 1736 4058 caritas
1769 4015 1899 4058 cer-

391 4093 824 4156 titudinaliter
879 4093 1050 4167 sciri,
1100 4112 1219 4156 nec
1276 4094 1356 4156 ab
1404 4111 1480 4157 eo
1536 4095 1648 4176 qui
1707 4094 1898 4157 habet

2015 3130 2193 3173 mum
2245 3118 2614 3193 promptum
2665 3110 2920 3187 habere,
2954 3119 3019 3175 et
3060 3132 3187 3177 non
3233 3113 3507 3177 multum

2012 3226 2235 3270 curare
2263 3227 2343 3271 an
2385 3209 2505 3272 hoc
2536 3209 2619 3271 sit
2660 3227 2806 3271 cum
2848 3209 3183 3273 devotione
3218 3211 3507 3276 sensibili

2011 3325 2124 3369 seu
2175 3306 2603 3371 consolatione
2662 3308 2934 3389 quadam
2994 3310 3196 3384 suavi,
3247 3312 3399 3392 quia
3445 3319 3508 3373 et

2011 3405 2197 3466 multi
2246 3403 2541 3467 infideles
2590 3423 2663 3467 ac
2707 3405 2940 3488 perfidi
2987 3415 3177 3489 atque
3228 3408 3506 3472 haeretici

2011 3503 2076 3563 in
2107 3502 2443 3566 sacrificiis
2472 3511 2536 3565 et
2572 3504 2966 3567 orationibus
3009 3505 3140 3568 suis
3182 3507 3505 3569 multoties

2007 3601 2463 3677 accenduntur,
2504 3602 2918 3664 lacrimantur
2955 3612 3016 3665 et
3056 3603 3455 3667 delectantur
3487 3623 3502 3667 :

2010 3718 2156 3761 nam
2206 3706 2271 3761 et
2320 3698 2686 3762 inferiorem
2733 3718 2806 3761 ac
2854 3702 3221 3763 sensitivam
3274 3703 3503 3767 animae

2009 3806 2254 3880 partem
2285 3798 2548 3879 spiritus
2588 3797 2791 3859 malus
2823 3799 3014 3861 variis
3056 3800 3259 3862 modis
3296 3810 3503 3883 potest

2006 3895 2297 3970 alterare,
2332 3896 2692 3970 immutare,
2726 3895 3007 3959 afficere.
3042 3932 3124 3942 —-
3152 3898 3243 3960 Ad
3283 3918 3506 3962 secun-

2008 3994 2162 4055 dum
2192 3993 2533 4055 dicendum
2564 3993 2746 4074 juxta
2781 3994 3149 4075 praehabita,
3183 3997 3353 4077 quod
3384 3995 3504 4059 fer-

2007 4099 2228 4155 ventes
2276 4093 2343 4154 in
2383 4092 2641 4155 caritate
2680 4094 3096 4175 experiuntur
3133 4103 3195 4157 et
3236 4105 3505 4159 noscunt

391 4192 576 4253 illam
607 4210 818 4273 neque
847 4192 928 4254 ab
959 4192 1119 4254 aliis,
1153 4226 1234 4237 —
1262 4193 1405 4255 Haec
1435 4193 1737 4273 AEgidius.
1775 4194 1894 4266 Qui
1929 4193 1978 4254 D
2009 4190 2074 4252 in
2109 4210 2176 4253 se
2210 4210 2349 4253 θεεθ
2389 4199 2568 4253 actus
2605 4192 2873 4271 amoris;
2907 4210 3033 4255 non
3071 4200 3285 4257 tamen
3321 4196 3504 4258 certi-

389 4291 474 4352 de
535 4290 636 4352 bis
695 4289 920 4351 scribit
980 4290 1244 4371 prolixe,
1301 4299 1514 4352 tamen
1574 4292 1897 4355 concordi-

387 4398 494 4450 ter
531 4388 699 4450 aliis.

468 4585 567 4647 Ad
599 4584 884 4666 primum
915 4585 1126 4666 itaque
1157 4586 1691 4666 respondendum,
1723 4588 1893 4669 quod

381 4683 816 4764 Philosophus
861 4682 1142 4764 loquitur
1183 4682 1272 4745 ibi
1315 4684 1392 4745 de
1435 4682 1759 4746 habitibus
1805 4686 1894 4747 in-

380 4782 732 4845 tellectivae
764 4780 1370 4863 potentiae‚quorum
1400 4789 1578 4843 actus
1609 4781 1729 4844 sub
1763 4801 1897 4865 pro-

385 4882 534 4964 pria
567 4886 836 4963 possunt
867 4879 1106 4941 ratione
1138 4880 1451 4960 cognosci.
1480 4880 1714 4942 Caritas
1746 4899 1898 4962 quo-

385 4998 520 5063 que
565 4996 696 5041 non
740 4977 995 5059 penitus
1039 4978 1188 5039 latet
1228 4977 1592 5051 habentem,
1627 4979 1777 5060 quia
1826 4988 1896 5041 ut

385 5085 641 5139 tactum
690 5082 808 5148 est,
843 5092 957 5155 per
1005 5074 1205 5136 multa
1252 5075 1432 5155 signa
1482 5073 1898 5156 probabiliter

387 5175 604 5239 scitur
640 5174 868 5235 inesse.
905 5173 1078 5236 Unde
1115 5182 1178 5235 et
1215 5173 1556 5254 Apostolus
1597 5182 1900 5255 protesta-

101 5294 356 5347 νημαι
385 5284 503 5339 tur
550 5290 566 5335 :
613 5272 752 5336 Non
801 5272 1098 5354 spiritum
1143 5271 1334 5352 hujus
1383 5272 1606 5334 mundi
1655 5272 1900 5353 accepi-

2007 4290 2377 4352 tudinaliter
2406 4290 2617 4351 sciunt
2648 4290 2785 4351 sine
2824 4291 3231 4367 revelatione,
3264 4312 3345 4355 an
3375 4294 3503 4357 sint

2004 4396 2184 4450 actus
2215 4387 2450 4450 amoris
2491 4387 2712 4462 infusi,
2743 4406 2825 4449 an
2854 4390 3159 4452 naturalis
3198 4398 3261 4452 et
3288 4392 3502 4474 acqui-

2006 4486 2130 4547 siti.
2165 4522 2247 4531 -
2276 4486 2368 4548 Ad
2410 4486 2670 4548 tertium
2710 4488 3147 4568 respondetur,
3182 4489 3351 4570 quod
3381 4490 3503 4552 Au-

2006 4585 2298 4664 gustinus
2354 4584 2636 4666 loquitur
2679 4585 2861 4666 juxta
2920 4586 3179 4648 modum
3237 4586 3503 4651 Platoni·
3534 4609 3791 4667 ct.p.170.

2008 4699 2250 4755 corum,
2301 4690 2368 4743 ut
2425 4682 2669 4744 dictum
2717 4692 2812 4745 est
2862 4683 3113 4766 plenius
3162 4704 3390 4767 supra3
3439 4696 3503 4749 et

2009 4798 2231 4842 verum
2280 4788 2376 4842 est
2424 4781 2595 4862 quod
2654 4780 2894 4843 habens
2943 4782 3373 4858 dilectionem,
3424 4804 3501 4847 ex

2007 4878 2147 4958 ejus
2179 4880 2515 4960 praesentia
2548 4888 2719 4942 certo
2754 4879 2873 4942 scit
2902 4898 2967 4941 se
2999 4880 3232 4943 habere
3261 4883 3503 4946 dilecti—

2007 4994 2193 5039 onem
2236 4978 2459 5039 saltem
2501 4979 2565 5040 in
2606 4997 2857 5059 genere,
2891 4986 2955 5039 et
2987 4979 3125 5061 ipsa
3164 4982 3389 5042 caritas
3422 5000 3499 5043 ex

2010 5084 2187 5157 parte
2227 5076 2674 5157 cognoscibilis
2714 5076 2903 5139 nota*
2934 5087 3048 5139 est.
3083 5114 3164 5123 —
3192 5078 3281 5141 Ad
3319 5098 3501 5160 quar-

2008 5182 2144 5235 tum
2185 5174 2549 5249 dicendum,
2581 5175 2751 5256 quod
2788 5174 2951 5237 fides
2990 5184 3053 5237 et
3081 5196 3225 5257 spes
3265 5177 3501 5240 habent

2009 5280 2187 5334 actus
2220 5271 2344 5333 sibi
2374 5280 2503 5335 tam
2538 5273 2852 5356 proprios,
2884 5274 3053 5356 quod
3094 5275 3503 5339 certitudina-

3584 5101 3729 5142 'nata
