4359 6250
643 479 788 535 omn
829 482 922 528 srr
963 482 1261 541 ransom,
1293 483 1367 529 m·
1409 484 1544 540 ουκ
1581 484 1766 531 axi-10
1807 485 1945 531 mus
1990 485 2054 531 m
2095 485 2347 543 nmms,
2379 485 2453 530 ar
2493 486 2790 542 omum
2829 485 2947 532 nno
2988 483 3331 531 convicitur
3413 461 3529 526 167

430 667 724 731 persona,
761 651 1134 733 impositum
1171 660 1266 714 est
1304 654 1383 715 ad
1431 653 1922 734 significandum
1958 656 2008 717 A
2038 657 2339 737 quoniam
2368 657 2549 737 Juxta
2579 655 2925 738 praehabita
2953 675 3028 718 ex
3056 655 3267 717 verbis
3293 654 3535 717 sS.Au-

428 751 835 831 suppositum
869 750 1318 813 intellectualis
1349 760 1608 827 naturffl,
1638 754 1807 835 quod
1837 754 1927 815 di-

425 848 736 927 gnitatem
769 850 1106 932 importat;
1141 850 1524 913 intentiones
1554 860 1766 913 autem
1799 872 1926 915 non

429 945 778 1027 important
819 948 1101 1030 aliquam
1146 948 1542 1029 dignitatem,
1577 949 1742 1011 sicut
1786 951 1926 1012 uni-

429 1045 758 1108 versalitas
815 1065 943 1110 non
1007 1048 1306 1128 importat
1368 1048 1672 1129 majorem
1722 1048 1925 1129 digni-

431 1150 623 1205 tatem
677 1145 742 1206 in
791 1146 1050 1208 homine
1096 1165 1288 1227 quam
1339 1147 1403 1208 in
1454 1148 1650 1209 asino.
1697 1148 1928 1210 Dicunt

429 1242 627 1323 igitur
675 1244 804 1316 isti,
848 1246 1018 1326 quod
1069 1246 1234 1307 sicut
1280 1246 1512 1327 aliquis
1561 1246 1752 1310 homo
1800 1266 1926 1308 non

431 1342 756 1423 significat
789 1344 1230 1417 intentionem,
1267 1346 1377 1407 sed
1414 1364 1548 1407 rem
1589 1344 1924 1408 intentioni

431 1440 812 1522 subjectam,
847 1461 989 1525 quae
1027 1452 1124 1505 est
1159 1443 1563 1506 individuum
1593 1462 1820 1525 vagum
1863 1444 1928 1505 in

435 1548 660 1603 natura
689 1541 1004 1618 humana;
1043 1542 1134 1605 sic
1168 1560 1456 1625 persona,
1489 1562 1690 1624 quum
1722 1542 1805 1605 sit
1834 1542 1927 1604 in-

433 1638 772 1701 dividuum
820 1658 1053 1721 vagum
1103 1640 1168 1703 in
1216 1649 1440 1704 natura
1487 1640 1924 1715 intellectuali,

431 1736 758 1817 significat
789 1756 917 1801 non
957 1739 1396 1813 intentionem,
1430 1741 1541 1803 sed
1580 1759 1732 1802 rem.
1767 1740 1926 1813 Quo-

2038 754 2300 834 gustini,
2323 755 2663 828 Ambrosii,
2688 756 2908 827 Boetii‚
2933 755 3244 836 quidquid
3277 753 3531 836 proprie

2041 853 2277 915 dicitur
2312 854 2375 915 in
2411 854 2668 927 divinis,
2703 854 2937 916 dicitur
2966 852 3388 915 essentialiter
3423 858 3533 914 aut

2043 950 2325 1022 relative,
2373 959 2435 1013 et
2478 953 2578 1014 vel
2624 953 2964 1014 essentiam
3007 951 3109 1014 vel
3160 950 3531 1012 relationem

2041 1049 2382 1129 significat.
2435 1051 2719 1131 Denique
2771 1051 2834 1112 in
2883 1049 3258 1112 definitione
3306 1048 3528 1122 Boetii‚

2044 1148 2374 1210 individua
2404 1148 2756 1211 substantia
2779 1148 2909 1229 (vel
2940 1147 3375 1229 subsistentia)
3398 1155 3530 1209 tan-

2046 1253 2178 1306 tum
2222 1247 2389 1308 valet
2433 1246 2597 1308 sicut
2642 1247 2993 1309 substantia
3036 1246 3532 1309 incommunica-

2043 1344 2233 1407 bilis:
2266 1364 2379 1425 per
2408 1346 2576 1426 quod
2611 1352 2863 1407 notatur
2894 1344 3114 1406 relatio
3148 1363 3261 1406 seu
3292 1345 3535 1425 propri-

2043 1450 2174 1504 etas
2206 1441 2591 1516 distinctiva,
2625 1463 2766 1525 quae
2796 1442 3534 1505 incommunicabilitatis

2043 1547 2138 1602 est
2184 1540 2360 1602 ratic.
2396 1541 2626 1622 Sicque
2667 1541 2732 1603 in
2771 1540 3145 1604 definitione
3191 1540 3299 1602 illa
3334 1539 3533 1602 Boetii

2043 1645 2168 1699 tam
2236 1638 2591 1701 substantia
2648 1658 2839 1720 quam
2904 1638 3126 1701 relatio
3183 1637 3537 1700 formaliter

2043 1737 2475 1799 includuntur.
2497 1738 2669 1810 Quod
2702 1738 2753 1799 si
2781 1737 2963 1816 juxta
2991 1735 3353 1798 infidelium
3386 1736 3537 1797 ima-

431 1836 604 1897 circa
633 1836 1034 1917 impossibile
1065 1856 1202 1909 esse
1233 1838 1485 1899 videtur
1512 1840 1681 1919 quod
1716 1856 1927 1919 perso·
1964 1848 2010 1909 Β
2040 1835 2596 1918 ginationem,non
2626 1843 2793 1897 esset
2822 1836 2887 1896 in
2914 1835 3147 1897 divinis
3177 1834 3302 1895 nisi
3334 1853 3533 1896 unum

429 1954 515 1996 na
543 1934 716 1997 dicat
744 1936 952 1998 solum
994 1955 1126 1999 rem
1170 1936 1506 1999 intentioni
1546 1935 1923 2018 subjectam,

429 2052 574 2114 quae
606 2052 708 2095 res
739 2042 836 2095 est
874 2033 1278 2096 individuum
1308 2053 1537 2115 vagum
1573 2051 1587 2095 ε
1623 2035 1925 2115 quoniam

429 2150 532 2193 res
577 2132 918 2196 intentioni
965 2131 1255 2214 subjecta
1293 2152 1434 2213 quae
1472 2140 1568 2193 est
1608 2132 1928 2195 individu-

429 2249 542 2291 um
573 2249 830 2311 vagum,
864 2232 942 2293 de
973 2250 1090 2293 sua
1117 2238 1342 2293 natura
1371 2231 1928 2295 communicabilis

429 2337 530 2390 est
569 2328 887 2410 pluribus,
925 2329 1052 2392 imo
1085 2338 1148 2391 et
1182 2336 1274 2392 tot
1313 2330 1480 2391 sicut
1519 2336 1743 2392 natura
1781 2331 1927 2392 sub-

425 2426 602 2507 jecta
639 2426 977 2490 intentioni
1020 2428 1256 2510 speciei
1295 2448 1308 2491 :
1346 2447 1492 2490 nam
1529 2429 1606 2490 de
1648 2435 1737 2492 tot
1778 2448 1932 2509 prae-

429 2524 684 2587 dicatur
727 2521 961 2607 aliquis
1015 2526 1228 2599 homo,
1284 2534 1351 2587 ut
1400 2526 1608 2589 homo.
1662 2526 1932 2589 Persona

427 2606 585 2685 v'ero
631 2629 728 2684 est
774 2623 930 2705 quid
979 2623 1602 2686 incommunicabile.
1646 2660 1724 2669 —
1769 2624 1930 2686 Hinc

430 2730 613 2802 put0‚
646 2720 814 2802 quod
854 2721 1178 2802 aequivoce
1212 2722 1454 2783 utimur
1495 2722 1755 2786 nomine
1795 2741 1933 2805 per-

427 2836 626 2891 sonae,
669 2818 968 2880 videlicet
1017 2819 1338 2881 interdum
1387 2838 1505 2903 pro
1553 2820 1926 2894 intentione,

427 2917 654 2998 sicque
713 2916 1019 2978 definitur
1075 2937 1112 2979 a
1169 2918 1386 2981 Boetio
1444 2926 1506 2980 et
1566 2918 1926 2989 Richardo:

2040 1933 2376 1995 essentiale
2416 1934 2842 2014 suppositum,
2876 1933 3020 1995 dico
3048 1933 3216 2014 quod
3260 1931 3352 1993 illi
3391 1951 3536 2013 sup-

2041 2032 2249 2112 posito
2298 2050 2425 2093 non
2484 2032 2853 2094 conveniret
2898 2030 3190 2094 definitio
3250 2048 3535 2112 personae

2040 2150 2077 2192 a
2122 2130 2339 2191 Boetio
2387 2131 2614 2192 tradita
2672 2131 3023 2192 secundum
3072 2148 3287 2191 veram
3345 2135 3535 2209 atque

2043 2229 2417 2290 catholicam
2480 2228 2963 2308 intelligentiam
3013 2227 3412 2290 definitionis
3462 2226 3536 2288 il-

2043 2328 2189 2400 lius,
2229 2328 2580 2409 praesertim
2625 2347 2823 2409 quum
2865 2326 3047 2408 juxta
3093 2326 3267 2387 illius
3312 2324 3537 2388 defini-

2042 2428 2236 2489 tionis
2277 2435 2583 2500 tenorem,
2620 2427 2684 2487 in
2724 2426 2959 2487 divinis
3000 2426 3125 2487 sint
3155 2432 3283 2487 tres
3324 2442 3534 2507 perso-

2042 2546 2138 2588 nae
2163 2544 2177 2587 ε
2202 2526 2371 2607 quod
2404 2544 2626 2587 verum
2658 2543 2783 2586 non
2816 2531 3003 2597 esset,
3036 2524 3161 2585 nisi
3193 2523 3260 2584 in
3292 2523 3536 2585 ratione

2043 2641 2329 2704 personae
2390 2623 2821 2685 includeretur
2880 2622 3122 2695 relati0,
3177 2641 3319 2703 quae
3378 2628 3535 2683 teste

2041 2721 2279 2795 Boetio,
2332 2722 2465 2785 sola
2524 2721 2907 2802 multiplicat
2964 2720 3353 2782 Trinitatem.
3408 2719 3535 2782 Nec

2041 2838 2265 2883 verum
2299 2826 2593 2881 censetur
2622 2819 2791 2900 quod
2822 2836 3091 2899 persona
3122 2825 3309 2899 prout
3332 2838 3371 2880 a
3392 2819 3540 2881 Boe-

2042 2918 2131 2981 tio
2165 2916 2494 2991 definitur,
2530 2916 2727 2979 solam
2772 2916 3186 2979 intentionem
3224 2916 3533 2997 designet,

425 3015 814 3097 quandoque
845 3033 998 3077 vero
1030 3033 1145 3096 pro
1179 3034 1248 3077 re
1283 3017 1593 3097 subjecta,
1629 3025 1699 3078 ut
1728 3036 1927 3099 quum
1968 3027 2012 3089 c
2043 3016 2196 3097 quia
2239 3015 2511 3077 intentio
2555 3015 2664 3076 illa
2707 3032 2834 3077 non
2877 3020 2974 3075 est
3018 3014 3346 3075 individua
3389 3014 3535 3076 sub-

425 3112 711 3178 dicimus
745 3131 758 3174 t
793 3112 958 3176 Talis
1000 3120 1096 3176 est
1138 3112 1302 3176 bona
1347 3133 1632 3197 persona.
1668 3116 1933 3198 Insuper

425 3213 601 3285 dico,
643 3214 814 3294 quod
863 3213 916 3274 si
967 3232 1236 3294 persona
1273 3215 1442 3276 dicat
1481 3215 1677 3276 solam
1729 3215 1931 3277 inten-

425 3312 698 3384 tionem,
731 3311 824 3372 sic
857 3330 975 3372 nec
1015 3311 1081 3372 in
1121 3311 1248 3373 Deo
1281 3332 1488 3393 neque
1526 3313 1589 3373 in
1626 3314 1931 3376 creaturis

427 3410 759 3492 significat
801 3409 1224 3472 substantiam
1273 3429 1480 3492 neque
1522 3411 1929 3490 relationem3

427 3510 486 3572 si
539 3527 690 3572 vero
749 3509 1073 3590 significet
1131 3528 1262 3570 rem
1326 3509 1662 3571 intentioni
1722 3510 1932 3590 subje-

429 3617 627 3681 ctam,
688 3608 780 3670 sic
842 3626 1098 3689 quoque
1155 3627 1274 3670 nec
1335 3606 1752 3670 substantiam
1815 3628 1932 3671 nec

429 3706 808 3768 relationem
839 3705 1305 3786 significat,sed
1335 3705 1644 3768 abstrahit
1665 3707 1745 3768 ab
1772 3715 1935 3769 utro-

429 3823 583 3886 que.
621 3804 924 3866 Formalis
954 3822 1230 3886 namque
1262 3804 1624 3866 intellectus
1653 3811 1716 3866 et
1745 3805 1934 3884 signi-

431 3903 702 3966 ficatum
741 3901 1139 3964 definitionis
1185 3921 1468 3984 personae
1507 3902 1815 3964 abstrahit
1853 3903 1932 3964 ab

426 4001 712 4064 essentia
737 4009 802 4063 et
831 4000 1156 4063 relatione.
1191 4001 1444 4063 Boetius
1483 4019 1757 4082 namque
1797 4019 1934 4082 per-

429 4119 658 4164 sonam
708 4101 936 4163 definit
984 4101 1256 4162 dicendo
1309 4121 1322 4164 :
1373 4101 1642 4163 Persona
1699 4109 1794 4162 εει
1843 4119 1934 4162 ra·

2043 3113 2332 3178 sistentia
2378 3112 2701 3177 rationalis
2745 3118 2984 3175 naturae
3018 3130 3031 3174 :
3065 3110 3233 3174 sicut
3272 3131 3389 3174 nec
3430 3112 3537 3175 ho-

2045 3231 2150 3274 mo
2179 3231 2380 3294 quum
2420 3211 2726 3272 definitur
2756 3229 2893 3272 esse
2932 3211 3168 3272 animal
3208 3210 3532 3284 rationale,

2043 3310 2200 3372 dicit
2265 3309 2465 3373 solam
2538 3309 2980 3382 int-cntionem,
3049 3327 3190 3390 quae
3258 3327 3375 3370 nec
3440 3317 3538 3370 est

2042 3407 2303 3482 animal,
2337 3427 2455 3469 nec
2488 3407 2913 3488 praedicabilis
2944 3407 3022 3468 de
3054 3407 3403 3468 individuis
3433 3407 3539 3470 ho-

2044 3506 2258 3567 miniS.
2294 3505 2415 3567 Sed
2456 3513 2798 3566 sumuntur
2838 3504 2903 3565 in
2940 3502 3428 3565 definitionibus
3467 3504 3538 3566 il-

2045 3604 2122 3665 lis
2154 3623 2254 3665 res
2288 3604 2463 3684 ipsae,
2498 3610 2653 3684 puta
2683 3619 2952 3683 persona
2982 3609 3045 3662 et
3075 3608 3320 3675 natura,
3349 3609 3538 3683 prout

2045 3703 2110 3764 in
2151 3703 2309 3783 ipsis
2342 3709 2407 3764 et
2440 3721 2631 3783 super
2674 3702 2843 3783 ipsas
2882 3700 3185 3762 fundatur
3223 3700 3357 3762 sive
3395 3700 3537 3761 fun-

2043 3799 2275 3862 dabilis
2312 3807 2409 3863 est
2452 3799 2729 3861 secunda
2773 3798 3063 3872 intentio,
3097 3817 3239 3878 quae
3277 3805 3538 3860 vocatur

2044 3906 2370 3980 respectus
2427 3917 2540 3979 per
2594 3897 2855 3960 rationis
2913 3896 3288 3958 exercitium
3345 3896 3535 3957 fabri-

2045 4005 2223 4059 catus
2272 4005 2335 4057 et
2385 3996 2765 4058 adinventus
2824 4013 3017 4076 super
3062 4002 3125 4056 et
3174 3994 3343 4056 circa
3401 4013 3536 4056 rem

2047 4096 2270 4178 ipsam.
2307 4095 2481 4156 Unde
2523 4093 2725 4174 logica
2764 4093 2999 4154 dicitur
3036 4111 3174 4154 esse
3213 4093 3291 4154 de
3332 4093 3536 4155 inten-

428 4200 691 4264 tionalis
737 4208 977 4263 naturae
1027 4199 1358 4262 individua
1405 4199 1758 4262 substantia
1803 4199 1932 4280 (vel
1963 4210 2013 4273 1)
2047 4194 2327 4258 tionibus
2359 4192 2677 4266 secundiS,
2712 4192 3032 4272 adjunctis
3063 4192 3311 4274 primiS,
3348 4191 3410 4253 id
3441 4200 3533 4254 est

429 4299 899 4378 subsistentia).
935 4299 1111 4372 Quod
1150 4297 1318 4360 idem
1359 4305 1454 4360 est
1492 4317 1565 4360 ac
1604 4298 1656 4360 si
1699 4298 1934 4360 dicere-

430 4408 564 4470 tur,
627 4397 899 4460 Persona
957 4405 1054 4459 est
1115 4396 1539 4478 suppositum.
1604 4395 1697 4458 lbi
1759 4396 1932 4458 enim

431 4495 702 4580 ponitur
747 4493 1104 4557 substantia
1160 4494 1490 4556 individua
1536 4512 1652 4575 pro
1700 4512 1934 4575 suppo-

427 4595 560 4657 sito
592 4611 706 4654 seu
744 4592 1086 4674 hypostasi.
1123 4591 1244 4654 Sed
1284 4599 1461 4653 extra
1499 4591 1932 4672 significatum

425 4700 498 4755 et
546 4690 949 4754 intellectum
997 4690 1191 4770 hujus
1239 4689 1656 4762 definitioniS‚
1699 4697 1794 4752 est
1843 4709 1935 4752 es·

425 4789 647 4854 sentia
686 4796 878 4871 atque
919 4787 1161 4861 relatio,
1203 4795 1276 4849 ut
1313 4794 1483 4869 patet
1526 4788 1604 4850 de
1647 4806 1734 4849 se.
1777 4788 1934 4850 Nam

426 4889 552 4953 etsi
602 4888 668 4949 in
705 4887 940 4950 divinis
979 4904 1104 4948 non
1149 4893 1316 4948 esset
1363 4886 1487 4948 nisi
1541 4905 1739 4947 unum
1790 4905 1937 4968 sup-

427 4987 724 5071 positum
771 4984 1128 5058 essentiale,
1173 4992 1242 5045 ut
1284 4984 1551 5064 gentiles
1596 4984 1942 5064 imaginan-

429 5096 564 5158 tur,
618 5084 828 5145 adhuc
881 5083 940 5145 ei
991 5083 1153 5144 ratio
1211 5082 1578 5144 conveniret
1634 5100 1936 5163 personae.

433 5185 588 5246 Haec
635 5181 987 5244 Dal-andus,

526 5280 730 5363 Cujus
774 5278 946 5343 dicta
987 5278 1284 5342 videntur
1329 5287 1541 5361 patere
1587 5279 1943 5355 calumniae,

2045 4293 2328 4355 fundat-is
2368 4309 2560 4372 super
2592 4310 2691 4352 res
2735 4291 2904 4373 ipsas
2944 4309 3056 4353 seu
3096 4309 3287 4372 super
3316 4309 3533 4353 earum

2045 4391 2374 4464 essentiaS,
2410 4408 2551 4472 quae
2592 4390 2801 4471 primo
2840 4389 2920 4450 ab
2963 4389 3290 4452 intellectu
3328 4390 3537 4452 conci-

2046 4491 2333 4572 piuntur,
2383 4496 2724 4570 antequam
2785 4507 2977 4569 super
3027 4506 3132 4550 eas
3191 4486 3539 4550 fundentur

2047 4595 2373 4670 respectus
2423 4586 2920 4658 communitatis,
2964 4605 3106 4667 quae
3153 4586 3538 4650 intentiones

2045 4686 2340 4751 secundae
2381 4693 2707 4748 vocantur.

2126 4787 2431 4848 Praeterea
2471 4783 2664 4844 etiam
2708 4783 2932 4845 Scotus
2974 4789 3187 4844 movet
3228 4781 3332 4843 hic
3376 4801 3541 4863 quae-

2049 4885 2321 4948 stionem
2371 4883 2554 4955 hanc,
2608 4889 2825 4943 utrum
2875 4897 3142 4962 persona
3188 4880 3539 4941 secundum

2051 4983 2220 5065 quod
2260 4981 2417 5043 dicit
2446 4980 2688 5061 aliquid
2728 4996 3067 5042 commune
3099 4977 3261 5039 Patri
3291 4985 3354 5038 ει
3383 4977 3541 5039 Filio

2052 5101 2126 5144 ac
2175 5078 2441 5162 Spiritui
2492 5079 2739 5147 Sanct0,
2785 5075 2953 5137 dicat
2996 5074 3256 5155 praecise
3298 5074 3541 5155 aliquid

2057 5179 2351 5242 secundae
2414 5174 2805 5239 intentionis.
2862 5173 2939 5234 Et
2998 5173 3332 5253 respondet
3398 5190 3411 5234 :
3474 5174 3543 5235 ln

2059 5277 2435 5341 definitione
2474 5272 2769 5337 Richardi
2807 5271 3099 5348 dicentiS,
3142 5271 3411 5334 Persona
3450 5280 3547 5335 est
