4359 6250
860 444 980 508 344

1488 464 1551 510 IN
1590 463 1813 509 LIBRUM
1853 464 1873 508 1
1916 461 2398 508 SENTENTIARUM.
2443 478 2525 489 -
2565 461 2718 506 DIST.
2763 459 2975 522 xxxn3
3019 459 3242 516 QUAEST.
3290 459 3334 504 11

861 633 1205 714 propriate,
1241 651 1367 696 non
1399 633 1675 716 proprie,
1712 632 1798 694 ita
1826 631 1998 712 quod
2035 629 2141 692 illa
2171 628 2356 692 colla·
2382 626 2435 688 A
2545 628 2762 691 Petrus
2821 646 3077 711 quoque
3126 629 3192 690 in
3245 626 3565 711 praedictis
3623 625 3960 689 concordat

860 730 951 792 tio
987 732 1435 813 appropriatur
1474 730 1739 812 Spiritui
1778 729 2027 802 Sanct0,
2062 727 2355 811 quamvis

861 829 1220 893 efficienter
1259 850 1295 892 a
1332 838 1461 892 tota
1500 831 1583 892 sit
1624 827 2128 910 superaltissima
2156 825 2357 888 Trini-

2465 727 2721 809 scriptis
2763 728 3018 790 Thomae
3059 735 3250 810 atque
3291 725 3608 790 Richardi.

2545 827 2810 908 Insuper
2841 825 3111 889 Thomas
3142 827 3220 888 de
3250 825 3594 906 Argentina
3624 823 3960 887 concordat

860 935 1005 990 tate.
1060 965 1140 974 —
1188 928 1252 990 Si
1301 936 1515 991 autem
1577 927 1967 1007 intelligatur
2014 927 2093 987 de
2141 942 2356 987 amore
2462 923 2595 1005 jam
2626 925 2835 999 dictis,
2868 925 2993 987 nisi
3034 925 3203 1007 quod
3243 925 3400 986 dicit
3437 923 3624 986 istam
3665 939 3792 984 non
3821 939 3959 983 esse

860 1026 1188 1100 notionali‚
1233 1026 1343 1108 qui
1388 1025 1873 1108 comprehendit
1914 1041 2250 1104 personam
2295 1030 2358 1084 et

860 1125 1326 1188 emanationem
1374 1124 1715 1187 verbaliter
1764 1123 2212 1204 significatam,
2267 1121 2358 1182 sic

861 1224 1039 1285 Pater
1082 1231 1145 1286 et
1187 1223 1383 1284 Filius
1432 1222 1708 1303 diligunt
1757 1239 1871 1284 nos
1920 1221 2161 1302 Spiritu
2213 1219 2361 1282 San-

864 1330 986 1394 cto,
1022 1321 1323 1404 quoniam
1356 1321 1600 1403 spirant
1632 1321 1695 1382 in
1730 1337 1843 1382 nos
1875 1319 2178 1400 Spiritum
2209 1317 2358 1379 San-

864 1427 1039 1482 ctum
1088 1429 1390 1502 tanquam
1439 1419 1504 1480 in
1555 1418 1899 1499 objectum.
1948 1416 2362 1490 Quemadmo-

865 1519 1018 1580 dum
1060 1519 1231 1580 enim
1267 1519 1446 1579 Pater
1488 1536 1688 1578 unum
1720 1516 1998 1578 Verbum
2040 1513 2356 1597 producit,

866 1633 995 1697 quo
1036 1635 1102 1678 εθ
1150 1623 1214 1678 θῖ
1261 1615 1477 1678 omnia
1524 1615 1647 1676 alia
1696 1615 1887 1693 dicit;
1930 1614 2021 1675 sic
2070 1613 2249 1674 Pater
2298 1618 2361 1674 et

866 1714 1061 1776 Filius
1111 1715 1356 1795 spirant
1404 1731 1683 1776 amorem
1736 1732 1957 1785 unum,
2010 1728 2137 1794 quo
2185 1728 2251 1772 se
2297 1718 2360 1772 et

2468 1023 2960 1097 concedendam,
3003 1024 3182 1086 Pater
3226 1031 3290 1085 et
3337 1023 3536 1085 Filius
3581 1021 3858 1102 diligunt
3893 1037 3958 1081 se

2468 1140 2582 1202 per
2629 1121 2939 1202 Spiritum
2998 1121 3298 1184 Sanctum
3352 1139 3366 1184 :
3417 1140 3560 1202 quae
3607 1128 3819 1182 tamen
3869 1135 3961 1179 se·

2469 1220 2752 1281 cundum
2800 1220 3089 1283 doctores
3147 1221 3456 1303 quosdam
3507 1219 3957 1300 praeallegatoS‚

2469 1319 2823 1380 secundum
2866 1319 3206 1400 quemdam
3257 1319 3518 1381 modum
3571 1316 3957 1379 conceditur.

2469 1451 2550 1461 —
2580 1416 2744 1478 Dicit
2774 1436 3028 1498 quoque
3058 1418 3229 1500 quod
3265 1416 3540 1498 Spiritus
3570 1417 3835 1479 Sanctus
3867 1421 3966 1476 est

2471 1533 2650 1577 amor
2688 1534 2800 1577 seu
2833 1516 3060 1578 caritas
3100 1517 3454 1578 secundum
3483 1515 3804 1596 triplicem
3837 1532 3967 1576 mo-

2473 1614 2645 1675 dum.
2666 1614 2899 1688 Prim0,
2918 1613 3360 1688 essentialiter,
3381 1614 3446 1675 in
3477 1621 3786 1695 quantum
3817 1631 3965 1674 cum

2472 1713 2651 1774 Patre
2688 1720 2752 1774 ct
2782 1712 2941 1776 Filio
2979 1732 3146 1775 unus
3183 1720 3281 1775 est
3317 1714 3503 1774 Deus.
3538 1713 3688 1774 Tres
3726 1710 3968 1792 quippe

866 1813 1081 1874 omnia
1119 1813 1243 1874 alia
1284 1811 1577 1892 diligunt.
1614 1811 1735 1873 Sed
1775 1811 2050 1892 Spiritus
2094 1810 2360 1872 Sanctus
2401 1804 2444 1865 B
2476 1829 2760 1892 personae
2792 1811 2858 1872 in
2888 1819 3199 1892 quantum
3235 1817 3384 1872 sunt
3424 1829 3622 1871 unum
3665 1809 3731 1871 in
3759 1827 3970 1870 essen-

867 1929 993 1973 non
1031 1911 1241 1992 diligit
1284 1928 1398 1973 nos
1438 1910 1677 1992 Spiritu
1720 1910 1969 1982 Sancte,
2003 1927 2116 1970 seu
2160 1907 2361 1970 notio-

867 2009 1116 2083 naliter,
1142 2009 1251 2070 sed
1283 2016 1529 2070 tantum
1562 2007 1883 2069 essentiali
1916 2024 2129 2069 amore
2164 2024 2177 2068 τ
2214 2005 2365 2087 quia

867 2106 1129 2188 diligere
1179 2106 1603 2178 notionaliter,
1650 2112 1746 2168 est
1792 2123 2073 2167 amorem
2123 2105 2364 2166 increa-

866 2212 1005 2267 tum
1048 2204 1289 2286 spirare
1332 2205 1398 2265 in
1442 2204 1746 2266 dilectum
1792 2210 1861 2265 ut
1905 2203 1972 2264 in
2015 2202 2359 2283 objectum.

867 2303 1308 2366 Verumtamen
1340 2303 1613 2386 Spiritus
1645 2303 2039 2385 SanctuS,qui
2069 2309 2165 2363 est
2193 2318 2368 2363 amor

871 2402 1243 2484 personalis,
1284 2401 1495 2482 diligit
1543 2418 1659 2463 nos
1710 2420 1776 2462 εθ
1826 2401 1965 2482 ipso
2011 2417 2225 2462 amore
2271 2418 2366 2460 es-

872 2498 1146 2574 sentiali,
1182 2499 1273 2561 sic
1317 2499 1753 2580 intelligendo,
1788 2499 1956 2580 quod
2001 2497 2211 2578 diligit
2253 2515 2368 2560 nos

874 2616 988 2680 per
1037 2617 1217 2660 suam
1276 2598 1641 2672 essentiam,
1693 2617 1834 2678 quae
1894 2596 2148 2659 realiter
2198 2597 2368 2658 idem

809 2719 817 2722 ’·
872 2703 969 2758 θεῖ
1010 2696 1180 2777 quod
1223 2696 1377 2776 ipse.
1412 2696 1556 2758 Haec
1598 2695 1972 2760 Richardus.

955 2794 1018 2856 Si
1051 2801 1266 2855 autem
1297 2794 1441 2874 quis
1474 2794 1687 2867 instet,
1722 2793 1872 2874 quia
1903 2793 2123 2854 eodem
2155 2809 2368 2854 amore

875 2891 1084 2972 diligit
1133 2893 1299 2954 Deus
1349 2909 1604 2954 omnem
1652 2899 2042 2968 creaturam3
2084 2891 2193 2952 sed
2243 2908 2369 2952 non

2473 1909 2583 1983 tia,
2617 1908 2891 1989 diligunt
2933 1927 3000 1971 se
3044 1909 3366 1972 essentiali
3409 1926 3645 1982 amore,
3679 1908 3790 1989 qui
3835 1907 3972 1989 Spi-

2475 2008 2626 2070 ritui
2678 2008 2907 2070 Sancto
2955 2009 3422 2091 appropriatur.
3467 2007 3778 2082 Secund0,
3832 2025 3972 2088 per-

2475 2107 2775 2169 sonaliter
2818 2124 2831 2168 :
2875 2107 3178 2189 quoniam
3223 2107 3359 2189 ipse
3398 2113 3493 2170 est
3535 2125 3737 2168 nexus
3773 2105 3970 2168 Patris

2475 2213 2538 2267 θῖ
2584 2205 2749 2279 Filii,
2801 2205 2913 2287 qui
2973 2205 3250 2286 diligunt
3297 2224 3364 2267 εθ
3412 2221 3628 2266 amore
3682 2202 3764 2265 ab
3813 2203 3970 2285 ipsis

2477 2305 2878 2386 procedente,
2913 2311 3132 2387 utpote
3173 2304 3416 2386 Spiritu
3453 2304 3702 2366 Sancto.
3737 2301 3968 2375 Tertia,

2477 2402 2925 2484 exemplariter
2959 2421 2972 2463 :
3007 2395 3312 2485 quoniam
3349 2403 3484 2484 ipse
3516 2401 3792 2483 Spiritus
3823 2401 3972 2463 San-

2478 2509 2618 2562 ctus
2658 2519 2784 2563 non
2817 2501 3022 2563 solum
3061 2508 3159 2563 est
3189 2520 3378 2563 causa
3406 2499 3701 2562 efficiens
3739 2499 3972 2585 amoris

2477 2599 2735 2679 gratuiti
2779 2600 2888 2682 qui
2933 2600 3225 2663 consistit
3267 2600 3334 2660 in
3377 2598 3584 2672 nobiS,
3627 2598 3739 2660 sed
3781 2597 3974 2660 etiam

2478 2697 2803 2779 exemplar
2841 2717 2915 2760 ac
2945 2698 3098 2760 finis
3137 2697 3312 2760 illius
3349 2697 3605 2760 amoris.
3637 2697 3795 2760 Nam
3837 2696 3973 2778 Spi-

2481 2795 2642 2856 ritus
2683 2795 2950 2858 Sanctus
2988 2803 3086 2858 est
3118 2813 3297 2858 amor
3327 2795 3603 2877 spiratus
3643 2802 3706 2856 et
3740 2795 3976 2856 increa-

2483 2901 2606 2968 tuS,
2639 2914 2676 2956 a
2708 2913 2834 2976 quo
2867 2893 3266 2976 exemplatur
3305 2912 3416 2956 seu
3448 2893 3874 2975 exemplative
3911 2893 3974 2954 in

876 2989 1085 3070 diligit
1110 2997 1463 3052 creaturam
1496 2989 1922 3051 irrationalem
1955 2989 2195 3070 Spiritu
2229 2990 2372 3052 San·
2409 2990 2453 3054 C
2483 2991 2668 3054 nobis
2701 2993 3075 3074 producitur
3103 2993 3508 3075 caritaS,quae
3539 2991 3822 3053 finaliter
3846 2998 3978 3053 ten·

878 3094 1001 3163 cto,
1035 3088 1185 3170 quia
1228 3105 1355 3151 non
1400 3088 1599 3170 spirat
1641 3107 1791 3150 eum
1836 3088 1901 3149 in
1946 3087 2119 3151 illam
2164 3107 2178 3153 :
2222 3105 2371 3170 ergo

878 3205 997 3249 nec
1037 3187 1245 3248 aliam.
1280 3223 1360 3232 —
1387 3188 1648 3261 RursuS,
1682 3186 1941 3251 dilectio
1980 3188 2091 3250 Dei
2132 3188 2199 3250 in
2240 3207 2371 3250 cre-

877 3292 1089 3346 aturas
1131 3285 1489 3347 communis
1528 3292 1625 3347 θεῖ
1656 3285 1863 3347 tribus
1895 3286 2220 3367 personis;
2263 3287 2370 3348 sed

878 3382 1143 3464 diligere
1208 3392 1558 3446 creaturam
1626 3384 1864 3465 Spiritu
1931 3385 2180 3459 Sancto,
2247 3402 2373 3447 non

880 3481 1178 3543 convenit
1220 3481 1485 3563 Spiritui
1532 3481 1761 3545 Sancto
1808 3500 1822 3543 ε
1868 3499 2018 3563 ergo
2064 3502 2184 3545 nec
2232 3483 2375 3545 aliis

882 3579 1117 3641 divinis
1162 3580 1467 3661 personis.

961 3678 1313 3740 Dicendum
1355 3679 1433 3741 ad
1480 3678 1782 3760 primum,
1826 3680 1996 3761 quod
2040 3680 2242 3760 major
2282 3686 2378 3742 est

883 3775 1057 3838 falsa.
1094 3778 1260 3839 Deus
1290 3778 1462 3838 enim
1502 3777 1711 3859 diligit
1740 3778 2062 3839 essentiali
2094 3778 2378 3841 dilectio-

880 3893 961 3936 ne
1002 3894 1257 3938 omnem
1304 3883 1655 3937 creaturam
1701 3876 1941 3957 Spiritu
1985 3876 2234 3951 Sancte,
2269 3895 2376 3940 no-

882 3975 1202 4038 tionaliter
1249 3992 1399 4036 vero
1448 3973 1850 4037 solummodo
1895 3975 2119 4055 justos.
2166 3975 2379 4039 Nihilo

884 4074 1099 4136 minus
1137 4073 1360 4135 eodem
1403 4091 1616 4135 amore
1660 4072 1867 4153 diligit
1911 4066 2165 4136 omnem
2211 4093 2378 4137 crea-

2483 3090 2578 3153 dit
2608 3090 2673 3152 in
2707 3091 2864 3153 illud
2896 3091 3249 3154 increatum
3286 3090 3630 3174 exemplar.
3665 3089 3810 3152 Haec
3844 3089 3971 3151 illc.

2564 3188 2654 3251 Ex
2694 3188 2928 3251 habit-is
2969 3208 3222 3272 quoque
3262 3196 3436 3271 patet
3473 3189 3552 3250 ad
3591 3187 3844 3268 objecta
3881 3204 3978 3250 so-

2483 3288 2659 3351 lutio.

2921 3595 3400 3670 QUAESTIO
3479 3596 3558 3659 II

2629 3878 2762 3941 Uno
2806 3877 3240 3959 quaerendum,
3273 3880 3405 3943 An
3441 3878 3679 3944 Pater
3715 3880 3826 3945 sit
3861 3894 3985 3947 sa-

2656 3979 2884 4058 piens
2923 3977 3324 4057 sapientia
3363 3977 3660 4055 genita.

2568 4075 2830 4138 Videtur
2858 4075 3028 4157 quod
3059 4075 3169 4137 sic.
3198 4075 3428 4149 Prim0,
3461 4075 3763 4157 quoniam
3790 4096 3988 4139 unus-

882 4180 1113 4245 turam,
1142 4171 1295 4253 quia
1336 4171 1587 4233 realiter
1626 4171 1797 4233 idem
1836 4178 1931 4233 est
1960 4190 2136 4234 amor
2166 4191 2378 4235 essen·
2409 4171 2460 4234 D
2489 4174 2761 4257 quisque
2810 4172 3256 4237 denominatur
3303 4174 3556 4255 sapiens
3596 4193 3633 4236 a
3673 4174 3990 4256 sapientia

883 4269 1053 4331 tialis
1084 4278 1147 4330 et
1179 4269 1539 4332 notionalis.
1564 4305 1645 4315 —
1673 4270 1769 4331 Ad
1800 4271 2175 4347 secundum,
2210 4272 2380 4353 quod

883 4366 1141 4430 dilectio
1190 4367 1299 4429 illa
1347 4368 1705 4430 communis
1754 4375 1849 4429 est
1896 4368 2101 4430 tribus
2161 4388 2380 4451 super-

883 4465 1175 4547 gloriosis
1216 4466 1504 4547 personis
1544 4473 1835 4548 respectu
1870 4467 2190 4529 connotati
2228 4467 2382 4531 effe-

885 4573 1047 4639 ctus,
1090 4566 1384 4646 quamvis
1426 4566 1873 4647 approprietur
1921 4566 2186 4647 Spiritui
2231 4568 2379 4631 San-

886 4672 987 4727 cto
1018 4665 1185 4727 sicut
1213 4672 1276 4727 et
1307 4664 1752 4728 bonitas.Hinc
1783 4666 2075 4747 quamvis
2107 4666 2381 4748 Spiritus

887 4763 1153 4826 Sanctus
1185 4781 1313 4827 non
1344 4762 1567 4844 diligat
1597 4782 1663 4825 se
1694 4764 2013 4846 aliamque
2044 4782 2381 4846 personam

886 4863 1170 4925 divinam
1201 4861 1607 4925 notionaliter
1637 4882 1704 4925 se
1736 4862 1895 4944 ipsc,
1930 4863 2139 4943 diligit
2167 4871 2381 4925 tamen

886 4968 1239 5023 creaturam
1290 4960 1713 5023 essentialiter
1754 4968 1816 5023 et
1856 4961 2273 5042 personaliter
2315 4980 2382 5025 se

886 5060 1047 5142 ipSO,
1081 5060 1323 5122 ratione
1367 5057 1638 5121 effectus
1688 5059 2009 5122 connotati
2056 5059 2381 5140 egredien-

883 5158 967 5219 tis
996 5158 1077 5220 ab
1110 5159 1267 5240 ipso.
1302 5194 1383 5204 -
1413 5158 1556 5223 Haec
1585 5159 1805 5221 Petrus
1836 5167 1899 5221 et
1928 5158 2276 5223 Richardus
2312 5158 2380 5221 in

886 5258 1215 5319 sententia.

2491 4293 2621 4335 sua.
2677 4272 2798 4335 Sed
2849 4271 3046 4334 Filius
3094 4272 3206 4333 Dei
3255 4278 3353 4334 est
3400 4272 3712 4353 sapientia
3757 4273 3982 4348 PatriS,

2487 4371 2670 4451 juxta
2720 4370 2878 4431 illud
2927 4370 3209 4451 Apostoli
3265 4387 3279 4431 ε
3331 4369 3750 4433 Praedicamus
3804 4370 3984 4433 Chri-

2491 4478 2662 4533 stum
2688 4469 2799 4531 Dei
2831 4468 3132 4530 virtutem
3164 4476 3228 4530 et
3252 4468 3364 4531 Dei
3394 4468 3792 4549 sapientiam.
3813 4468 3990 4531 Chri-

2492 4575 2626 4629 stus
2675 4584 2826 4629 vero
2875 4573 2971 4629 cst
3018 4565 3328 4647 sapientia
3369 4566 3602 4646 genita.
3632 4601 3715 4612 —
3752 4566 3989 4629 Secun-

2491 4666 2593 4739 do,
2657 4663 2994 4746 Gregorius
3053 4663 3279 4745 probat
3336 4664 3567 4726 Filium
3622 4664 3787 4726 Patri
3846 4682 3988 4727 esse

2491 4763 2939 4845 aequalem‚·ex
2984 4762 3104 4825 hoc
3154 4762 3321 4844 quod
3363 4762 3558 4824 Filius
3606 4770 3705 4824 θεῖ
3739 4761 3992 4844 sapien-

2493 4862 2580 4924 tia
2618 4860 2837 4933 PatriS,
2871 4861 3324 4942 derogaretque
3364 4860 3549 4935 Patri,
3583 4860 3637 4923 si
3675 4861 3994 4943 sapientia

2491 4961 2632 5041 ejus
2684 4959 2893 5021 minor
2952 4959 3092 5041 ipso
3151 4958 3544 5021 consisteret.
3596 4959 3726 5022 Hoc
3771 4966 3992 5022 autem

2490 5048 3336 5139 argumentum’efficaciam
3376 5074 3506 5119 non
3545 5056 3826 5131 haberet,
3863 5058 3992 5121 nisi

2491 5158 2670 5219 Pater
2717 5155 3235 5218 denominaretur
3293 5154 3546 5236 sapiens
3592 5174 3631 5218 a
3677 5156 3996 5237 sapientia

2492 5274 2634 5338 quae
2682 5262 2777 5317 est
2829 5253 3198 5335 unigenitus
3245 5253 3444 5316 Filius
3493 5254 3656 5335 ejuS‚
3701 5274 3844 5336 quae
3894 5263 3992 5317 est

4039 4384 4248 4431 {Cor-1223.
4276 4396 4277 4401 ¹

4015 4452 4066 4492 24
