4359 6250
709 537 796 583 AN
838 539 1064 585 unum
1106 541 1181 585 m·
1221 541 1529 587 DEMEMTA
1573 542 1708 588 sim·
1749 542 2344 589 PRAEDESTINATIONIS
2386 543 2460 588 ET
2501 543 2977 591 REPROBATIOMS
3018 544 3215 591 CAUSA

3394 523 3514 589 533

411 710 561 772 dum
593 729 854 774 causam
884 712 1230 795 quaerimus
1262 721 1371 775 aut
1401 715 1907 794 rationem,quae-
1935 712 1987 775 A
2013 713 2130 793 gis,
2186 715 2426 776 Idcirco
2475 715 2840 788 dicendum,
2892 716 3063 798 quod
3116 715 3515 798 propositum

408 809 610 870 rimus
641 809 818 872 illam
852 819 922 872 ut
951 811 1290 873 distantem
1323 831 1434 874 seu
1466 811 1901 874 differentem:

407 907 711 988 quoniam
756 909 808 970 si
850 909 1112 971 omnino
1155 910 1324 971 idem
1367 918 1579 972 essent
1617 929 1806 972 causa
1844 919 1906 972 et

407 1006 467 1066 id
518 1006 705 1087 cujus
756 1015 852 1068 est
901 1008 1082 1081 ratio,
1122 1009 1261 1071 viso
1310 1028 1438 1071 uno
1479 1009 1802 1071 videretur
1843 1017 1907 1071 et

403 1104 598 1178 aliud,
633 1123 752 1166 nec
792 1114 1198 1187 quaereretur.
1236 1108 1355 1170 Sed
1401 1125 1525 1170 non
1571 1115 1667 1168 est
1705 1116 1904 1170 status

403 1202 528 1264 nisi
573 1203 640 1264 in
685 1222 936 1266 summe
980 1205 1281 1286 simplici,
1316 1206 1383 1268 in
1423 1223 1550 1287 quo
1592 1207 1769 1268 nulla
1810 1215 1906 1269 est

402 1301 720 1363 distantia.
754 1339 834 1347 —
863 1303 1176 1385 AmpliuS,
1210 1304 1262 1366 si
1296 1305 1460 1366 Deus
1499 1305 1906 1386 praedestinat

403 1399 599 1462 istum
641 1409 900 1482 propter
939 1402 1406 1483 praevisionem,
1438 1410 1548 1464 aut
1577 1421 1727 1483 ergo
1767 1421 1906 1486 pro-

403 1505 544 1580 pter
591 1499 1036 1580 praevisionem
1096 1518 1355 1562 suorum
1411 1501 1745 1574 malorum,
1795 1511 1906 1565 aut

403 1596 936 1670 indifferentium,
987 1606 1097 1660 aut
1146 1599 1479 1661 bonorum.
1535 1601 1610 1661 Et
1660 1607 1905 1661 constat

401 1695 570 1775 quod
604 1713 734 1756 non
767 1704 1026 1777 propter
1056 1696 1502 1777 praevisionem
1533 1696 1902 1759 indifferen-

399 1791 561 1853 tium
602 1799 713 1854 aut
747 1794 1078 1856 malorum.
1115 1795 1234 1856 Sed
1276 1795 1440 1856 bona
1481 1795 1656 1857 nulla
1691 1795 1903 1857 sutura

2018 811 2174 873 illud
2225 819 2555 885 aetcrnum,
2590 813 2755 873 sicut
2803 813 3086 894 loquitur
3121 812 3515 894 Augustinus

2015 918 2078 972 et
2125 910 2393 972 habetur
2444 911 2507 972 in
2555 911 2781 984 littera,
2824 919 2886 973 et
2931 911 3223 974 voluntas
3271 911 3381 972 illa
3424 929 3515 973 ra-

2014 1007 2503 1070 tionabilissima
2548 1016 2643 1070 est
2695 1008 3131 1089 rationemque
3189 1008 3400 1081 habet,
3452 1015 3517 1069 et

2014 1107 2180 1167 sicut
2238 1106 2318 1168 ab
2372 1115 2608 1170 aeterno
2664 1107 2810 1180 suit,
2861 1106 2941 1168 ab
2998 1116 3235 1170 aeterno
3291 1106 3516 1167 habuit

2015 1204 2348 1276 rationem,
2398 1221 2525 1266 non
2582 1205 2771 1266 aliam
2833 1212 3091 1286 propter
3146 1203 3511 1278 essentiam,

2015 1304 2123 1365 sed
2173 1312 2433 1386 propter
2480 1312 2908 1366 connotatum.
2962 1304 3120 1377 Quid
3168 1312 3383 1366 autem
3434 1305 3517 1367 sit

2015 1400 2172 1462 illud
2226 1402 2291 1463 in
2336 1402 2646 1464 electione
2696 1401 3265 1483 reprobationeque
3312 1402 3515 1464 homi-

2014 1520 2192 1573 num,
2227 1519 2343 1562 nec
2382 1501 2645 1562 omnino
2684 1509 2779 1563 est
2818 1509 3064 1575 notum,
3098 1519 3215 1564 nec
3253 1501 3517 1564 omnino

2015 1597 2321 1678 ignotum.

2093 1695 2253 1757 Hinc
2296 1696 2777 1770 advertendum,
2811 1697 2981 1779 quod
3026 1698 3314 1779 quaedam
3366 1705 3514 1759 sunt

2012 1811 2205 1876 opera
2242 1813 2387 1876 quae
2414 1814 2451 1856 a
2481 1795 2698 1856 divina
2736 1803 2970 1857 exeunt
2998 1795 3323 1857 voluntate
3363 1814 3511 1857 cum

401 1899 548 1952 sunt
586 1891 655 1952 in
701 1891 824 1955 isto
869 1891 990 1953 nisi
1036 1911 1178 1973 quae
1219 1893 1383 1955 Deus
1427 1913 1541 1955 sua
1579 1894 1900 1955 voluntate
1937 1894 1984 1957 B
2011 1893 2137 1954 alio
2186 1892 2264 1954 ad
2315 1893 2436 1954 hoc
2485 1893 2777 1956 ordinato
2822 1894 3045 1957 ordine
3092 1893 3510 1967 necessitatiS,

403 1987 466 2050 in
523 1988 638 2052 illo
697 1989 982 2052 facturus
1041 1997 1137 2051 est
1189 2007 1203 2052 :
1255 2008 1404 2071 ergo
1463 1991 1758 2073 praevisio
1807 1999 1902 2053 est

403 2095 664 2172 propt-er
725 2088 1140 2162 voluntatem,
1201 2106 1328 2151 non
1396 2108 1759 2152 econverso.
1824 2124 1904 2134 —

400 2185 578 2258 ltem,
613 2185 668 2247 si
713 2185 858 2266 quis
902 2193 1234 2269 quaereret,
1267 2206 1468 2268 quum
1512 2189 1676 2249 Deus
1723 2195 1903 2270 potu-

401 2283 518 2345 erit
548 2284 902 2366 producere
934 2303 1134 2346 unum
1165 2285 1364 2346 alium
1399 2285 1732 2359 mundum,
1757 2305 1904 2367 qua-

401 2401 466 2444 re
525 2381 728 2462 magis
795 2382 1093 2464 produxit
1150 2382 1344 2444 istum
1408 2402 1598 2464 quam
1663 2382 1898 2462 illum;

400 2481 574 2542 nulla
611 2487 780 2542 esset
820 2481 1085 2562 quaestio
1119 2498 1134 2542 ε
1168 2481 1320 2563 quia
1362 2482 1481 2543 hoc
1529 2482 1735 2543 solum
1779 2481 1901 2544 fuit

399 2579 701 2660 quoniam
732 2579 954 2641 voluit.
990 2580 1126 2641 Pari
1163 2579 1402 2642 ratione
1433 2580 1684 2642 videtur
1726 2581 1901 2642 nulla

399 2678 554 2740 ratio
585 2695 726 2739 esse
761 2696 957 2759 quare
1000 2696 1200 2740 unum
1241 2678 1668 2760 praedestinat‚
1701 2678 1896 2740 alium

396 2775 715 2858 reprobat,
757 2776 881 2838 nisi
926 2777 1076 2857 quia
1119 2776 1212 2838 sic
1256 2777 1411 2838 vult.

473 2874 850 2946 Dicendum,
893 2876 1063 2956 quod
1110 2875 1263 2936 dum
1312 2876 1637 2956 quaeritur,
1681 2885 1896 2938 utrum

395 2981 702 3036 aeternum
736 2972 847 3034 Dei
890 2973 1310 3054 propositum,
1345 2973 1478 3035 sive
1519 2974 1746 3037 electio
1784 2995 1896 3038 seu

2011 1991 2146 2054 sive
2192 1991 2635 2053 necessitatem
2686 2010 3015 2053 sumamus
3061 1991 3125 2052 in
3172 1991 3510 2065 causando,

2010 2090 2144 2153 sive
2178 2089 2243 2150 in
2286 2090 2587 2176 merendo
2618 2090 2718 2151 vel
2761 2089 3157 2170 disponendo
3190 2107 3205 2150 ε
3241 2096 3311 2150 ut
3341 2089 3516 2172 plue-

2011 2207 2078 2250 re
2109 2194 2172 2250 et
2203 2206 2631 2260 remunerare,
2652 2187 2788 2250 sive
2820 2188 3121 2249 damnare
3150 2195 3213 2248 et
3245 2187 3508 2249 salvare.

2011 2286 2087 2347 Et
2125 2293 2419 2366 respectu
2462 2285 2685 2347 talium
2732 2286 2949 2347 divina
2987 2284 3279 2348 voluntas
3322 2285 3514 2348 habet

2010 2383 2319 2445 rationem
2366 2383 2431 2445 in
2479 2384 2758 2464 generali
2802 2393 2864 2446 et
2910 2383 3192 2466 speciali.
3238 2384 3412 2447 Unde
3456 2385 3511 2446 si

2010 2490 2349 2562 quaeratur,
2374 2501 2569 2563 quare
2598 2483 2763 2544 Deus
2794 2483 2932 2544 vult
2962 2482 3219 2563 pluere3
3251 2499 3509 2564 respon-

2008 2580 2215 2654 detur,
2250 2587 2509 2662 propter
2549 2587 2829 2643 nostram
2874 2579 3236 2641 utilitatem.
3276 2579 3511 2642 Simili-

2011 2685 2104 2739 ter
2134 2679 2188 2739 si
2220 2686 2767 2760 quaeratur,quare
2797 2678 2936 2740 vult
2964 2678 3274 2760 quosdam
3304 2696 3511 2740 remu-

2009 2795 2252 2851 nerare,
2286 2778 2705 2858 respondetur
2734 2777 2905 2858 quod
2944 2784 3203 2858 propter
3239 2775 3509 2856 gloriam

2008 2892 2209 2935 suam.
2246 2873 2553 2936 Similiter
2590 2874 2782 2936 habet
2814 2873 3123 2936 rationem
3164 2873 3231 2935 in
3270 2872 3508 2955 specia-

2010 2971 2050 3032 li
2087 2990 2101 3033 :
2137 2981 2208 3034 ut
2237 2973 2291 3034 si
2323 2980 2660 3054 quaeratur,
2694 2991 2890 3055 quare
2921 2973 3058 3034 vult
3089 2973 3255 3035 Deus
3285 2971 3507 3054 pluere

395 3070 777 3153 reprobatio,
830 3071 1140 3133 rationem
1191 3072 1255 3133 in
1306 3071 1434 3133 Deo
1482 3071 1731 3147 habeat,
1777 3073 1896 3136 hoc
1930 3073 1973 3138 C
2009 3071 2073 3134 in
2103 3072 2336 3147 hieme,
2356 3091 2484 3136 non
2515 3073 2579 3135 in
2611 3081 2857 3151 aestate3
2890 3073 3329 3157 respondetur,
3358 3072 3510 3156 quia

396 3188 518 3231 non
579 3168 960 3249 intelligitur
1008 3177 1317 3250 quantum
1375 3169 1455 3230 ad
1503 3170 1895 3232 voluntatem

394 3267 701 3340 divinam,
725 3267 827 3329 vel
857 3266 997 3347 ejus
1027 3274 1264 3339 actum,
1298 3267 1407 3349 qui
1440 3268 1604 3330 Deus
1635 3276 1752 3343 est,
1785 3271 1894 3331 sed

395 3373 704 3448 quantum
755 3366 832 3427 ad
883 3364 1350 3427 ordinationem
1397 3366 1574 3427 voliti
1627 3366 1704 3427 ad
1755 3366 1894 3447 ejus

392 3464 804 3527 voluntatem.
841 3463 916 3524 Et
955 3462 1006 3524 si
1049 3471 1439 3545 quaereretur
1481 3463 1642 3525 ratio
1685 3484 1898 3527 causa-

395 3563 470 3625 lis
506 3570 619 3624 aut
658 3560 1003 3635 meritoria,
1037 3562 1528 3643 responderetur
1558 3563 1726 3643 quod
1768 3581 1894 3625 non

393 3661 620 3723 habeat
678 3660 1008 3722 rationem.
1050 3695 1132 3705 —-
1180 3660 1243 3722 Si
1305 3668 1518 3722 autem
1577 3670 1895 3742 quaeratur

393 3760 551 3822 ratio
582 3759 998 3839 congruitatis
1028 3766 1138 3821 aut
1166 3759 1617 3835 condecentiae‚
1645 3772 1898 3841 respon-

389 3859 540 3921 dent
579 3858 866 3940 quidam,
910 3858 1079 3939 quod
1129 3857 1264 3939 ipsa
1309 3858 1419 3919 Dei
1464 3859 1756 3920 voluntas
1799 3868 1894 3920 est

390 3958 512 4019 sibi
555 3956 682 4039 ipsi
712 3975 902 4017 causa
933 3974 1046 4017 seu
1087 3956 1267 4029 ratio,
1302 3975 1420 4019 nec
1451 3965 1544 4018 est
1575 3956 1698 4017 alia
1732 3957 1892 4019 ratio

391 4074 586 4137 quare
629 4054 825 4116 istum
867 4053 1078 4134 elegit,
1114 4053 1236 4115 nisi
1277 4054 1428 4135 quia
1470 4054 1592 4116 sibi
1633 4056 1838 4137 placet
1873 4073 1887 4116 :

388 4161 452 4215 et
480 4154 601 4215 hoc
636 4159 736 4214 est
763 4152 1097 4214 sufficiens
1132 4152 1293 4214 ratio
1327 4172 1441 4234 per
1470 4153 1706 4227 omnia,
1739 4153 1890 4233 quia

2006 3190 2272 3253 vapores
2311 3172 2533 3254 aquosi
2573 3173 2774 3253 magis
2814 3173 3139 3235 abundant
3170 3173 3235 3234 in
3271 3172 3501 3235 hieme.

2006 3269 2313 3332 Similiter
2371 3271 2425 3331 si
2474 3279 2815 3352 quan-atur,
2868 3290 3063 3353 quare
3122 3270 3322 3351 magis
3370 3270 3508 3333 vult

2004 3369 2247 3430 salvare
2303 3370 2556 3430 Petrum
2615 3389 2807 3451 quam
2854 3370 3117 3447 Judam3
3168 3369 3506 3451 responde-

2004 3475 2128 3541 tur,
2180 3468 2483 3549 quoniam
2534 3468 2750 3529 Petrus
2803 3468 3027 3545 habujt
3074 3486 3266 3549 opera
3315 3466 3501 3541 bona,

2001 3566 2190 3627 Judas
2224 3565 2458 3647 iniqua.
2494 3600 2575 3611 -
2603 3565 2897 3637 Quaedam
2932 3573 3148 3627 autem
3181 3567 3329 3626 sunt
3359 3581 3505 3645 ope-

2002 3684 2070 3725 ra
2113 3670 2255 3745 quae
2300 3671 2446 3727 sunt
2484 3683 2520 3725 a
2556 3663 2879 3725 voluntate
2923 3664 3139 3725 divina
3180 3682 3329 3725 cum
3376 3663 3502 3725 alio

2001 3764 2078 3825 ad
2110 3763 2232 3825 hoc
2259 3762 2547 3824 ordinato
2580 3760 2801 3823 ordine
2841 3761 3253 3842 congruitatis
3288 3780 3301 3823 :
3335 3762 3503 3823 sicut

2001 3868 2096 3923 est
2126 3867 2339 3922 nostra
2373 3857 2753 3939 gratificatio
2790 3878 2901 3921 seu
2928 3858 3325 3939 justificatio,
3359 3878 3500 3939 quae

2000 3967 2095 4020 est
2142 3978 2179 4019 a
2227 3956 2441 4019 divina
2490 3956 2814 4019 voluntate
2864 3976 3010 4018 cum
3060 3956 3499 4038 cooperatione

1999 4065 2061 4118 et
2105 4056 2561 4138 praeparatione
2604 4054 2785 4117 liberi
2831 4055 3096 4117 arbitrii.
3133 4056 3207 4117 Et
3247 4056 3366 4117 hoc
3405 4064 3501 4118 est

2000 4156 2167 4237 quod
2210 4155 2490 4237 loquitur
2528 4154 2920 4235 Augustinus
2955 4174 2969 4219 :
3004 4154 3121 4226 Qui
3159 4154 3397 4216 creavit
3436 4162 3497 4217 te

389 4252 527 4333 ipsa
585 4258 684 4313 est
743 4269 931 4312 causa
987 4269 1324 4312 causarum
1374 4260 1438 4313 et
1482 4250 1642 4312 ratio
1701 4252 1885 4313 ratio·
1917 4259 1967 4319 D
1997 4254 2134 4316 sinc
2184 4261 2268 4329 te,
2310 4271 2437 4315 non
2482 4252 2866 4333 justificabit
2909 4260 2968 4314 >te
3012 4252 3149 4315 sine
3198 4260 3276 4315 te.
3320 4253 3494 4327 Quod

387 4367 584 4427 num;
627 4356 690 4409 et
734 4365 810 4409 eo
859 4346 998 4429 ipso
1045 4350 1213 4429 quod
1259 4348 1317 4410 ei
1370 4349 1598 4430 placet,
1641 4356 1886 4410 rectum

385 4456 482 4509 est
533 4454 795 4529 propter
845 4463 1162 4507 summam
1221 4446 1668 4508 rectitudinem
1720 4446 1884 4527 ejus,

385 4546 537 4629 quia
587 4563 716 4606 non
765 4552 860 4605 est
905 4551 1148 4605 tantum
1199 4553 1388 4617 recta,
1431 4546 1541 4607 sed
1589 4553 1652 4606 et
1694 4546 1886 4607 etiam

385 4643 598 4709 omnis
639 4642 904 4724 justitiae
947 4642 1180 4723 regula.
1225 4643 1345 4705 Sed
1391 4645 1742 4707 cavendum
1792 4651 1888 4706 est

383 4764 466 4807 ne
507 4743 664 4805 dum
705 4740 1098 4804 voluntatem
1146 4742 1255 4804 Dei
1301 4744 1745 4805 commendare
1785 4762 1888 4806 vo-

386 4843 628 4915 lumuS,
660 4840 720 4902 ei
761 4838 973 4920 potius
1014 4839 1408 4920 derogemus
1443 4841 1505 4903 Si
1547 4842 1718 4902 enim
1760 4860 1884 4903 non

382 4947 554 5003 esset
601 4938 728 5013 alia
777 4936 936 4999 ratio
983 4956 1178 5019 quare
1227 4939 1392 5000 Deus
1441 4938 1634 5000 istum
1673 4940 1885 5020 elegit,

381 5056 513 5101 non
575 5036 784 5109 illum,
837 5034 960 5097 nisi
1022 5033 1171 5115 quia
1217 5037 1274 5097 ei
1335 5036 1427 5098 sic
1477 5038 1706 5118 placet,
1755 5038 1887 5118 Jam

379 5155 512 5201 non
552 5142 770 5198 essent
799 5133 1052 5195 occulta
1087 5132 1348 5213 judicia,
1382 5135 1491 5196 sed
1530 5135 1885 5208 manifesta,

383 5254 588 5317 quum
631 5230 908 5314 quilibet
936 5231 1102 5293 hanc
1142 5231 1349 5312 capiat
1387 5232 1730 5312 rationem3
1772 5254 1888 5296 nec

383 5334 758 5397 dicerentur
805 5328 1145 5403 mirabilia,
1195 5330 1304 5392 sed
1359 5329 1712 5393 voluntaria
1760 5351 1888 5393 ma-

1999 4352 2242 4412 dictum
2285 4359 2381 4413 est
2422 4352 2773 4413 secundum
2821 4352 3299 4431 congruentiam
3334 4367 3348 4413 2
3382 4351 3493 4413 Dei
3525 4368 3783 4421 iconium.

1997 4449 2169 4510 enim
2208 4449 2527 4529 adjutores
2566 4467 2810 4522 sumus,
2844 4449 3197 4511 secundum
3236 4450 3498 4531 Aposto-

1998 4548 2152 4608 lum.
2187 4548 2636 4608 Verumtamen
2669 4547 2835 4608 Deus
2864 4545 3001 4607 sine
3040 4546 3496 4630 praeparatione

1997 4652 2059 4706 et
2094 4644 2430 4724 justificati
2479 4644 2921 4725 cooperatione
2958 4644 3271 4725 justificat
3311 4663 3497 4728 quos-

1997 4744 2142 4805 dam
2177 4762 2192 4805 :
2227 4750 2297 4803 ut
2328 4750 2501 4823 patet
2530 4742 2607 4803 de
2640 4741 3055 4803 sanctificatis
3092 4742 3157 4803 in
3200 4750 3401 4817 utero,
3435 4751 3498 4805 et

1998 4850 2068 4903 ut
2118 4840 2377 4922 quidam
2427 4840 2647 4902 dicunt
2696 4839 2773 4901 de
2823 4840 3031 4901 Pau10.
3077 4841 3151 4901 Et
3204 4849 3497 4923 respectu

1996 4940 2219 5002 talium
2274 4956 2540 5019 operum
2599 4937 2790 4999 habet
2839 4938 3128 5000 voluntas
3188 4938 3495 5000 rationem

1999 5040 2063 5101 in
2123 5037 2403 5119 generali
2459 5042 2523 5097 et
2581 5035 2875 5116 speciali3
2926 5036 3035 5097 sed
3096 5034 3159 5096 in
3216 5036 3495 5116 generali

1998 5142 2258 5207 certam,
2283 5136 2349 5196 in
2380 5132 2642 5215 speciali
2674 5132 3007 5195 occultam.
3034 5132 3097 5195 Si
3128 5132 3302 5194 enim
3330 5154 3498 5215 quae-

1997 5241 2193 5307 ratur,
2228 5251 2420 5313 quare
2452 5233 2617 5294 Deus
2648 5230 2786 5293 vult
2812 5230 3204 5311 justificare3
3236 5250 3495 5314 respon-

1998 5333 2205 5408 detur,
2247 5331 2324 5392 ad
2371 5328 2821 5393 misericordiae
2865 5349 2994 5394 suae
3040 5330 3488 5394 ostensionem.
