4359 6250
858 451 944 498 AN
984 452 1039 497 Β.
1086 452 1143 497 V.
1190 451 1319 497 E'rc.
1364 452 1504 499 Fun·
1544 454 1917 500 MEmToRmM
1960 455 2119 510 QUOD
2162 454 2398 502 CHRISTI
2438 456 2778 504 PASSIONEM
2817 457 3135 505 Nou-:MNT

3431 440 3554 506 663

446 623 745 685 universa
776 625 1095 706 sapienter
1123 625 1462 707 disponens
1492 644 1565 687 ac
1595 626 1942 698 moderanS,
1974 622 2027 684 A
2059 642 2186 706 quo
2232 626 2542 708 contingit
2585 628 2942 710 dupliciter.
2978 628 3188 691 Primo
3229 628 3344 703 sic,
3381 628 3549 710 quod

448 722 647 785 voluit
688 742 868 785 suam
910 725 1521 805 praedile-ctissimam
1563 744 1636 787 ac
1674 723 1943 806 superfi-

447 820 836 883 delissimam
868 822 1127 883 Matrem
1160 842 1289 884 suae
1330 822 1634 885 interesse
1672 822 1945 884 acerbis-

444 918 623 980 simae
671 918 945 1000 passioni
993 938 1065 981 ac
1108 920 1667 982 vehementissime
1714 921 1941 982 condo-

444 1017 594 1090 lere,
654 1025 967 1098 quate-nus
1028 1018 1165 1099 ipsa
1224 1027 1349 1080 tam
1414 1018 1942 1080 inaestimabiliter

445 1117 859 1190 condolendo,
911 1118 1350 1199 copiosissime
1409 1126 1755 1179 mereretur
1813 1136 1937 1179 non

444 1214 648 1276 solum
682 1215 810 1277 sibi
849 1216 972 1297 ipsi
1004 1215 1681 1296 conglorificationem,
1715 1234 1936 1277 verum

440 1312 633 1374 etiam
685 1314 1263 1375 innumerabilibus
1313 1314 1751 1394 peccatoribus
1799 1333 1936 1395 gra—

440 1410 593 1472 tiam
638 1420 700 1472 et
744 1412 1211 1473 exaudientiam
1258 1430 1371 1494 pro
1413 1412 1673 1473 eisdem.

507 1509 795 1591 Amplius
824 1510 1253 1573 Bonaventura
1286 1511 1349 1572 in
1381 1511 1541 1573 libro
1569 1512 1675 1593 qui
1707 1512 1935 1573 dicitur

441 1609 751 1672 Stimulus
800 1610 1056 1683 amoriS‚
1091 1610 1500 1672 devotissime
1545 1611 1747 1683 docet,
1781 1632 1932 1693 qua-

444 1709 583 1771 liter
614 1708 960 1771 debeamus
992 1709 1349 1789 passionem
1384 1708 1615 1771 Christi
1648 1710 1930 1790 quotidie

2056 723 2276 785 dolens
2339 725 2664 788 voluntate
2726 726 2986 787 rationis
3050 725 3338 788 absoluta
3394 727 3550 789 velit

2056 824 2444 885 contrarium
2503 824 2644 903 ejus
2702 826 2778 886 dc
2839 843 2966 905 quo
3022 824 3191 886 dolet
3251 842 3265 886 :
3327 825 3546 907 sicque

2056 922 2218 983 nulli
2261 922 2440 983 licuit
2479 923 2556 984 de
2599 922 2828 985 Christi
2873 923 3166 1005 passione
3205 923 3452 1002 dolere3
3484 932 3547 985 et

2052 1020 2293 1093 Petrus,
2327 1021 2628 1101 quoniam
2662 1021 2984 1083 voluntate
3023 1021 3311 1082 absoluta
3343 1020 3546 1083 voluit

2052 1117 2370 1179 Christum
2413 1137 2538 1179 non
2582 1120 2734 1199 pati,
2767 1127 2862 1181 cst
2904 1120 3264 1201 increpatus
3301 1138 3338 1181 a
3368 1119 3542 1183 Chri-
3572 1131 3836 1186 Mutela-tw.

2050 1224 2165 1278 sto.
2203 1218 2343 1279 Alio
2384 1218 2591 1293 mod0‚
2626 1219 2838 1281 dolere
2878 1220 2956 1280 de
2995 1219 3230 1299 aliquo,
3263 1227 3358 1279 est
3389 1218 3538 1281 ferri
3571 1198 3638 1239 ²³·

2050 1315 2115 1376 in
2176 1316 2565 1378 contrarium
2625 1318 2946 1379 voluntate
3005 1317 3280 1398 pietatis,
3337 1317 3542 1380 nihilo

2048 1414 2262 1475 minus
2310 1415 2472 1476 velle
2523 1415 2642 1477 hoc
2682 1415 2970 1478 absolute
3006 1432 3020 1477 ε
3055 1422 3118 1477 et
3159 1415 3251 1477 sic
3291 1424 3384 1479 est
3434 1415 3540 1477 bo-

2045 1532 2200 1574 num
2249 1513 2583 1576 condolere
2625 1514 2871 1577 Christo
2909 1521 2972 1575 et
3010 1514 3116 1596 pie
3154 1514 3331 1576 affici
3371 1514 3539 1577 circa

2043 1630 2191 1673 eum
2245 1612 2336 1673 sic
2397 1631 2672 1693 passum.
2730 1612 2805 1673 Et
2851 1613 2938 1675 ita
2993 1612 3368 1675 afficiuntur
3414 1612 3536 1675 viri

2044 1710 2268 1783 saneti,
2302 1710 2410 1791 qui
2448 1729 2703 1790 magnas
2732 1711 2964 1791 gratias
2993 1718 3188 1792 agunt
3216 1711 3345 1774 Deo
3372 1711 3535 1773 Patri

439 1806 943 1888 septempliciter
1002 1806 1399 1869 considerare
1456 1826 1529 1869 ac
1590 1809 1927 1881 recordari,
1968 1807 2015 1869 B
2044 1808 2121 1869 de
2152 1809 2446 1889 passione
2489 1808 2798 1889 unigeniti
2839 1808 2979 1870 Filii
3021 1808 3142 1882 sui,
3178 1808 3380 1871 nihilo
3421 1809 3536 1871 mi-

440 1914 591 1987 puta
626 1922 639 1966 :
674 1905 751 1967 ad
798 1906 1371 1979 rememorandum,
1415 1924 1494 1967 ne
1538 1907 1696 1968 tanti
1746 1906 1931 1969 bene-

439 2003 572 2065 ficii
617 2003 1110 2081 obliviscamur3
1154 2004 1229 2065 ad
1274 2005 1817 2086 compatiendum,
1852 2007 1929 2067 ad

440 2103 843 2176 imitandum,
876 2103 951 2164 ad
1001 2103 1468 2183 gratulandum,
1504 2104 1567 2164 in
1618 2111 1928 2184 quantum

436 2201 559 2263 suit
587 2200 890 2263 salvativa
928 2210 987 2262 et
1022 2201 1293 2262 maxime
1326 2202 1680 2278 fructuosa;
1713 2202 1789 2263 ad
1828 2200 1931 2262 ad-

438 2299 796 2361 mirandum
839 2300 1005 2381 quod
1049 2299 1421 2379 'Unigenitus
1462 2299 1570 2361 Dei
1616 2307 1785 2361 tanta
1814 2316 1929 2380 pro

436 2397 621 2460 nobis
662 2398 789 2479 pati
822 2398 1115 2478 dignatus
1154 2397 1395 2475 est3ad
1434 2398 1925 2477 regratiandum,

435 2497 510 2558 ad
543 2496 1127 2578 contemplandum,
1162 2496 1292 2558 imo
1321 2502 1379 2557 et
1413 2497 1491 2557 ad
1532 2496 1929 2558 inflamman-

435 2595 589 2655 dum
632 2613 705 2657 ac
750 2594 1214 2656 resolvendum.
1258 2594 1455 2655 Debet
1500 2594 1693 2674 igitur
1734 2613 1927 2654 unus-

435 2693 705 2775 quisque
737 2692 947 2754 ridelis
980 2692 1339 2773 passionem
1372 2692 1600 2755 Christi
1646 2691 1926 2773 quotidie

434 2811 581 2853 cum
614 2792 832 2853 intima
863 2792 1300 2873 compassione
1332 2790 1625 2863 recolere,
1646 2791 1710 2851 in
1742 2810 1930 2872 quan-

437 2898 569 2952 tum
620 2890 756 2971 ipse
805 2891 971 2971 pius,
1026 2890 1328 2952 innocens
1377 2898 1441 2951 et
1499 2890 1929 2951 mansuetissi-

2044 1925 2164 1967 nus
2208 1906 2310 1987 pie
2352 1914 2686 1968 moventur
2718 1906 2782 1968 in
2825 1906 3326 1968 consideratione
3370 1906 3536 1969 dolo-

2042 2023 2181 2065 rum
2217 2004 2436 2085 ipsius.
2459 2004 2560 2066 Sic
2591 2012 2652 2067 et
2683 2004 2974 2086 piissima
3002 2005 3536 2086 Virg0‚quantum

2041 2109 2266 2163 natura
2305 2120 2418 2163 sua
2457 2109 2702 2183 poterat
2741 2102 3077 2175 sustinere,
3111 2102 3534 2183 compatieba-

2043 2207 2143 2260 tur
2173 2200 2330 2261 Filio
2369 2217 2483 2261 suo
2513 2200 2928 2283 dilectissimo
2969 2199 3254 2280 patienti.
3289 2200 3534 2281 Nequa-

2039 2308 2230 2376 quam
2275 2304 2486 2359 tamen
2531 2305 2626 2358 est
2668 2297 3090 2359 dubitandum
3135 2298 3290 2379 quin
3328 2297 3532 2361 virilis

2036 2395 2287 2456 animus
2331 2395 2470 2475 ejus
2515 2402 2576 2457 et
2625 2396 3136 2458 constantissima
3184 2396 3343 2458 ratio
3390 2396 3531 2476 ejus

2037 2494 2306 2555 voluerit
2347 2493 2538 2555 etiam
2577 2494 2738 2555 tradi
2781 2494 3012 2557 Filium
3052 2514 3238 2556 suum
3275 2512 3388 2576 pro
3427 2512 3530 2575 ge-

2037 2591 2207 2652 neris
2248 2591 2449 2653 salute
2493 2592 2778 2665 humani,
2813 2599 2881 2653 ut
2922 2593 3114 2654 Mater
3155 2610 3270 2674 per
3315 2591 3532 2654 omnia

2037 2689 2383 2751 conformis
2421 2698 2588 2751 esset
2627 2691 2808 2753 Patri.
2845 2691 2920 2752 Et
2951 2691 3016 2752 in
3048 2691 3166 2753 hoc
3203 2691 3366 2753 miro
3396 2708 3528 2753 mo-

2035 2787 2115 2848 do
2147 2787 2334 2850 debet
2364 2788 2602 2849 laudari
2634 2796 2824 2870 atque
2855 2789 3069 2863 amari,
3092 2789 3254 2871 quod
3285 2788 3530 2851 scilicet

2036 2886 2278 2968 placuit
2308 2887 2364 2948 ei
2399 2888 2566 2968 quod
2609 2887 2803 2949 Filius
2843 2907 2995 2949 suus
3031 2905 3146 2969 pro
3185 2887 3387 2949 salute
3417 2887 3530 2949 hu-

436 3007 577 3049 mus
618 2988 833 3067 Agnus
872 2988 1006 3060 Dei,
1041 2988 1169 3050 imo
1210 2996 1273 3049 ct
1318 2987 1926 3069 superdignissimus
1961 2984 2004 3047 C
2041 2984 2206 3045 mani
2241 2984 2490 3065 generis
2517 2983 2885 3063 offerretur3
2911 2992 2974 3046 et
3004 2986 3068 3046 in
3101 2992 3341 3047 tantum
3372 3002 3560 3055 com<

434 3086 629 3150 Filius
678 3086 873 3148 Patris
922 3086 1164 3161 aeterni,
1202 3094 1288 3149 tot
1336 3093 1399 3148 et
1447 3093 1618 3148 tanta
1667 3086 1927 3168 pertulit

433 3184 794 3267 opprobria,
816 3184 1254 3259 contumeliaS,
1278 3185 1622 3258 irrisioncS‚
1644 3184 1929 3265 blasphe-

434 3284 591 3345 mias
623 3290 684 3344 et
718 3290 1028 3345 tormenta
1063 3301 1075 3344 :
1108 3283 1237 3345 imo
1268 3291 1328 3346 et
1361 3291 1530 3345 recta
1559 3282 1717 3345 ratio
1746 3283 1929 3345 docet

430 3390 493 3443 et
534 3380 731 3462 exigit
776 3382 914 3444 hoc.
961 3383 1106 3443 Ideo
1157 3400 1317 3455 reor,
1362 3383 1529 3462 quod
1574 3381 1926 3442 secundum

432 3479 592 3541 hanc
624 3479 1193 3541 considerationem
1228 3479 1571 3560 purissima
1600 3485 1663 3539 et
1695 3477 1928 3538 illumi-

431 3578 761 3640 natissima
804 3577 981 3658 virgo
1031 3577 1240 3650 Maria,
1285 3595 1409 3639 non
1462 3576 1669 3639 solum
1718 3577 1924 3657 quoad

432 3675 801 3739 inferiorern
832 3676 1209 3757 appetitum,
1246 3677 1352 3738 sed
1389 3676 1537 3737 item
1571 3676 1921 3737 secundum

428 3776 738 3838 rat-ionem
795 3782 857 3836 et
918 3775 1329 3848 voluntatem,
1392 3774 1707 3836 adorando
1766 3773 1924 3836 Filio

429 3891 543 3936 suo
573 3873 919 3946 condoluit,
954 3893 1317 3954 quanquam
1350 3873 1700 3935 secundum
1732 3872 1919 3934 aliam

429 3971 997 4034 considerationem
1031 3972 1108 4033 de
1149 3972 1289 4051 ejus
1330 3972 1621 4053 passione
1660 3989 1786 4033 non
1818 3972 1922 4032 do·

432 4070 569 4142 luit,
602 4070 711 4132 sed
754 4069 1041 4132 absolute
1085 4069 1287 4132 voluit
1329 4089 1487 4131 eam.
1620 4067 1627 4073 ’

2040 3102 2222 3165 passa
2264 3090 2359 3145 cst
2405 3082 2520 3157 illi,
2558 3091 2627 3146 ut
2669 3082 2720 3146 si
2768 3082 2910 3146 fieri
2953 3083 3284 3166 potuisset,
3318 3082 3534 3146 omnia

2038 3181 2180 3242 Filii
2213 3182 2310 3242 sui
2348 3189 2659 3245 tormenta
2692 3182 2828 3265 ipsa
2868 3173 3288 3244 libentissime
3321 3189 3532 3263 pertu-

2040 3279 2234 3341 lisset.
2271 3281 2417 3342 Ideo
2445 3300 2594 3342 vere
2624 3280 2807 3343 sortis
2840 3281 2865 3342 s
2869 3281 2960 3342 uit
2989 3290 3052 3342 et
3083 3280 3208 3362 pia,
3237 3281 3440 3343 dulcis
3471 3289 3535 3342 et

2040 3396 2278 3448 severa,
2312 3398 2384 3439 ac
2430 3378 2552 3440 sibi
2595 3379 2718 3459 ipsi
2759 3398 2968 3460 parca,
3003 3379 3188 3441 nobis
3228 3396 3380 3441 vero
3420 3379 3535 3441 lar-

2036 3475 2315 3555 gissima.
2350 3476 2510 3536 Hinc
2555 3485 2696 3557 post
2741 3496 3057 3538 summam
3099 3484 3162 3539 et
3200 3477 3535 3558 superbea-

2035 3573 2347 3635 tissimam
2397 3575 2767 3636 Trinitatem
2812 3582 2874 3636 et
2921 3574 3152 3636 Filium
3200 3594 3388 3636 suum
3437 3576 3531 3637 Je-

2036 3693 2177 3734 sum
2212 3672 2553 3746 Christum,
2589 3673 2727 3754 ipsa
2755 3681 2850 3734 est
2881 3691 3128 3734 summe
3159 3673 3428 3734 amanda
3456 3693 3530 3735 ac

2034 3771 2412 3832 veneranda.
2458 3771 2602 3833 Haec
2645 3771 3102 3833 Bonaventura.

2112 3869 2272 3930 Hinc
2341 3869 2657 3943 Albertus,
2727 3869 2965 3940 Petrus,
3030 3869 3400 3943 Richardus,
3465 3878 3528 3932 et

2031 3968 2161 4042 alii,
2198 3975 2631 4031 contestantur
2672 3968 2838 4049 quod
2879 3967 3364 4050 praeclarissima
3408 3970 3527 4032 Ma·

2033 4074 2126 4128 ter
2173 4068 2458 4148 virginea
2518 4068 2875 4150 passionem
2927 4067 3065 4129 Filii
3123 4067 3220 4129 sui
3271 4068 3524 4131 volebat

507 4167 801 4229 Albertus
834 4185 983 4229 vero
1025 4168 1088 4228 in
1130 4167 1293 4230 libro
1333 4168 1409 4230 dc
1448 4167 1768 4229 Laudibus
1800 4168 1919 4228 Ma-
1951 4166 1999 4226 D
2031 4185 2155 4227 non
2197 4167 2545 4228 secundum
2589 4187 2655 4228 se
2695 4166 3004 4240 absolute,
3039 4185 3246 4247 neque
3284 4175 3354 4228 ut
3391 4174 3525 4229 erat

428 4267 543 4328 tris
574 4265 708 4327 veri
740 4265 873 4338 Dei,
896 4266 1317 4347 imperatricis
1348 4266 1739 4346 angelorum,
1764 4266 1920 4346 regi-

430 4385 527 4427 nae
558 4363 863 4427 coelorum
894 4383 965 4426 ac
998 4364 1271 4427 dominae
1304 4364 1546 4438 mundi,
1566 4372 1830 4427 testatur
1859 4373 1921 4426 et

428 4463 855 4544 probat‚quod
888 4463 1079 4524 etiam
1112 4463 1341 4524 Christi
1376 4462 1667 4544 passione
1696 4463 1921 4524 duran-

427 4568 510 4632 te,
554 4559 691 4640 ipsa
729 4558 1103 4639 dignissima
1143 4559 1332 4639 Virgo
1376 4561 1727 4622 secundum
1769 4580 1923 4641 prae-

428 4666 657 4722 tactam
710 4657 1279 4720 considerationem
1335 4659 1557 4720 intime
1610 4660 1921 4739 gaudebat

428 4759 504 4819 de
540 4755 831 4838 passione
869 4755 1089 4837 ipsiuS.
1124 4755 1411 4817 Arbitror
1443 4775 1718 4838 quoque,
1754 4759 1922 4839 quod

424 4861 712 4936 tempore
751 4853 1065 4935 passionis
1106 4855 1242 4935 ipsa
1284 4854 1476 4916 simul
1518 4856 1925 4918 contristaba-

428 4960 531 5014 tur
571 4971 719 5014 cum
762 4951 1010 5013 Christo
1050 4952 1363 5033 spirituali
1408 4953 1683 5028 tristitia,
1718 4955 1794 5016 de
1823 4955 1925 5017 Ju-

429 5051 709 5114 dae-orum
752 5067 1016 5111 excessu
1058 5057 1121 5110 ct
1163 5052 1581 5114 excaecatione
1632 5053 1921 5115 dolendo.

527 5149 637 5211 His
699 5155 1047 5210 consonant
1099 5149 1292 5210 verba
1349 5150 1802 5214 Bonaventurae
1864 5153 1928 5214 in

434 5245 829 5329 expositione
868 5253 1098 5320 textuS‚
1124 5247 1393 5309 dicentis
1420 5265 1433 5309 ε
1462 5249 1683 5311 Dolere
1715 5251 1792 5312 de
1824 5251 1934 5314 ali-

2028 4263 2299 4326 al'flictio
2364 4265 2740 4339 innocentiS,
2801 4265 2911 4326 sed
2982 4272 3050 4326 ut
3118 4265 3377 4327 relatam
3445 4265 3522 4326 ad

2031 4362 2254 4424 mundi
2299 4363 2822 4443 redemptionem.

2113 4561 2377 4641 Insuper
2405 4559 2484 4622 ad
2515 4561 2890 4633 secundum,
2923 4560 3241 4634 videlicet,
3275 4581 3353 4623 an
3387 4579 3526 4642 pos-

2032 4660 2111 4720 sit
2144 4658 2330 4720 nobis
2364 4677 2502 4720 esse
2547 4659 2964 4732 meritorium,
2999 4659 3160 4720 velle
3200 4660 3525 4741 passiones

2034 4759 2429 4830 Sanctorum,
2491 4756 2842 4817 Alexander
2895 4757 3233 4836 respondet
3285 4775 3298 4818 :
3349 4757 3525 4819 Velle

2034 4855 2420 4919 contrarium
2487 4854 2830 4916 voluntatis
2897 4853 3149 4927 divinae,
3215 4855 3526 4936 contingit

2034 4955 2394 5037 dupliciter.
2447 4953 2678 5025 Prim0,
2731 4952 3000 5014 volendo
3048 4952 3334 5016 absolute
3383 4973 3528 5016 con-

2036 5055 2300 5116 trarium
2331 5052 2472 5132 ejus
2502 5051 2670 5132 quod
2710 5051 2950 5112 scimus
2987 5052 3184 5113 Deum
3219 5051 3382 5114 velle
3415 5071 3429 5114 :
3462 5061 3526 5115 et

2037 5155 2155 5216 hoc
2205 5171 2330 5214 non
2381 5157 2476 5212 est
2521 5148 2934 5211 meritorium.
2972 5149 3281 5220 SecundO,
3314 5151 3527 5213 volen-

2037 5254 2116 5314 do
2168 5251 2230 5312 id
2281 5249 2465 5330 cujus
2524 5247 2909 5309 contrarium
2962 5265 3087 5308 non
3141 5247 3274 5310 scio
3322 5249 3523 5311 Deum
