4359 6250
880 487 1001 552 564

1556 507 1617 554 [N
1659 509 1880 554 LIBRUM
1922 507 1943 552 1
1985 505 2468 552 SENTEN'HARUM.
2512 523 2593 532 —
2633 503 2785 552 Dts'r.
2832 504 2997 566 an3
3040 503 3263 560 QUAEST.
3310 504 3331 549 1

885 683 950 738 to
990 677 1379 759 completum
1423 697 1540 760 per
1577 677 2134 761 propagationem3
2180 695 2379 738 unum
2414 675 2465 738 A
2497 676 2687 750 tione,
2740 695 3055 737 summam
3113 675 3179 736 in
3231 674 3359 737 Deo
3418 691 3555 736 esse
3614 671 3987 754 potentiam,

883 791 1136 856 quoque
1194 776 1582 856 completum
1651 783 1854 837 mutat
1911 775 1977 837 in
2032 774 2207 836 aliud
2268 792 2381 855 per

879 872 1654 936 transsubstantiationem.
1671 873 2208 954 omnipotentiam
2241 889 2384 954 quo-

881 989 1006 1051 que
1065 990 1246 1033 suam
1305 973 1582 1035 ostendit
1631 972 1696 1035 in
1756 971 1977 1034 mundi
2036 971 2375 1042 creatione,

880 1077 1110 1130 cuncta
1139 1069 1418 1132 visibilia
1452 1078 1514 1134 et
1544 1071 1893 1133 invisibilia
1933 1069 2376 1151 producend03

878 1175 941 1228 et
983 1167 1414 1231 indesinenter
1450 1189 1590 1231 eam
1629 1169 1906 1232 ostendit
1948 1169 2014 1230 in
2056 1168 2381 1230 universo-

878 1283 1022 1326 rum
1064 1267 1540 1330 conservatione
1573 1276 1638 1330 et
1665 1267 2156 1348 gubernatione;
2188 1273 2377 1348 atque
2411 1260 2419 1268 ’

877 1363 944 1424 in
986 1361 1118 1426 fine
1152 1383 1292 1427 eam
1333 1365 1712 1429 monstrabit
1743 1366 1806 1427 in
1837 1364 2171 1427 celerrima
2213 1382 2377 1426 mor-

877 1468 1132 1524 tuorum
1188 1464 1690 1538 resuscitatione,
1741 1465 1805 1526 in
1857 1464 2145 1526 omnium
2206 1461 2378 1524 festi-

874 1561 1251 1624 nantissima
1301 1562 1693 1642 judicatione
1749 1569 1812 1624 et
1858 1563 2030 1642 justa
2087 1579 2376 1622 remune-

875 1658 1138 1734 ratione,
1171 1668 1362 1743 atque
1407 1661 1471 1722 in
1519 1662 1740 1723 mundi
1794 1660 2216 1723 innovatione.
2253 1660 2375 1722 Sed

873 1763 936 1817 et
974 1756 1042 1818 in
1079 1757 1448 1821 hominibus
1487 1779 1627 1822 eam
1670 1759 2079 1831 demonstrat,
2115 1776 2371 1820 omnem

2494 781 2785 856 respectu
2818 775 3002 854 cujus
3036 774 3245 837 omnis
3280 773 3548 835 aliorum
3582 779 3861 854 potestas
3896 779 3993 832 est

2494 872 2889 954 imperfecta,
2942 873 3025 934 ita
3080 872 3251 954 quod
3297 871 3419 934 hoc
3471 878 3569 932 est.
3613 869 3797 951 quasi
3852 868 3994 930 ulti-

2494 991 2668 1033 mum
2720 972 2796 1032 ad
2847 971 3015 1053 quod
3068 970 3300 1053 poterit
3346 969 3506 1032 ratio
3552 966 3861 1030 naturalis
3907 973 3993 1027 at-

2491 1069 2735 1150 tingere
2781 1070 2859 1132 de
2908 1087 2983 1132 eo
3033 1067 3578 1150 cognoscendum3
3618 1085 3695 1128 ex
3743 1065 3867 1127 hoc
3910 1072 3994 1125 ta·

2492 1187 2637 1228 men
2683 1167 2977 1230 concludi
3024 1185 3151 1229 non
3196 1172 3423 1248 potest,
3462 1163 3993 1246 omnipotentiam

2490 1266 2617 1328 Deo
2664 1266 3004 1327 convenire
3048 1265 3329 1327 secundo
3375 1264 3561 1327 modo
3598 1263 3732 1344 jam
3772 1270 3939 1324 tacto
3974 1279 3989 1323 ε

2490 1364 2641 1446 quia
2682 1364 2976 1446 quamvis
3014 1364 3101 1426 sit
3150 1364 3255 1437 ita,
3290 1381 3416 1425 non
3463 1370 3674 1424 tamen
3718 1367 3817 1422 est
3864 1379 3993 1422 ma-

2488 1461 2795 1524 nifestum
2855 1462 3127 1524 naturali
3190 1461 3454 1534 ratione,
3517 1461 3686 1542 quod
3747 1458 3991 1534 habens

2488 1560 2921 1622 causalitatem
2954 1560 3431 1623 eminentiorem
3462 1558 3829 1620 causalitate
3862 1576 3995 1620 cau·

2488 1677 2571 1720 san
2632 1659 2948 1731 secundm,
3011 1658 3211 1740 possit
3273 1657 3639 1721 immediate
3699 1655 3763 1717 in
3824 1656 3989 1718 esse-

2487 1762 2657 1816 ctum
2694 1755 3059 1818 immediate
3099 1756 3697 1838 correspondentem
3732 1753 3993 1816 causali-

871 1854 1264 1918 voluntatem
1315 1856 1658 1920 humanam
1709 1858 1786 1919 ad
1836 1857 2093 1919 libitum
2145 1855 2373 1916 immu-
2410 1855 2457 1918 B
2487 1853 2597 1914 'tati
2631 1873 2835 1918 causae
2865 1854 3177 1918 secunda).
3196 1854 3360 1918 Ordo
3388 1852 3627 1936 quippe
3659 1871 3987 1914 causarum

873 1953 1086 2028 tand0,
1119 1953 1460 2030 flectendo,
1491 1974 1564 2017 ac
1603 1954 1796 2016 variis
1843 1954 2048 2017 modis
2087 1953 2375 2015 afficien—

871 2051 970 2113 do.
1006 2052 1150 2114 Haec
1192 2052 1319 2114 ille.

952 2247 1132 2310 Circa
1189 2248 1324 2311 haec
1382 2250 1608 2330 quaerit
1659 2249 1904 2322 ScotuS‚
1956 2247 2051 2309 An
2101 2245 2372 2307 naturali

871 2347 1072 2428 possit
1101 2346 1342 2410 ratione
1383 2347 1635 2430 probari
1673 2347 1871 2409 Deum
1903 2365 2042 2408 esse
2081 2344 2371 2426 omnipo—

873 2452 1128 2507 tentem.
1164 2446 1339 2519 Quod
1383 2446 1475 2508 sic
1514 2446 1766 2509 videtur
1799 2465 1813 2509 :
1848 2445 2151 2527 quoniam
2194 2450 2373 2504 natu-

869 2543 986 2604 rali
1033 2545 1274 2606 ratione
1324 2543 1629 2626 probatur
1669 2544 1870 2606 Deum
1916 2561 2054 2606 esse
2097 2541 2369 2604 infinitae

869 2642 1189 2724 potentiae,
1236 2643 1403 2724 quod
1455 2642 1761 2725 probatur
1805 2649 2028 2704 octavo
2077 2640 2369 2723 Physico-

867 2759 1035 2813 rum,
1070 2747 1132 2802 et
1173 2741 1552 2803 duodecimo
1593 2740 2052 2822 Metaphysicae.
2098 2739 2219 2801 Sed
2262 2757 2372 2820 po-

867 2837 1066 2899 tentia
1126 2836 1382 2899 infinita
1436 2846 1531 2900 est
1588 2837 2050 2920 omnipotentia
2103 2857 2117 2900 :
2175 2837 2369 2898 maxi-

866 2953 969 2996 me
1002 2954 1201 3017 quum
1240 2936 1519 3017 potentia
1559 2935 1762 3018 major
1802 2943 2074 3017 nequeat
2105 2935 2365 3016 cogitari

2486 1951 2861 2014 inferiorum
2892 1960 2957 2014 et
2986 1952 3389 2034 superiorum
3424 1951 3546 2013 hoc
3575 1969 3701 2013 non
3736 1951 3989 2012 conclu-

2485 2050 2574 2111 dit
2612 2067 2626 2111 :
2664 2069 2807 2112 nam
2840 2050 3133 2132 quamvis
3168 2050 3261 2112 sol
3292 2049 3519 2112 habeat
3550 2049 3985 2112 causa-litatem

2482 2148 2971 2211 eminentiorem
3018 2148 3219 2223 leone,
3262 2167 3389 2211 non
3434 2156 3646 2210 tamen
3696 2147 3989 2229 sequitur

2482 2247 2651 2329 quod
2697 2247 2897 2329 possit
2940 2247 3309 2309 immediate
3359 2264 3659 2327 generare
3707 2245 3984 2319 leonem,

2481 2346 2647 2407 sicut
2699 2345 2796 2407 leo
2849 2346 2969 2409 hoc
3019 2353 3243 2428 potest.
3288 2346 3573 2427 Insuper,
3620 2344 3988 2427 philosophi

2481 2451 2833 2524 posuerunt
2868 2444 3067 2506 Deum
3111 2442 3475 2505 immediate
3512 2459 3635 2504 non
3678 2443 3987 2525 produce-

2481 2561 2547 2602 re
2599 2541 2723 2602 nisi
2766 2541 2922 2623 quid
2971 2541 3349 2623 perfectum,
3393 2559 3509 2603 nec
3554 2548 3989 2622 cognoverunt

2479 2657 2625 2700 eum
2671 2639 3111 2719 contingenter
3146 2647 3210 2700 et
3250 2638 3448 2702 libere
3491 2639 3801 2701 mundum
3848 2657 3990 2721 pro-

2479 2738 2759 2812 duxisse,
2792 2739 2902 2800 sed
2934 2738 3114 2821 quasi
3156 2739 3427 2800 naturali
3462 2738 3735 2820 quadam
3772 2757 3989 2800 neces-

2478 2837 2682 2899 sitate.
2719 2836 2861 2899 Haec
2906 2837 3148 2899 Scotus.

2544 2935 2687 2997 Haec
2715 2935 3043 3016 responsio
3071 2935 3323 2997 videtur
3352 2933 3767 3016 probabiliter
3800 2953 3985 3016 posse

865 3051 1060 3114 quam
1101 3032 1392 3112 infinita3
1434 3034 1609 3096 omni
1648 3041 1859 3095 autem
1903 3033 2186 3114 potentia
2224 3052 2366 3114 quae
2405 3034 2448 3098 C
2479 3033 2725 3112 teneri3
2788 3034 3237 3096 certitudinem
3299 3041 3513 3095 tamen
3580 3051 3703 3095 non
3768 3033 3983 3107 habet,

864 3150 994 3193 non
1039 3138 1134 3193 est
1175 3131 1658 3214 omnipotentia,
1694 3132 1897 3211 major
1941 3140 2145 3213 potest
2187 3150 2369 3195 exco-

862 3230 1068 3311 gitari.
1120 3266 1201 3275 —
1249 3231 1498 3304 Contra,
1551 3230 1711 3292 nulli
1762 3229 2123 3311 philosophi
2173 3250 2369 3312 quan-

863 3335 1284 3409 tumcumque
1312 3329 1965 3401 acuti‚concesserunt
1995 3328 2195 3389 Deum
2228 3347 2367 3390 esse

863 3426 1366 3507 omnipotentem
1412 3426 1764 3487 secundum
1814 3425 2210 3488 intellectum
2256 3426 2366 3488 Ca-

862 3522 1268 3585 tholicorum.

942 3621 1034 3684 Ad
1093 3622 1214 3685 hoe
1273 3622 1642 3704 responderi
1701 3630 1907 3705 potest
1965 3622 2363 3703 distinguen-

863 3719 994 3784 do:
1030 3720 1182 3802 quia
1224 3720 1627 3803 omnipotens
1679 3739 1807 3784 uno
1851 3722 2039 3783 modo
2084 3721 2212 3783 dici
2260 3738 2365 3802 po-

861 3825 986 3881 test
1021 3837 1214 3900 agens
1257 3820 1426 3901 quod
1472 3826 1678 3900 potest
1717 3820 1783 3881 in
1822 3838 2010 3882 omne
2056 3819 2362 3901 possibile

862 3916 1136 3979 mediate
1194 3917 1294 3979 vel
1355 3918 1773 3997 immediate3
1835 3926 1896 3980 et
1954 3918 2046 3979 sic
2106 3924 2362 3978 natura-

862 4012 1006 4074 liter
1067 4021 1274 4095 potest
1330 4014 1625 4077 concludi
1688 4015 1889 4077 Deum
1952 4034 2090 4077 esse
2151 4014 2361 4077 omni-

861 4118 1208 4192 potentem,
1260 4112 1412 4193 quia
1466 4113 1531 4174 in
1584 4130 1841 4175 omnem
1893 4112 2198 4175 effectum
2250 4130 2359 4174 ex-

2479 3152 2597 3194 ncc
2642 3132 3051 3195 insolubilem
3103 3132 3563 3214 probationem.
3604 3132 3735 3195 Nec
3776 3134 3986 3215 sequi-

2477 3238 2603 3305 tur,
2637 3230 3001 3312 Philosophi
3034 3248 3158 3293 non
3192 3237 3624 3312 cognoverunt
3651 3230 3773 3291 hoc
3805 3239 3986 3293 natu-

2478 3329 2592 3391 rali
2633 3329 2895 3401 ratione,
2930 3346 3081 3410 ergo
3116 3328 3235 3390 hoc
3272 3328 3567 3409 cognosci
3606 3346 3729 3391 non
3776 3336 3985 3411 potest

2477 3428 2717 3489 ratione
2759 3428 3052 3489 naturali.
3088 3427 3245 3490 Nam
3276 3435 3339 3488 et
3368 3426 3737 3490 Aristoteles
3774 3428 3840 3489 in
3870 3428 3982 3491 Το-

2478 3526 2637 3607 picis
2678 3525 2911 3587 satetur
2950 3526 3367 3608 quaestionem
3414 3525 3491 3587 de
3538 3526 3760 3587 mundi
3804 3535 3983 3589 aeter-

2476 3624 2671 3685 nitate
2733 3643 2872 3685 esse
2934 3622 3264 3705 problema
3322 3632 3661 3699 neutrum3
3718 3624 3982 3707 jamque

2474 3739 2549 3783 ex
2584 3721 2956 3784 auctoritate
2995 3721 3135 3801 ejus
3174 3730 3353 3783 sexto
3388 3720 3759 3784 Ethicorum
3802 3722 3983 3785 indu—

2474 3826 2648 3881 ctum
2698 3827 2815 3893 est,
2850 3820 3019 3901 quod
3070 3819 3206 3900 ipse
3256 3826 3521 3881 testatus
3568 3828 3665 3881 est
3712 3820 3835 3882 hoc
3886 3840 3983 3884 so-

2474 3916 2607 3978 lum
2658 3916 2910 3979 excludi
2958 3936 2995 3979 a
3043 3916 3259 3979 divina
3318 3916 3623 3998 potentia,
3676 3918 3851 3998 quod
3908 3937 3982 3981 ea

2473 4034 2615 4095 quae
2673 4015 2838 4077 facta
2896 4022 3045 4077 sunt
3093 4032 3219 4076 non
3281 4022 3488 4097 potest
3546 4013 3755 4077 facere
3816 4016 3981 4079 facta

2473 4130 2599 4175 non
2658 4132 2815 4175 esse.
2866 4114 2993 4175 Nec
3054 4112 3361 4193 implicat,
3406 4112 3713 4175 effectum
3772 4132 3980 4177 causae

860 4209 1065 4270 tendit
1102 4228 1170 4270 se
1211 4228 1325 4291 per
1366 4211 1626 4273 modum
1669 4228 1872 4275 causae
1913 4211 2220 4292 proximae
2260 4211 2360 4272 vel
2394 4214 2443 4276 D
2474 4212 2767 4273 secundae
2817 4211 3184 4273 immediate
3234 4211 3501 4291 produci
3538 4229 3577 4272 a
3616 4229 3807 4273 causa
3856 4212 3980 4294 pri-

861 4315 1136 4370 remotae.
1182 4343 1263 4353 -
1310 4308 1621 4382 Secundo,
1673 4310 2078 4391 omnipotens
2126 4308 2363 4370 dicitur

860 4404 1116 4486 proprie
1159 4405 1532 4487 theologice,
1581 4414 1768 4489 prout
1816 4406 2221 4487 omnipotens
2268 4407 2359 4469 di-

860 4501 1026 4563 citur
1055 4503 1225 4584 quod
1261 4510 1468 4586 potest
1500 4504 1565 4565 in
1601 4521 1855 4566 omnem
1890 4503 2199 4566 effectum
2244 4505 2358 4566 im-

861 4600 1155 4675 mediate,
1188 4609 1253 4664 et
1286 4601 1350 4663 in
1387 4602 1836 4684 quodcumque
1878 4602 2207 4684 possibile,
2239 4603 2360 4665 hoe

858 4706 956 4762 est
1007 4698 1072 4761 in
1123 4700 1572 4782 quodcumque
1619 4701 1790 4782 quod
1838 4718 1966 4763 non
2020 4710 2116 4764 est
2163 4720 2243 4763 ex
2293 4720 2360 4763 se

861 4801 1290 4863 necessarium
1351 4820 1469 4863 nec
1528 4800 2094 4864 contradictionem
2156 4802 2359 4864 inclu-

860 4899 952 4960 dit
994 4918 1007 4963 :
1051 4898 1164 4975 sic,
1216 4899 1502 4981 inquam,
1557 4899 1948 4974 immediate,
2003 4900 2170 4981 quod
2223 4900 2360 4961 sine

857 4996 1034 5059 omni
1069 4996 1514 5077 cooperatione
1555 4996 1903 5076 cujuslibet
1934 5015 2142 5060 causae
2179 5015 2365 5077 agen·

856 5096 961 5157 tis,
1022 5096 1098 5157 Et
1157 5096 1278 5158 hoc
1341 5096 1527 5157 modo
1587 5095 2052 5176 omnipotentia
2109 5096 2364 5157 videtur

857 5212 996 5256 esse
1057 5194 1297 5257 credita
1357 5194 1436 5256 de
1501 5192 1660 5267 De0,
1720 5211 1850 5256 non
1910 5193 2357 5255 demonstrata.

857 5292 1154 5367 Quamvis
1196 5292 1369 5355 enim
1419 5291 1674 5376 probari
1714 5292 1918 5354 valeat
1956 5289 2231 5353 naturali
2270 5311 2361 5354 ra-

2474 4328 2577 4370 ma
2620 4326 2633 4369 :
2682 4309 2810 4371 imo
2859 4309 3029 4391 quod
3080 4316 3286 4390 potest
3335 4309 3401 4370 in
3454 4308 3683 4389 majus,
3725 4310 3981 4372 videtur

2474 4424 2657 4489 posse
2698 4407 2763 4468 in
2804 4406 3109 4469 effectum
3156 4406 3492 4469 minorem.
3527 4406 3776 4488 Algazel
3822 4425 3975 4489 quo-

2472 4524 2597 4587 que
2648 4505 3065 4587 philosophus
3124 4506 3593 4567 emanationem
3648 4504 3976 4569 universo-

2475 4622 2617 4665 rum
2671 4623 2708 4665 a
2762 4603 2889 4665 Deo
2949 4610 3273 4685 comparat
3330 4602 3718 4665 emanationi
3777 4604 3977 4667 dono-

2475 4722 2617 4764 rum
2650 4722 2687 4764 a
2716 4703 2950 4765 datore.
2988 4702 3089 4765 Sic
3120 4710 3183 4764 et
3213 4701 3385 4765 Plato
3420 4702 3484 4764 in
3522 4701 3731 4783 primo
3756 4702 3976 4765 Timaei

2472 4802 2873 4885 apertissime
2903 4803 3086 4865 docet
3115 4801 3333 4865 omnia
3367 4800 3753 4883 profluxisse
3784 4820 3822 4863 a
3850 4800 3976 4863 Deo

2476 4920 2589 4983 per
2632 4902 3042 4964 voluntatem.

2566 5000 2708 5062 Haec
2773 5000 2837 5060 in
2895 5006 3139 5061 tantum
3202 4998 3488 5079 tetigisse
3546 4998 3736 5060 modo
3792 4996 3973 5059 suifi-

2473 5097 2617 5170 ciat‚
2651 5098 2802 5179 quia
2838 5105 2901 5158 et
2940 5116 3133 5178 supra
3172 5095 3425 5177 plenius
3466 5096 3708 5158 dictum
3750 5103 3848 5157 est
3886 5095 3973 5156 in·

2474 5195 2574 5269 de,
2624 5202 2687 5257 et
2738 5195 2805 5256 in
2857 5194 3137 5257 secundo
3190 5193 3356 5257 libro
3408 5193 3686 5275 amplius
3739 5192 3971 5256 habent

2475 5293 2705 5357 locum.
