4359 6250
1359 507 1560 552 imum
1602 506 1876 553 Annuus
1919 507 2012 552 SIT
2055 507 2118 552 IN
2161 506 2309 553 Loco
2349 507 2693 554 Dnrlevn

3454 491 3575 556 455

473 673 544 736 in
591 692 742 748 uno,
789 675 932 738 ideo
974 695 1112 738 esse
1155 695 1281 738 non
1325 685 1526 759 potest
1573 678 1636 739 in
1681 677 1976 759 pluribus
2007 675 2056 738 A
2090 678 2412 741 interdum
2438 680 2571 742 vult
2600 680 2861 761 angelus
2890 680 3134 762 aliquid
3166 681 3333 743 circa
3364 679 3575 743 locum

477 775 654 837 locis.
705 775 814 836 Est
857 793 1006 856 ergo
1049 792 1388 838 commuue
1440 784 1502 838 et
1545 777 1973 840 necessarium

473 873 780 936 omnibus
820 873 970 946 illis,
1004 893 1142 937 esse
1175 875 1240 936 in
1273 875 1411 937 loco
1442 893 1569 938 uno
1613 895 1726 957 per
1763 895 1974 938 essen-

473 973 649 1034 tiam.
692 973 880 1034 Posse
924 992 1075 1036 vero
1117 993 1256 1036 esse
1303 974 1369 1035 in
1417 975 1555 1036 loco
1606 974 1828 1054 maj0ri
1873 975 1972 1036 vel

473 1071 732 1146 minori,
767 1080 922 1154 puto
953 1073 1120 1154 quod
1153 1072 1372 1135 differt
1401 1081 1464 1135 et
1491 1073 1721 1135 accidit
1753 1092 1976 1135 secun-

472 1172 628 1233 dum
660 1172 964 1234 virtutem
999 1171 1302 1252 majorem
1335 1172 1470 1234 sive
1503 1173 1851 1248 minorem3
1884 1190 1976 1234 es-

473 1289 544 1332 se
583 1279 796 1332 autem
842 1270 908 1332 in
954 1277 1085 1332 toto
1127 1271 1228 1333 vel
1276 1271 1339 1332 in
1387 1278 1564 1352 parte
1608 1270 1728 1333 loci
1777 1269 1970 1344 illius,

475 1375 632 1449 puto
692 1368 860 1449 quod
915 1369 997 1430 sit
1051 1368 1116 1430 in
1171 1368 1378 1450 angeli
1433 1370 1778 1441 voluntate,
1823 1385 1974 1449 quo-

473 1467 650 1529 niam
680 1467 883 1530 virtus
925 1467 1034 1530 illa
1062 1468 1372 1531 voluntati
1413 1467 1845 1531 conformatur
1883 1487 1976 1530 se-

473 1568 758 1629 cundum
801 1566 1185 1646 exigentiam
1225 1567 1513 1630 actionis.
1549 1567 1691 1630 Haec
1729 1567 1968 1630 PetruS.

555 1665 850 1746 Amplius
897 1664 1246 1728 Richardus
1297 1683 1551 1747 quoque
1603 1664 1857 1727 videtur
1907 1664 1971 1726 in

475 1765 707 1827 horum
763 1764 1084 1826 decisione
1143 1784 1180 1826 a
1237 1763 1553 1845 positione
1613 1765 1722 1826 illa
1779 1782 1970 1845 quam

2089 776 2393 856 efficere3
2426 777 2710 842 formalis
2751 797 2901 842 vero
2938 779 3099 841 ratio
3143 779 3335 860 hujus
3379 779 3582 861 appli-

2088 875 2379 950 cationis,
2420 885 2515 938 est
2567 877 2919 939 simuleitas
2970 877 3179 958 angeli
3232 896 3380 939 cum
3441 877 3581 940 loco

2085 981 2193 1034 aut
2242 974 2463 1049 locato,
2508 976 3045 1057 quemadmodum
3090 975 3377 1038 formalis
3423 976 3581 1038 ratio

2086 1073 2533 1154 applicationis
2572 1074 2917 1156 corporalis
2958 1075 3051 1136 rei
3090 1075 3165 1136 ad
3210 1075 3443 1147 locum,
3485 1081 3581 1137 est

2087 1169 2614 1253 circumscriptio.
2650 1173 2743 1234 Ad
2783 1173 3219 1235 auctoritatem
3251 1190 3401 1235 vero
3430 1173 3581 1235 Boe-

2087 1268 2157 1330 tii
2192 1277 2382 1350 atque
2414 1270 2779 1333 consimiles
2809 1279 3162 1334 asserentes
3195 1272 3363 1353 quod
3394 1289 3581 1352 ange-

2089 1365 2131 1426 li
2165 1384 2293 1428 non
2324 1368 2452 1429 sint
2484 1368 2549 1431 in
2584 1369 2740 1443 loco,
2774 1370 3117 1431 dicendum
3157 1370 3325 1451 quod
3356 1369 3579 1433 volunt

2085 1466 2345 1546 angelos
2375 1484 2502 1529 non
2541 1486 2679 1530 esse
2720 1469 2783 1530 in
2828 1468 2967 1530 loco
3006 1468 3574 1550 circumscriptive.

2087 1599 2170 1610 —
2205 1565 2346 1626 Haec
2390 1565 2756 1628 RicharduS.

2168 1662 2454 1745 Denique
2492 1664 2569 1726 ad
2603 1666 3015 1746 quaestionem
3058 1667 3244 1740 hanc,
3276 1685 3354 1727 an
3397 1684 3583 1747 ange-

2089 1761 2189 1824 lus
2226 1761 2306 1822 sit
2349 1761 2413 1822 in
2454 1763 2658 1843 spatio
2695 1762 2795 1825 vel
2836 1764 2898 1825 in
2940 1764 3157 1845 aliquo
3204 1763 3579 1846 impartibili

471 1862 786 1944 approbat
837 1863 1106 1925 Thomas
1153 1863 1448 1924 recedere
1491 1880 1506 1924 ε
1551 1863 1839 1936 Quidam,
1883 1861 1974 1924 in·
2010 1860 2058 1922 B
2089 1859 2292 1941 ipsius
2334 1859 2544 1941 spatii,
2581 1862 2915 1942 respondet
2948 1863 3297 1926 Richardus
3332 1881 3346 1926 :
3379 1863 3581 1944 Ange-

473 1961 721 2042 quiens,
741 1959 964 2022 dicunt
993 1958 1290 2040 angelum
1320 1960 1458 2022 sine
1489 1968 1817 2042 assumpto
1847 1977 1976 2022 cor-

475 2076 630 2140 pore
669 2075 799 2120 non
847 2076 986 2120 esse
1041 2057 1106 2119 in
1164 2057 1304 2120 loco
1343 2077 1356 2122 :
1399 2075 1674 2140 quorum
1729 2057 1971 2139 opinio-

475 2157 542 2218 ni
586 2155 962 2218 contradicit
999 2157 1338 2218 auctoritas
1381 2165 1445 2218 et
1487 2156 1665 2218 ratio.
1714 2155 1973 2220 Strabus

476 2255 650 2317 enim
681 2262 739 2316 ct
775 2254 941 2316 Beda
980 2254 1240 2317 Genesis
1279 2254 1490 2336 primo
1529 2253 1770 2328 dicunt,
1804 2255 1974 2336 quod

475 2353 710 2416 coelum
772 2371 1148 2435 empyreum
1204 2351 1468 2427 factum,
1533 2369 1679 2414 mox
1738 2353 1974 2415 sanctis

474 2435 842 2532 angelis'est
876 2450 1223 2532 repletum3
1253 2459 1314 2512 et
1347 2457 1612 2521 constat,
1646 2451 1816 2531 quod
1847 2467 1973 2512 non

479 2548 845 2630 intelligunt
883 2549 1002 2610 boc
1042 2546 1240 2610 fuisse
1286 2567 1400 2630 per
1441 2548 1722 2629 aliquam
1761 2565 1977 2629 opera-

479 2647 716 2709 tionem
761 2647 1018 2709 illorum
1059 2647 1230 2709 circa
1268 2647 1480 2709 locum
1513 2646 1716 2708 illum.
1755 2646 1876 2708 Sed
1913 2653 1977 2708 et

477 2745 656 2826 Hugo
699 2746 907 2828 primo
945 2746 1023 2808 de
1063 2745 1506 2818 SacramentiS,
1550 2753 1726 2826 parte
1768 2744 1973 2818 tertia,

476 2845 846 2927 opinionem
897 2842 1070 2906 illam
1126 2842 1502 2923 redarguere
1548 2843 1820 2916 videtur,
1873 2861 1978 2905 ex·

478 2963 695 3026 presse
739 2942 1010 3004 dicendo
1051 2959 1066 3003 :
1107 2941 1246 3004 Non
1287 2941 1506 3021 ignoro
1546 2943 1852 3023 quosdam
1897 2941 1977 3002 ab

2088 1958 2188 2020 lus
2230 1966 2323 2021 est
2357 1957 2419 2020 in
2452 1958 2658 2040 spatio
2696 1960 3028 2041 corporali,
3063 1960 3150 2022 ita
3189 1961 3357 2042 quod
3398 1960 3579 2023 cuili-

2087 2057 2196 2119 bet
2226 2056 2387 2138 parti
2422 2057 2596 2119 illius
2631 2058 2816 2140 spatii
2851 2067 3058 2140 potest
3086 2078 3227 2122 esse
3258 2079 3535 2141 praesens
3561 2079 3577 2138 3

2086 2163 2150 2217 et
2194 2165 2288 2218 est
2332 2156 2480 2218 dare
2526 2157 2867 2219 terminum
2912 2157 2975 2220 in
3025 2159 3251 2239 majuS,
3297 2159 3407 2221 sed
3452 2177 3580 2222 non

2088 2253 2152 2316 in
2200 2255 2455 2333 minus3
2500 2262 2721 2335 estque
2771 2264 2938 2317 totus
2989 2275 3265 2338 praesens
3314 2257 3582 2320 cuilibet

2087 2352 2275 2434 spatii
2318 2354 2499 2434 part-i.
2536 2353 2643 2416 Est
2682 2353 2853 2416 enim
2894 2353 3271 2436 simplicitas
3312 2356 3583 2436 quadru-

2088 2451 2255 2533 plex.
2299 2451 2431 2514 Una
2476 2458 2571 2513 est
2619 2451 2910 2532 negativa
2958 2452 3412 2533 magnitudinis
3453 2473 3468 2518 ε
3512 2460 3584 2514 ut

2089 2557 2185 2612 est
2233 2548 2611 2630 simplicitas
2660 2550 2905 2632 puncti,
2956 2551 3067 2632 qui
3118 2569 3235 2613 nec
3283 2558 3581 2613 extensus

2090 2655 2207 2718 est,
2254 2665 2371 2708 nec
2416 2654 2599 2728 aptus
2644 2647 2917 2709 extendi.
2962 2648 3247 2710 Secunda
3293 2658 3387 2712 est
3431 2649 3582 2710 sim-

2091 2743 2344 2825 plicitas
2386 2743 2840 2824 magnitudinis
2890 2744 3201 2826 privativa
3243 2763 3258 2807 :
3301 2753 3370 2807 ut
3417 2755 3585 2808 esset

2091 2841 2469 2923 simplicitas
2526 2841 2896 2904 substantiae
2955 2843 3299 2925 corporalis
3356 2844 3409 2906 si
3469 2863 3584 2927 per

2091 2940 2620 3021 omnipotentiam
2669 2940 2979 3004 Creatoris
3023 2949 3187 3004 esset
3232 2949 3289 3004 et
3338 2959 3586 3006 conser-

477 3043 652 3105 omni
693 3041 926 3125 spiritu
965 3039 1177 3120 locum
1210 3040 1654 3103 universaliter
1693 3057 1974 3102 remove·
2017 3041 2060 3104 C
2091 3046 2347 3101 varetur
2402 3057 2439 3100 a
2496 3037 3007 3102 dimensionibus
3065 3049 3372 3124 separata,
3434 3041 3585 3123 quia

477 3162 572 3215 re,
604 3139 756 3222 quia
785 3140 1136 3202 secundum
1170 3138 1636 3202 dimensionem
1676 3138 1884 3201 solum
1915 3147 1978 3200 et

475 3238 1144 3320 circumscriptionem
1170 3238 1560 3319 corporalem
1590 3237 1800 3299 locum
1829 3255 1976 3299 cou-

477 3347 646 3401 stare
692 3337 1059 3419 probarunt.
1111 3337 1231 3399 Sed
1278 3337 1505 3399 horum
1556 3334 1979 3398 consideratio

476 3456 516 3499 a
545 3435 874 3499 communi
897 3435 1314 3499 aestimatione
1346 3444 1403 3497 et
1440 3434 1859 3516 possibilitate
1891 3433 1979 3495 ni-

481 3534 606 3597 mis
653 3532 936 3596 recessit.
980 3569 1062 3579 —
1109 3534 1263 3595 ltem
1316 3531 1680 3614 praedictam
1731 3531 1977 3613 opinio·

479 3653 628 3696 nem
685 3631 1202 3713 dogmatizanteS,
1254 3650 1292 3693 a
1343 3630 1601 3693 domino
1660 3631 1979 3713 Stephano

479 3732 786 3815 episcopo
831 3730 1170 3794 Parisiensi
1221 3738 1371 3792 sunt
1418 3729 1972 3793 excommunicati.

563 3830 742 3893 Ratio
771 3830 964 3891 etiam
996 3836 1215 3891 contra
1243 3847 1384 3890 eam
1414 3834 1530 3901 est,
1556 3827 1857 3909 quoniam
1889 3846 1983 3889 or·

477 3930 632 3993 dine
674 3936 916 3991 naturae
954 3926 1132 4009 prius
1175 3926 1450 4008 applicat
1493 3925 1756 4007 angelus
1798 3945 1976 3988 suam

479 4028 788 4089 virtutem
818 4025 960 4089 orbi
989 4043 1102 4088 seu
1134 4023 1355 4087 mobili
1387 4024 1770 4105 cuicumque
1810 4024 1979 4105 quod

483 4134 720 4201 movet,
752 4144 945 4207 quam
978 4141 1232 4187 movere·
1264 4122 1529 4205 incipiat
1559 4141 1572 4183 :
1601 4140 1750 4203 ergo
1780 4121 1981 4203 appli-

2091 3145 2245 3199 tunc
2293 3144 2439 3199 nata
2485 3144 2653 3200 esset
2701 3138 2975 3200 extendi.
3029 3139 3237 3202 Tertia
3286 3148 3382 3202 est
3429 3139 3584 3202 sim-

2091 3235 2344 3317 plicitas
2384 3235 2830 3297 immensitatis
2870 3236 3222 3319 spiritualis
3264 3237 3533 3320 positiva
3566 3257 3580 3303 :

2090 3353 2233 3415 quae
2262 3340 2358 3395 est
2388 3332 2764 3414 simplicitas
2796 3334 2931 3407 Dei,
2952 3335 3061 3415 qui
3095 3335 3188 3397 sic
3220 3335 3410 3398 habet·
3439 3336 3587 3398 sim-

2094 3431 2441 3513 plicitatem
2473 3436 2536 3492 et
2561 3430 3078 3506 immensitatem,
3102 3433 3271 3513 quod
3302 3451 3413 3495 sua
3444 3434 3589 3495 sim-

2093 3529 2344 3611 plicitas
2382 3536 2479 3590 est
2518 3528 2696 3610 quasi
2738 3528 2895 3591 ratio
2946 3548 3075 3592 suae
3114 3530 3580 3592 immensitatis,

2091 3627 2321 3699 Quarta
2377 3633 2473 3688 est
2530 3625 2908 3706 simplicitas
2978 3626 3249 3707 positiva
3310 3625 3585 3706 alicujus

2093 3723 2551 3805 magnitudinis
2620 3722 2993 3805 spiritualis,
3056 3731 3265 3786 tamen
3330 3723 3583 3786 infinite

2092 3822 2454 3886 deficientis
2490 3842 2526 3884 a
2560 3821 2671 3884 Dei
2708 3821 3135 3885 immensitate
3171 3840 3185 3885 :
3224 3830 3286 3884 et
3322 3822 3456 3885 hmo
3489 3830 3583 3884 est

2091 3920 2471 4003 simplicitas
2523 3920 2787 4001 spiritus
2849 3920 3065 3993 creati,
3121 3928 3190 3981 ut
3244 3920 3472 3983 animae
3522 3928 3586 3981 et

2091 4019 2324 4101 angeli,
2373 4017 2482 4100 qui
2530 4036 2643 4100 per
2684 4018 2846 4081 hanc
2890 4018 3289 4100 spiritualem
3338 4018 3583 4100 simpli-

2093 4118 2350 4180 citatem
2407 4134 2478 4177 ac
2530 4114 2761 4178 divinae
2810 4114 3259 4178 immensitatis
3305 4115 3586 4197 aliquan-

481 4223 648 4287 catio
681 4223 790 4285 illa
823 4221 1255 4304 operationem
1292 4219 1610 4302 praecedit.
1646 4220 1980 4300 Quumque
2012 4218 2061 4280 D
2093 4216 2291 4278 tulam
2336 4213 2754 4275 imitationem
2794 4213 2881 4275 ita
2919 4220 3185 4295 possunt
3221 4214 3441 4277 adesse
3478 4214 3588 4276 ali-

479 4322 688 4385 virtus
731 4320 841 4383 illa
884 4321 966 4382 sit
1013 4319 1078 4381 in
1120 4318 1396 4381 essentia
1441 4318 1672 4399 angeli,
1719 4317 1980 4399 angelus

485 4439 599 4501 per
629 4438 810 4481 suam
849 4416 1190 4481 essentiam
1232 4416 1410 4499 prius
1452 4404 1643 4497 quam
1685 4434 1798 4497 per
1837 4432 1983 4496 ope-

487 4516 796 4580 rationem
840 4515 1198 4597 applicatur
1241 4512 1486 4576 mobili.

567 4616 712 4677 Ideo
747 4613 902 4675 mihi
941 4612 1214 4684 videtur,
1246 4612 1416 4693 quod
1454 4610 1716 4691 angelus
1758 4618 1983 4692 praeter

488 4732 744 4775 omnem
798 4710 1234 4793 operationem
1289 4728 1480 4790 quam
1534 4708 1762 4770 habeat
1815 4708 1985 4770 circa

491 4811 723 4884 locum,
759 4809 837 4871 sit
870 4807 1204 4871 definitive
1245 4806 1310 4868 in
1355 4807 1509 4870 loco.
1547 4806 1615 4867 Et
1661 4805 1712 4867 si
1749 4825 1985 4888 quaera-

493 4919 594 4972 tur
623 4908 784 4970 ratio
816 4905 1264 4988 applicationis
1300 4925 1430 4967 suaa
1465 4904 1541 4965 ad
1574 4904 1808 4977 locum,
1843 4904 1984 4966 dico

492 5006 656 5089 quod
695 5004 856 5067 ratio
893 5002 1339 5087 applicationis
1380 5000 1696 5074 efficiens,
1741 5008 1833 5063 est
1873 5020 1987 5063 sua

493 5106 784 5168 voluntas
838 5102 1160 5183 imperans
1209 5107 1272 5162 et
1319 5118 1434 5161 sua
1486 5099 1765 5181 potentia
1813 5118 1987 5161 exse-

495 5220 716 5283 quenS,
771 5198 872 5263 vel
921 5196 1386 5279 omnipotentia
1432 5196 1580 5275 Dei;
1633 5196 1790 5258 ratio
1841 5214 1989 5259 vero

496 5298 730 5373 finalis,
765 5303 859 5360 est
891 5294 1095 5375 major
1125 5294 1336 5357 unitas
1371 5294 1676 5368 universi,
1711 5292 1808 5355 vel
1842 5293 1992 5375 quia

2094 4310 2197 4372 cui
2232 4308 2438 4391 spatio
2468 4308 2581 4371 toti
2614 4306 2829 4381 simul,
2864 4308 3033 4389 quod
3074 4307 3265 4370 etiam
3306 4308 3419 4371 toti
3458 4308 3589 4371 sint

2095 4408 2160 4470 in
2202 4406 2488 4489 qualibet
2525 4405 2667 4486 ejus
2708 4412 2905 4487 part-e.
2946 4441 3027 4451 —
3065 4405 3129 4467 Si
3166 4413 3379 4468 autem
3419 4426 3589 4488 quae-

2095 4514 2289 4579 ratur,
2322 4524 2401 4566 an
2442 4501 2703 4583 angelus
2744 4503 2826 4564 sit
2867 4502 2929 4564 in
2975 4509 3233 4584 puncto,
3265 4523 3465 4585 quum
3507 4511 3592 4565 ta-

2096 4622 2245 4665 men
2275 4601 2483 4664 anima
2514 4618 2639 4663 non
2673 4608 2944 4682 ponatur
2973 4601 3037 4662 in
3068 4601 3282 4682 aliquo
3310 4601 3592 4682 corporis

2096 4708 2376 4784 puncto;
2408 4700 2630 4761 dicunt
2658 4699 2942 4780 quidam,
2975 4700 3142 4780 quod
3176 4698 3587 4772 indivisibile,

2097 4801 2263 4863 sicut
2310 4805 2607 4880 punctuS,
2654 4814 2780 4858 non
2827 4804 2923 4859 est
2968 4795 3165 4869 locus,
3211 4796 3351 4857 ideo
3401 4795 3464 4858 in
3515 4814 3591 4858 eo

2097 4917 2224 4961 non
2265 4904 2361 4959 est
2398 4894 2683 4976 angelus,
2722 4892 3071 4976 praesertim
3111 4912 3309 4975 quum
3353 4892 3591 4974 magni·

2101 4996 2386 5058 tudinem
2434 4992 2663 5055 babeat
2711 4990 3129 5073 spiritualem.
3173 4990 3295 5051 Alii
3346 4989 3588 5064 dicunt,

2099 5094 2270 5175 quod
2310 5091 2603 5174 quamvis
2642 5098 2918 5172 punctus
2958 5106 3085 5150 non
3125 5088 3207 5150 sit
3248 5088 3443 5161 locuS,
3484 5108 3594 5150 an-

2099 5192 2278 5272 gelus
2335 5200 2541 5251 tamcn
2597 5194 2855 5269 propter
2903 5205 3083 5249 suam
3137 5186 3593 5249 indivisibilem

2101 5287 2573 5371 simplicitatem
2604 5293 2805 5368 potest
2835 5304 2974 5349 esse
3006 5286 3070 5347 in
3096 5293 3351 5368 puncto.
3376 5286 3599 5361 Quam-
