<?xml version="1.0" encoding="UTF-8"?>
<!DOCTYPE html PUBLIC "-//W3C//DTD XHTML 1.0 Transitional//EN"
    "http://www.w3.org/TR/xhtml1/DTD/xhtml1-transitional.dtd">
<html xmlns="http://www.w3.org/1999/xhtml" xml:lang="en" lang="en">
 <head>
  <title>
</title>
<meta http-equiv="Content-Type" content="text/html;charset=utf-8" />
  <meta name='ocr-system' content='tesseract 3.04.00' />
  <meta name='ocr-capabilities' content='ocr_page ocr_carea ocr_par ocr_line ocrx_word'/>
</head>
<body>
  <div class='ocr_page' id='page_1' title='image "./doctorisecstati11unkngoog_0586.png"; bbox 0 0 4359 6250; ppageno 0'>
   <div class='ocr_carea' id='block_1_1' title="bbox 597 2749 865 2801">
    <p class='ocr_par' dir='ltr' id='par_1_1' title="bbox 597 2749 865 2801">
     <span class='ocr_line' id='line_1_1' title="bbox 597 2749 865 2801; baseline 0.004 -9"><span class='ocrx_word' id='word_1_1' title='bbox 597 2749 677 2794; x_wconf 76' lang='lat'><strong>1²8.</strong></span> <span class='ocrx_word' id='word_1_2' title='bbox 697 2763 805 2801; x_wconf 75' lang='lat' dir='ltr'><strong>mu,</strong></span> <span class='ocrx_word' id='word_1_3' title='bbox 825 2753 865 2794; x_wconf 91' lang='grc'><strong>7.</strong></span> 
     </span>
    </p>
   </div>
   <div class='ocr_carea' id='block_1_2' title="bbox 597 2867 868 2985">
    <p class='ocr_par' dir='ltr' id='par_1_2' title="bbox 597 2867 868 2985">
     <span class='ocr_line' id='line_1_2' title="bbox 652 2867 845 2922; baseline 0 -12"><span class='ocrx_word' id='word_1_4' title='bbox 652 2869 762 2922; x_wconf 75' lang='lat' dir='ltr'><strong>Aug.</strong></span> <span class='ocrx_word' id='word_1_5' title='bbox 789 2867 845 2910; x_wconf 81' lang='lat' dir='ltr'><strong>de</strong></span> 
     </span>
     <span class='ocr_line' id='line_1_3' title="bbox 597 2929 868 2985; baseline -0.007 -11"><span class='ocrx_word' id='word_1_6' title='bbox 597 2930 802 2985; x_wconf 64' lang='lat' dir='ltr'><strong>Symboio</strong></span> <span class='ocrx_word' id='word_1_7' title='bbox 812 2929 868 2972; x_wconf 75' lang='lat' dir='ltr'><strong>ad</strong></span> 
     </span>
    </p>
   </div>
   <div class='ocr_carea' id='block_1_3' title="bbox 901 463 3097 532">
    <p class='ocr_par' dir='ltr' id='par_1_3' title="bbox 901 463 3097 532">
     <span class='ocr_line' id='line_1_4' title="bbox 901 463 3097 532; baseline -0.001 -1"><span class='ocrx_word' id='word_1_8' title='bbox 901 463 1021 532; x_wconf 71' lang='lat'><strong>574</strong></span> <span class='ocrx_word' id='word_1_9' title='bbox 1823 483 2000 532; x_wconf 73' lang='lat' dir='ltr'><strong>unna</strong></span> <span class='ocrx_word' id='word_1_10' title='bbox 2041 485 2061 530; x_wconf 90' lang='lat'>1</span> <span class='ocrx_word' id='word_1_11' title='bbox 2104 480 2587 530; x_wconf 69' lang='lat' dir='ltr'><strong>ssnrammnuu.</strong></span> <span class='ocrx_word' id='word_1_12' title='bbox 2632 502 2713 512; x_wconf 90' lang='lat'>—</span> <span class='ocrx_word' id='word_1_13' title='bbox 2752 483 2905 530; x_wconf 80' lang='lat' dir='ltr'><strong>msr.</strong></span> <span class='ocrx_word' id='word_1_14' title='bbox 2950 481 3097 530; x_wconf 72' lang='lat' dir='ltr'><strong>nm</strong></span> 
     </span>
    </p>
   </div>
   <div class='ocr_carea' id='block_1_4' title="bbox 893 659 4011 2370">
    <p class='ocr_par' dir='ltr' id='par_1_4' title="bbox 899 659 4011 1437">
     <span class='ocr_line' id='line_1_5' title="bbox 901 659 4011 740; baseline 0 -17"><span class='ocrx_word' id='word_1_15' title='bbox 901 660 1095 738; x_wconf 82' lang='lat' dir='ltr'><strong>Item,</strong></span> <span class='ocrx_word' id='word_1_16' title='bbox 1151 660 1316 722; x_wconf 89' lang='lat' dir='ltr'><strong>ratio</strong></span> <span class='ocrx_word' id='word_1_17' title='bbox 1370 661 1469 722; x_wconf 91' lang='lat' dir='ltr'><strong>est</strong></span> <span class='ocrx_word' id='word_1_18' title='bbox 1516 675 1668 722; x_wconf 92' lang='lat' dir='ltr'><strong>eum</strong></span> <span class='ocrx_word' id='word_1_19' title='bbox 1717 659 2047 721; x_wconf 85' lang='lat' dir='ltr'>dimittere</span> <span class='ocrx_word' id='word_1_20' title='bbox 2103 659 2280 740; x_wconf 90' lang='lat' dir='ltr'><strong>quod</strong></span> <span class='ocrx_word' id='word_1_21' title='bbox 2336 659 2635 737; x_wconf 83' lang='lat' dir='ltr'><strong>dimittit,</strong></span> <span class='ocrx_word' id='word_1_22' title='bbox 2687 660 2751 722; x_wconf 91' lang='lat' dir='ltr'><strong>et</strong></span> <span class='ocrx_word' id='word_1_23' title='bbox 2806 675 2936 721; x_wconf 87' lang='lat' dir='ltr'><strong>non</strong></span> <span class='ocrx_word' id='word_1_24' title='bbox 2984 660 3202 738; x_wconf 90' lang='lat' dir='ltr'><strong>potest</strong></span> <span class='ocrx_word' id='word_1_25' title='bbox 3256 675 3387 720; x_wconf 91' lang='lat' dir='ltr'><strong>non</strong></span> <span class='ocrx_word' id='word_1_26' title='bbox 3444 659 3775 722; x_wconf 83' lang='lat' dir='ltr'><strong>dimittere</strong></span> <span class='ocrx_word' id='word_1_27' title='bbox 3832 659 4011 739; x_wconf 85' lang='lat' dir='ltr'><strong>quod</strong></span> 
     </span>
     <span class='ocr_line' id='line_1_6' title="bbox 901 775 4008 856; baseline -0.001 -16"><span class='ocrx_word' id='word_1_28' title='bbox 901 777 1068 840; x_wconf 90' lang='lat' dir='ltr'><strong>ratio</strong></span> <span class='ocrx_word' id='word_1_29' title='bbox 1108 779 1206 839; x_wconf 88' lang='lat' dir='ltr'><strong>est</strong></span> <span class='ocrx_word' id='word_1_30' title='bbox 1245 793 1398 840; x_wconf 90' lang='lat' dir='ltr'><strong>eum</strong></span> <span class='ocrx_word' id='word_1_31' title='bbox 1448 776 1778 839; x_wconf 83' lang='lat' dir='ltr'><strong>dimittere</strong></span> <span class='ocrx_word' id='word_1_32' title='bbox 1822 796 1835 836; x_wconf 76' lang='grc' dir='ltr'>ε</span> <span class='ocrx_word' id='word_1_33' title='bbox 1879 777 1943 837; x_wconf 91' lang='lat' dir='ltr'><strong>et</strong></span> <span class='ocrx_word' id='word_1_34' title='bbox 1981 775 2073 838; x_wconf 90' lang='lat' dir='ltr'><strong>ita</strong></span> <span class='ocrx_word' id='word_1_35' title='bbox 2119 793 2253 838; x_wconf 90' lang='lat' dir='ltr'><strong>non</strong></span> <span class='ocrx_word' id='word_1_36' title='bbox 2300 777 2518 856; x_wconf 89' lang='lat' dir='ltr'><strong>potest</strong></span> <span class='ocrx_word' id='word_1_37' title='bbox 2554 793 2687 838; x_wconf 90' lang='lat' dir='ltr'><strong>non</strong></span> <span class='ocrx_word' id='word_1_38' title='bbox 2734 775 3064 838; x_wconf 84' lang='lat' dir='ltr'><strong>dimittere</strong></span> <span class='ocrx_word' id='word_1_39' title='bbox 3112 775 3290 856; x_wconf 88' lang='lat' dir='ltr'><strong>quod</strong></span> <span class='ocrx_word' id='word_1_40' title='bbox 3328 775 3634 839; x_wconf 88' lang='lat' dir='ltr'><strong>dimittit.</strong></span> <span class='ocrx_word' id='word_1_41' title='bbox 3676 811 3767 821; x_wconf 90' lang='lat'><strong>——</strong></span> <span class='ocrx_word' id='word_1_42' title='bbox 3804 777 3894 838; x_wconf 87' lang='lat' dir='ltr'><strong>Et</strong></span> <span class='ocrx_word' id='word_1_43' title='bbox 3930 777 4008 838; x_wconf 85' lang='lat' dir='ltr'><strong>ad</strong></span> 
     </span>
     <span class='ocr_line' id='line_1_7' title="bbox 901 891 4011 974; baseline -0.001 -18"><span class='ocrx_word' id='word_1_44' title='bbox 901 893 1027 956; x_wconf 92' lang='lat' dir='ltr'><strong>hoc</strong></span> <span class='ocrx_word' id='word_1_45' title='bbox 1085 893 1391 972; x_wconf 82' lang='lat' dir='ltr'><strong>dicimus,</strong></span> <span class='ocrx_word' id='word_1_46' title='bbox 1451 893 1819 956; x_wconf 91' lang='lat' dir='ltr'><strong>locutiones</strong></span> <span class='ocrx_word' id='word_1_47' title='bbox 1875 892 2221 972; x_wconf 89' lang='lat' dir='ltr'><strong>ambiguas</strong></span> <span class='ocrx_word' id='word_1_48' title='bbox 2279 910 2444 972; x_wconf 90' lang='lat' dir='ltr'><strong>esse,</strong></span> <span class='ocrx_word' id='word_1_49' title='bbox 2499 893 2561 954; x_wconf 86' lang='lat' dir='ltr'><strong>et</strong></span> <span class='ocrx_word' id='word_1_50' title='bbox 2620 891 2767 954; x_wconf 91' lang='lat' dir='ltr'><strong>ideo</strong></span> <span class='ocrx_word' id='word_1_51' title='bbox 2823 891 3371 955; x_wconf 83' lang='lat' dir='ltr'><strong>determinandas.</strong></span> <span class='ocrx_word' id='word_1_52' title='bbox 3426 892 3495 956; x_wconf 85' lang='lat' dir='ltr'><strong>Si</strong></span> <span class='ocrx_word' id='word_1_53' title='bbox 3556 893 3733 955; x_wconf 89' lang='lat' dir='ltr'><strong>euim</strong></span> <span class='ocrx_word' id='word_1_54' title='bbox 3798 910 4011 974; x_wconf 91' lang='lat' dir='ltr'><strong>quum</strong></span> 
     </span>
     <span class='ocr_line' id='line_1_8' title="bbox 902 1007 4011 1090; baseline 0 -20"><span class='ocrx_word' id='word_1_55' title='bbox 902 1007 1163 1088; x_wconf 87' lang='lat' dir='ltr'><strong>dicitur,</strong></span> <span class='ocrx_word' id='word_1_56' title='bbox 1197 1009 1346 1071; x_wconf 91' lang='lat' dir='ltr'><strong>Non</strong></span> <span class='ocrx_word' id='word_1_57' title='bbox 1383 1009 1601 1090; x_wconf 89' lang='lat' dir='ltr'><strong>potest</strong></span> <span class='ocrx_word' id='word_1_58' title='bbox 1639 1009 1848 1072; x_wconf 85' lang='lat' dir='ltr'><strong>facere</strong></span> <span class='ocrx_word' id='word_1_59' title='bbox 1887 1008 2016 1070; x_wconf 91' lang='lat' dir='ltr'><strong>nisi</strong></span> <span class='ocrx_word' id='word_1_60' title='bbox 2056 1008 2233 1088; x_wconf 89' lang='lat' dir='ltr'><strong>quod</strong></span> <span class='ocrx_word' id='word_1_61' title='bbox 2276 1008 2443 1070; x_wconf 89' lang='lat' dir='ltr'><strong>ratio</strong></span> <span class='ocrx_word' id='word_1_62' title='bbox 2482 1008 2581 1070; x_wconf 87' lang='lat' dir='ltr'><strong>est</strong></span> <span class='ocrx_word' id='word_1_63' title='bbox 2619 1024 2770 1070; x_wconf 91' lang='lat' dir='ltr'><strong>eum</strong></span> <span class='ocrx_word' id='word_1_64' title='bbox 2812 1007 3043 1087; x_wconf 87' lang='lat' dir='ltr'><strong>facere,</strong></span> <span class='ocrx_word' id='word_1_65' title='bbox 3086 1007 3413 1088; x_wconf 82' lang='lat' dir='ltr'><strong>intelligas</strong></span> <span class='ocrx_word' id='word_1_66' title='bbox 3450 1025 3604 1071; x_wconf 90' lang='lat' dir='ltr'><strong>eum</strong></span> <span class='ocrx_word' id='word_1_67' title='bbox 3644 1025 3775 1070; x_wconf 92' lang='lat' dir='ltr'><strong>non</strong></span> <span class='ocrx_word' id='word_1_68' title='bbox 3814 1025 4011 1088; x_wconf 85' lang='lat' dir='ltr'><strong>posse</strong></span> 
     </span>
     <span class='ocr_line' id='line_1_9' title="bbox 901 1123 4011 1208; baseline 0 -22"><span class='ocrx_word' id='word_1_69' title='bbox 901 1123 1111 1187; x_wconf 87' lang='lat' dir='ltr'><strong>facere</strong></span> <span class='ocrx_word' id='word_1_70' title='bbox 1151 1125 1278 1187; x_wconf 89' lang='lat' dir='ltr'><strong>nisi</strong></span> <span class='ocrx_word' id='word_1_71' title='bbox 1317 1141 1394 1187; x_wconf 87' lang='lat' dir='ltr'><strong>ea</strong></span> <span class='ocrx_word' id='word_1_72' title='bbox 1430 1142 1578 1205; x_wconf 87' lang='lat' dir='ltr'><strong>quae</strong></span> <span class='ocrx_word' id='word_1_73' title='bbox 1616 1124 2031 1208; x_wconf 66' lang='lat' dir='ltr'><strong>rationabilia</strong></span> <span class='ocrx_word' id='word_1_74' title='bbox 2067 1125 2245 1202; x_wconf 88' lang='lat' dir='ltr'><strong>sunt,</strong></span> <span class='ocrx_word' id='word_1_75' title='bbox 2279 1125 2343 1186; x_wconf 94' lang='lat' dir='ltr'><strong>et</strong></span> <span class='ocrx_word' id='word_1_76' title='bbox 2380 1141 2457 1186; x_wconf 90' lang='lat' dir='ltr'><strong>ea</strong></span> <span class='ocrx_word' id='word_1_77' title='bbox 2494 1140 2641 1204; x_wconf 86' lang='lat' dir='ltr'><strong>quae</strong></span> <span class='ocrx_word' id='word_1_78' title='bbox 2678 1123 2736 1185; x_wconf 91' lang='lat' dir='ltr'><strong>si</strong></span> <span class='ocrx_word' id='word_1_79' title='bbox 2775 1123 3024 1202; x_wconf 92' lang='lat' dir='ltr'><strong>fierent,</strong></span> <span class='ocrx_word' id='word_1_80' title='bbox 3057 1123 3469 1186; x_wconf 82' lang='lat' dir='ltr'><strong>rationabilia</strong></span> <span class='ocrx_word' id='word_1_81' title='bbox 3517 1127 3770 1205; x_wconf 84' lang='lat' dir='ltr'><strong>essent3</strong></span> <span class='ocrx_word' id='word_1_82' title='bbox 3814 1142 4011 1187; x_wconf 87' lang='lat' dir='ltr'><strong>verus</strong></span> 
     </span>
     <span class='ocr_line' id='line_1_10' title="bbox 901 1239 4007 1321; baseline -0.001 -18"><span class='ocrx_word' id='word_1_83' title='bbox 901 1242 1000 1303; x_wconf 89' lang='lat' dir='ltr'><strong>est</strong></span> <span class='ocrx_word' id='word_1_84' title='bbox 1037 1258 1293 1304; x_wconf 85' lang='lat' dir='ltr'><strong>sensuS.</strong></span> <span class='ocrx_word' id='word_1_85' title='bbox 1323 1241 1392 1305; x_wconf 89' lang='lat' dir='ltr'><strong>Si</strong></span> <span class='ocrx_word' id='word_1_86' title='bbox 1431 1245 1649 1304; x_wconf 85' lang='lat' dir='ltr'><strong>autem</strong></span> <span class='ocrx_word' id='word_1_87' title='bbox 1703 1241 2032 1321; x_wconf 84' lang='lat' dir='ltr'><strong>intelligas</strong></span> <span class='ocrx_word' id='word_1_88' title='bbox 2077 1257 2231 1303; x_wconf 90' lang='lat' dir='ltr'><strong>eum</strong></span> <span class='ocrx_word' id='word_1_89' title='bbox 2268 1256 2401 1302; x_wconf 92' lang='lat' dir='ltr'><strong>non</strong></span> <span class='ocrx_word' id='word_1_90' title='bbox 2438 1256 2633 1320; x_wconf 86' lang='lat' dir='ltr'><strong>posse</strong></span> <span class='ocrx_word' id='word_1_91' title='bbox 2672 1239 2882 1302; x_wconf 88' lang='lat' dir='ltr'><strong>facere</strong></span> <span class='ocrx_word' id='word_1_92' title='bbox 2930 1240 3058 1302; x_wconf 86' lang='lat' dir='ltr'><strong>alia</strong></span> <span class='ocrx_word' id='word_1_93' title='bbox 3110 1239 3524 1302; x_wconf 86' lang='lat' dir='ltr'><strong>rationabilia</strong></span> <span class='ocrx_word' id='word_1_94' title='bbox 3563 1243 3626 1303; x_wconf 91' lang='lat' dir='ltr'><strong>et</strong></span> <span class='ocrx_word' id='word_1_95' title='bbox 3661 1240 3835 1304; x_wconf 86' lang='lat' dir='ltr'><strong>bona</strong></span> <span class='ocrx_word' id='word_1_96' title='bbox 3878 1241 4007 1302; x_wconf 88' lang='lat' dir='ltr'><strong>nisi</strong></span> 
     </span>
     <span class='ocr_line' id='line_1_11' title="bbox 899 1355 2561 1437; baseline 0.001 -20"><span class='ocrx_word' id='word_1_97' title='bbox 899 1372 976 1417; x_wconf 91' lang='lat' dir='ltr'><strong>ea</strong></span> <span class='ocrx_word' id='word_1_98' title='bbox 1021 1373 1170 1436; x_wconf 78' lang='lat' dir='ltr'><strong>quae</strong></span> <span class='ocrx_word' id='word_1_99' title='bbox 1218 1356 1361 1418; x_wconf 86' lang='lat' dir='ltr'><strong>vult</strong></span> <span class='ocrx_word' id='word_1_100' title='bbox 1408 1357 1472 1418; x_wconf 91' lang='lat' dir='ltr'><strong>et</strong></span> <span class='ocrx_word' id='word_1_101' title='bbox 1520 1355 1710 1437; x_wconf 83' lang='lat' dir='ltr'><strong>facit3</strong></span> <span class='ocrx_word' id='word_1_102' title='bbox 1764 1355 1971 1418; x_wconf 83' lang='lat' dir='ltr'><strong>falsus</strong></span> <span class='ocrx_word' id='word_1_103' title='bbox 2019 1356 2118 1418; x_wconf 91' lang='lat' dir='ltr'><strong>est</strong></span> <span class='ocrx_word' id='word_1_104' title='bbox 2163 1355 2561 1418; x_wconf 81' lang='lat' dir='ltr'><strong>intellectus,</strong></span> 
     </span>
    </p>

    <p class='ocr_par' dir='ltr' id='par_1_5' title="bbox 893 1470 4009 2370">
     <span class='ocr_line' id='line_1_12' title="bbox 1031 1470 4009 1554; baseline 0 -20"><span class='ocrx_word' id='word_1_105' title='bbox 1031 1473 1198 1535; x_wconf 88' lang='lat' dir='ltr'><strong>Item</strong></span> <span class='ocrx_word' id='word_1_106' title='bbox 1247 1472 1428 1536; x_wconf 88' lang='lat' dir='ltr'><strong>aliud</strong></span> <span class='ocrx_word' id='word_1_107' title='bbox 1465 1472 1856 1552; x_wconf 80' lang='lat' dir='ltr'><strong>adJungunt,</strong></span> <span class='ocrx_word' id='word_1_108' title='bbox 1891 1472 2181 1534; x_wconf 88' lang='lat' dir='ltr'><strong>dicentes</strong></span> <span class='ocrx_word' id='word_1_109' title='bbox 2219 1491 2232 1530; x_wconf 91' lang='lat'>:</span> <span class='ocrx_word' id='word_1_110' title='bbox 2275 1471 2346 1534; x_wconf 88' lang='lat' dir='ltr'><strong>Si</strong></span> <span class='ocrx_word' id='word_1_111' title='bbox 2384 1473 2600 1551; x_wconf 88' lang='lat' dir='ltr'><strong>potest</strong></span> <span class='ocrx_word' id='word_1_112' title='bbox 2638 1471 2819 1534; x_wconf 88' lang='lat' dir='ltr'><strong>Deus</strong></span> <span class='ocrx_word' id='word_1_113' title='bbox 2862 1471 3042 1533; x_wconf 88' lang='lat' dir='ltr'><strong>aliud</strong></span> <span class='ocrx_word' id='word_1_114' title='bbox 3082 1470 3291 1535; x_wconf 84' lang='lat' dir='ltr'><strong>facere</strong></span> <span class='ocrx_word' id='word_1_115' title='bbox 3328 1489 3527 1552; x_wconf 89' lang='lat' dir='ltr'><strong>quam</strong></span> <span class='ocrx_word' id='word_1_116' title='bbox 3569 1471 3745 1550; x_wconf 84' lang='lat' dir='ltr'><strong>facit,</strong></span> <span class='ocrx_word' id='word_1_117' title='bbox 3790 1475 4009 1554; x_wconf 87' lang='lat' dir='ltr'><strong>potest</strong></span> 
     </span>
     <span class='ocr_line' id='line_1_13' title="bbox 899 1587 4006 1670; baseline -0 -18"><span class='ocrx_word' id='word_1_118' title='bbox 899 1607 1050 1669; x_wconf 90' lang='lat' dir='ltr'><strong>ergo</strong></span> <span class='ocrx_word' id='word_1_119' title='bbox 1094 1588 1303 1652; x_wconf 84' lang='lat' dir='ltr'><strong>facere</strong></span> <span class='ocrx_word' id='word_1_120' title='bbox 1343 1589 1521 1670; x_wconf 85' lang='lat' dir='ltr'><strong>quod</strong></span> <span class='ocrx_word' id='word_1_121' title='bbox 1558 1606 1690 1651; x_wconf 89' lang='lat' dir='ltr'><strong>non</strong></span> <span class='ocrx_word' id='word_1_122' title='bbox 1729 1588 2058 1669; x_wconf 58' lang='lat' dir='ltr'><strong>praescivit</strong></span> <span class='ocrx_word' id='word_1_123' title='bbox 2083 1591 2205 1667; x_wconf 72' lang='lat' dir='ltr'><strong>;-et</strong></span> <span class='ocrx_word' id='word_1_124' title='bbox 2243 1587 2299 1649; x_wconf 90' lang='lat' dir='ltr'><strong>si</strong></span> <span class='ocrx_word' id='word_1_125' title='bbox 2339 1589 2555 1667; x_wconf 89' lang='lat' dir='ltr'><strong>potest</strong></span> <span class='ocrx_word' id='word_1_126' title='bbox 2594 1587 2803 1650; x_wconf 87' lang='lat' dir='ltr'><strong>facere</strong></span> <span class='ocrx_word' id='word_1_127' title='bbox 2843 1588 3019 1668; x_wconf 90' lang='lat' dir='ltr'><strong>quod</strong></span> <span class='ocrx_word' id='word_1_128' title='bbox 3052 1605 3182 1650; x_wconf 90' lang='lat' dir='ltr'><strong>non</strong></span> <span class='ocrx_word' id='word_1_129' title='bbox 3220 1588 3573 1669; x_wconf 73' lang='lat' dir='ltr'><strong>praescivit,</strong></span> <span class='ocrx_word' id='word_1_130' title='bbox 3606 1591 3826 1669; x_wconf 88' lang='lat' dir='ltr'><strong>potest</strong></span> <span class='ocrx_word' id='word_1_131' title='bbox 3862 1589 4006 1652; x_wconf 86' lang='lat' dir='ltr'><strong>sine</strong></span> 
     </span>
     <span class='ocr_line' id='line_1_14' title="bbox 897 1703 4006 1787; baseline -0.001 -18"><span class='ocrx_word' id='word_1_132' title='bbox 897 1706 1310 1787; x_wconf 86' lang='lat' dir='ltr'><strong>praescientia</strong></span> <span class='ocrx_word' id='word_1_133' title='bbox 1348 1705 1602 1786; x_wconf 87' lang='lat' dir='ltr'><strong>operari</strong></span> <span class='ocrx_word' id='word_1_134' title='bbox 1639 1726 1652 1766; x_wconf 76' lang='grc' dir='ltr'><strong><em>ε</em></strong></span> <span class='ocrx_word' id='word_1_135' title='bbox 1692 1705 1847 1785; x_wconf 88' lang='lat' dir='ltr'><strong>quia</strong></span> <span class='ocrx_word' id='word_1_136' title='bbox 1880 1721 2072 1766; x_wconf 90' lang='lat' dir='ltr'><strong>omne</strong></span> <span class='ocrx_word' id='word_1_137' title='bbox 2110 1703 2289 1784; x_wconf 90' lang='lat' dir='ltr'><strong>quod</strong></span> <span class='ocrx_word' id='word_1_138' title='bbox 2328 1703 2655 1766; x_wconf 88' lang='lat' dir='ltr'><strong>facturum</strong></span> <span class='ocrx_word' id='word_1_139' title='bbox 2693 1722 2763 1766; x_wconf 90' lang='lat' dir='ltr'><strong>se</strong></span> <span class='ocrx_word' id='word_1_140' title='bbox 2804 1704 3157 1785; x_wconf 83' lang='lat' dir='ltr'><strong>praescivit,</strong></span> <span class='ocrx_word' id='word_1_141' title='bbox 3193 1705 3371 1784; x_wconf 83' lang='lat' dir='ltr'><strong>facit,</strong></span> <span class='ocrx_word' id='word_1_142' title='bbox 3404 1722 3523 1768; x_wconf 89' lang='lat' dir='ltr'><strong>nec</strong></span> <span class='ocrx_word' id='word_1_143' title='bbox 3562 1705 3718 1768; x_wconf 88' lang='lat' dir='ltr'><strong>facit</strong></span> <span class='ocrx_word' id='word_1_144' title='bbox 3752 1705 4006 1786; x_wconf 89' lang='lat' dir='ltr'><strong>aliquid</strong></span> 
     </span>
     <span class='ocr_line' id='line_1_15' title="bbox 898 1819 4001 1903; baseline -0.001 -19"><span class='ocrx_word' id='word_1_145' title='bbox 898 1822 1076 1902; x_wconf 87' lang='lat' dir='ltr'><strong>quod</strong></span> <span class='ocrx_word' id='word_1_146' title='bbox 1123 1839 1256 1885; x_wconf 90' lang='lat' dir='ltr'><strong>non</strong></span> <span class='ocrx_word' id='word_1_147' title='bbox 1308 1821 1661 1903; x_wconf 85' lang='lat' dir='ltr'><strong>praescivit.</strong></span> <span class='ocrx_word' id='word_1_148' title='bbox 1715 1821 1906 1894; x_wconf 87' lang='lat' dir='ltr'><strong>Quod</strong></span> <span class='ocrx_word' id='word_1_149' title='bbox 1953 1820 2010 1883; x_wconf 89' lang='lat' dir='ltr'><strong>si</strong></span> <span class='ocrx_word' id='word_1_150' title='bbox 2062 1822 2299 1901; x_wconf 85' lang='lat' dir='ltr'><strong>praeter</strong></span> <span class='ocrx_word' id='word_1_151' title='bbox 2346 1819 2689 1882; x_wconf 88' lang='lat' dir='ltr'><strong>scientiam</strong></span> <span class='ocrx_word' id='word_1_152' title='bbox 2740 1820 2884 1900; x_wconf 88' lang='lat' dir='ltr'><strong>ejus</strong></span> <span class='ocrx_word' id='word_1_153' title='bbox 2930 1820 3181 1900; x_wconf 89' lang='lat' dir='ltr'><strong>aliquid</strong></span> <span class='ocrx_word' id='word_1_154' title='bbox 3230 1821 3371 1884; x_wconf 91' lang='lat' dir='ltr'><strong>fieri</strong></span> <span class='ocrx_word' id='word_1_155' title='bbox 3419 1821 3832 1902; x_wconf 88' lang='lat' dir='ltr'><strong>impossibile</strong></span> <span class='ocrx_word' id='word_1_156' title='bbox 3878 1823 4001 1898; x_wconf 88' lang='lat' dir='ltr'><strong>est,</strong></span> 
     </span>
     <span class='ocr_line' id='line_1_16' title="bbox 900 1937 4001 2020; baseline -0.001 -18"><span class='ocrx_word' id='word_1_157' title='bbox 900 1956 1094 2014; x_wconf 71' lang='lat' dir='ltr'><strong>omne</strong></span> <span class='ocrx_word' id='word_1_158' title='bbox 1134 1955 1287 2019; x_wconf 92' lang='lat' dir='ltr'><strong>ergo</strong></span> <span class='ocrx_word' id='word_1_159' title='bbox 1328 1937 1507 2020; x_wconf 90' lang='lat' dir='ltr'><strong>quod</strong></span> <span class='ocrx_word' id='word_1_160' title='bbox 1553 1937 1932 2018; x_wconf 89' lang='lat' dir='ltr'><strong>praescitum</strong></span> <span class='ocrx_word' id='word_1_161' title='bbox 1983 1938 2103 2016; x_wconf 90' lang='lat' dir='ltr'><strong>est,</strong></span> <span class='ocrx_word' id='word_1_162' title='bbox 2145 1937 2286 1999; x_wconf 87' lang='lat' dir='ltr'><strong>fieri</strong></span> <span class='ocrx_word' id='word_1_163' title='bbox 2330 1953 2594 2000; x_wconf 89' lang='lat' dir='ltr'><strong>necesse</strong></span> <span class='ocrx_word' id='word_1_164' title='bbox 2632 1938 2731 1998; x_wconf 84' lang='lat' dir='ltr'><strong>est</strong></span> <span class='ocrx_word' id='word_1_165' title='bbox 2773 1957 2787 1997; x_wconf 94' lang='lat'><strong>:</strong></span> <span class='ocrx_word' id='word_1_166' title='bbox 2831 1953 2983 2016; x_wconf 89' lang='lat' dir='ltr'><strong>ergo</strong></span> <span class='ocrx_word' id='word_1_167' title='bbox 3022 1937 3201 2000; x_wconf 90' lang='lat' dir='ltr'><strong>aliud</strong></span> <span class='ocrx_word' id='word_1_168' title='bbox 3248 1938 3386 2003; x_wconf 88' lang='lat' dir='ltr'><strong>fieri</strong></span> <span class='ocrx_word' id='word_1_169' title='bbox 3433 1955 3634 2018; x_wconf 84' lang='lat' dir='ltr'><strong>quam</strong></span> <span class='ocrx_word' id='word_1_170' title='bbox 3680 1937 3776 2018; x_wconf 90' lang='lat' dir='ltr'><strong>fit,</strong></span> <span class='ocrx_word' id='word_1_171' title='bbox 3820 1937 4001 2000; x_wconf 89' lang='lat' dir='ltr'><strong>nulla</strong></span> 
     </span>
     <span class='ocr_line' id='line_1_17' title="bbox 897 2053 4002 2136; baseline -0.001 -18"><span class='ocrx_word' id='word_1_172' title='bbox 897 2056 1147 2119; x_wconf 90' lang='lat' dir='ltr'><strong>ratione</strong></span> <span class='ocrx_word' id='word_1_173' title='bbox 1177 2054 1492 2136; x_wconf 90' lang='lat' dir='ltr'><strong>possibile</strong></span> <span class='ocrx_word' id='word_1_174' title='bbox 1523 2056 1641 2117; x_wconf 88' lang='lat' dir='ltr'><strong>est.</strong></span> <span class='ocrx_word' id='word_1_175' title='bbox 1663 2055 1837 2134; x_wconf 84' lang='lat' dir='ltr'><strong>Ergo</strong></span> <span class='ocrx_word' id='word_1_176' title='bbox 1867 2072 1998 2116; x_wconf 90' lang='lat' dir='ltr'><strong>non</strong></span> <span class='ocrx_word' id='word_1_177' title='bbox 2029 2053 2247 2136; x_wconf 89' lang='lat' dir='ltr'><strong>potest</strong></span> <span class='ocrx_word' id='word_1_178' title='bbox 2274 2071 2313 2115; x_wconf 87' lang='lat' dir='ltr'><strong>a</strong></span> <span class='ocrx_word' id='word_1_179' title='bbox 2342 2053 2481 2116; x_wconf 91' lang='lat' dir='ltr'><strong>Deo</strong></span> <span class='ocrx_word' id='word_1_180' title='bbox 2511 2053 2650 2116; x_wconf 87' lang='lat' dir='ltr'><strong>fieri</strong></span> <span class='ocrx_word' id='word_1_181' title='bbox 2683 2053 2809 2115; x_wconf 88' lang='lat' dir='ltr'><strong>nisi</strong></span> <span class='ocrx_word' id='word_1_182' title='bbox 2840 2053 3017 2133; x_wconf 89' lang='lat' dir='ltr'><strong>quod</strong></span> <span class='ocrx_word' id='word_1_183' title='bbox 3045 2053 3143 2116; x_wconf 84' lang='lat' dir='ltr'><strong>fit.</strong></span> <span class='ocrx_word' id='word_1_184' title='bbox 3170 2090 3255 2100; x_wconf 91' lang='lat'><strong>—</strong></span> <span class='ocrx_word' id='word_1_185' title='bbox 3282 2054 3439 2118; x_wconf 87' lang='lat' dir='ltr'><strong>Haec</strong></span> <span class='ocrx_word' id='word_1_186' title='bbox 3468 2055 3689 2118; x_wconf 90' lang='lat' dir='ltr'><strong>autem</strong></span> <span class='ocrx_word' id='word_1_187' title='bbox 3719 2055 4002 2135; x_wconf 81' lang='lat' dir='ltr'><strong>quaestio</strong></span> 
     </span>
     <span class='ocr_line' id='line_1_18' title="bbox 896 2171 4003 2270; baseline -0 -35"><span class='ocrx_word' id='word_1_188' title='bbox 896 2172 976 2236; x_wconf 90' lang='lat' dir='ltr'><strong>de</strong></span> <span class='ocrx_word' id='word_1_189' title='bbox 1013 2172 1446 2254; x_wconf 85' lang='lat' dir='ltr'><strong>praescientia,</strong></span> <span class='ocrx_word' id='word_1_190' title='bbox 1484 2171 1673 2235; x_wconf 83' lang='lat' dir='ltr'><strong>facile</strong></span> <span class='ocrx_word' id='word_1_191' title='bbox 1712 2171 2131 2234; x_wconf 90' lang='lat' dir='ltr'><strong>determinari</strong></span> <span class='ocrx_word' id='word_1_192' title='bbox 2171 2171 2391 2251; x_wconf 83' lang='lat' dir='ltr'><strong>potest</strong></span> <span class='ocrx_word' id='word_1_193' title='bbox 2432 2188 2548 2251; x_wconf 88' lang='lat' dir='ltr'><strong>per</strong></span> <span class='ocrx_word' id='word_1_194' title='bbox 2585 2188 2661 2233; x_wconf 90' lang='lat' dir='ltr'><strong>ea</strong></span> <span class='ocrx_word' id='word_1_195' title='bbox 2701 2188 2849 2250; x_wconf 87' lang='lat' dir='ltr'><strong>quae</strong></span> <span class='ocrx_word' id='word_1_196' title='bbox 2899 2171 3203 2252; x_wconf 86' lang='lat' dir='ltr'><strong>superius</strong></span> <span class='ocrx_word' id='word_1_197' title='bbox 3240 2171 3413 2234; x_wconf 89' lang='lat' dir='ltr'><strong>dicta</strong></span> <span class='ocrx_word' id='word_1_198' title='bbox 3459 2173 3635 2270; x_wconf 77' lang='lat' dir='ltr'><strong>sunt,</strong></span> <span class='ocrx_word' id='word_1_199' title='bbox 3670 2189 3881 2253; x_wconf 84' lang='lat' dir='ltr'><strong>quum</strong></span> <span class='ocrx_word' id='word_1_200' title='bbox 3921 2172 4003 2234; x_wconf 91' lang='lat' dir='ltr'><strong>de</strong></span> 
     </span>
     <span class='ocr_line' id='line_1_19' title="bbox 893 2279 3527 2370; baseline -0 -18"><span class='ocrx_word' id='word_1_201' title='bbox 893 2289 1308 2370; x_wconf 70' lang='lat' dir='ltr'><strong>praescientia</strong></span> <span class='ocrx_word' id='word_1_202' title='bbox 1353 2291 1674 2370; x_wconf 84' lang='lat' dir='ltr'><strong>ageretur.</strong></span> <span class='ocrx_word' id='word_1_203' title='bbox 3260 2295 3277 2304; x_wconf 82' lang='grc'><strong><em>’</em></strong></span> <span class='ocrx_word' id='word_1_204' title='bbox 3513 2279 3527 2300; x_wconf 85' lang='lat'>’</span> 
     </span>
    </p>
   </div>
   <div class='ocr_carea' id='block_1_5' title="bbox 1261 2522 3627 2597">
    <p class='ocr_par' dir='ltr' id='par_1_6' title="bbox 1261 2522 3627 2597">
     <span class='ocr_line' id='line_1_20' title="bbox 1261 2522 3627 2597; baseline -0.001 -12"><span class='ocrx_word' id='word_1_205' title='bbox 1261 2522 1339 2585; x_wconf 87' lang='lat' dir='ltr'><strong>E.</strong></span> <span class='ocrx_word' id='word_1_206' title='bbox 1394 2523 1974 2586; x_wconf 66' lang='lat' dir='ltr'><strong>Auctor-natibus</strong></span> <span class='ocrx_word' id='word_1_207' title='bbox 2018 2523 2331 2586; x_wconf 79' lang='lat' dir='ltr'><strong>utuntur</strong></span> <span class='ocrx_word' id='word_1_208' title='bbox 2378 2525 2457 2586; x_wconf 82' lang='lat' dir='ltr'><strong>in</strong></span> <span class='ocrx_word' id='word_1_209' title='bbox 2504 2524 2995 2585; x_wconf 77' lang='lat' dir='ltr'><strong>assertionem</strong></span> <span class='ocrx_word' id='word_1_210' title='bbox 3038 2539 3190 2587; x_wconf 76' lang='lat' dir='ltr'><strong>suoe</strong></span> <span class='ocrx_word' id='word_1_211' title='bbox 3237 2526 3627 2597; x_wconf 79' lang='lat' dir='ltr'><strong>opinionis.</strong></span> 
     </span>
    </p>
   </div>
   <div class='ocr_carea' id='block_1_6' title="bbox 896 2726 4005 2924">
    <p class='ocr_par' dir='ltr' id='par_1_7' title="bbox 896 2726 4005 2924">
     <span class='ocr_line' id='line_1_21' title="bbox 1030 2726 4005 2828; baseline 0.001 -38"><span class='ocrx_word' id='word_1_212' title='bbox 1030 2727 1155 2791; x_wconf 90' lang='lat' dir='ltr'><strong>His</strong></span> <span class='ocrx_word' id='word_1_213' title='bbox 1185 2729 1406 2828; x_wconf 71' lang='lat' dir='ltr'><strong>autem</strong></span> <span class='ocrx_word' id='word_1_214' title='bbox 1445 2726 1544 2789; x_wconf 92' lang='lat' dir='ltr'><strong>illi</strong></span> <span class='ocrx_word' id='word_1_215' title='bbox 1583 2727 2000 2806; x_wconf 84' lang='lat' dir='ltr'><strong>scrutatores,</strong></span> <span class='ocrx_word' id='word_1_216' title='bbox 2035 2727 2149 2808; x_wconf 90' lang='lat' dir='ltr'><strong>qui</strong></span> <span class='ocrx_word' id='word_1_217' title='bbox 2189 2727 2567 2790; x_wconf 88' lang='lat' dir='ltr'><strong>defecerunt</strong></span> <span class='ocrx_word' id='word_1_218' title='bbox 2602 2729 2965 2791; x_wconf 87' lang='lat' dir='ltr'><strong>scrutantes</strong></span> <span class='ocrx_word' id='word_1_219' title='bbox 3002 2728 3340 2807; x_wconf 87' lang='lat' dir='ltr'><strong>scrutinia,</strong></span> <span class='ocrx_word' id='word_1_220' title='bbox 3374 2729 3763 2791; x_wconf 88' lang='lat' dir='ltr'><strong>Sanctorum</strong></span> <span class='ocrx_word' id='word_1_221' title='bbox 3802 2745 4005 2792; x_wconf 89' lang='lat' dir='ltr'><strong>anne-</strong></span> 
     </span>
     <span class='ocr_line' id='line_1_22' title="bbox 896 2843 4001 2924; baseline 0 -16"><span class='ocrx_word' id='word_1_222' title='bbox 896 2847 1081 2908; x_wconf 91' lang='lat' dir='ltr'><strong>ctunt</strong></span> <span class='ocrx_word' id='word_1_223' title='bbox 1134 2844 1534 2908; x_wconf 86' lang='lat' dir='ltr'><strong>testimonia.</strong></span> <span class='ocrx_word' id='word_1_224' title='bbox 1590 2843 1767 2906; x_wconf 90' lang='lat' dir='ltr'><strong>Dicit</strong></span> <span class='ocrx_word' id='word_1_225' title='bbox 1823 2843 1998 2906; x_wconf 91' lang='lat' dir='ltr'><strong>enim</strong></span> <span class='ocrx_word' id='word_1_226' title='bbox 2051 2843 2462 2924; x_wconf 83' lang='lat' dir='ltr'><strong>Augustinus</strong></span> <span class='ocrx_word' id='word_1_227' title='bbox 2510 2844 2579 2906; x_wconf 91' lang='lat' dir='ltr'><strong>in</strong></span> <span class='ocrx_word' id='word_1_228' title='bbox 2626 2843 2791 2906; x_wconf 91' lang='lat' dir='ltr'><strong>libro</strong></span> <span class='ocrx_word' id='word_1_229' title='bbox 2839 2844 2919 2906; x_wconf 92' lang='lat' dir='ltr'><strong>de</strong></span> <span class='ocrx_word' id='word_1_230' title='bbox 2973 2844 3287 2924; x_wconf 82' lang='lat' dir='ltr'><strong>Symbolo</strong></span> <span class='ocrx_word' id='word_1_231' title='bbox 3336 2863 3352 2905; x_wconf 76' lang='grc' dir='ltr'><strong><em>ε</em></strong></span> <span class='ocrx_word' id='word_1_232' title='bbox 3402 2844 3545 2906; x_wconf 88' lang='grc' dir='ltr'><strong>Ηο6</strong></span> <span class='ocrx_word' id='word_1_233' title='bbox 3594 2845 3818 2908; x_wconf 89' lang='lat' dir='ltr'><strong>solum</strong></span> <span class='ocrx_word' id='word_1_234' title='bbox 3866 2863 4001 2908; x_wconf 90' lang='lat' dir='ltr'><strong>non</strong></span> 
     </span>
    </p>
   </div>
   <div class='ocr_carea' id='block_1_7' title="bbox 599 2959 4001 3043">
    <p class='ocr_par' dir='ltr' id='par_1_8' title="bbox 599 2959 4001 3043">
     <span class='ocr_line' id='line_1_23' title="bbox 599 2959 4001 3043; baseline -0.001 -16"><span class='ocrx_word' id='word_1_235' title='bbox 599 2992 864 3037; x_wconf 51' lang='lat' dir='ltr'><strong>mxima,</strong></span> <span class='ocrx_word' id='word_1_236' title='bbox 895 2963 1112 3043; x_wconf 87' lang='lat' dir='ltr'><strong>potest</strong></span> <span class='ocrx_word' id='word_1_237' title='bbox 1161 2961 1340 3024; x_wconf 87' lang='lat' dir='ltr'><strong>Deus</strong></span> <span class='ocrx_word' id='word_1_238' title='bbox 1389 2960 1567 3042; x_wconf 88' lang='lat' dir='ltr'><strong>quod</strong></span> <span class='ocrx_word' id='word_1_239' title='bbox 1605 2977 1736 3022; x_wconf 92' lang='lat' dir='ltr'><strong>non</strong></span> <span class='ocrx_word' id='word_1_240' title='bbox 1786 2959 1949 3022; x_wconf 88' lang='lat' dir='ltr'><strong>vult.</strong></span> <span class='ocrx_word' id='word_1_241' title='bbox 1993 2960 2119 3022; x_wconf 89' lang='lat' dir='ltr'><strong>Per</strong></span> <span class='ocrx_word' id='word_1_242' title='bbox 2165 2959 2343 3041; x_wconf 90' lang='lat' dir='ltr'><strong>quod</strong></span> <span class='ocrx_word' id='word_1_243' title='bbox 2384 2960 2641 3024; x_wconf 91' lang='lat' dir='ltr'><strong>videtur</strong></span> <span class='ocrx_word' id='word_1_244' title='bbox 2684 2977 2813 3023; x_wconf 91' lang='lat' dir='ltr'><strong>non</strong></span> <span class='ocrx_word' id='word_1_245' title='bbox 2864 2977 3057 3041; x_wconf 87' lang='lat' dir='ltr'><strong>posse</strong></span> <span class='ocrx_word' id='word_1_246' title='bbox 3097 2961 3306 3023; x_wconf 87' lang='lat' dir='ltr'><strong>facere</strong></span> <span class='ocrx_word' id='word_1_247' title='bbox 3354 2961 3603 3041; x_wconf 88' lang='lat' dir='ltr'><strong>aliquid</strong></span> <span class='ocrx_word' id='word_1_248' title='bbox 3640 2961 3771 3025; x_wconf 88' lang='lat' dir='ltr'><strong>nisi</strong></span> <span class='ocrx_word' id='word_1_249' title='bbox 3820 2963 4001 3043; x_wconf 86' lang='lat' dir='ltr'><strong>quod</strong></span> 
     </span>
    </p>
   </div>
   <div class='ocr_carea' id='block_1_8' title="bbox 596 3334 912 3449">
    <p class='ocr_par' dir='ltr' id='par_1_9' title="bbox 596 3334 912 3449">
     <span class='ocr_line' id='line_1_24' title="bbox 621 3334 870 3379; baseline -0.012 -1"><span class='ocrx_word' id='word_1_250' title='bbox 621 3336 681 3379; x_wconf 88' lang='lat' dir='ltr'><strong>ld.</strong></span> <span class='ocrx_word' id='word_1_251' title='bbox 695 3334 870 3377; x_wconf 72' lang='lat' dir='ltr'><strong>Confes-</strong></span> 
     </span>
     <span class='ocr_line' id='line_1_25' title="bbox 596 3398 912 3449; baseline 0.009 -10"><span class='ocrx_word' id='word_1_252' title='bbox 596 3400 702 3441; x_wconf 80' lang='lat' dir='ltr'><strong>sion.</strong></span> <span class='ocrx_word' id='word_1_253' title='bbox 718 3398 863 3449; x_wconf 58' lang='lat' dir='ltr'><strong>libam,</strong></span> <span class='ocrx_word' id='word_1_254' title='bbox 899 3429 912 3442; x_wconf 90' lang='lat'><strong>.</strong></span> 
     </span>
    </p>
   </div>
   <div class='ocr_carea' id='block_1_9' title="bbox 595 3464 702 3504">
    <p class='ocr_par' dir='ltr' id='par_1_10' title="bbox 595 3464 702 3504">
     <span class='ocr_line' id='line_1_26' title="bbox 595 3464 702 3504; baseline -0.019 0"><span class='ocrx_word' id='word_1_255' title='bbox 595 3474 640 3504; x_wconf 86' lang='lat' dir='ltr'><strong>n.</strong></span> <span class='ocrx_word' id='word_1_256' title='bbox 663 3464 702 3503; x_wconf 80' lang='grc'><strong>6.</strong></span> 
     </span>
    </p>
   </div>
   <div class='ocr_carea' id='block_1_10' title="bbox 595 4724 826 4839">
    <p class='ocr_par' dir='ltr' id='par_1_11' title="bbox 595 4724 826 4839">
     <span class='ocr_line' id='line_1_27' title="bbox 649 4724 826 4771; baseline 0.011 -2"><span class='ocrx_word' id='word_1_257' title='bbox 649 4724 826 4771; x_wconf 64' lang='lat' dir='ltr'><strong>Mami.</strong></span> 
     </span>
     <span class='ocr_line' id='line_1_28' title="bbox 595 4792 797 4839; baseline 0.005 -8"><span class='ocrx_word' id='word_1_258' title='bbox 595 4801 708 4839; x_wconf 60' lang='grc' dir='ltr'><strong>ιιιιι</strong></span> <span class='ocrx_word' id='word_1_259' title='bbox 731 4792 797 4833; x_wconf 77' lang='grc'><strong>53.</strong></span> 
     </span>
    </p>
   </div>
   <div class='ocr_carea' id='block_1_11' title="bbox 891 3076 4059 5136">
    <p class='ocr_par' dir='ltr' id='par_1_12' title="bbox 891 3076 4059 5136">
     <span class='ocr_line' id='line_1_29' title="bbox 897 3076 4001 3161; baseline -0 -19"><span class='ocrx_word' id='word_1_260' title='bbox 897 3079 1075 3161; x_wconf 81' lang='lat' dir='ltr'><strong>vult3</strong></span> <span class='ocrx_word' id='word_1_261' title='bbox 1117 3078 1232 3142; x_wconf 87' lang='lat' dir='ltr'><strong>sed</strong></span> <span class='ocrx_word' id='word_1_262' title='bbox 1279 3093 1411 3141; x_wconf 92' lang='lat' dir='ltr'><strong>non</strong></span> <span class='ocrx_word' id='word_1_263' title='bbox 1457 3077 1599 3140; x_wconf 86' lang='lat' dir='ltr'><strong>vult</strong></span> <span class='ocrx_word' id='word_1_264' title='bbox 1635 3077 1764 3140; x_wconf 90' lang='lat' dir='ltr'><strong>nisi</strong></span> <span class='ocrx_word' id='word_1_265' title='bbox 1809 3076 1987 3158; x_wconf 88' lang='lat' dir='ltr'><strong>quod</strong></span> <span class='ocrx_word' id='word_1_266' title='bbox 2036 3076 2193 3139; x_wconf 87' lang='lat' dir='ltr'><strong>facit</strong></span> <span class='ocrx_word' id='word_1_267' title='bbox 2226 3096 2240 3137; x_wconf 92' lang='lat'><strong>:</strong></span> <span class='ocrx_word' id='word_1_268' title='bbox 2276 3078 2340 3140; x_wconf 91' lang='lat' dir='ltr'><strong>et</strong></span> <span class='ocrx_word' id='word_1_269' title='bbox 2380 3077 2471 3140; x_wconf 89' lang='lat' dir='ltr'><strong>ita</strong></span> <span class='ocrx_word' id='word_1_270' title='bbox 2514 3076 2773 3140; x_wconf 82' lang='lat' dir='ltr'><strong>videtur</strong></span> <span class='ocrx_word' id='word_1_271' title='bbox 2815 3094 2946 3140; x_wconf 89' lang='lat' dir='ltr'><strong>non</strong></span> <span class='ocrx_word' id='word_1_272' title='bbox 2987 3095 3180 3159; x_wconf 89' lang='lat' dir='ltr'><strong>posse</strong></span> <span class='ocrx_word' id='word_1_273' title='bbox 3226 3077 3354 3140; x_wconf 83' lang='lat' dir='ltr'><strong>nisi</strong></span> <span class='ocrx_word' id='word_1_274' title='bbox 3394 3078 3570 3159; x_wconf 88' lang='lat' dir='ltr'><strong>quod</strong></span> <span class='ocrx_word' id='word_1_275' title='bbox 3610 3078 3789 3142; x_wconf 85' lang='lat' dir='ltr'><strong>facit.</strong></span> <span class='ocrx_word' id='word_1_276' title='bbox 3828 3079 4001 3143; x_wconf 91' lang='lat' dir='ltr'><strong>Illud</strong></span> 
     </span>
     <span class='ocr_line' id='line_1_30' title="bbox 894 3193 4001 3275; baseline 0 -16"><span class='ocrx_word' id='word_1_277' title='bbox 894 3198 1114 3259; x_wconf 87' lang='lat' dir='ltr'><strong>autem</strong></span> <span class='ocrx_word' id='word_1_278' title='bbox 1154 3196 1246 3257; x_wconf 88' lang='lat' dir='ltr'><strong>ita</strong></span> <span class='ocrx_word' id='word_1_279' title='bbox 1283 3194 1782 3275; x_wconf 88' lang='lat' dir='ltr'><strong>intelligendum</strong></span> <span class='ocrx_word' id='word_1_280' title='bbox 1823 3196 1921 3256; x_wconf 92' lang='lat' dir='ltr'><strong>est</strong></span> <span class='ocrx_word' id='word_1_281' title='bbox 1955 3213 1970 3253; x_wconf 74' lang='grc' dir='ltr'><strong><em>ε</em></strong></span> <span class='ocrx_word' id='word_1_282' title='bbox 2005 3193 2081 3256; x_wconf 91' lang='lat' dir='ltr'><strong>Id</strong></span> <span class='ocrx_word' id='word_1_283' title='bbox 2123 3193 2342 3256; x_wconf 92' lang='lat' dir='ltr'><strong>solum</strong></span> <span class='ocrx_word' id='word_1_284' title='bbox 2390 3210 2521 3256; x_wconf 91' lang='lat' dir='ltr'><strong>non</strong></span> <span class='ocrx_word' id='word_1_285' title='bbox 2560 3195 2776 3274; x_wconf 88' lang='lat' dir='ltr'><strong>potest</strong></span> <span class='ocrx_word' id='word_1_286' title='bbox 2818 3194 2997 3258; x_wconf 90' lang='lat' dir='ltr'><strong>Deus</strong></span> <span class='ocrx_word' id='word_1_287' title='bbox 3036 3195 3214 3275; x_wconf 88' lang='lat' dir='ltr'><strong>quod</strong></span> <span class='ocrx_word' id='word_1_288' title='bbox 3250 3213 3383 3259; x_wconf 91' lang='lat' dir='ltr'><strong>non</strong></span> <span class='ocrx_word' id='word_1_289' title='bbox 3422 3196 3585 3274; x_wconf 88' lang='lat' dir='ltr'><strong>vult,</strong></span> <span class='ocrx_word' id='word_1_290' title='bbox 3628 3196 3883 3260; x_wconf 87' lang='lat' dir='ltr'><strong>scilicet</strong></span> <span class='ocrx_word' id='word_1_291' title='bbox 3928 3215 4001 3260; x_wconf 86' lang='lat' dir='ltr'><strong>se</strong></span> 
     </span>
     <span class='ocr_line' id='line_1_31' title="bbox 895 3309 3999 3394; baseline 0.001 -19"><span class='ocrx_word' id='word_1_292' title='bbox 895 3330 1110 3393; x_wconf 89' lang='lat' dir='ltr'><strong>posse.</strong></span> <span class='ocrx_word' id='word_1_293' title='bbox 1140 3346 1228 3357; x_wconf 96' lang='lat'><strong>—</strong></span> <span class='ocrx_word' id='word_1_294' title='bbox 1257 3311 1442 3373; x_wconf 90' lang='lat' dir='ltr'><strong>Idem</strong></span> <span class='ocrx_word' id='word_1_295' title='bbox 1483 3311 1550 3372; x_wconf 91' lang='lat' dir='ltr'><strong>in</strong></span> <span class='ocrx_word' id='word_1_296' title='bbox 1589 3310 1872 3390; x_wconf 89' lang='lat' dir='ltr'><strong>septimo</strong></span> <span class='ocrx_word' id='word_1_297' title='bbox 1911 3309 2078 3372; x_wconf 91' lang='lat' dir='ltr'><strong>libro</strong></span> <span class='ocrx_word' id='word_1_298' title='bbox 2114 3309 2644 3389; x_wconf 79' lang='lat' dir='ltr'><strong>confessionum,</strong></span> <span class='ocrx_word' id='word_1_299' title='bbox 2686 3310 2767 3372; x_wconf 98' lang='lat' dir='ltr'><strong>ad</strong></span> <span class='ocrx_word' id='word_1_300' title='bbox 2806 3312 3021 3375; x_wconf 92' lang='lat' dir='ltr'><strong>Deum</strong></span> <span class='ocrx_word' id='word_1_301' title='bbox 3059 3311 3358 3392; x_wconf 82' lang='lat' dir='ltr'><strong>loquenS,</strong></span> <span class='ocrx_word' id='word_1_302' title='bbox 3392 3312 3484 3374; x_wconf 91' lang='lat' dir='ltr'><strong>ait</strong></span> <span class='ocrx_word' id='word_1_303' title='bbox 3517 3332 3531 3373; x_wconf 72' lang='grc' dir='ltr'><strong><em>ε</em></strong></span> <span class='ocrx_word' id='word_1_304' title='bbox 3564 3313 3701 3375; x_wconf 91' lang='grc' dir='ltr'><strong>Ν66</strong></span> <span class='ocrx_word' id='word_1_305' title='bbox 3744 3315 3999 3394; x_wconf 87' lang='lat' dir='ltr'><strong>cogeris</strong></span> 
     </span>
     <span class='ocr_line' id='line_1_32' title="bbox 895 3425 3997 3509; baseline 0.001 -19"><span class='ocrx_word' id='word_1_306' title='bbox 895 3429 1144 3492; x_wconf 92' lang='lat' dir='ltr'><strong>mvitus</strong></span> <span class='ocrx_word' id='word_1_307' title='bbox 1190 3427 1273 3490; x_wconf 89' lang='lat' dir='ltr'><strong>ad</strong></span> <span class='ocrx_word' id='word_1_308' title='bbox 1317 3425 1567 3506; x_wconf 87' lang='lat' dir='ltr'><strong>aliquid</strong></span> <span class='ocrx_word' id='word_1_309' title='bbox 1609 3446 1622 3485; x_wconf 92' lang='lat'>:</span> <span class='ocrx_word' id='word_1_310' title='bbox 1658 3428 1814 3507; x_wconf 90' lang='lat' dir='ltr'><strong>quia</strong></span> <span class='ocrx_word' id='word_1_311' title='bbox 1852 3426 2158 3488; x_wconf 87' lang='lat' dir='ltr'><strong>voluntas</strong></span> <span class='ocrx_word' id='word_1_312' title='bbox 2203 3427 2315 3489; x_wconf 91' lang='lat' dir='ltr'><strong>tua</strong></span> <span class='ocrx_word' id='word_1_313' title='bbox 2364 3444 2496 3488; x_wconf 89' lang='lat' dir='ltr'><strong>non</strong></span> <span class='ocrx_word' id='word_1_314' title='bbox 2544 3428 2643 3489; x_wconf 89' lang='lat' dir='ltr'><strong>est</strong></span> <span class='ocrx_word' id='word_1_315' title='bbox 2690 3427 2901 3507; x_wconf 90' lang='lat' dir='ltr'><strong>major</strong></span> <span class='ocrx_word' id='word_1_316' title='bbox 2938 3444 3137 3509; x_wconf 89' lang='lat' dir='ltr'><strong>quam</strong></span> <span class='ocrx_word' id='word_1_317' title='bbox 3182 3429 3507 3509; x_wconf 82' lang='lat' dir='ltr'><strong>potentia3</strong></span> <span class='ocrx_word' id='word_1_318' title='bbox 3555 3429 3728 3493; x_wconf 89' lang='lat' dir='ltr'><strong>esset</strong></span> <span class='ocrx_word' id='word_1_319' title='bbox 3774 3432 3997 3493; x_wconf 88' lang='lat' dir='ltr'><strong>autem</strong></span> 
     </span>
     <span class='ocr_line' id='line_1_33' title="bbox 894 3541 4001 3626; baseline 0.001 -20"><span class='ocrx_word' id='word_1_320' title='bbox 894 3545 1126 3625; x_wconf 87' lang='lat' dir='ltr'><strong>major,</strong></span> <span class='ocrx_word' id='word_1_321' title='bbox 1161 3544 1217 3606; x_wconf 89' lang='lat' dir='ltr'><strong>si</strong></span> <span class='ocrx_word' id='word_1_322' title='bbox 1255 3544 1320 3605; x_wconf 90' lang='lat' dir='ltr'><strong>te</strong></span> <span class='ocrx_word' id='word_1_323' title='bbox 1361 3542 1505 3623; x_wconf 86' lang='lat' dir='ltr'><strong>ipso</strong></span> <span class='ocrx_word' id='word_1_324' title='bbox 1549 3542 1623 3605; x_wconf 92' lang='lat' dir='ltr'><strong>tu</strong></span> <span class='ocrx_word' id='word_1_325' title='bbox 1664 3541 1805 3622; x_wconf 90' lang='lat' dir='ltr'><strong>ipse</strong></span> <span class='ocrx_word' id='word_1_326' title='bbox 1853 3542 2064 3621; x_wconf 89' lang='lat' dir='ltr'><strong>major</strong></span> <span class='ocrx_word' id='word_1_327' title='bbox 2107 3558 2307 3604; x_wconf 91' lang='grc'><strong>63363.</strong></span> <span class='ocrx_word' id='word_1_328' title='bbox 2342 3543 2440 3603; x_wconf 84' lang='lat' dir='ltr'><strong>Ex</strong></span> <span class='ocrx_word' id='word_1_329' title='bbox 2486 3543 2610 3604; x_wconf 92' lang='lat' dir='ltr'><strong>hoc</strong></span> <span class='ocrx_word' id='word_1_330' title='bbox 2648 3542 2927 3621; x_wconf 86' lang='lat' dir='ltr'><strong>videtur,</strong></span> <span class='ocrx_word' id='word_1_331' title='bbox 2960 3543 3138 3623; x_wconf 88' lang='lat' dir='ltr'><strong>quod</strong></span> <span class='ocrx_word' id='word_1_332' title='bbox 3175 3543 3354 3607; x_wconf 92' lang='lat' dir='ltr'><strong>Deus</strong></span> <span class='ocrx_word' id='word_1_333' title='bbox 3388 3562 3521 3607; x_wconf 87' lang='lat' dir='ltr'><strong>non</strong></span> <span class='ocrx_word' id='word_1_334' title='bbox 3559 3545 3771 3625; x_wconf 87' lang='lat' dir='ltr'><strong>possit</strong></span> <span class='ocrx_word' id='word_1_335' title='bbox 3808 3546 4001 3626; x_wconf 87' lang='lat' dir='ltr'><strong>plura</strong></span> 
     </span>
     <span class='ocr_line' id='line_1_34' title="bbox 893 3656 4002 3741; baseline 0.001 -19"><span class='ocrx_word' id='word_1_336' title='bbox 893 3676 1092 3741; x_wconf 90' lang='lat' dir='ltr'><strong>quam</strong></span> <span class='ocrx_word' id='word_1_337' title='bbox 1132 3659 1297 3737; x_wconf 86' lang='lat' dir='ltr'><strong>vult,</strong></span> <span class='ocrx_word' id='word_1_338' title='bbox 1351 3658 1522 3720; x_wconf 89' lang='lat' dir='ltr'><strong>sicut</strong></span> <span class='ocrx_word' id='word_1_339' title='bbox 1558 3673 1690 3719; x_wconf 91' lang='lat' dir='ltr'><strong>non</strong></span> <span class='ocrx_word' id='word_1_340' title='bbox 1735 3656 1878 3719; x_wconf 81' lang='lat' dir='ltr'><strong>vult</strong></span> <span class='ocrx_word' id='word_1_341' title='bbox 1925 3656 2114 3737; x_wconf 88' lang='lat' dir='ltr'><strong>plura</strong></span> <span class='ocrx_word' id='word_1_342' title='bbox 2160 3674 2359 3737; x_wconf 89' lang='lat' dir='ltr'><strong>quam</strong></span> <span class='ocrx_word' id='word_1_343' title='bbox 2398 3659 2637 3740; x_wconf 75' lang='lat' dir='ltr'><strong>potest.</strong></span> <span class='ocrx_word' id='word_1_344' title='bbox 2671 3658 2853 3721; x_wconf 87' lang='lat' dir='ltr'><strong>Sicut</strong></span> <span class='ocrx_word' id='word_1_345' title='bbox 2898 3658 3073 3721; x_wconf 91' lang='lat' dir='ltr'><strong>enim</strong></span> <span class='ocrx_word' id='word_1_346' title='bbox 3121 3659 3425 3722; x_wconf 86' lang='lat' dir='ltr'><strong>voluntas</strong></span> <span class='ocrx_word' id='word_1_347' title='bbox 3474 3678 3605 3723; x_wconf 89' lang='lat' dir='ltr'><strong>non</strong></span> <span class='ocrx_word' id='word_1_348' title='bbox 3645 3662 3747 3724; x_wconf 87' lang='lat' dir='ltr'><strong>est</strong></span> <span class='ocrx_word' id='word_1_349' title='bbox 3784 3662 4002 3741; x_wconf 85' lang='lat' dir='ltr'><strong>major</strong></span> 
     </span>
     <span class='ocr_line' id='line_1_35' title="bbox 891 3772 4059 3859; baseline 0.001 -21"><span class='ocrx_word' id='word_1_350' title='bbox 891 3776 1207 3857; x_wconf 90' lang='lat' dir='ltr'><strong>potentia,</strong></span> <span class='ocrx_word' id='word_1_351' title='bbox 1245 3774 1337 3837; x_wconf 92' lang='lat' dir='ltr'><strong>ita</strong></span> <span class='ocrx_word' id='word_1_352' title='bbox 1378 3791 1496 3836; x_wconf 90' lang='lat' dir='ltr'><strong>nec</strong></span> <span class='ocrx_word' id='word_1_353' title='bbox 1539 3773 1833 3855; x_wconf 89' lang='lat' dir='ltr'><strong>potentia</strong></span> <span class='ocrx_word' id='word_1_354' title='bbox 1877 3772 2089 3853; x_wconf 87' lang='lat' dir='ltr'><strong>major</strong></span> <span class='ocrx_word' id='word_1_355' title='bbox 2126 3776 2227 3837; x_wconf 89' lang='lat' dir='ltr'><strong>est</strong></span> <span class='ocrx_word' id='word_1_356' title='bbox 2265 3773 2620 3836; x_wconf 88' lang='lat' dir='ltr'><strong>voluntate.</strong></span> <span class='ocrx_word' id='word_1_357' title='bbox 2665 3774 2951 3855; x_wconf 83' lang='lat' dir='ltr'><strong>Ideoque</strong></span> <span class='ocrx_word' id='word_1_358' title='bbox 2989 3774 3157 3837; x_wconf 85' lang='lat' dir='ltr'><strong>sicut</strong></span> <span class='ocrx_word' id='word_1_359' title='bbox 3195 3774 3386 3856; x_wconf 90' lang='lat' dir='ltr'><strong>plura</strong></span> <span class='ocrx_word' id='word_1_360' title='bbox 3421 3793 3552 3839; x_wconf 92' lang='lat' dir='ltr'><strong>non</strong></span> <span class='ocrx_word' id='word_1_361' title='bbox 3600 3776 3747 3839; x_wconf 87' lang='lat' dir='ltr'><strong>vult</strong></span> <span class='ocrx_word' id='word_1_362' title='bbox 3792 3796 3997 3859; x_wconf 89' lang='lat' dir='ltr'><strong>quam</strong></span> <span class='ocrx_word' id='word_1_363' title='bbox 4050 3796 4059 3803; x_wconf 87' lang='lat'><strong>·</strong></span> 
     </span>
     <span class='ocr_line' id='line_1_36' title="bbox 891 3888 3999 3974; baseline 0.001 -19"><span class='ocrx_word' id='word_1_364' title='bbox 891 3893 1130 3973; x_wconf 88' lang='lat' dir='ltr'><strong>potest,</strong></span> <span class='ocrx_word' id='word_1_365' title='bbox 1173 3891 1264 3953; x_wconf 88' lang='lat' dir='ltr'><strong>ita</strong></span> <span class='ocrx_word' id='word_1_366' title='bbox 1311 3908 1464 3954; x_wconf 92' lang='lat' dir='ltr'><strong>eum</strong></span> <span class='ocrx_word' id='word_1_367' title='bbox 1501 3906 1632 3952; x_wconf 91' lang='lat' dir='ltr'><strong>non</strong></span> <span class='ocrx_word' id='word_1_368' title='bbox 1671 3888 1860 3969; x_wconf 90' lang='lat' dir='ltr'><strong>plura</strong></span> <span class='ocrx_word' id='word_1_369' title='bbox 1906 3906 2100 3969; x_wconf 83' lang='lat' dir='ltr'><strong>posse</strong></span> <span class='ocrx_word' id='word_1_370' title='bbox 2147 3906 2347 3970; x_wconf 89' lang='lat' dir='ltr'><strong>quam</strong></span> <span class='ocrx_word' id='word_1_371' title='bbox 2390 3888 2553 3951; x_wconf 81' lang='lat' dir='ltr'><strong>velle</strong></span> <span class='ocrx_word' id='word_1_372' title='bbox 2590 3889 2839 3952; x_wconf 91' lang='lat' dir='ltr'><strong>dicunt.</strong></span> <span class='ocrx_word' id='word_1_373' title='bbox 2874 3890 3001 3954; x_wconf 89' lang='lat' dir='ltr'><strong>Sed</strong></span> <span class='ocrx_word' id='word_1_374' title='bbox 3038 3891 3120 3953; x_wconf 91' lang='lat' dir='ltr'><strong>ad</strong></span> <span class='ocrx_word' id='word_1_375' title='bbox 3165 3891 3291 3954; x_wconf 92' lang='lat' dir='ltr'><strong>hoc</strong></span> <span class='ocrx_word' id='word_1_376' title='bbox 3327 3892 3635 3971; x_wconf 86' lang='lat' dir='ltr'><strong>dicimuS,</strong></span> <span class='ocrx_word' id='word_1_377' title='bbox 3672 3894 3831 3974; x_wconf 90' lang='lat' dir='ltr'><strong>quia</strong></span> <span class='ocrx_word' id='word_1_378' title='bbox 3877 3912 3999 3957; x_wconf 90' lang='lat' dir='ltr'><strong>nec</strong></span> 
     </span>
     <span class='ocr_line' id='line_1_37' title="bbox 894 4004 3999 4088; baseline 0.002 -19"><span class='ocrx_word' id='word_1_379' title='bbox 894 4007 1198 4070; x_wconf 81' lang='lat' dir='ltr'><strong>voluntas</strong></span> <span class='ocrx_word' id='word_1_380' title='bbox 1238 4006 1554 4088; x_wconf 87' lang='lat' dir='ltr'><strong>potentia,</strong></span> <span class='ocrx_word' id='word_1_381' title='bbox 1599 4021 1716 4067; x_wconf 92' lang='lat' dir='ltr'><strong>nec</strong></span> <span class='ocrx_word' id='word_1_382' title='bbox 1766 4005 2060 4085; x_wconf 87' lang='lat' dir='ltr'><strong>potentia</strong></span> <span class='ocrx_word' id='word_1_383' title='bbox 2107 4004 2445 4068; x_wconf 86' lang='lat' dir='ltr'><strong>voluntate</strong></span> <span class='ocrx_word' id='word_1_384' title='bbox 2496 4005 2710 4084; x_wconf 89' lang='lat' dir='ltr'><strong>major</strong></span> <span class='ocrx_word' id='word_1_385' title='bbox 2760 4007 2859 4067; x_wconf 91' lang='lat' dir='ltr'><strong>est</strong></span> <span class='ocrx_word' id='word_1_386' title='bbox 2905 4025 2919 4067; x_wconf 90' lang='lat'>:</span> <span class='ocrx_word' id='word_1_387' title='bbox 2963 4008 3119 4086; x_wconf 87' lang='lat' dir='ltr'><strong>quia</strong></span> <span class='ocrx_word' id='word_1_388' title='bbox 3163 4024 3294 4070; x_wconf 88' lang='lat' dir='ltr'><strong>una</strong></span> <span class='ocrx_word' id='word_1_389' title='bbox 3345 4010 3409 4071; x_wconf 90' lang='lat' dir='ltr'><strong>et</strong></span> <span class='ocrx_word' id='word_1_390' title='bbox 3460 4008 3689 4073; x_wconf 88' lang='lat' dir='ltr'><strong>eadem</strong></span> <span class='ocrx_word' id='word_1_391' title='bbox 3741 4028 3849 4073; x_wconf 91' lang='lat' dir='ltr'><strong>res</strong></span> <span class='ocrx_word' id='word_1_392' title='bbox 3898 4014 3999 4074; x_wconf 91' lang='lat' dir='ltr'><strong>est</strong></span> 
     </span>
     <span class='ocr_line' id='line_1_38' title="bbox 893 4120 4000 4207; baseline 0.001 -20"><span class='ocrx_word' id='word_1_393' title='bbox 893 4124 1187 4205; x_wconf 87' lang='lat' dir='ltr'><strong>potentia</strong></span> <span class='ocrx_word' id='word_1_394' title='bbox 1223 4125 1287 4187; x_wconf 88' lang='lat' dir='ltr'><strong>et</strong></span> <span class='ocrx_word' id='word_1_395' title='bbox 1323 4122 1653 4200; x_wconf 83' lang='lat' dir='ltr'><strong>voluntaS,</strong></span> <span class='ocrx_word' id='word_1_396' title='bbox 1695 4120 1946 4185; x_wconf 88' lang='lat' dir='ltr'><strong>scilicet</strong></span> <span class='ocrx_word' id='word_1_397' title='bbox 1983 4121 2124 4201; x_wconf 86' lang='lat' dir='ltr'><strong>ipse</strong></span> <span class='ocrx_word' id='word_1_398' title='bbox 2165 4122 2369 4199; x_wconf 83' lang='lat' dir='ltr'><strong>DeuS,</strong></span> <span class='ocrx_word' id='word_1_399' title='bbox 2404 4120 2517 4201; x_wconf 89' lang='lat' dir='ltr'><strong>qui</strong></span> <span class='ocrx_word' id='word_1_400' title='bbox 2564 4123 2732 4183; x_wconf 86' lang='lat' dir='ltr'><strong>esset</strong></span> <span class='ocrx_word' id='word_1_401' title='bbox 2774 4120 2985 4201; x_wconf 89' lang='lat' dir='ltr'><strong>major</strong></span> <span class='ocrx_word' id='word_1_402' title='bbox 3026 4140 3095 4185; x_wconf 91' lang='lat' dir='ltr'><strong>se</strong></span> <span class='ocrx_word' id='word_1_403' title='bbox 3133 4122 3303 4203; x_wconf 91' lang='lat' dir='ltr'><strong>ipso,</strong></span> <span class='ocrx_word' id='word_1_404' title='bbox 3336 4124 3393 4187; x_wconf 90' lang='lat' dir='ltr'><strong>si</strong></span> <span class='ocrx_word' id='word_1_405' title='bbox 3433 4124 3738 4189; x_wconf 84' lang='lat' dir='ltr'><strong>voluntas</strong></span> <span class='ocrx_word' id='word_1_406' title='bbox 3782 4126 4000 4207; x_wconf 85' lang='lat' dir='ltr'><strong>maj0r</strong></span> 
     </span>
     <span class='ocr_line' id='line_1_39' title="bbox 893 4236 3999 4323; baseline 0.001 -21"><span class='ocrx_word' id='word_1_407' title='bbox 893 4241 1066 4302; x_wconf 90' lang='lat' dir='ltr'><strong>esset</strong></span> <span class='ocrx_word' id='word_1_408' title='bbox 1119 4238 1436 4319; x_wconf 90' lang='lat' dir='ltr'><strong>potentia,</strong></span> <span class='ocrx_word' id='word_1_409' title='bbox 1488 4237 1593 4301; x_wconf 87' lang='lat' dir='ltr'><strong>vel</strong></span> <span class='ocrx_word' id='word_1_410' title='bbox 1640 4237 1934 4318; x_wconf 91' lang='lat' dir='ltr'><strong>potentia</strong></span> <span class='ocrx_word' id='word_1_411' title='bbox 1986 4238 2346 4300; x_wconf 81' lang='lat' dir='ltr'><strong>voluntate.</strong></span> <span class='ocrx_word' id='word_1_412' title='bbox 2398 4237 2534 4299; x_wconf 93' lang='lat' dir='ltr'><strong>Nec</strong></span> <span class='ocrx_word' id='word_1_413' title='bbox 2588 4236 2710 4299; x_wconf 91' lang='lat' dir='ltr'><strong>hac</strong></span> <span class='ocrx_word' id='word_1_414' title='bbox 2765 4238 3149 4302; x_wconf 87' lang='lat' dir='ltr'><strong>auctoritate</strong></span> <span class='ocrx_word' id='word_1_415' title='bbox 3202 4242 3476 4321; x_wconf 86' lang='lat' dir='ltr'><strong>negatur</strong></span> <span class='ocrx_word' id='word_1_416' title='bbox 3530 4242 3746 4305; x_wconf 90' lang='lat' dir='ltr'><strong>Deum</strong></span> <span class='ocrx_word' id='word_1_417' title='bbox 3804 4243 3999 4323; x_wconf 87' lang='lat' dir='ltr'><strong>plura</strong></span> 
     </span>
     <span class='ocr_line' id='line_1_40' title="bbox 892 4353 4002 4436; baseline 0.002 -19"><span class='ocrx_word' id='word_1_418' title='bbox 892 4372 1087 4436; x_wconf 86' lang='lat' dir='ltr'><strong>posse</strong></span> <span class='ocrx_word' id='word_1_419' title='bbox 1115 4371 1316 4435; x_wconf 88' lang='lat' dir='ltr'><strong>quam</strong></span> <span class='ocrx_word' id='word_1_420' title='bbox 1347 4354 1537 4431; x_wconf 86' lang='lat' dir='ltr'><strong>velle,</strong></span> <span class='ocrx_word' id='word_1_421' title='bbox 1571 4353 1728 4434; x_wconf 90' lang='lat' dir='ltr'><strong>quia</strong></span> <span class='ocrx_word' id='word_1_422' title='bbox 1764 4353 1954 4433; x_wconf 87' lang='lat' dir='ltr'><strong>plura</strong></span> <span class='ocrx_word' id='word_1_423' title='bbox 1988 4354 2142 4415; x_wconf 89' lang='lat' dir='ltr'><strong>sunt</strong></span> <span class='ocrx_word' id='word_1_424' title='bbox 2178 4353 2473 4433; x_wconf 82' lang='lat' dir='ltr'><strong>subJ&#39;ecta</strong></span> <span class='ocrx_word' id='word_1_425' title='bbox 2512 4353 2655 4433; x_wconf 80' lang='lat' dir='ltr'><strong>eJus</strong></span> <span class='ocrx_word' id='word_1_426' title='bbox 2684 4354 2993 4435; x_wconf 79' lang='lat' dir='ltr'><strong>potentiae</strong></span> <span class='ocrx_word' id='word_1_427' title='bbox 3034 4373 3229 4436; x_wconf 86' lang='lat' dir='ltr'><strong>quam</strong></span> <span class='ocrx_word' id='word_1_428' title='bbox 3263 4356 3609 4419; x_wconf 86' lang='lat' dir='ltr'><strong>voluntati.</strong></span> <span class='ocrx_word' id='word_1_429' title='bbox 3641 4358 4002 4423; x_wconf 88' lang='lat' dir='ltr'><strong>Fateamur</strong></span> 
     </span>
     <span class='ocr_line' id='line_1_41' title="bbox 891 4469 3867 4553; baseline 0 -19"><span class='ocrx_word' id='word_1_430' title='bbox 891 4470 1138 4551; x_wconf 87' lang='lat' dir='ltr'><strong>itaque,</strong></span> <span class='ocrx_word' id='word_1_431' title='bbox 1178 4471 1394 4533; x_wconf 90' lang='lat' dir='ltr'><strong>Deum</strong></span> <span class='ocrx_word' id='word_1_432' title='bbox 1441 4470 1630 4549; x_wconf 89' lang='lat' dir='ltr'><strong>plura</strong></span> <span class='ocrx_word' id='word_1_433' title='bbox 1676 4486 1870 4550; x_wconf 88' lang='lat' dir='ltr'><strong>posse</strong></span> <span class='ocrx_word' id='word_1_434' title='bbox 1924 4469 2132 4533; x_wconf 83' lang='lat' dir='ltr'><strong>facere</strong></span> <span class='ocrx_word' id='word_1_435' title='bbox 2185 4487 2333 4550; x_wconf 84' lang='lat' dir='ltr'><strong>quae</strong></span> <span class='ocrx_word' id='word_1_436' title='bbox 2381 4487 2513 4533; x_wconf 92' lang='lat' dir='ltr'><strong>non</strong></span> <span class='ocrx_word' id='word_1_437' title='bbox 2558 4470 2720 4549; x_wconf 91' lang='lat' dir='ltr'><strong>vult,</strong></span> <span class='ocrx_word' id='word_1_438' title='bbox 2755 4470 2819 4533; x_wconf 93' lang='lat' dir='ltr'><strong>et</strong></span> <span class='ocrx_word' id='word_1_439' title='bbox 2864 4488 3058 4551; x_wconf 87' lang='lat' dir='ltr'><strong>posse</strong></span> <span class='ocrx_word' id='word_1_440' title='bbox 3107 4471 3437 4535; x_wconf 88' lang='lat' dir='ltr'><strong>dimittere</strong></span> <span class='ocrx_word' id='word_1_441' title='bbox 3486 4490 3633 4553; x_wconf 83' lang='lat' dir='ltr'><strong>quae</strong></span> <span class='ocrx_word' id='word_1_442' title='bbox 3686 4474 3867 4537; x_wconf 87' lang='lat' dir='ltr'><strong>facit.</strong></span> 
     </span>
     <span class='ocr_line' id='line_1_42' title="bbox 1027 4584 4001 4669; baseline 0.002 -20"><span class='ocrx_word' id='word_1_443' title='bbox 1027 4585 1219 4661; x_wconf 88' lang='lat' dir='ltr'><strong>Quod</strong></span> <span class='ocrx_word' id='word_1_444' title='bbox 1269 4586 1344 4647; x_wconf 92' lang='lat' dir='ltr'><strong>ut</strong></span> <span class='ocrx_word' id='word_1_445' title='bbox 1393 4584 1635 4649; x_wconf 89' lang='lat' dir='ltr'><strong>certius</strong></span> <span class='ocrx_word' id='word_1_446' title='bbox 1683 4585 2071 4666; x_wconf 83' lang='lat' dir='ltr'><strong>firmiusque</strong></span> <span class='ocrx_word' id='word_1_447' title='bbox 2119 4586 2439 4666; x_wconf 85' lang='lat' dir='ltr'><strong>teneatur,</strong></span> <span class='ocrx_word' id='word_1_448' title='bbox 2482 4586 2834 4667; x_wconf 87' lang='lat' dir='ltr'><strong>Scripturae</strong></span> <span class='ocrx_word' id='word_1_449' title='bbox 2888 4587 3285 4651; x_wconf 87' lang='lat' dir='ltr'><strong>testimoniis</strong></span> <span class='ocrx_word' id='word_1_450' title='bbox 3335 4605 3729 4669; x_wconf 83' lang='lat' dir='ltr'><strong>asseramuS,</strong></span> <span class='ocrx_word' id='word_1_451' title='bbox 3780 4591 4001 4655; x_wconf 89' lang='lat' dir='ltr'><strong>Deum</strong></span> 
     </span>
     <span class='ocr_line' id='line_1_43' title="bbox 891 4700 4003 4789; baseline 0.002 -24"><span class='ocrx_word' id='word_1_452' title='bbox 891 4704 1082 4785; x_wconf 90' lang='lat' dir='ltr'><strong>plura</strong></span> <span class='ocrx_word' id='word_1_453' title='bbox 1119 4720 1312 4783; x_wconf 87' lang='lat' dir='ltr'><strong>posse</strong></span> <span class='ocrx_word' id='word_1_454' title='bbox 1353 4702 1562 4765; x_wconf 87' lang='lat' dir='ltr'><strong>facere</strong></span> <span class='ocrx_word' id='word_1_455' title='bbox 1615 4717 1815 4781; x_wconf 90' lang='lat' dir='ltr'><strong>quam</strong></span> <span class='ocrx_word' id='word_1_456' title='bbox 1861 4700 2075 4763; x_wconf 87' lang='lat' dir='ltr'><strong>faciat.</strong></span> <span class='ocrx_word' id='word_1_457' title='bbox 2119 4700 2378 4765; x_wconf 80' lang='lat' dir='ltr'><strong>Veritas</strong></span> <span class='ocrx_word' id='word_1_458' title='bbox 2424 4702 2591 4782; x_wconf 83' lang='lat' dir='ltr'><strong>ipsa,</strong></span> <span class='ocrx_word' id='word_1_459' title='bbox 2628 4703 2991 4765; x_wconf 87' lang='lat' dir='ltr'><strong>secundum</strong></span> <span class='ocrx_word' id='word_1_460' title='bbox 3038 4702 3447 4784; x_wconf 80' lang='lat' dir='ltr'><strong>Matthaeum,</strong></span> <span class='ocrx_word' id='word_1_461' title='bbox 3482 4705 3574 4767; x_wconf 89' lang='lat' dir='ltr'><strong>ait</strong></span> <span class='ocrx_word' id='word_1_462' title='bbox 3607 4726 3622 4767; x_wconf 90' lang='lat'>:</span> <span class='ocrx_word' id='word_1_463' title='bbox 3658 4706 3765 4769; x_wconf 84' lang='lat' dir='ltr'><strong>An</strong></span> <span class='ocrx_word' id='word_1_464' title='bbox 3804 4710 4003 4789; x_wconf 84' lang='lat' dir='ltr'><strong>putas</strong></span> 
     </span>
     <span class='ocr_line' id='line_1_44' title="bbox 891 4816 4003 4901; baseline 0.001 -19"><span class='ocrx_word' id='word_1_465' title='bbox 891 4820 1050 4901; x_wconf 88' lang='lat' dir='ltr'><strong>quia</strong></span> <span class='ocrx_word' id='word_1_466' title='bbox 1085 4836 1219 4882; x_wconf 92' lang='lat' dir='ltr'><strong>non</strong></span> <span class='ocrx_word' id='word_1_467' title='bbox 1266 4834 1540 4900; x_wconf 88' lang='lat' dir='ltr'><strong>possum</strong></span> <span class='ocrx_word' id='word_1_468' title='bbox 1589 4832 1816 4896; x_wconf 90' lang='lat' dir='ltr'><strong>rogare</strong></span> <span class='ocrx_word' id='word_1_469' title='bbox 1857 4816 2120 4879; x_wconf 88' lang='lat' dir='ltr'><strong>Patrem</strong></span> <span class='ocrx_word' id='word_1_470' title='bbox 2169 4834 2419 4897; x_wconf 91' lang='lat' dir='ltr'><strong>meum,</strong></span> <span class='ocrx_word' id='word_1_471' title='bbox 2454 4819 2517 4880; x_wconf 92' lang='lat' dir='ltr'><strong>et</strong></span> <span class='ocrx_word' id='word_1_472' title='bbox 2554 4817 2889 4881; x_wconf 85' lang='lat' dir='ltr'><strong>exhibebit</strong></span> <span class='ocrx_word' id='word_1_473' title='bbox 2926 4819 3091 4882; x_wconf 91' lang='lat' dir='ltr'><strong>mihi</strong></span> <span class='ocrx_word' id='word_1_474' title='bbox 3140 4820 3340 4883; x_wconf 89' lang='lat' dir='ltr'><strong>modo</strong></span> <span class='ocrx_word' id='word_1_475' title='bbox 3382 4820 3533 4901; x_wconf 93' lang='lat' dir='ltr'><strong>plus</strong></span> <span class='ocrx_word' id='word_1_476' title='bbox 3574 4838 3777 4901; x_wconf 84' lang='lat' dir='ltr'><strong>quam</strong></span> <span class='ocrx_word' id='word_1_477' title='bbox 3826 4823 4003 4886; x_wconf 91' lang='lat' dir='ltr'><strong>duo-</strong></span> 
     </span>
     <span class='ocr_line' id='line_1_45' title="bbox 892 4930 4005 5017; baseline 0.002 -19"><span class='ocrx_word' id='word_1_478' title='bbox 892 4936 1105 4999; x_wconf 90' lang='lat' dir='ltr'><strong>decim</strong></span> <span class='ocrx_word' id='word_1_479' title='bbox 1163 4935 1455 5016; x_wconf 87' lang='lat' dir='ltr'><strong>legiones</strong></span> <span class='ocrx_word' id='word_1_480' title='bbox 1511 4933 1895 5014; x_wconf 87' lang='lat' dir='ltr'><strong>angelorum</strong></span> <span class='ocrx_word' id='word_1_481' title='bbox 1925 4930 1956 4992; x_wconf 81' lang='lat'><strong>?</strong></span> <span class='ocrx_word' id='word_1_482' title='bbox 2005 4932 2103 4993; x_wconf 86' lang='lat' dir='ltr'><strong>Ex</strong></span> <span class='ocrx_word' id='word_1_483' title='bbox 2158 4932 2401 5012; x_wconf 86' lang='lat' dir='ltr'><strong>quibus</strong></span> <span class='ocrx_word' id='word_1_484' title='bbox 2457 4933 2675 4997; x_wconf 85' lang='lat' dir='ltr'><strong>verbis</strong></span> <span class='ocrx_word' id='word_1_485' title='bbox 2731 4935 3025 5015; x_wconf 90' lang='lat' dir='ltr'><strong>patenter</strong></span> <span class='ocrx_word' id='word_1_486' title='bbox 3080 4935 3401 5016; x_wconf 88' lang='lat' dir='ltr'><strong>innuitur,</strong></span> <span class='ocrx_word' id='word_1_487' title='bbox 3454 4937 3610 5017; x_wconf 90' lang='lat' dir='ltr'><strong>quia</strong></span> <span class='ocrx_word' id='word_1_488' title='bbox 3665 4941 3731 5000; x_wconf 90' lang='lat' dir='ltr'><strong>et</strong></span> <span class='ocrx_word' id='word_1_489' title='bbox 3786 4938 4005 5003; x_wconf 89' lang='lat' dir='ltr'><strong>Filius</strong></span> 
     </span>
     <span class='ocr_line' id='line_1_46' title="bbox 892 5047 4003 5136; baseline 0.002 -22"><span class='ocrx_word' id='word_1_490' title='bbox 892 5052 1148 5133; x_wconf 86' lang='lat' dir='ltr'><strong>poterat</strong></span> <span class='ocrx_word' id='word_1_491' title='bbox 1194 5068 1422 5132; x_wconf 89' lang='lat' dir='ltr'><strong>rogare</strong></span> <span class='ocrx_word' id='word_1_492' title='bbox 1470 5048 1648 5131; x_wconf 90' lang='lat' dir='ltr'><strong>quod</strong></span> <span class='ocrx_word' id='word_1_493' title='bbox 1695 5064 1828 5111; x_wconf 91' lang='lat' dir='ltr'><strong>non</strong></span> <span class='ocrx_word' id='word_1_494' title='bbox 1870 5047 2160 5129; x_wconf 89' lang='lat' dir='ltr'><strong>rogabat,</strong></span> <span class='ocrx_word' id='word_1_495' title='bbox 2204 5049 2269 5111; x_wconf 90' lang='lat' dir='ltr'><strong>et</strong></span> <span class='ocrx_word' id='word_1_496' title='bbox 2311 5049 2507 5112; x_wconf 87' lang='lat' dir='ltr'><strong>Pater</strong></span> <span class='ocrx_word' id='word_1_497' title='bbox 2544 5049 2852 5114; x_wconf 83' lang='lat' dir='ltr'><strong>exhibere</strong></span> <span class='ocrx_word' id='word_1_498' title='bbox 2896 5052 3073 5131; x_wconf 86' lang='lat' dir='ltr'><strong>quod</strong></span> <span class='ocrx_word' id='word_1_499' title='bbox 3120 5069 3253 5115; x_wconf 90' lang='lat' dir='ltr'><strong>non</strong></span> <span class='ocrx_word' id='word_1_500' title='bbox 3291 5052 3661 5116; x_wconf 83' lang='lat' dir='ltr'><strong>exhibebat.</strong></span> <span class='ocrx_word' id='word_1_501' title='bbox 3704 5054 4003 5136; x_wconf 87' lang='lat' dir='ltr'><strong>Uterque</strong></span> 
     </span>
    </p>
   </div>
   <div class='ocr_carea' id='block_1_12' title="bbox 595 5164 4003 5248">
    <p class='ocr_par' dir='ltr' id='par_1_13' title="bbox 595 5164 4003 5248">
     <span class='ocr_line' id='line_1_47' title="bbox 595 5164 4003 5248; baseline 0.001 -17"><span class='ocrx_word' id='word_1_502' title='bbox 595 5187 868 5243; x_wconf 39' lang='lat' dir='ltr'><strong>liubanem·</strong></span> <span class='ocrx_word' id='word_1_503' title='bbox 895 5184 1048 5247; x_wconf 89' lang='lat' dir='ltr'><strong>ergo</strong></span> <span class='ocrx_word' id='word_1_504' title='bbox 1086 5168 1342 5248; x_wconf 89' lang='lat' dir='ltr'><strong>poterat</strong></span> <span class='ocrx_word' id='word_1_505' title='bbox 1384 5166 1594 5229; x_wconf 84' lang='lat' dir='ltr'><strong>facere</strong></span> <span class='ocrx_word' id='word_1_506' title='bbox 1632 5164 1810 5246; x_wconf 90' lang='lat' dir='ltr'><strong>quod</strong></span> <span class='ocrx_word' id='word_1_507' title='bbox 1848 5182 1979 5227; x_wconf 89' lang='lat' dir='ltr'><strong>non</strong></span> <span class='ocrx_word' id='word_1_508' title='bbox 2017 5164 2317 5227; x_wconf 85' lang='lat' dir='ltr'><strong>faciebat.</strong></span> <span class='ocrx_word' id='word_1_509' title='bbox 2352 5164 2766 5247; x_wconf 84' lang='lat' dir='ltr'><strong>Augustinus</strong></span> <span class='ocrx_word' id='word_1_510' title='bbox 2804 5168 3001 5229; x_wconf 91' lang='lat' dir='ltr'><strong>etiam</strong></span> <span class='ocrx_word' id='word_1_511' title='bbox 3040 5168 3109 5231; x_wconf 90' lang='lat' dir='ltr'><strong>in</strong></span> <span class='ocrx_word' id='word_1_512' title='bbox 3149 5168 3532 5231; x_wconf 86' lang='lat' dir='ltr'><strong>Euchiridio</strong></span> <span class='ocrx_word' id='word_1_513' title='bbox 3572 5170 3665 5233; x_wconf 90' lang='lat' dir='ltr'><strong>ait</strong></span> <span class='ocrx_word' id='word_1_514' title='bbox 3706 5190 3721 5231; x_wconf 76' lang='grc' dir='ltr'>ε</span> <span class='ocrx_word' id='word_1_515' title='bbox 3764 5171 4003 5235; x_wconf 90' lang='lat' dir='ltr'><strong>Omni-</strong></span> 
     </span>
    </p>
   </div>
   <div class='ocr_carea' id='block_1_13' title="bbox 596 5250 831 5294">
    <p class='ocr_par' dir='ltr' id='par_1_14' title="bbox 596 5250 831 5294">
     <span class='ocr_line' id='line_1_48' title="bbox 596 5250 831 5294; baseline 0.004 -1"><span class='ocrx_word' id='word_1_516' title='bbox 596 5250 681 5293; x_wconf 79' lang='lat' dir='ltr'><strong>rid.</strong></span> <span class='ocrx_word' id='word_1_517' title='bbox 702 5263 742 5294; x_wconf 83' lang='grc' dir='ltr'><strong>ο.</strong></span> <span class='ocrx_word' id='word_1_518' title='bbox 763 5252 831 5294; x_wconf 78' lang='grc'><strong>95.</strong></span> 
     </span>
    </p>
   </div>
   <div class='ocr_carea' id='block_1_14' title="bbox 895 5281 3997 5367">
    <p class='ocr_par' dir='ltr' id='par_1_15' title="bbox 895 5281 3997 5367">
     <span class='ocr_line' id='line_1_49' title="bbox 895 5281 3997 5367; baseline 0.002 -21"><span class='ocrx_word' id='word_1_519' title='bbox 895 5284 1181 5364; x_wconf 86' lang='lat' dir='ltr'><strong>potentis</strong></span> <span class='ocrx_word' id='word_1_520' title='bbox 1219 5282 1524 5347; x_wconf 86' lang='lat' dir='ltr'><strong>voluntas</strong></span> <span class='ocrx_word' id='word_1_521' title='bbox 1571 5282 1780 5345; x_wconf 85' lang='lat' dir='ltr'><strong>multa</strong></span> <span class='ocrx_word' id='word_1_522' title='bbox 1824 5282 2041 5367; x_wconf 87' lang='lat' dir='ltr'><strong>potest</strong></span> <span class='ocrx_word' id='word_1_523' title='bbox 2086 5281 2299 5345; x_wconf 88' lang='lat' dir='ltr'><strong>facere</strong></span> <span class='ocrx_word' id='word_1_524' title='bbox 2349 5298 2497 5362; x_wconf 76' lang='lat' dir='ltr'><strong>quae</strong></span> <span class='ocrx_word' id='word_1_525' title='bbox 2534 5300 2665 5345; x_wconf 91' lang='lat' dir='ltr'><strong>non</strong></span> <span class='ocrx_word' id='word_1_526' title='bbox 2707 5282 2849 5345; x_wconf 92' lang='lat' dir='ltr'><strong>vult</strong></span> <span class='ocrx_word' id='word_1_527' title='bbox 2895 5301 3011 5346; x_wconf 92' lang='lat' dir='ltr'><strong>nec</strong></span> <span class='ocrx_word' id='word_1_528' title='bbox 3060 5284 3238 5347; x_wconf 85' lang='lat' dir='ltr'><strong>facit.</strong></span> <span class='ocrx_word' id='word_1_529' title='bbox 3278 5284 3507 5348; x_wconf 90' lang='lat' dir='ltr'><strong>Potuit</strong></span> <span class='ocrx_word' id='word_1_530' title='bbox 3548 5286 3729 5349; x_wconf 88' lang='lat' dir='ltr'><strong>enim</strong></span> <span class='ocrx_word' id='word_1_531' title='bbox 3782 5286 3997 5353; x_wconf 85' lang='lat' dir='ltr'><strong>facere</strong></span> 
     </span>
    </p>
   </div>
   <div class='ocr_carea' id='block_1_15' title="bbox 4275 5488 4281 6148">
    <p class='ocr_par' dir='ltr' id='par_1_16' title="bbox 4275 5488 4281 6148">
     <span class='ocr_line' id='line_1_50' title="bbox 4275 5488 4281 6148; baseline 0 0"><span class='ocrx_word' id='word_1_532' title='bbox 4275 5488 4281 6148; x_wconf 95' lang='lat' dir='ltr'><strong> </strong></span> 
     </span>
    </p>
   </div>
  </div>
 </body>
</html>
