4359 6250
615 1025 698 1065 nrt.

725 1024 764 1064 l.

837 517 958 584 582

1482 536 1548 584 IN
1589 536 1810 583 LIBRUM
1852 535 1874 581 1
1916 533 2399 581 SENTENTIARUM.
2442 551 2523 561 —
2563 533 2715 579 DlST.
2762 531 2948 596 xt.111;
2991 532 3216 588 QUAEST.
3258 529 3304 578 11

842 709 927 770 sit
953 708 1196 789 figura3
1230 715 1544 790 oporteret
1576 706 1744 788 quod
1771 704 2050 786 aliquam
2081 703 2341 765 haberet
2370 699 2421 762 A
2450 701 2772 764 Avicenna
2810 703 3089 766 secundo
3118 703 3557 786 Metaphysicae
3594 722 3725 766 suae
3757 709 3951 764 testa-

846 806 1117 887 figuram
1166 823 1179 866 :
1225 823 1373 886 ergo
1414 812 1581 867 esset
1619 802 1902 876 finitum,
1945 801 2096 884 quia
2137 800 2346 882 figura
2450 808 2576 874 tur,
2610 802 2777 883 quod
2821 820 3052 884 corpus
3090 821 3167 863 ex
3206 819 3281 864 eo
3319 801 3489 883 quod
3532 819 3785 883 corpuS,
3818 818 3955 862 non

846 912 962 978 est,
995 923 1137 985 quae
1175 905 1449 966 termino
1487 903 1587 965 vel
1619 900 1922 986 ‘terminis
1964 899 2299 962 clauditur.

927 1003 1019 1064 Ad
1053 1003 1428 1074 secundum,
1461 1001 1780 1072 videlicet,
1817 1018 1893 1061 an
1931 997 2235 1080 possibile
2264 997 2349 1058 sit

849 1120 987 1163 esse
1031 1100 1232 1162 multa
1274 1099 1528 1161 infinita
1576 1099 1928 1161 secundum
1976 1105 2213 1166 actum,
2257 1115 2349 1158 re·

751 1242 753 1244 -
851 1199 1121 1280 spondet
1171 1218 1185 1261 :
1239 1198 1417 1260 Circa
1476 1198 1594 1258 hoc
1645 1196 1766 1258 fuit
1813 1196 2048 1277 duplex
2106 1195 2343 1276 opinio.

848 1296 1170 1359 Avicenna
1197 1315 1462 1377 namque
1493 1303 1555 1357 et
1578 1295 1826 1376 Algazel
1854 1295 2165 1364 dixerunt,
2181 1293 2346 1375 quod

849 1394 1247 1477 impossibile
1287 1402 1382 1456 est
1421 1394 1896 1456 multitudinem
1943 1401 2086 1454 actu
2133 1391 2349 1453 infini-

848 1502 978 1555 tam
1013 1512 1152 1555 esse
1189 1512 1305 1574 per
1335 1512 1424 1568 se,
1458 1510 1585 1554 non
1626 1499 1836 1553 autern
1878 1509 1993 1573 per
2029 1490 2343 1552 accidens.

850 1591 1095 1653 Dicitur
1141 1590 1313 1652 enim
1364 1589 1706 1650 multitudo
1753 1606 1890 1649 esse
1940 1586 2196 1649 infinita
2240 1605 2351 1667 per

850 1688 1208 1772 se‚quando
1238 1686 1493 1749 infinita
1527 1687 1866 1748 multitudo
1895 1684 2243 1767 requiritur
2272 1684 2350 1745 ad

852 1787 972 1850 hoc
1013 1786 1183 1868 quod
1225 1784 1467 1867 aliquid
1513 1785 1594 1846 sit
1632 1801 1646 1846 ε
1687 1793 1751 1846 et
1790 1785 1909 1845 hoc
1955 1781 2351 1864 impossibile

2454 908 2549 962 est
2588 919 2845 962 necesse
2886 899 3295 981 superficiem
3338 899 3593 974 habere,
3626 901 3737 962 sed
3765 918 3843 961 ex
3874 917 3959 960 eo

2455 999 2624 1080 quod
2656 998 2913 1061 finitum
2945 1006 3058 1060 est.
3081 1034 3162 1044 -—
3192 999 3406 1080 ltaque
3437 997 3783 1061 Richardus
3814 1016 3966 1079 pro-

2458 1096 2736 1179 positum
2778 1096 3003 1177 probat
3032 1097 3125 1158 sic
3160 1115 3174 1158 :
3208 1095 3497 1158 Essentia
3534 1103 3835 1158 creaturae
3865 1095 3968 1156 di-

2458 1196 2546 1258 cit
2586 1194 2738 1275 quid
2784 1193 3159 1257 indifferens
3202 1193 3279 1256 ad
3323 1193 3458 1256 fore
3500 1201 3609 1255 aut
3651 1193 3968 1256 non·fore

2457 1293 2525 1355 in
2569 1292 2805 1354 effectu
2852 1309 2866 1353 :
2912 1291 3150 1354 idcirco
3200 1292 3352 1354 dum
3404 1290 3503 1364 fit,
3540 1291 3967 1354 determinate

2458 1390 2853 1453 contrahitur
2889 1391 2965 1451 ad
2999 1390 3263 1452 alteram
3300 1398 3567 1471 partem,
3599 1397 3664 1452 et
3694 1389 3779 1452 ita
3811 1388 3969 1452 fini-

2458 1495 2579 1550 tur.
2614 1489 2757 1550 Haec
2798 1487 3168 1550 RicharduS.

2536 1585 2770 1646 Verum
2802 1584 2935 1646 haec
2966 1584 3124 1646 ratio
3152 1584 3293 1664 ejus
3324 1583 3576 1646 videtur
3604 1585 3967 1648 rationibus

2459 1683 2713 1745 Thomae
2770 1701 2842 1744 ac
2899 1683 3353 1744 Bonaventurae
3415 1682 3737 1746 infirmior
3793 1701 3961 1745 esse.

2458 1781 2673 1843 Posset
2710 1780 2880 1842 enim
2916 1779 3062 1861 quis
3096 1779 3306 1842 dicere
3340 1797 3356 1841 ε
3389 1781 3621 1842 Verum
3656 1788 3753 1843 est
3788 1781 3967 1863 quod

854 1892 971 1958 est,
996 1883 1296 1966 quoniam
1330 1890 1647 1964 oporteret
1677 1883 1845 1963 quod
1879 1882 2214 1963 productio
2242 1881 2352 1941 ali-
2385 1881 2431 1942 B
2460 1880 2613 1941 dum
2664 1878 2761 1951 fit,
2796 1878 3190 1940 contrahitur
3229 1878 3306 1940 ad
3355 1897 3494 1941 esse
3541 1879 3807 1942 actualis
3852 1897 3967 1941 ex·

853 1983 1040 2064 cujus
1079 1982 1464 2063 dependeret
1493 1999 1567 2042 ex
1611 1979 1922 2057 infinitis3
1962 1987 2024 2040 et
2063 1981 2154 2041 sic
2194 1998 2354 2040 nun-

854 2100 1046 2163 quam
1094 2079 1541 2161 compleretur,
1583 2079 1884 2159 quoniam
1930 2077 2184 2139 infinita
2226 2095 2350 2138 non

853 2185 1393 2262 pertranseuntur.
1429 2177 1543 2239 Per
1584 2175 1879 2238 accidens
1923 2194 2072 2238 vero
2119 2174 2355 2236 dicitur

855 2276 1200 2340 multitudo
1238 2274 1510 2346 infinita,
1547 2275 1798 2356 quando
1839 2291 1964 2334 non
2007 2272 2357 2354 requiritur

854 2375 931 2437 ad
975 2373 1215 2455 aliquid
1267 2371 1556 2434 infinitas
1606 2370 2060 2444 multitudiniS,
2103 2371 2212 2432 sed
2255 2388 2355 2432 ac-

857 2473 1012 2535 cidit
1048 2472 1140 2534 sic
1179 2490 1336 2534 esse.
1370 2506 1451 2516 ——
1481 2470 1622 2533 Haec
1665 2478 1875 2533 autem
1926 2469 2144 2550 opinio
2192 2477 2356 2530 stare

856 2589 984 2634 non
1016 2568 1558 2652 potest,quoniam
1587 2586 1844 2630 omnem
1879 2567 2353 2629 multitudinem

857 2676 1104 2751 oportet
1134 2687 1272 2730 esse
1303 2667 1368 2728 in
1401 2666 1612 2747 aliqua
1651 2665 2080 2727 multitudinis
2119 2665 2351 2745 specie.

857 2768 1114 2850 Species
1169 2773 1380 2828 autem
1445 2764 1877 2826 multitudinis
1934 2771 2082 2825 sunt
2137 2782 2361 2824 secun-

858 2867 1012 2929 dum
1072 2864 1317 2946 species
1375 2881 1807 2924 numerorum.
1862 2862 1978 2924 Sed
2041 2861 2216 2922 nulla
2264 2868 2361 2922 est

859 2962 1107 3044 species
1165 2960 1415 3022 numeri
1474 2958 1749 3030 infinita,
1811 2959 2112 3040 quoniam
2173 2957 2361 3038 quili-

863 3178 1085 3220 unum.
1138 3157 1462 3228 Praeterea,
1515 3174 1704 3217 omne
1763 3162 2044 3216 creatum
2093 3164 2191 3216 est
2238 3154 2359 3216 sub

862 3257 1075 3338 aliqua
1122 3263 1289 3317 certa
1341 3253 1690 3315 intentione
1734 3252 2027 3325 creantiS,
2070 3253 2177 3334 qui
2232 3271 2358 3315 non

864 3356 931 3417 in
972 3374 1206 3419 vanum
1253 3353 1494 3435 aliquid
1529 3360 1828 3434 operatur
1861 3370 1874 3413 :
1911 3352 2147 3414 idcirco
2180 3370 2362 3433 opor-

862 3461 951 3515 tet
993 3452 1113 3515 sub
1156 3458 1328 3514 certo
1370 3468 1636 3511 numero
1685 3458 1892 3512 creata
1941 3452 2154 3511 omnia
2195 3468 2361 3513 com-

865 3550 1192 3633 prehendi.
1226 3550 1678 3611 Verumtamen
1711 3567 1848 3610 esse
1883 3549 2359 3611 multitudinem

866 3649 1187 3712 infinitam
1221 3648 1285 3709 in
1316 3646 1619 3729 potentia,
1645 3646 1950 3728 possibile
1981 3655 2094 3708 est.
2119 3649 2361 3710 —Haec

865 3748 1137 3811 Thomas
1180 3746 1245 3807 in
1291 3746 1570 3808 Summa.

945 3848 1211 3927 Insuper
1257 3846 1334 3907 de
1383 3844 1482 3905 his
1543 3842 1780 3904 diffuse
1839 3842 2062 3904 scribit
2110 3844 2363 3906 Richar-

865 3946 1006 4019 duS,
1039 3951 1102 4005 et
1140 3942 1536 4025 quamvis-in
1579 3941 1988 4003 conclusione
2026 3942 2366 4003 concordet

868 4062 1016 4105 cum
1065 4042 1304 4104 Thoma
1351 4049 1414 4102 et
1461 4041 1921 4113 Bonaventura,
1975 4058 2101 4101 non
2150 4047 2365 4101 tamen

867 4141 934 4202 in
985 4139 1236 4210 mediiS,
1287 4138 1438 4219 quia
1484 4145 1746 4218 apparet
1794 4136 1852 4198 ei
1901 4137 2069 4218 quod
2129 4138 2368 4199 motiva

2462 1977 2789 2050 sistentiae‚
2834 1995 2960 2038 uon
3010 1983 3220 2038 tamen
3270 1977 3347 2037 ad
3398 1976 3815 2058 quantitatem
3858 1977 3974 2038 de-

2464 2075 2887 2148 terminatam,
2929 2093 3127 2156 quum
3174 2092 3313 2135 esse
3363 2081 3489 2136 tam
3538 2075 3976 2136 communiter

2463 2180 2817 2254 sumptum,
2854 2172 3067 2233 minus
3110 2172 3392 2252 requirat
3430 2172 3845 2254 quantitatem
3894 2173 3975 2234 li-

2465 2271 2751 2332 mitatam
2796 2288 2986 2352 quam
3033 2269 3239 2332 forma
3282 2269 3714 2332 substantialis
3753 2271 3975 2351 cujus-

2465 2369 2619 2431 libet
2652 2369 2743 2430 rei
2776 2367 3162 2450 compositae.
3190 2369 3323 2430 lmo
3352 2387 3550 2450 quum
3582 2368 3747 2430 dicat
3778 2369 3977 2430 Aver-

2466 2485 2627 2540 roeS,
2671 2467 2847 2528 Sicut
2895 2485 2993 2527 res
3041 2465 3351 2527 differunt
3399 2466 3531 2528 suis
3578 2466 3828 2547 figuri3‚
3878 2467 3975 2528 ita

2465 2573 2528 2626 et
2575 2565 2708 2626 suis
2758 2563 2982 2626 formis
3030 2563 3386 2644 specificis;
3426 2565 3677 2626 videtur
3724 2565 3973 2626 directe

2464 2681 2817 2744 repugnare
2849 2669 3083 2724 naturae
3113 2661 3204 2723 rei
3236 2680 3553 2744 eorporeae
3582 2662 3815 2724 habere
3844 2681 3978 2725 ma·

2464 2761 2866 2842 gnitudinem
2912 2759 3252 2821 infinitam.

2548 2858 2879 2920 Durandus
2920 2875 3173 2939 quoque
3214 2857 3318 2920 hic
3358 2858 3557 2919 multa
3600 2857 3868 2932 inducit,
3906 2867 3977 2920 et

2467 2955 2835 3036 opinionem
2878 2954 3052 3016 illam
3084 2955 3423 3017 Avicennae
3452 2962 3515 3016 et
3543 2955 3851 3035 Algazelis
3890 2957 3977 3018 de

840 3060 970 3123 bet
999 3077 1304 3121 numerus
1341 3064 1435 3119 est
1469 3055 1810 3118 multitudo
1846 3063 2207 3118 mensurata
2247 3075 2360 3137 per
2396 3052 2439 3116 C
2469 3053 2724 3115 infinito
2755 3054 3105 3115 secundum
3140 3052 3804 3128 multitudinem,dicit
3834 3071 3985 3136 pro-

2469 3151 2747 3214 babilem
2780 3170 2939 3219 esse,
2974 3169 3041 3213 se
3071 3170 3325 3232 quoque
3358 3152 3677 3213 interdum
3706 3172 3843 3215 esse
3876 3154 3979 3214 sic

2471 3250 2819 3332 opinatum.
2844 3250 3075 3323 Primo,
3102 3250 3404 3331 quoniam
3441 3249 3606 3312 Deus
3641 3259 3845 3331 potest
3876 3258 3979 3313 tot.

2469 3349 2713 3411 animas
2764 3348 3100 3410 rationales
3150 3347 3343 3409 simul
3394 3348 3764 3429 producere,
3813 3358 3981 3429 quot

2470 3447 2847 3509 successive.
2874 3446 3035 3525 Ergo
3065 3452 3270 3526 potest
3302 3445 3491 3507 simul
3524 3444 3808 3507 infinitas
3838 3464 3983 3508 cre-

2469 3563 2576 3607 are
2620 3562 2633 3605 :
2678 3544 2829 3625 quia
2875 3562 3282 3624 quacumque
3326 3542 3510 3605 finita
3558 3544 3979 3607 multitudine

2470 3642 2827 3705 animarum
2867 3642 3202 3720 assignata,
3236 3648 3441 3723 potest
3472 3641 3637 3703 Deus
3672 3642 3985 3704 successi-

2472 3760 2549 3803 ve
2582 3741 2795 3822 plures
2836 3740 3205 3821 producere,
3242 3739 3371 3800 imo
3400 3747 3462 3800 et
3495 3738 3709 3821 plures
3744 3740 3985 3821 produ-

2474 3845 2665 3909 ceret,
2720 3836 2770 3898 si
2821 3835 3145 3917 generatio
3194 3835 3259 3896 in
3310 3844 3689 3917 perpetuum
3744 3836 3985 3918 perdu-

2474 3943 2661 4009 raret,
2704 3935 2875 4016 quod
2917 3935 3045 3996 Deo
3088 3933 3393 4015 possibile
3437 3941 3551 3995 est.
3586 3934 3766 4007 ltcm,
3809 3935 3987 3997 Deus

2476 4041 2683 4116 potest
2712 4032 2903 4094 simul
2944 4038 3031 4093 tot
3059 4032 3305 4093 animas
3342 4032 3613 4093 condere
3648 4040 3801 4113 quot
3829 4050 3987 4113 pos-

2475 4139 2623 4194 sunt
2682 4138 2973 4193 naturam
3030 4129 3258 4192 animae
3316 4130 3697 4212 participare
3755 4147 3769 4191 z
3830 4150 3989 4211 quae

871 4239 1126 4302 illorum
1160 4234 1622 4298 insufficientia
1655 4235 1800 4296 sint.
1838 4235 2138 4307 Quamvis
2169 4235 2365 4308 enim,
2398 4232 2447 4294 D
2475 4237 2687 4293 essent
2741 4228 3098 4290 necessario
3156 4226 3461 4305 infinitae3
3512 4227 3749 4309 alioqui
3810 4228 3988 4290 ultra

871 4344 944 4398 ut
989 4335 1098 4409 ait,
1151 4341 1440 4395 naturam
1498 4332 1781 4414 corporis
1827 4351 1899 4394 ac
1949 4330 2169 4395 formae
2222 4333 2369 4394 sub-

872 4432 1183 4497 stantialis
1226 4439 1526 4511 sequatur
1568 4430 1887 4511 quantitas
1929 4429 2366 4503 determinata,

873 4539 938 4595 et
983 4531 1104 4593 hoc
1151 4548 1266 4612 per
1314 4536 1640 4603 naturam3
1691 4546 1768 4588 ex
1816 4527 1935 4589 hoc
1978 4535 2192 4589 tamen
2242 4546 2369 4590 non

874 4629 1162 4712 sequitur
1217 4625 1373 4708 quin
1432 4625 1996 4708 supernaturaliter
2052 4626 2253 4707 possit
2312 4626 2370 4688 ei

875 4726 1364 4792 indeterminata
1405 4733 1468 4787 et
1512 4723 1768 4785 infinita
1816 4724 2133 4804 quantitas
2183 4741 2373 4806 copu—

875 4828 1013 4902 lari,
1056 4823 1406 4907 praesertim
1455 4840 1654 4903 quum
1703 4822 1868 4883 Deus
1916 4822 2117 4902 possit
2162 4821 2373 4884 facere

874 4923 1304 4986 dimensiones
1344 4941 1381 4983 a
1417 4918 1770 4981 substantia
1811 4928 2151 5000 separatas,
2193 4926 2261 4979 ut
2306 4920 2373 4981 in

875 5023 1278 5085 Sacramento
1314 5024 1484 5099 patet
1511 5016 1744 5078 altaris.
1779 5015 2082 5078 Motivum
2119 5033 2373 5097 quoque

875 5118 1300 5200 quorumdam
1329 5116 1422 5177 sic
1450 5114 1876 5195 arguentium,
1911 5112 2110 5176 Omne
2143 5132 2374 5195 corpus

876 5220 1124 5297 oportet
1152 5230 1290 5275 esse
1328 5209 1570 5293 aliquid
1605 5210 1681 5271 ad
1723 5208 2132 5290 superficiem
2166 5209 2377 5271 termi-

876 5320 1118 5385 natum,
1171 5308 1572 5371 insufficiens
1619 5307 1962 5369 arbitratur
2007 5326 2022 5371 ε
2069 5306 2372 5389 quoniam

2478 4327 2954 4389 multitudinem
2990 4326 3347 4387 animarum
3387 4324 3637 4387 finitam
3672 4342 3799 4387 non
3834 4344 3987 4407 pos-

2478 4433 2574 4487 set
2610 4443 2803 4486 unam
2845 4431 2955 4485 aut
2996 4424 3153 4485 duas
3196 4423 3410 4505 plures
3454 4440 3685 4485 creare.
3719 4457 3801 4467 —
3827 4423 3985 4485 Haec

2479 4524 2811 4586 Durandus
2855 4521 3099 4603 prolixe
3141 4520 3565 4602 prosequitur.
3600 4519 3813 4582 Nihilo
3854 4522 3986 4583 mi-

2479 4642 2600 4684 nus
2655 4621 2908 4683 tandem
2967 4618 3049 4680 ab
3106 4617 3215 4679 illa
3272 4617 3475 4679 resilit
3529 4618 3851 4699 opinione,
3916 4628 3991 4680 et

2480 4727 2791 4801 praetactae
2840 4716 3307 4780 catholicorum
3367 4715 3667 4796 positioni
3717 4732 3995 4777 consen-

2479 4818 2577 4892 tit,
2620 4824 2681 4879 et
2730 4821 3102 4897 argumenta
3150 4814 3284 4877 haec
3332 4812 3540 4875 solvit.
3588 4813 3674 4875 De
3724 4812 3997 4878 infinito

2480 4922 2693 4978 autem
2742 4914 3096 4976 secundum
3146 4911 3671 4993 magnitudinem,
3712 4931 3792 4973 an
3834 4909 3994 4975 fieri

2482 5020 2693 5094 queat,
2729 5030 2854 5075 non
2900 5010 3144 5073 scribit.

2562 5110 2704 5173 Haec
2745 5109 3022 5171 breviter
3067 5107 3347 5188 tetigisse
3386 5105 3691 5179 sufficiat,
3718 5114 3790 5167 ut
3824 5105 3997 5170 vite—

2484 5216 2585 5269 tur
2623 5207 2970 5288 prolixitaS‚
3005 5214 3066 5268 et
3104 5204 3405 5268 studiosis
3442 5205 3627 5267 detur
3665 5203 3989 5285 diligenti-

2480 5305 2607 5368 oris
2651 5304 3083 5386 inquisitionis
3124 5303 3431 5367 occasio„
