4359 6250
864 468 985 535 652

1491 491 1556 537 IN
1596 490 1817 537 LIBRUM
1860 491 1879 536 1
1924 488 2404 537 SENTENTIARUM.
2451 506 2532 519 -·
2571 489 2725 535 DIST.
2769 489 2994 553 xtvm3
3039 489 3262 545 QUAEST.
3307 490 3330 537 1

864 659 969 721 tia.
1004 659 1311 723 Distantia
1340 680 1488 725 vero
1527 662 2015 745 proportionalis
2058 661 2222 725 inter
2251 679 2355 723 eas
2385 658 2436 721 A
2468 659 2554 722 ita
2583 680 2649 723 se
2681 660 3076 723 conformare
3107 669 3376 737 tenetur,
3396 680 3546 742 ergo
3577 669 3794 743 peccat
3817 678 3962 725 con-

864 776 991 820 non
1030 766 1125 821 est
1168 760 1419 823 infinita
1454 779 1467 823 :
1499 769 1561 823 et.
1600 761 1835 823 dicitur
1866 759 2356 843 proportionalis

864 876 978 939 per
1022 858 1392 921 relationem
1432 860 1775 922 voluntatis
1813 861 2108 922 humanae
2147 860 2224 921 ad
2264 859 2356 919 di-

862 955 1100 1030 vinam,
1143 958 1680 1037 quemadmodum
1732 957 1922 1021 homo
1972 958 2207 1020 dicitur
2252 957 2359 1018 bo-

863 1074 983 1116 nus
1032 1074 1147 1136 per
1194 1055 1567 1118 relationem
1611 1055 1911 1118 bonitatis
1961 1075 2090 1125 suae
2132 1055 2210 1116 ad
2264 1056 2356 1116 in-

797 1223 800 1225 ,
864 1160 1158 1215 creatam.
1194 1153 1496 1217 Voluntas
1539 1162 1753 1216 autem
1796 1155 1906 1216 Dei
1952 1162 2021 1215 ut
2062 1162 2157 1217 est
2203 1154 2356 1215 finis

570 4419 703 4464 Dent.
722 4433 778 4470 νι,
793 4423 835 4463 5.

862 1252 1207 1315 voluntatis
1256 1252 1569 1328 humanae,
1603 1272 1730 1315 non
1778 1262 1875 1315 est
1917 1253 2208 1316 voluntas
2252 1252 2358 1313 ab·

863 1350 1067 1413 solute
1127 1351 1315 1425 dicta,
1366 1352 1473 1413 sed
1524 1360 1594 1413 ut
1653 1351 1947 1433 regulans
2002 1352 2353 1413 secundum

862 1450 963 1512 sui
994 1450 1519 1531 complacentiam
1558 1450 1836 1513 hominis
1867 1449 2254 1512 voluntatem
2290 1449 2354 1511 in

862 1548 1036 1609 omni
1088 1567 1202 1610 sua
1250 1549 1727 1611 conversatione
1765 1566 1779 1610 τ
1818 1549 2036 1630 sicque
2086 1566 2213 1610 non
2261 1556 2356 1610 est

864 1646 1030 1709 inter
1070 1666 1175 1710 eas
1220 1647 1475 1709 infinita
1515 1647 1830 1709 distantia.

942 1746 1034 1808 Ad
1084 1747 1435 1808 secundum
1487 1746 1825 1828 respondet
1868 1763 1881 1807 :
1926 1745 2356 1809 conformatio

2465 759 2662 821 tinue.

2545 858 3076 939 Respondendum
3109 859 3185 920 ad
3219 860 3522 941 primum,
3546 859 3717 941 quod
3745 878 3966 941 quain-

2468 956 2562 1018 vis
2612 956 2899 1019 absolute
2946 965 3278 1020 teneantur
3321 958 3432 1039 qui
3481 965 3631 1019 sunt
3675 958 3960 1039 obligati,

2468 1064 2678 1118 tamen
2728 1056 3052 1131 obstinati,
3105 1075 3218 1139 pro
3269 1064 3434 1119 statu
3484 1075 3612 1138 quo
3660 1058 3962 1119 obstinati

2467 1162 2635 1229 sunt,
2671 1155 3026 1217 secundum
3056 1156 3386 1238 quosdam,
3411 1157 3487 1218 ad
3520 1156 3966 1219 conformatio—

2467 1272 2613 1315 nem
2647 1260 3008 1334 praetactam
3041 1271 3170 1316 non
3201 1262 3518 1327 tenentur,
3543 1253 3695 1335 quia
3725 1254 3963 1338 impos-

2465 1352 2676 1415 sibilis
2703 1353 2797 1414 eis
2827 1360 2942 1414 est.
2965 1353 3039 1414 Et
3073 1354 3126 1415 si
3152 1352 3516 1433 objiciatur,
3539 1353 3711 1435 quod
3740 1373 3965 1417 secun-

2466 1451 2618 1512 dum
2653 1450 2770 1511 hoc
2811 1457 3134 1532 reportant
3176 1450 3426 1512 lucrum
3463 1468 3542 1513 ex
3582 1450 3771 1532 culpa
3809 1468 3961 1529 sua;

2467 1548 2808 1611 dicendum
2865 1548 3036 1631 quod
3095 1566 3244 1623 non,
3306 1549 3610 1632 quoniam
3668 1549 3963 1631 quamvis

2466 1666 2593 1710 non
2632 1655 2968 1711 'teneantur
3002 1648 3080 1709 ad
3121 1648 3712 1723 conformationem,
3747 1656 3962 1711 tamen

2459 1754 2764 1809 tenentur
2819 1747 2897 1808 ad
2957 1764 3232 1827 poenam.
3287 1746 3409 1808 Alii
3467 1755 3680 1808 autem
3740 1746 3965 1809 dicunt

862 1852 1071 1927 potest
1116 1844 1356 1906 attendi
1406 1845 1754 1907 secundum
1806 1852 2077 1926 quatuor
2124 1862 2356 1925 genera
2389 1846 2436 1908 B
2463 1844 2646 1925 juxta
2673 1844 3068 1919 Anselmum,
3105 1845 3272 1927 quod
3314 1844 3800 1926 impossibilitas
3838 1864 3964 1927 qua

862 1962 1219 2017 causarum,
1253 1943 1497 2006 scilicet
1533 1962 1546 2005 :
1584 1944 1647 2006 in
1678 1943 1949 2006 volendo
1987 1943 2155 2024 quod
2190 1943 2355 2005 Deus

861 2042 1020 2116 vult,
1054 2042 1119 2103 in
1161 2042 1430 2105 volendo
1470 2050 1535 2102 ut
1577 2042 1735 2116 vult,
1772 2042 1832 2103 in
1878 2041 2146 2104 volendo
2186 2041 2356 2123 quod

862 2140 1103 2203 scimus
1151 2141 1351 2202 Deum
1400 2140 1585 2211 velle,
1622 2140 1687 2202 in
1738 2139 2008 2201 volendo
2056 2140 2132 2201 ad
2185 2139 2354 2220 quod

860 2239 1016 2301 vult.
1051 2239 1259 2302 Prima
1286 2246 1380 2301 est
1412 2239 1821 2301 conformitas
1862 2237 2227 2311 materialis,
2262 2257 2357 2299 se-

862 2338 1069 2399 cunda
1105 2337 1413 2411 formalis,
1447 2338 1633 2398 tertia
1677 2344 1773 2398 est
1818 2336 1879 2397 in
1929 2337 2169 2398 ratione-
2216 2355 2358 2398 cau-

861 2455 945 2498 sat
988 2435 1355 2509 efficientis,
1390 2442 1615 2517 quarta
1665 2436 1727 2496 in
1779 2434 2021 2496 ratione
2071 2433 2242 2497 finis.
2277 2469 2357 2478 —

860 2533 1211 2596 Dicendum
1269 2552 1439 2615 erg0‚
1490 2533 1659 2614 quod
1710 2533 1862 2594 dum
1918 2540 2190 2614 quatuor
2239 2532 2356 2595 ista

860 2639 1269 2707 concurrunt,
1326 2640 1421 2694 est
1478 2632 1759 2713 perfecta
1816 2631 2226 2693 conformitas
2283 2650 2355 2692 ac

861 2731 1297 2793 conformatio.
1348 2729 1695 2793 Sufficiens
1742 2747 1891 2792 vero
1938 2730 2357 2791 conformatio

859 2830 1207 2892 attenditur
1246 2830 1310 2891 in
1354 2829 1625 2901 duobuS‚
1660 2836 1726 2889 ut
1772 2827 2011 2889 scilice-t
2056 2827 2210 2889 velit
2249 2828 2356 2889 ho-

862 2948 966 2991 mo
1004 2928 1169 2989 sicut
1200 2928 1337 2989 vult
1376 2928 1565 3001 DeuS,
1600 2934 1661 2988 et
1699 2933 1955 3007 propter
1994 2926 2163 3007 quod
2197 2926 2351 2987 vult.

2466 1945 2610 2026 quis
2661 1964 2727 2007 se
2778 1962 2904 2006 non
2956 1950 3163 2025 potest
3205 1942 3602 2007 conformare
3651 1944 3962 2007 voluntati

2467 2042 2721 2116 divinae,
2764 2042 2940 2104 venit
2983 2061 3058 2103 ex
3111 2026 3366 2125 propria
3413 2041 3602 2123 culpa
3648 2042 3813 2123 ejuS,
3861 2043 3964 2105 vel

2467 2159 2594 2202 non
2638 2157 2651 2201 :
2697 2140 2748 2203 si
2799 2158 2948 2213 non,
2995 2148 3372 2218 excusatur3
3419 2140 3470 2201 si
3521 2140 3635 2214 sic,
3682 2159 3808 2203 non
3859 2160 3966 2203 ex-

2467 2247 2744 2313 cusatur,
2779 2239 2888 2301 sed
2918 2239 2996 2300 ad
3028 2238 3596 2301 conformationem
3634 2240 3963 2320 hujusmo-

2467 2338 2528 2400 di
2580 2338 2914 2417 obligatur.
2957 2374 3038 2383 —
3077 2337 3168 2399 Ad
3221 2336 3574 2399 secundum
3616 2337 3960 2400 dice-ndum

2467 2436 2633 2498 sicut
2676 2437 2752 2498 de
2796 2436 3078 2509 caritate,
3115 2435 3192 2496 ad
3236 2454 3426 2517 quam
3471 2442 3766 2497 tenemur
3803 2456 3963 2498 sem-

2469 2555 2602 2617 per,
2637 2535 2746 2597 sed
2791 2552 2918 2596 non
2960 2535 3036 2596 ad
3081 2552 3353 2615 semper.
3386 2533 3480 2595 Ad
3523 2534 3643 2596 hoc
3686 2554 3962 2617 namque

2469 2634 2636 2715 quod
2674 2634 2819 2715 quis
2862 2641 3149 2695 teneatur
3180 2633 3420 2694 moveri
3453 2640 3626 2694 motu
3665 2652 3776 2694 seu
3817 2642 3960 2694 actu

2469 2732 2770 2804 caritatis,
2805 2732 3154 2813 requiritur
3182 2731 3351 2812 quod
3392 2730 3474 2792 sit
3508 2731 3573 2792 in
3611 2732 3962 2813 apprehen-

2469 2830 2646 2892 sione
2691 2830 2992 2892 bonitatis
3031 2830 3166 2903 Dei,
3201 2837 3262 2891 et
3305 2830 3473 2911 quod
3517 2829 3747 2891 habeat
3789 2830 3963 2892 habi-

2468 2935 2604 2990 tum
2658 2928 2957 3001 caritatis,
3004 2947 3132 3009 quo
3173 2935 3364 3009 queat
3409 2927 3560 2990 ferri
3609 2935 3672 2989 et
3721 2929 3960 2990 moveri

860 3024 1239 3107 Imperfecta
1277 3023 1695 3087 conformatio
1734 3031 1850 3096 est,
1885 3024 2037 3085 dum
2081 3024 2218 3085 vult
2253 3024 2358 3085 ho-
2395 3030 2438 3092 C
2468 3028 2542 3089 ad
2577 3027 2983 3089 dilectione-m
3015 3026 3297 3088 divinam
3335 3043 3348 3087 ε
3384 3026 3681 3088 similiter
3709 3027 3788 3089 de
3821 3045 3962 3089 con-

864 3144 967 3187 mo
998 3125 1057 3187 id
1093 3125 1261 3206 quod
1292 3126 1457 3188 Deus
1486 3124 1645 3196 vult,
1674 3123 1770 3185 vel
1805 3123 1971 3204 quod
2004 3121 2125 3184 scit
2154 3123 2354 3184 Deum

860 3224 1043 3287 velle.
1096 3224 1203 3285 Est
1254 3241 1403 3304 ergo
1460 3222 1872 3284 conformitas
1921 3222 2202 3304 perfecta
2262 3242 2355 3284 se-

861 3323 1143 3386 cundum
1182 3329 1453 3404 quatuor
1488 3339 1719 3402 genera
1760 3339 2129 3399 causarum;
2163 3329 2227 3382 et
2262 3341 2355 3383 se-

861 3422 1141 3484 cundum
1178 3422 1297 3484 hoc
1338 3421 1573 3482 dicitur
1602 3420 1768 3500 quod
1811 3427 1907 3481 est
1945 3419 2356 3482 conformitas

862 3521 927 3582 in
972 3520 1156 3582 bonis
1200 3526 1263 3581 et
1306 3517 1513 3590 maliS,
1546 3526 1610 3579 et
1652 3518 1717 3578 in
1761 3518 1865 3579 via
1906 3524 1968 3578 et
2013 3517 2079 3579 in
2130 3517 2351 3598 patria.

939 3619 1029 3680 Ad
1081 3617 1339 3680 tertium
1393 3616 1732 3698 respondet
1765 3634 1778 3677 ε
1813 3616 2129 3697 Praecepta
2173 3635 2356 3696 nega-

860 3717 990 3779 tiva
1033 3716 1315 3796 obligant
1355 3733 1609 3796 semper
1645 3722 1707 3775 et
1746 3714 1822 3776 ad
1862 3731 2151 3795 semper;
2183 3713 2358 3775 affir-

864 3815 1097 3877 mativa
1135 3833 1286 3876 vero
1323 3813 1607 3894 obligant
1648 3832 1921 3893 semper,
1956 3812 2065 3874 sed
2106 3831 2233 3874 non
2278 3813 2355 3874 ad

862 3933 1131 3996 semper.
1170 3913 1245 3974 Et
1296 3913 1359 3974 in
1403 3912 1692 3992 utrisque
1735 3917 2029 3973 tenemur
2074 3919 2355 3973 nostram

860 4013 1251 4074 voluntatem
1294 4010 1690 4073 conformare
1723 4017 1785 4071 et
1820 4009 2163 4089 subjugare
2201 4007 2358 4070 divi-

861 4129 959 4172 nae
1003 4128 1116 4192 per
1154 4109 1603 4181 obedientiam,
1637 4115 1949 4189 quatenus
1996 4106 2359 4168 indesinen-

2467 3126 2846 3189 l'ormatione
2893 3125 3254 3188 dicendum.

2545 3223 2638 3285 Ad
2689 3231 2984 3304 quartum
3033 3223 3374 3305 respondet
3421 3241 3434 3284 ε
3481 3223 3618 3286 Non
3667 3231 3962 3286 tenemur

2465 3322 2628 3383 velle
2669 3322 2838 3402 quod
2879 3321 3044 3384 Deus
3083 3321 3240 3394 vult,
3275 3321 3398 3383 sed.
3431 3321 3598 3384 bona
3633 3321 3958 3384 voluntate

2465 3438 2806 3502 possumus
2850 3420 3023 3481 aliud
3069 3419 3250 3481 velle.
3287 3420 3522 3482 Tamen
3565 3419 3958 3502 distinguen-

2465 3519 2616 3580 dum
2668 3518 2837 3599 quod
2885 3518 3042 3579 illud
3085 3518 3254 3598 quod
3299 3517 3436 3579 vult
3485 3517 3672 3590 Deus,
3707 3527 3818 3580 aut
3865 3529 3960 3581 est

2465 3616 2698 3677 scitum
2728 3634 2764 3676 a
2797 3615 3002 3688 nobiS,
3035 3621 3140 3676 aut
3185 3615 3541 3694 ignoratum
3577 3633 3592 3676 t
3625 3615 3680 3677 si
3718 3616 3959 3696 ignora-

2464 3721 2624 3787 tum,
2649 3731 2772 3775 non
2809 3721 3120 3786 tenemur,
3145 3713 3446 3793 quoniam
3477 3713 3834 3794 ignorantia
3863 3734 3962 3777 ex·

2465 3819 2678 3891 cusat3
2730 3813 2783 3873 si
2833 3811 3180 3892 cognitum,
3231 3829 3358 3873 uno
3405 3813 3594 3874 modo
3639 3821 3958 3888 tenemur,

2465 3919 2534 3972 ut
2565 3910 2730 3972 infra
2761 3909 3019 3991 patebit.
3037 3909 3344 3972 Similiter
3371 3911 3724 3973 secundum
3759 3931 3959 3973 unum

2466 4011 2725 4072 modum
2785 4008 2948 4070 velle
3013 4016 3303 4070 tenemur
3358 4028 3781 4090 quaecumque-
3838 4011 3959 4073 sci-

2467 4129 2610 4172 mus
2638 4127 2776 4170 esse
2805 4108 2976 4188 justa
3005 4115 3068 4169 et
3098 4107 3284 4182 bona,
3307 4115 3497 4190 prout
3526 4109 3956 4190 subjungitur.

862 4217 958 4270 ter
1005 4207 1401 4269 declinemus
1449 4226 1486 4268 a
1536 4205 1740 4278 maliS,
1792 4213 1855 4266 et
1904 4213 2188 4286 tempore
2247 4222 2356 4285 op·
2387 4206 2437 4267 D
2547 4208 2638 4270 Ad
2670 4207 2966 4288 quintum
2999 4206 3193 4288 igitur
3223 4207 3758 4287 respondendum,
3791 4209 3961 4290 quod

863 4313 1135 4387 portuno
1187 4305 1351 4366 bona
1398 4323 1676 4385 agamus
1722 4305 2035 4365 Tenemur
2080 4321 2356 4383 namque

861 4405 940 4466 ad
990 4403 1395 4465 dilectionem
1444 4402 1749 4474 divinam,
1784 4409 1846 4463 et
1896 4401 2033 4483 ipsa
2079 4410 2356 4464 nostram

863 4502 1254 4565 voluntatem
1286 4501 1641 4563 conformat
1670 4499 1923 4575 divinae‚
1951 4500 2358 4582 quemadmo-

864 4602 1016 4664 dum
1066 4600 1153 4662 ait
1198 4601 1377 4680 Hugo
1410 4617 1425 4660 :
1462 4599 1626 4670 Scio,
1668 4616 1705 4660 o
1748 4598 1960 4660 anima
2009 4617 2171 4670 mea,
2210 4598 2361 4680 quia

863 4698 1177 4784 quidquid
1219 4697 1455 4778 diligis,
1488 4698 1550 4759 vi
1594 4697 1953 4759 dilectionis
1985 4697 2049 4758 in
2092 4696 2232 4777 ejus
2279 4697 2358 4758 si-

864 4798 1293 4862 militudinem
1339 4795 1826 4857 transformaris.

944 4899 1063 4961 Sed
1095 4896 1292 4976 objici
1336 4902 1561 4976 potest,
1596 4895 1897 4975 quoniam
1940 4893 2156 4955 nullus
2188 4902 2359 4955 tene-

862 5005 966 5058 tur
1004 4997 1080 5057 ad
1124 4993 1561 5076 impossibile3
1595 4993 1702 5054 sed
1743 4992 2047 5055 obstinati
2085 4999 2147 5054 et
2187 4992 2358 5053 dam-

862 5095 994 5158 nati
1048 5098 1375 5174 nequeunt
1434 5111 1611 5153 suam
1662 5090 2054 5153 voluntatem
2113 5089 2360 5153 confor-

866 5210 1038 5254 mare
1084 5189 1317 5252 divinae
1350 5205 1363 5250 :
1398 5207 1527 5250 non
1572 5207 1721 5269 ergo
1764 5195 2060 5250 tenentur
2098 5189 2173 5250 ad
2218 5187 2356 5250 hoc.

864 5325 945 5334 —
976 5289 1235 5362 RursuS,
1270 5286 1323 5349 si
1364 5287 1675 5350 exsistens
1716 5287 1780 5347 in
1824 5294 2082 5368 peccato
2111 5285 2364 5348 mortali

2467 4306 2817 4368 secundum
2852 4305 3273 4386 quorumdam
3305 4304 3695 4387 opinionem,
3716 4306 3784 4367 in
3815 4325 3966 4388 prae-

2468 4404 2669 4486 ceptis
2726 4411 2789 4465 et
2847 4403 3390 4484 prohibitionibus
3446 4402 3611 4465 velle
3668 4411 3964 4466 tenemur

2467 4503 2636 4584 quod
2697 4501 2896 4562 Deum
2958 4500 3120 4564 velle
3181 4499 3644 4583 cognoscimuS‚
3697 4501 3761 4563 in
3822 4503 3963 4564 aliis

2469 4619 2614 4663 non.
2652 4600 2771 4662 Sed
2812 4606 3050 4684 contra,
3085 4599 3251 4661 sicut
3291 4599 3479 4680 culpa
3515 4607 3612 4662 est
3644 4600 3964 4664 declinare

2468 4718 2504 4759 a
2554 4697 2762 4780 prima
2809 4697 3072 4758 veritate
3121 4717 3318 4779 quum
3369 4697 3590 4771 scitur,
3633 4697 3725 4759 sic
3776 4699 3966 4781 culpa

2469 4804 2564 4858 est
2595 4795 2910 4857 declinare
2941 4813 2978 4856 a
3016 4794 3224 4876 prima
3261 4794 3542 4857 bonitate
3581 4797 3840 4877 quando
3869 4815 3967 4860 co-

2467 4892 2810 4974 gnoscitur.
2865 4893 2985 4954 Sed
3037 4901 3368 4973 peccatum
3417 4900 3513 4955 est
3561 4894 3883 4958 declinare
3930 4915 3966 4956 a

2471 4992 2677 5074 prima
2705 4991 2970 5053 veritate
3000 4991 3364 5054 mentiendo
3393 4991 3686 5066 scienter,
3705 5001 3816 5054 aut
3846 4994 3966 5056 alio

2473 5090 2660 5151 modo
2694 5106 2707 5150 :
2742 5107 2891 5169 ergo
2930 5098 3264 5170 peccatum
3295 5097 3390 5151 est
3423 5089 3744 5154 declinare
3774 5110 3812 5152 a
3844 5091 3964 5173 pri-

2475 5207 2576 5249 ma
2607 5186 2890 5249 bonitate
2926 5205 3038 5248 seu
3070 5186 3393 5248 voluntate
3424 5187 3640 5249 divina
3672 5189 3826 5250 dum
3859 5207 3963 5251 no-

2473 5285 2688 5348 scitur.
2714 5321 2796 5330 —
2822 5285 2945 5347 Alii.
2977 5303 3126 5365 ergo
3154 5285 3396 5360 dicunt,
3423 5286 3590 5367 quod
3621 5293 3720 5348 est
3747 5288 3964 5350 volun-
