4359 6250
473 3951 481 3957 .
527 3914 682 3958 Galat.
711 3928 768 3966 iv,

507 3980 573 4021 15.

783 473 904 539 578

1443 489 1507 536 IN
1547 489 1768 538 mamm
1810 493 1830 537 1
1872 486 2354 536 SENTENTIARUM.
2399 507 2480 516 —
2518 488 2670 534 msr.
2715 487 2903 550 xmu3
2944 489 3167 545 QUAEST.
3216 487 3237 535 1

877 663 1180 725 Praete-rea
1235 663 1588 726 Alexander
1639 681 1653 725 :
1705 661 1996 736 Quidam,
2049 659 2281 741 inquit,
2315 658 2367 721 A
2396 659 2517 720 nisi
2559 659 2729 740 quod
2772 659 3012 721 bonum
3049 667 3113 721 et
3148 659 3394 739 justum
3436 666 3555 732 est,
3587 656 3897 740 quoniam

786 759 1285 842 sophismatibus
1316 762 1450 823 suis
1480 761 1751 842 decepti,
1788 758 2283 820 immensitatem

785 859 1018 921 divinae
1066 859 1364 940 potentiae
1408 859 1680 921 limitare
1726 858 1931 920 conati
1980 863 2130 918 sunt.
2176 873 2287 917 sex

787 956 1016 1030 modiS,
1050 945 1368 1030 videlicet,
1401 965 1568 1030 actu,
1602 957 1946 1027 voluntate,
1981 953 2284 1025 bonitate,

783 1053 1052 1135 justitia,
1097 1053 1495 1135 praescientia
1541 1062 1604 1116 et
1647 1054 1909 1126 ratione,
1952 1058 2288 1133 arguentes

788 1152 954 1214 sicut
984 1152 1347 1214 continetur
1386 1153 1451 1213 in
1492 1153 1717 1214 littera.
1753 1150 1995 1224 Quibus
2035 1167 2290 1230 respon-

787 1251 1034 1322 demuS‚
1079 1250 1228 1330 quia
1271 1256 1342 1310 ut
1384 1250 1474 1312 ait
1511 1249 1903 1330 Augustinus
1952 1249 2016 1308 in
2063 1246 2290 1308 Enchi-

789 1347 973 1419 ridie,
1008 1347 1411 1429 omnipotens
1456 1347 1563 1408 Dei
1606 1347 1898 1409 voluntas
1942 1345 2144 1406 multa
2188 1361 2291 1425 po-

787 1451 912 1506 test
959 1463 1101 1525 quae
1149 1463 1266 1506 nec
1314 1445 1452 1505 vult
1500 1463 1618 1506 nec
1666 1443 1837 1506 facit.
1881 1479 1960 1488 --
2003 1441 2289 1504 Crcabile

788 1549 1000 1603 autem
1045 1541 1302 1615 dicitur,
1341 1558 1468 1603 non
1513 1542 1793 1622 potentia
1835 1540 2135 1612 materia»,
2179 1539 2290 1601 sed

789 1639 998 1701 solum
1031 1640 1314 1720 potentia
1339 1639 1668 1702 Creatoris.
1692 1638 1839 1711 Quae
1871 1637 2151 1719 potentia
2181 1654 2290 1718 po-

790 1744 912 1799 test
951 1736 1221 1817 intelligi
1259 1736 1569 1810 absolute,
1603 1743 1666 1797 et
1697 1737 1848 1797 item
1892 1755 2038 1797 cum
2081 1735 2294 1817 dispo-

2395 775 2619 818 sensus
2668 765 2762 818 est
2813 773 2827 818 :
2881 757 3047 818 Deus
3102 775 3229 819 non
3290 763 3495 838 potest
3543 756 3664 817 nisi
3722 754 3903 836 quod

2396 855 2637 916 bonum
2668 862 2730 916 et
2757 855 3004 935 justum
3035 863 3201 918 esset
3230 855 3284 918 si
3315 855 3570 917 faceret.
3606 853 3907 916 Secundo

2400 954 2587 1016 modo
2636 953 2867 1016 falsum
2916 961 3012 1016 est
3060 955 3202 1028 hoc,
3248 973 3448 1037 quum
3496 954 3579 1015 sit
3620 971 3903 1015 sensus:

2396 1049 2535 1112 Non
2575 1059 2782 1132 potest
2815 1051 3023 1113 Iacere
3062 1051 3187 1114 nisi
3228 1052 3398 1133 quod
3439 1051 3677 1114 bonum
3709 1058 3773 1111 et
3796 1049 3910 1130 ju-

2400 1156 2569 1210 stum
2612 1155 2710 1210 est
2752 1168 2943 1210 nunc.
2975 1185 3056 1194 —
3086 1149 3189 1211 Sic
3233 1167 3488 1232 quoque
3536 1155 3633 1211 est
3679 1145 3912 1209 distin-

2399 1247 2744 1326 guendum,
2778 1265 2977 1327 quum
3024 1247 3279 1320 dicitur,
3313 1248 3478 1309 Deus
3521 1264 3650 1309 non
3692 1252 3911 1328 potest

2400 1344 2525 1405 nisi
2565 1345 2733 1425 quod
2775 1363 2887 1406 sua
2922 1344 3172 1424 just-itia
3210 1345 3405 1426 exigit
3439 1365 3454 1408 :
3486 1344 3639 1426 quia
3676 1345 3729 1406 si
3765 1363 3913 1406 ver-

2403 1441 2557 1503 bum
2615 1443 2757 1516 hoc,
2814 1442 3030 1522 exigit,
3079 1443 3236 1504 dicit
3293 1443 3772 1524 congruentiam
3836 1442 3911 1502 in

2402 1538 2645 1613 habitu,
2670 1558 2893 1601 verum
2924 1549 3041 1614 est,
3076 1548 3145 1602 ut
3184 1541 3265 1602 sit
3306 1559 3531 1603 sensus
3567 1559 3581 1602 ε
3614 1540 3750 1603 Non
3790 1556 3911 1620 po·

2401 1645 2524 1698 test
2551 1637 2759 1699 facere
2797 1638 2923 1700 nisi
2952 1639 3121 1721 quod
3159 1638 3403 1718 justum
3432 1647 3553 1713 est,
3578 1639 3642 1700 id
3676 1646 3789 1712 est,
3814 1638 3917 1700 ni-

2402 1735 2457 1794 si
2491 1736 2657 1816 quod
2696 1735 2961 1816 justitiae
3000 1756 3131 1799 suae
3170 1745 3545 1831 congrueret
3575 1738 3629 1798 si
3666 1737 3915 1798 faceret

789 1835 1018 1897 sitione
1049 1854 1161 1896 seu
1193 1834 1718 1916 praeordinatione
1753 1852 1766 1895 :
1802 1834 1894 1895 sic
1923 1841 1986 1896 et
2017 1832 2289 1895 creabile
2327 1835 2375 1896 B
2404 1831 2583 1893 illud.
2620 1832 2683 1895 Si
2714 1851 2865 1895 vero
2905 1832 3073 1895 dicat
3107 1835 3585 1914 congruentiam
3627 1834 3691 1896 in
3730 1843 3909 1907 actu,

771 1939 998 2014 ‚potest
1027 1932 1176 2005 dici,
1211 1931 1312 1993 vel
1340 1932 1509 2013 quod
1544 1938 1640 1993 est
1671 1932 1736 1992 in
1767 1931 2051 2013 potentia
2085 1950 2289 1992 causae

792 2031 1085 2105 creantis,
1118 2038 1228 2092 aut
1272 2030 1439 2110 quod
1489 2038 1584 2091 est
1631 2029 1694 2090 in
1744 2028 2160 2110 dispositione
2210 2029 2291 2089 si-

794 2147 871 2190 ve
931 2127 1456 2209 praeordinatione
1519 2128 1722 2208 ipsius
1784 2135 1852 2188 ut
1911 2127 2292 2208 quandoque

793 2234 1042 2288 creetur
1078 2225 1160 2288 ab
1199 2225 1382 2288 initio
1427 2225 1650 2287 mundi
1698 2245 1902 2307 usque
1940 2226 2018 2287 ad
2062 2224 2285 2286 finem.

793 2325 870 2386 Et
899 2325 952 2386 si
984 2332 1274 2387 sumatur
1305 2323 1578 2386 creabile
1609 2325 1889 2387 secundo
1921 2324 2130 2396 modo,
2151 2341 2295 2384 con-

793 2423 1146 2484 cedendum
1182 2429 1298 2496 est,
1331 2423 1501 2503 quod
1540 2423 1702 2484 Deus
1740 2429 1944 2504 potest
1980 2439 2193 2483 creare
2228 2421 2292 2483 in

791 2520 1017 2602 quovis
1057 2520 1316 2582 instanti
1357 2521 1523 2583 sicut
1556 2520 1888 2601 disposuit.
1927 2520 2017 2581 Ex
2056 2519 2175 2581 hoc
2208 2526 2294 2581 ta·

793 2636 942 2680 men
985 2636 1113 2680 non
1154 2618 1446 2699 sequitur
1478 2617 1636 2699 quin
1677 2617 1877 2698 possit
1915 2624 2133 2698 postea
2169 2616 2293 2678 alia

791 2734 1024 2778 creare.
1057 2751 1139 2761 —
1167 2717 1242 2778 Et
1285 2716 1339 2778 si
1384 2715 1744 2796 objiciatur,
1788 2716 1957 2798 quod
1998 2715 2294 2796 Augusti-

793 2833 914 2888 nus
957 2815 1045 2876 ait
1083 2814 1148 2876 in
1195 2813 1358 2876 libro
1398 2815 1476 2876 de
1519 2813 1840 2897 Symbolo,
1881 2814 2041 2875 lllud
2085 2813 2293 2875 solum

792 2912 960 2974 Deus
1000 2929 1125 2974 non
1165 2918 1374 2993 potest
1405 2912 1574 2992 quod
1613 2929 1741 2973 non
1774 2911 1944 2988 vult3
1977 2929 2295 2992 exponen-

2403 1949 2529 1993 non
2560 1937 2657 1992 est
2685 1950 2924 1992 verum.
2948 1931 3213 2012 Exigere
3244 1940 3479 2006 tamen,
3505 1951 3705 2015 quum
3735 1933 3913 1994 dicat

2404 2028 2821 2102 exactionem,
2857 2046 2983 2091 non
3021 2029 3316 2092 convenit
3356 2031 3613 2113 proprie
3643 2031 3787 2093 Deo.
3822 2065 3913 2076 --

2403 2127 2687 2208 Denique
2729 2127 2979 2207 just-itia
3020 2128 3130 2190 Dei
3181 2145 3311 2190 uno
3354 2129 3543 2190 modo
3590 2136 3761 2191 notat
3808 2129 3911 2190 di-

2402 2226 2567 2287 vinae
2598 2226 3078 2287 condecentiam
3108 2225 3446 2288 bonitatis:
3472 2227 3690 2307 sicque
3720 2227 3914 2308 quid-

2404 2323 2559 2404 quid
2609 2323 2774 2385 Deus
2833 2331 3041 2404 potest
3089 2323 3166 2386 de
3218 2325 3521 2404 potentia,
3573 2333 3779 2406 potest
3826 2325 3915 2387 de

2401 2421 2667 2501 justitia.
2729 2421 2870 2482 Alio
2933 2421 3123 2484 modo
3189 2429 3365 2484 notat
3426 2423 3915 2504 congruentiam

2406 2519 2779 2581 meritorum
2817 2536 2831 2580 ε
2866 2526 2930 2580 et
2958 2520 3051 2581 sic
3082 2537 3208 2581 non
3245 2520 3557 2602 quidquid
3592 2529 3797 2602 potest
3830 2521 3915 2583 de

2406 2618 2707 2698 potentia,
2750 2624 2959 2699 potest
3000 2618 3078 2680 de
3116 2618 3387 2698 justitia,
3431 2619 3496 2681 id
3542 2627 3639 2682 est
3685 2637 3919 2681 secun·

2406 2715 2559 2776 dum
2600 2723 2959 2777 nostrorum
2995 2717 3473 2796 congruentiam
3510 2718 3910 2780 meritorum.

2405 2814 2471 2874 In
2525 2814 2652 2876 Deo
2700 2814 2891 2875 etiam
2946 2813 3114 2875 idem
3164 2822 3261 2876 est
3311 2832 3497 2896 posse
3539 2815 3618 2877 de
3658 2815 3803 2895 jure
3848 2823 3917 2878 et

2406 2929 2590 2992 posse
2635 2912 2712 2973 de
2756 2911 2941 2984 facto,
2986 2912 3339 2974 secundum
3389 2914 3556 2994 quod
3602 2913 3708 2994 jus
3750 2913 3917 2975 dicit

793 3009 947 3069 dum
1005 3017 1122 3082 est,
1183 3009 1352 3090 quod
1412 3008 1570 3070 illud
1634 3009 1839 3070 solum
1899 3026 2028 3069 non
2088 3014 2295 3089 potest
2331 3007 2375 3071 C
2407 3009 2884 3070 condecentiam
2930 3009 3251 3071 bonitatis,

794 3105 1024 3181 Iacere,
1061 3107 1229 3188 quod
1262 3126 1384 3169 non
1420 3107 1556 3169 vult
1585 3126 1652 3169 se
1685 3126 1887 3188 posse.
1917 3105 2087 3168 Alias
2119 3106 2293 3169 enim

796 3206 962 3267 Deus
1015 3205 1215 3268 multa
1255 3213 1319 3266 et
1362 3205 1856 3268 innumerabilia
1904 3212 2110 3288 potest
2151 3225 2294 3287 quae

796 3303 1005 3366 facere
1046 3322 1174 3366 non
1217 3304 1372 3365 vult.

875 3402 1178 3464 Praeterea
1207 3401 1378 3463 circa
1406 3401 1539 3465 haec
1574 3402 1773 3463 multa
1804 3409 2062 3483 possent
2094 3400 2297 3483 inqui-

795 3500 869 3563 ri.
912 3501 1143 3575 Primo,
1184 3520 1264 3563 an
1312 3501 1478 3562 Deus
1526 3519 1654 3563 non
1701 3500 1903 3581 possit
1951 3500 2074 3561 nisi
2124 3501 2295 3581 quod

791 3598 1037 3679 justum
1081 3606 1198 3671 est,
1241 3599 1361 3660 hoc
1402 3606 1518 3672 est,
1560 3617 1640 3658 an
1683 3598 1924 3678 aliquid
1974 3598 2173 3678 possit
2217 3598 2295 3659 de

797 3696 1100 3778 potentia,
1127 3696 1294 3777 quod
1325 3712 1450 3757 non
1482 3702 1690 3776 potest
1718 3696 1796 3756 de
1824 3694 2088 3774 justitia.
2119 3694 2295 3767 Quod

797 3813 925 3856 non
967 3794 1241 3866 videtur,
1274 3794 1425 3876 quia
1467 3811 1661 3873 super
1703 3792 1859 3853 illud
1902 3793 1979 3854 ad
2025 3792 2292 3865 Galatas,

799 3892 862 3954 Si
901 3891 1046 3953 fieri
1085 3891 1414 3974 potuisset,
1447 3889 1665 3953 oculos
1695 3898 1938 3951 vestros
1969 3890 2297 3951 eruissetis

798 3998 863 4052 et
904 3990 1238 4052 dedissetis
1291 3990 1474 4063 mihi,
1519 3988 1800 4070 loquitur
1841 3987 2060 4052 Glossa
2101 4008 2116 4052 t
2158 3988 2296 4050 Non

800 4093 1006 4168 potest
1048 4085 1192 4147 fieri
1236 4087 1404 4167 quod
1447 4105 1572 4148 non
1615 4085 1691 4146 fit
1730 4086 1918 4166 juste.

2486 3108 2645 3170 Dum
2687 3126 2837 3169 vero
2876 3108 3203 3189 quaeritur,
3235 3129 3316 3171 an
3357 3109 3523 3171 Deus
3564 3109 3763 3191 possit
3800 3109 3917 3172 Pe-

2408 3213 2576 3267 trum
2607 3206 2907 3268 damnare
2937 3215 2999 3268 et
3025 3207 3250 3269 Judam
3282 3207 3545 3281 salvare,
3566 3209 3915 3271 dicendum

2407 3304 2575 3385 quod
2618 3304 2900 3385 potentia
2938 3304 3173 3386 duplex
3213 3304 3448 3366 dicitur
3474 3324 3614 3367 esse
3650 3305 3713 3367 in
3755 3306 3913 3381 Deo,

2408 3402 2705 3463 videlicet
2748 3400 3038 3464 absoluta
3079 3409 3141 3463 et
3182 3403 3469 3465 ordinata
3512 3423 3526 3467 :
3569 3410 3632 3466 et
3674 3403 3919 3467 dicitur

2407 3500 2715 3573 ordinata,
2749 3500 3102 3562 secundum
3139 3500 3448 3564 rationem
3484 3501 3716 3565 divinae
3752 3521 3916 3582 prae-

2408 3597 2822 3659 ordinationis
2872 3606 2934 3659 et
2976 3598 3240 3677 justitiae
3288 3599 3609 3661 reddentis
3658 3600 3917 3661 unicui-

2408 3714 2531 3776 que
2591 3695 2942 3757 secundum
3004 3695 3229 3757 merita
3285 3715 3417 3757 sua.
3481 3697 3568 3758 De
3624 3697 3919 3778 potentia

2409 3792 2603 3874 igitur
2648 3792 2937 3855 absoluta
2978 3793 3098 3855 hoc
3138 3801 3376 3874 posset,
3418 3794 3569 3876 quia
3613 3812 3738 3856 non
3788 3795 3917 3861 im-

2409 3891 2638 3973 plicat3
2679 3909 2808 3953 non
2858 3891 2936 3952 de
2986 3891 3267 3972 potentia
3315 3892 3621 3954 ordinata.
3654 3893 3917 3957 —Haec

2406 3988 2779 4050 Alexander.

2487 4087 2835 4168 Responsio
2873 4105 3128 4168 quoque
3156 4088 3609 4151 Bonaventurae
3642 4089 3709 4149 in
3748 4108 3917 4170 prae—

880 4184 1228 4246 Dicendum
1262 4201 1276 4245 :
1311 4185 1672 4247 Secundum
1704 4185 2032 4264 Hugonem
2068 4184 2131 4245 in
2163 4183 2297 4245 suis
2331 4190 2378 4250 D
2408 4183 2641 4245 habitis
2672 4182 3029 4245 virtualiter
3058 4184 3439 4259 continetur,
3463 4193 3526 4247 et
3556 4186 3621 4247 in
3652 4204 3920 4269 respon-

801 4282 1155 4352 SententiiS,
1171 4282 1329 4344 sicut
1356 4282 1771 4345 aeternitatem
1807 4282 1914 4344 Dei
1947 4300 2068 4343 non
2099 4288 2300 4363 aequat

798 4386 1077 4461 tempus,
1109 4398 1228 4441 nec
1269 4379 1765 4442 immensitatem
1813 4379 2012 4453 locuS‚
2046 4399 2164 4442 nec
2209 4399 2301 4441 sa-

799 4476 1107 4558 pientiam
1137 4496 1382 4551 sensus,
1406 4495 1524 4538 nec
1555 4476 1899 4540 bonitatem
1934 4478 2174 4555 virtus;
2208 4478 2298 4539 sic

800 4593 920 4637 nec
963 4575 1307 4656 potentiam
1355 4593 1535 4656 opuS.
1572 4575 1833 4637 Excedit
1873 4576 2045 4638 enim
2097 4576 2164 4638 in
2211 4574 2302 4636 in-

800 4672 1062 4734 finitum
1111 4672 1394 4753 potentia
1444 4672 1551 4734 Dei
1605 4691 1792 4733 suum
1841 4672 2167 4735 effectum.
2221 4708 2303 4718 —-

801 4772 1008 4846 Quum
1076 4770 1288 4852 itaque
1349 4771 1624 4845 dicitnr,
1674 4772 1837 4833 Deus
1905 4790 2032 4833 non
2094 4778 2303 4853 potest

800 4870 1010 4933 facere
1067 4869 1191 4930 nisi
1252 4869 1420 4950 quod
1479 4868 1718 4930 bonum
1769 4877 1832 4930 et
1876 4868 2121 4949 justum
2181 4876 2298 4941 est,

801 4966 1322 5048 distinguendum
1364 4975 1460 5028 est
1491 4965 1759 5028 verbum
1799 4966 1940 5039 hoc,
1975 4975 2069 5028 est
2104 4987 2117 5029 ε
2153 4967 2306 5047 quia

801 5074 910 5144 aut
959 5066 1112 5129 dicit
1173 5084 1450 5147 praesens
1513 5065 2074 5127 indeterminatum
2125 5074 2189 5126 et
2240 5066 2304 5127 in

803 5164 1046 5237 habitu,
1079 5172 1188 5226 aut
1217 5163 1372 5225 dicit
1410 5170 1664 5243 tempus
1705 5182 1983 5244 praesens
2023 5172 2092 5225 ut
2132 5183 2304 5225 nunc

803 5271 864 5327 et
907 5262 971 5324 in
1010 5269 1175 5323 actu.
1219 5261 1428 5323 Primo
1477 5261 1666 5323 modo
1709 5262 1875 5323 Deus
1922 5280 2047 5324 non
2098 5268 2307 5343 potest

2410 4282 2587 4344 sione
2628 4281 2791 4343 Petri
2836 4300 2999 4363 pene
3043 4281 3413 4345 formaliter.

2488 4381 2677 4442 Porro
2727 4380 3058 4442 Durandus
3107 4380 3213 4442 hic
3260 4380 3640 4457 sciscitatur,
3680 4402 3761 4445 an
3815 4403 3919 4447 ra-

2414 4479 2614 4541 tiones
2657 4478 2985 4540 doctorum
3032 4478 3436 4560 probantium
3480 4480 3761 4543 divinam
3802 4500 3925 4564 po—

2412 4577 2671 4639 tentiam
2702 4594 2839 4637 esse
2871 4575 3618 4651 infinitam,sufficienter
3646 4578 3926 4659 probent

2412 4675 2749 4736 intentum.
2796 4673 2872 4735 Et
2914 4682 3177 4755 apparet
3216 4674 3275 4736 ei
3325 4675 3597 4757 aliisque
3644 4678 3929 4741 nonnul-

2413 4772 2513 4845 lis,
2547 4773 2715 4853 quod
2746 4772 3040 4853 quamvis
3073 4772 3344 4834 habeant
3373 4772 3923 4855 probabilitatem,

2412 4888 2539 4931 non
2572 4878 2781 4931 tamen
2816 4870 3277 4933 necessitatem.
3314 4871 3644 4934 Potissima
3672 4873 3929 4957 quippe

2415 4967 2669 5029 illorum
2729 4968 2889 5031 ratio
2946 4986 3085 5030 esse
3144 4969 3417 5041 videtur,
3470 4971 3641 5051 quod
3698 4972 3929 5036 divina.

2414 5066 2699 5147 potentia
2729 5066 2871 5128 ideo
2904 5067 2984 5128 sit
3020 5066 3295 5141 infinita,
3330 5070 3632 5149 quoniam
3664 5088 3789 5133 non
3820 5081 3931 5134 est

2368 5242 2372 5249 ⁸
2417 5164 2686 5225 limitata
2724 5182 2930 5245 neque
2970 5172 3291 5227 contracta
3328 5166 3408 5228 ad
3444 5184 3645 5247 genus
3682 5176 3745 5229 et
3773 5188 3927 5251 spe-

2419 5261 2607 5336 ciem,
2640 5262 2750 5323 sed
2780 5262 3071 5323 omnium
3110 5264 3469 5345 specierum
3502 5283 3577 5326 ac
3604 5283 3921 5346 generum
