4359 6250
884 479 1005 544 326
1810 496 1987 542 mmm
2028 497 2047 542 1
2090 495 2572 543 summanum
2619 513 2700 524 -
2738 495 2891 542 msr.
2937 495 3110 541 xxxu

1106 754 1177 819 C.
1240 759 1501 820 Utrum
1546 759 1779 821 Pater
1822 759 1921 820 sit
1964 760 2264 831 sapiens
2305 756 2677 829 sapientia
2723 771 2948 832 quam
2988 757 3266 833 aenuit,
3313 755 3505 818 sicut
3548 756 3794 831 diliait

1843 887 2104 937 amore
2150 875 2278 947 qui
2321 885 2418 932 ex
2461 874 2617 945 ipso
2659 873 3016 944 procedit.

1025 1098 1350 1160 Praeterea
1386 1095 1733 1176 diligenter
1769 1094 2149 1175 investigari
2191 1094 2472 1175 oportet,
2510 1093 2738 1156 utrum
2775 1092 2970 1156 Pater
3006 1093 3270 1173 sapiens
3309 1094 3398 1156 sit
3433 1094 3754 1175 sapientia
3790 1113 3996 1176 quam

891 1215 1141 1296 genuit,
1175 1231 1322 1294 quae
1360 1214 1620 1275 tantum
1646 1212 1859 1274 Filius
1900 1213 2020 1274 est.
2056 1210 2248 1284 Quod
2284 1210 2544 1273 videtur
2581 1227 2620 1272 a
2661 1209 2866 1272 simili
2909 1226 3103 1290 posse
3140 1209 3424 1291 probari.
3467 1210 3537 1274 Si
3585 1211 3761 1274 enim
3798 1211 4000 1275 Pater

893 1331 1111 1412 diligit
1140 1347 1362 1393 amore
1400 1329 1515 1409 qui
1554 1327 1638 1392 ab
1674 1329 1821 1409 ipso
1860 1327 2178 1408 procedit,
2221 1344 2336 1390 cur
2372 1343 2505 1389 non
2544 1327 2608 1388 et
2644 1325 2967 1407 sapientia
3003 1325 3110 1388 vel
3145 1325 3578 1408 intelligentia
3613 1344 3812 1407 quam
3850 1326 4002 1409 ipse

597 1467 864 1524 Augnerri-
892 1448 1142 1529 genuit,
1189 1446 1363 1527 sapit
1398 1445 1502 1508 vel
1541 1443 1896 1525 intelligit?
1933 1443 2119 1507 Hanc
2162 1442 2596 1523 quaestionem
2639 1459 2867 1522 urgere
2907 1442 3188 1522 videtur,
3228 1443 3303 1505 ut
3347 1443 3441 1505 ait
3475 1442 3893 1525 Augustinus
3931 1445 4002 1506 in

596 1531 689 1644 2¹:1²⁸
688 1528 861 1635 ffi'ifib‘
894 1565 1175 1644 septimo
1214 1561 1381 1625 libro
1420 1561 1501 1624 de
1537 1561 1877 1639 Trinitate‚
1912 1559 2089 1640 quod
2126 1559 2390 1640 scripsit
2425 1558 2808 1639 ApostoluS,
2841 1559 3065 1622 dicens
3099 1580 3112 1620 ε
3147 1559 3482 1623 Christum
3521 1561 3641 1623 Dei
3683 1561 4002 1624 virtutem

599 1655 728 1717 ¹⁶3⁰*
752 1658 859 1707 ''²⁴'
894 1682 959 1744 et
995 1680 1118 1743 Dei
1156 1679 1569 1760 sapientiam.
1625 1676 1749 1739 Ubi
1790 1676 2129 1756 quaeritur,
2168 1676 2395 1738 utrum
2431 1675 2525 1737 ita
2568 1674 2657 1737 sit
2699 1677 2886 1754 pater
2921 1676 3260 1756 sapientiae
3298 1677 3364 1738 et
3399 1677 3665 1741 virtutis
3709 1695 3872 1756 suae,
3925 1681 4004 1741 ut

643 1817 753 1872 Aug.
792 1815 865 1859 ubi
893 1798 1015 1859 hac
1058 1795 1379 1877 sapientia
1416 1794 1678 1875 sapiens
1706 1792 1794 1856 sit
1823 1809 2020 1873 quam
2064 1791 2314 1872 genuit,
2349 1793 2412 1854 et
2451 1791 2571 1854 hac
2607 1791 2850 1854 virtute
2887 1793 3122 1872 potens
3150 1808 3348 1871 quam
3387 1793 3634 1872 genuit.
3668 1793 3794 1856 Sed
3823 1793 4004 1858 absit

598 1892 743 1934 ‘⁰⁹³⁸'
893 1917 969 1976 ut
1003 1913 1098 1975 ita
1148 1913 1281 1975 sit:
1316 1911 1473 1991 quia
1518 1910 1577 1972 si
1629 1909 1755 1972 hoc
1793 1909 1893 1972 est
1942 1906 2034 1970 ibi
2085 1925 2228 1970 esse
2281 1907 2458 1988 quod
2512 1924 2763 1987 sapere,
2804 1924 2938 1970 non
2973 1924 3089 1988 per
3127 1907 3308 1970 illam
3355 1908 3746 1990 sapientiam
3793 1928 4001 1991 quam

894 2028 1123 2110 genuit
1158 2029 1420 2108 sapiens
1458 2026 1698 2089 dicitur
1724 2025 1921 2089 Pater
1962 2045 1976 2086 ε
2019 2024 2269 2105 alioqui
2315 2040 2447 2086 non
2485 2023 2630 2104 ipsa
2671 2022 2754 2084 ab
2783 2022 2923 2102 illo,
2964 2023 3080 2087 sed
3108 2023 3220 2087 ille
3263 2024 3345 2088 ab
3371 2025 3518 2107 ipsa
3546 2026 3666 2088 est.
3709 2026 3777 2090 Si
3815 2027 4004 2090 enim

894 2145 1217 2226 sapientia
1267 2161 1467 2224 quam
1518 2143 1768 2224 genuit,
1810 2159 2009 2205 causa
2054 2141 2154 2204 est
2205 2139 2302 2202 illi
2355 2141 2430 2203 ut
2479 2139 2742 2220 sapiens
2791 2139 2901 2218 sit,
2944 2139 3140 2202 etiam
3189 2141 3265 2203 ut
3301 2141 3410 2219 sit,
3457 2143 3601 2223 ipsa
3651 2142 3748 2205 illi
3799 2160 4006 2206 causa

896 2262 994 2324 est
1028 2281 1041 2322 ε
1077 2261 1253 2340 quod
1291 2261 1433 2324 fieri
1470 2277 1601 2322 non
1643 2259 1861 2340 potest
1894 2259 2025 2321 nisi
2063 2257 2390 2338 gignendo
2429 2272 2582 2318 eum
2620 2257 2736 2318 aut
2773 2255 3070 2319 faciendo
3100 2276 3117 2336 3
3157 2256 3272 2320 sed
3310 2275 3430 2320 nec
3465 2259 3846 2338 genitricem
3877 2277 4006 2323 nec

896 2376 1320 2440 conditricem
1369 2376 1585 2438 Patris
1640 2375 1776 2438 ullo
1826 2376 2024 2437 modo
2082 2374 2435 2453 quisquam
2484 2372 2724 2435 dixerit
2773 2373 3191 2452 sapientiam.
3235 2373 3410 2446 Quid
3449 2376 3626 2438 enim
3677 2376 3776 2439 est
3818 2376 4008 2440 insa-

892 2493 1097 2557 nius?
1125 2493 1299 2574 Ergo
1345 2493 1541 2555 Pater
1581 2492 1727 2573 ipsa
1764 2491 2089 2573 sapientia
2137 2491 2238 2553 est
2285 2506 2414 2570 qua
2467 2489 2730 2569 sapiens
2777 2490 2896 2552 est.
2939 2489 3151 2552 Filius
3187 2507 3344 2554 vero
3399 2491 3642 2554 dicitur
3676 2493 4008 2573 sapientia

891 2609 1107 2672 Patris
1146 2609 1207 2671 et
1259 2609 1471 2671 virtus
1516 2607 1754 2686 Patris,
1796 2623 1924 2669 non
1965 2607 2123 2687 quia
2176 2605 2372 2667 Pater
2406 2621 2524 2685 per
2579 2621 2731 2667 eum
2769 2604 2858 2666 sit
2893 2605 3156 2684 sapiens
3206 2606 3310 2668 vel
3356 2608 3613 2686 potens,
3667 2607 3783 2671 sed
3838 2609 4008 2688 quia

890 2725 1127 2804 Filius,
1167 2723 1489 2804 sapientia
1524 2723 1590 2785 et
1625 2723 1859 2802 virtUS,
1893 2723 1993 2784 est
2028 2721 2109 2784 de
2146 2721 2364 2800 Patre,
2406 2720 2728 2802 sapientia
2770 2721 2835 2782 et
2869 2720 3135 2783 virtute.
3177 2756 3268 2766 —
3305 2722 3406 2784 Ex
3447 2722 3554 2785 his
3597 2740 3751 2804 ergo
3789 2726 4002 2805 patet,

894 2841 1071 2922 quod
1115 2840 1311 2902 Pater
1354 2856 1486 2902 non
1534 2839 1634 2902 est
1680 2839 1942 2918 sapiens
1988 2838 2310 2918 sapientia
2355 2837 2597 2917 genita,
2648 2836 2762 2898 sed
2809 2853 2879 2899 se
2927 2837 3071 2917 ipso
3119 2838 3442 2919 sapientia
3487 2839 3799 2920 ingenita.

680 2989 841 3018 mua
1028 2958 1474 3032 Aupustinas
1515 2959 1591 3018 in
1633 2957 1821 3017 libro
1863 2957 2216 3016 LXXXIII
2257 2955 2747 3021 Quaestionum
2777 2974 2802 3014 .·
2849 2958 3077 3020 Quum
3122 2959 3423 3028 sapiens
3458 2957 3650 3018 Deus
3692 2959 4002 3032 dicitur,

597 3043 865 3159 Affissssffi
897 3075 970 3137 et
1007 3089 1097 3137 ea
1136 3074 1507 3147 sapientia
1555 3075 1856 3146 sapiens
1892 3073 2169 3134 dicitur
2205 3074 2366 3134 sine
2413 3087 2557 3147 qua
2608 3085 2775 3133 eum
2813 3073 2930 3133 vet
2971 3071 3200 3144 fuisse
3251 3076 3652 3149 aliquando
3691 3078 3805 3138 vet
3840 3091 4008 3139 esse

597 3166 868 3283 ξᾊᾚὲἷ
890 3207 1103 3266 posse
1141 3190 1353 3263 nefas
1390 3192 1497 3253 est
1533 3193 1834 3251 credere
1865 3207 1890 3245 .·
1930 3205 2076 3251 non
2102 3189 2683 3262 participatione
2721 3190 3109 3262 sapientiae
3142 3194 3442 3264 sapiens
3476 3194 3776 3267 dicitur,
3806 3196 4012 3257 sicut

898 3312 1185 3381 anima,
1222 3322 1383 3383 quoe
1423 3308 1494 3368 et
1529 3322 1683 3369 esse
1720 3308 1790 3368 et
1826 3322 1975 3369 non
2014 3320 2167 3367 esse
2214 3308 2512 3379 sapiens
2543 3305 2826 3381 potest,·
2863 3310 2991 3367 sect
3027 3310 3217 3381 quod
3253 3310 3406 3380 ipse
3453 3324 3623 3371 eam
3657 3313 4010 3387 aenuerit

897 3442 1040 3501 qua
1070 3427 1369 3498 sapiens
1398 3426 1672 3486 dicitur
1698 3424 2172 3496 sapientiam.
2198 3456 2287 3464 —-
2315 3423 2868 3495 Animadverte,
2901 3423 3156 3497 lector,
3185 3425 3494 3487 Patrem
3530 3428 3678 3488 dici
3705 3431 4012 3501 sapien-

896 3544 1043 3605 tem·
1078 3542 1327 3617 ⁸(lenita
1366 3542 1740 3613 sapientia
1782 3560 1807 3599 .·
1846 3543 2037 3615 Quod
2073 3542 2250 3602 aliis
2292 3539 2542 3600 obviat
2577 3539 3039 3601 testimoniis.
3081 3542 3348 3603 Verum
3387 3543 3521 3604 hoc
3557 3545 4016 3619 Auqustinus

602 3664 665 3771 ffi-
678 3663 865 3771 'fessng'
896 3660 1212 3736 corripit
1246 3662 1327 3721 in
1366 3659 1555 3719 libro
1586 3657 2251 3730 Retractationum,
2287 3657 2677 3729 inquiens:
2712 3656 2886 3716 Dioei
2925 3657 3002 3717 in
3046 3657 3234 3717 libro
3273 3659 3628 3721 LXXXIII
3661 3660 4016 3726 Quaestio-

712 3758 723 3779 ’
768 3758 779 3769 ’
854 3759 865 3771 ’
896 3792 1075 3839 num
1106 3780 1192 3838 de
1230 3776 1483 3849 Patre,
1520 3778 1710 3850 quod
1736 3788 1907 3835 eam
1932 3774 2187 3848 venuit
2215 3787 2358 3848 qua
2398 3774 2701 3845 sapiens
2738 3772 3014 3833 dicitur
3041 3774 3535 3851 sapientiam·
3570 3780 3698 3838 sed
3733 3781 4016 3841 melius

896 3895 1123 3957 ista-m
1158 3894 1632 3969 quaestionem
1674 3895 1749 3955 in
1788 3893 1977 3953 libro
2010 3892 2268 3964 postea
2305 3894 2393 3952 de
2435 3890 2800 3953 Trinitate
2837 3890 3186 3953 tractavi.

1223 4142 1305 4204 D.
1364 4144 1625 4205 Utrum
1670 4146 1904 4205 Filius
1947 4144 2049 4205 sit
2093 4144 2393 4215 sapiens
2435 4142 2810 4215 sapientia
2855 4142 3107 4217 penita
3155 4144 3271 4203 vel
3316 4144 3668 4218 inaenita.

1027 4365 1189 4429 Post
1223 4365 1366 4429 haec
1394 4365 1601 4445 quaeri
1639 4364 1807 4429 solet
1832 4382 1871 4428 a
1900 4364 2321 4446 quibusdam,
2351 4365 2577 4427 utrum
2609 4363 2820 4427 Filius
2857 4364 2945 4427 sit
2981 4366 3244 4447 sapiens
3279 4364 3601 4447 sapientia
3636 4365 3856 4447 genita
3895 4336 4034 4432 vel·

896 4482 1209 4563 ingenita.
1242 4482 1311 4546 Si
1351 4482 1530 4545 enim
1564 4499 1698 4545 non
1737 4484 1836 4545 est
1874 4482 2136 4563 sapiens
2174 4481 2498 4563 sapientia
2535 4482 2776 4562 genita,
2809 4500 2928 4545 nec
2966 4500 3036 4545 se
3068 4484 3216 4565 ipso
3263 4483 3528 4563 sapiens
3563 4485 3683 4547 est.
3723 4484 3793 4547 Si
3839 4502 4013 4549 vero

896 4598 1218 4680 sapientia
1254 4599 1473 4679 genita
1509 4599 1772 4679 sapiens
1813 4599 1935 4679 est,
1967 4615 2099 4662 non
2139 4598 2398 4663 videtur
2434 4600 2696 4680 sapiens
2734 4616 2875 4661 esse
2913 4600 3236 4680 sapientia
3271 4600 3602 4680 ingenita:
3636 4602 3703 4663 et
3735 4601 3827 4663 ita
3863 4619 4016 4666 non

627 4724 867 4778 Ιοωιωιι,
898 4715 1155 4778 videtur
1200 4732 1343 4779 esse
1380 4715 1643 4796 sapiens
1679 4732 1718 4777 a
1753 4716 1970 4796 Patre,
2011 4733 2220 4796 quum
2261 4734 2301 4779 a
2341 4717 2535 4780 Patre
2579 4715 2814 4779 haheat
2863 4716 3106 4778 omnia.
3139 4716 3245 4779 Ad
3282 4717 3459 4797 quod
3495 4716 3802 4796 dicimuS,
3841 4721 4018 4799 quia

604 4790 671 4830 π’
894 4850 1027 4896 una
1057 4833 1156 4896 est
1184 4832 1507 4913 sapientia
1530 4831 1746 4896 Patris
1775 4834 1841 4896 et
1868 4832 2020 4896 Filii
2061 4835 2127 4897 et
2163 4834 2450 4915 Spiritus
2487 4834 2732 4913 Sancti,
2773 4832 2946 4895 sicut
2981 4824 3114 4894 una
3151 4832 3456 4911 essentia,
3489 4832 3646 4912 quia
3679 4835 4022 4914 sapientia

894 4948 963 5011 in
1010 4948 1192 5012 illius
1246 4948 1496 5012 naturae
1544 4948 1965 5029 simplicitate
2018 4952 2117 5013 est
2171 4950 2456 5013 essentia
2501 4970 2515 5011 :
2571 4950 2635 5012 et
2681 4950 2900 5012 tamen
2949 4948 3162 5012 Filius
3215 4950 3474 5011 tantum
3523 4950 3620 5013 est
3679 4950 4021 5031 sapientia

893 5067 1135 5146 genita,
1170 5068 1233 5130 et
1271 5066 1464 5129 Pater
1516 5067 1772 5129 tantum
1813 5069 1914 5131 est
1961 5068 2284 5148 sapientia
2329 5067 2656 5147 ingenita3
2700 5067 2765 5130 et
2815 5066 3137 5148 sapientia
3182 5065 3424 5146 genita,
3467 5068 3566 5130 est
3612 5067 3694 5130 de
3737 5068 4022 5148 sapien-

892 5182 986 5244 tia
1030 5183 1345 5264 ingenita,
1380 5183 1484 5246 vel
1530 5200 1570 5245 a
1620 5184 1941 5264 sapientia
1984 5183 2295 5263 ingenita.
2331 5184 2416 5245 Et
2462 5200 2668 5264 quum
2717 5184 2894 5246 idem
2941 5182 3029 5245 sit
3073 5180 3166 5244 ibi
3214 5200 3357 5245 esse
3405 5182 3584 5263 quod
3631 5184 4016 5264 sapientem

896 5316 1061 5379 esse,
1102 5300 1498 5381 relinquitur
1542 5301 1618 5363 ut
1671 5300 1993 5381 sapientia
2040 5299 2261 5381 genita
2314 5300 2403 5362 sit
2455 5299 2718 5381 sapiens
2765 5299 2846 5363 de
2900 5298 3222 5379 sapientia
3273 5298 3584 5380 ingenita.
3635 5299 3783 5363 Non
3837 5316 4014 5383 ergo
