4359 6250
1044 545 1130 590 AN
1172 545 1325 590 DEUS
1366 545 1530 591 AGAT
1570 545 1650 590 DE
1691 542 2096 590 Nsscnsstum
2137 543 2398 590 NATURAE
2440 541 2559 589 Am·
2598 542 2876 590 lusurus

3397 518 3529 586 585.

403 711 626 774 dinata
669 729 682 772 :
726 713 878 794 quia
923 712 1016 774 nil
1064 711 1273 773 facere
1323 718 1530 794 potest
1567 710 1691 773 nisi
1741 710 1909 792 quod
1938 709 1989 772 Α
2021 717 2228 793 potest
2264 711 2489 774 Judam
2532 712 2774 774 salvare
2815 731 2933 774 nec
2971 712 3223 773 Petrum
3266 711 3520 773 damna-

407 817 620 890 potest
650 811 814 873 velle
844 819 906 873 et
937 810 1272 893 disponere
1303 830 1371 872 se
1400 811 1739 872 facturum.
1766 810 1910 883 Qui-

405 909 557 970 dam
589 928 744 972 vero
781 910 1080 972 dixerunt
1109 911 1309 972 Deum
1359 910 1421 971 id
1464 928 1647 990 posse
1688 909 1766 970 de
1807 926 1913 990 po-

409 1006 612 1068 tentia
650 1007 962 1081 absoluta,
995 1008 1164 1088 quod
1204 1006 1412 1069 facere
1453 1014 1666 1088 posset
1703 1007 1756 1068 si
1786 1006 1915 1069 vel-

409 1105 831 1186 let‚quamvis
861 1125 988 1168 non
1021 1112 1234 1186 posset
1259 1106 1422 1167 velle
1454 1105 1516 1166 id
1548 1104 1912 1184 facere35ed

409 1202 626 1283 prima
688 1203 1016 1285 responsio
1074 1203 1358 1265 securior
1419 1203 1576 1264 mihi
1638 1203 1908 1264 videtur.

407 1299 558 1362 Haec
600 1299 968 1362 RicharduS.

493 1397 790 1460 Albertus
847 1405 1060 1461 autem
1111 1418 1226 1482 per
1274 1401 1619 1481 potentiam
1668 1398 1914 1464 ordina-

408 1503 545 1558 tam
605 1496 907 1578 intelligit
954 1497 1302 1578 potentiam
1353 1499 1431 1560 ad
1481 1498 1768 1560 ordinem
1823 1516 1914 1558 sa-

409 1595 674 1678 pientiae
723 1596 1006 1671 relatam,
1047 1597 1268 1679 sicque
1316 1597 1493 1669 dicit,
1536 1597 1703 1678 quod
1749 1597 1913 1658 Deus

410 1713 542 1756 non
576 1702 784 1776 potest
813 1695 1114 1757 damnare
1143 1696 1394 1757 Petrum
1434 1713 1642 1784 neque
1673 1694 1913 1756 salvare

406 1793 660 1865 Judam,
712 1794 1006 1874 quamvis
1064 1794 1184 1855 hoc
1242 1794 1443 1875 possit
1499 1794 1576 1864 de
1637 1791 1915 1873 potentia

2022 828 2106 870 re.
2143 809 2494 892 Utrumque
2538 829 2689 872 vero
2732 818 2939 892 potest
2982 828 3108 872 non
3158 808 3350 872 salvis
3394 827 3521 870 me-

2023 907 2160 968 ritis
2217 908 2586 969 eorumdem
2645 925 2658 968 :
2714 907 3017 990 quoniam
3081 913 3294 988 posset
3345 906 3520 967 Judae

2019 1005 2287 1086 gratiam
2329 1007 2500 1080 dare,
2532 1014 2598 1068 et
2626 1007 2719 1068 sic
2758 1005 2897 1086 ejus
2939 1013 3197 1087 peccata
3232 1003 3518 1082 auferre3

2023 1105 2114 1166 sic
2145 1112 2207 1167 et
2236 1105 2415 1167 Petro
2445 1105 2712 1185 gratiam
2756 1103 3106 1166 liberaliter
3132 1104 3342 1166 datam
3378 1121 3521 1184 pos-

2023 1211 2118 1264 set
2163 1202 2437 1276 auferre‚
2481 1220 2607 1284 quo
2657 1201 2822 1264 facto
2870 1209 3181 1284 peccaret.
3226 1201 3369 1264 Haec
3407 1201 3521 1262 Bo-

2023 1306 2390 1361 naventura.

2101 1398 2245 1460 Haec
2282 1405 2495 1460 autem
2537 1397 2770 1460 solutio
2797 1397 3050 1460 videtur
3091 1395 3317 1476 majori
3351 1394 3523 1456 diffi-

2023 1496 2255 1559 cultate
2292 1504 2569 1558 mentem
2608 1497 2949 1559 involvere.
2985 1495 3309 1569 Quomodo
3346 1494 3521 1556 enim

2021 1595 2201 1657 Petro
2245 1593 2623 1657 confirmato
2668 1595 2733 1655 in
2782 1596 2949 1658 bono
2997 1601 3211 1676 posset
3255 1592 3522 1674 gratiam

2021 1693 2417 1773 gloriamque
2443 1693 2613 1773 juste
2644 1701 2706 1755 et
2736 1693 2840 1775 pie
2871 1693 3186 1766 collatam,
3212 1692 3349 1754 sine
3378 1690 3525 1772 ipsi-

2024 1811 2098 1853 us
2160 1790 2397 1871 praevia
2455 1791 2642 1872 culpa
2698 1791 3003 1854 auferre?
3051 1792 3313 1863 Rursus,
3369 1807 3525 1871 quo-

407 1891 723 1953 absoluta.
766 1892 936 1953 Hanc
987 1899 1197 1954 tamen
1244 1892 1660 1973 quaestionem
1711 1890 1914 1952 nomi·
1945 1893 1992 1955 B
2025 1890 2213 1952 modo
2257 1897 2471 1971 posset
2514 1889 2785 1971 reprobo
2828 1898 2891 1952 et
2934 1891 3247 1972 praescito,
3287 1896 3351 1951 et
3388 1887 3523 1969 jam

411 1997 522 2050 nat
567 1989 904 2052 curiosam.

492 2087 588 2150 Ad
619 2106 813 2169 quam
843 2088 1283 2150 Bonaventura
1313 2088 1740 2170 respondens:
1770 2087 1914 2161 Qui-

411 2185 585 2258 dam,
607 2184 836 2266 inquit‚
855 2185 1257 2266 distinguunt
1284 2185 1411 2260 hic,
1431 2187 1714 2248 dicentes
1746 2186 1915 2267 quod

413 2285 584 2345 Deus
624 2291 833 2364 potest
864 2283 1106 2345 salvare
1134 2284 1358 2346 Judam
1394 2292 1458 2346 et
1486 2284 1786 2346 damnare
1815 2285 1918 2346 Pe-

413 2391 588 2443 trum
629 2382 706 2442 de
748 2380 1030 2462 potentia
1069 2380 1378 2458 absoluta,
1411 2401 1538 2444 non
1579 2384 1656 2444 de
1697 2390 1916 2464 poten-

413 2479 504 2541 tia
561 2480 869 2542 ordinata.
931 2479 1165 2541 Verum
1229 2480 1348 2542 ista
1404 2481 1730 2543 distinctio
1787 2499 1916 2543 non

413 2578 674 2640 videtur
729 2576 1084 2650 sufficienS,
1136 2578 1288 2658 quia
1335 2578 1500 2640 Deus
1558 2579 1650 2640 nil
1711 2586 1918 2660 potest

413 2675 541 2736 nisi
583 2675 756 2756 quod
799 2682 1005 2756 potest
1043 2675 1346 2737 ordinate.
1381 2677 1566 2739 Posse
1605 2677 1778 2738 enim
1823 2677 1916 2738 in-

414 2773 730 2847 ordinate,
761 2782 857 2835 est
901 2792 1026 2836 non
1071 2791 1255 2855 posse
1289 2793 1303 2837 t
1338 2775 1504 2837 sicut
1546 2794 1732 2858 posse
1777 2796 1920 2858 pec-

415 2891 580 2935 care.
615 2871 832 2952 Aliqui
871 2890 1022 2934 vero
1059 2873 1302 2946 dicunt,
1337 2874 1503 2954 quod
1541 2882 1756 2955 potest
1799 2875 1917 2936 sal-

305 3000 342 3037 v,
373 3017 385 3028 .
415 2990 566 3033 vare
603 2970 852 3044 Iudam,
885 2971 1036 3052 quia
1076 2970 1398 3034 miseratio
1437 2971 1546 3033 Dei
1592 2980 1685 3033 est
1727 2992 1920 3054 super

2023 1986 2356 2050 definitive
2387 1988 2706 2063 damnato,
2724 1989 2989 2068 gratiam
3022 1995 3084 2050 et
3112 1989 3383 2050 salutem
3416 1987 3527 2050 im·

2025 2087 2323 2168 pendere,
2358 2105 2556 2168 quum
2599 2105 2724 2148 non
2766 2087 2968 2169 possit
3004 2092 3222 2150 contra
3260 2086 3323 2148 id
3354 2087 3523 2169 quod

2023 2185 2305 2247 decrevit
2353 2189 2700 2266 peragere?
2748 2221 2829 2231 -—
2874 2187 3003 2248 Hoc
3052 2204 3307 2268 quoque
3357 2186 3526 2247 circa

2025 2283 2199 2345 illam
2231 2282 2656 2363 object-ionem
2690 2284 3142 2346 Bonaventurae
3172 2284 3521 2357 sciendum,

2025 2382 2196 2463 quod
2226 2383 2514 2444 doctores
2546 2382 2896 2464 potentiam
2927 2382 3037 2444 Dei
3069 2381 3425 2445 dividentes
3458 2382 3524 2444 in

2027 2481 2373 2563 potentiam
2438 2480 2792 2542 absolutam
2852 2488 2915 2542 et
2972 2480 3350 2555 ordinatam,
3410 2500 3526 2563 per

2026 2578 2377 2661 potentiam
2425 2578 2779 2641 absolutam
2832 2598 2957 2641 non
3008 2579 3373 2660 intelligunt
3418 2597 3526 2661 po-

2027 2677 2289 2739 tentiam
2351 2677 2803 2750 inordinatam,
2846 2685 3035 2759 prout
3083 2677 3193 2740 illa
3249 2696 3527 2760 praesup-

2027 2773 2208 2855 ponit
2254 2773 2550 2854 objectio,
2594 2775 2703 2836 sed
2754 2773 2965 2856 potius
3016 2774 3361 2856 potentiam
3413 2774 3522 2837 Dei

2028 2872 2382 2934 secundum
2426 2891 2604 2934 suam
2651 2873 2971 2934 infinitam
3013 2880 3075 2934 et
3117 2872 3528 2935 incoarctabi-

2029 2969 2154 3030 lem
2201 2977 2576 3051 potestatem
2620 2977 2683 3032 et.
2726 2971 3199 3051 vigorositatem
3244 2970 3528 3032 conside-

416 3068 638 3132 omnia
668 3085 859 3150 opera
888 3068 1051 3149 ejus,
1082 3076 1145 3131 et
1175 3069 1294 3131 hoc
1329 3075 1494 3131 esset
1525 3068 1917 3151 superabun-
1954 3073 1998 3135 C
2028 3076 2247 3131 ratam.
2286 3069 2361 3130 Et
2398 3068 2451 3131 si
2492 3069 2657 3131 Deus
2698 3069 2775 3131 de
2814 3068 2921 3131 tali
2964 3068 3247 3151 potentia
3282 3069 3527 3151 aliquid

415 3168 628 3230 dantis
673 3167 1160 3245 misericordiae3
1201 3168 1310 3229 sed
1350 3186 1477 3229 non
1512 3177 1718 3249 potest
1747 3169 1919 3230 dam-

416 3286 570 3329 nare
613 3266 893 3338 Petrum,
934 3265 1086 3347 quia
1133 3266 1252 3327 hoc
1293 3274 1461 3327 esset
1503 3267 1911 3329 crudelitatis.

414 3364 664 3437 Quibus
693 3363 1015 3444 objicitur,
1035 3364 1202 3445 quod
1234 3364 1400 3426 sicut
1430 3365 1595 3426 Deus
1625 3372 1722 3427 est
1749 3384 1917 3427 sum-

419 3483 522 3525 me
563 3461 949 3534 misericorS,
983 3461 1070 3523 ita
1102 3469 1165 3522 et
1195 3481 1444 3524 summe
1478 3462 1691 3542 justus
1726 3483 1740 3527 ε
1775 3464 1916 3526 ideo

415 3561 588 3623 sicut
630 3578 759 3622 non
807 3566 1013 3641 potest
1052 3559 1262 3621 facere
1311 3567 1528 3622 contra
1576 3580 1755 3622 suam
1807 3562 1921 3623 mi-

415 3658 855 3732 sericordiam,
909 3657 994 3719 ita
1049 3676 1168 3719 nec
1225 3663 1443 3719 contra
1500 3678 1679 3720 suam
1736 3660 1920 3740 justi-

418 3758 596 3820 tiam.
629 3755 792 3817 Hinc
831 3755 940 3817 alii
978 3756 1221 3829 dicunt,
1253 3756 1424 3837 quod
1462 3756 1628 3818 Deus
1670 3758 1917 3819 nullum

417 3855 684 3918 illorum
744 3850 968 3935 potest.
1022 3854 1142 3916 Sed
1200 3853 1345 3933 quis
1402 3854 1629 3915 audeat
1686 3854 1918 3927 dicere,

417 3953 594 4034 quod
641 3951 805 4013 Deus
850 3969 975 4014 non
1021 3950 1219 4032 possit
1255 3950 1556 4013 exhibere
1597 3952 1706 4013 uni
1748 3952 1920 4013 dam-

417 4059 573 4111 nato
603 4048 773 4131 quod
802 4048 1093 4110 exhibuit
1118 4048 1323 4121 alteri,
1357 4048 1458 4109 vel
1490 4066 1616 4111 non
1647 4050 1924 4131 potuerit

419 4148 764 4229 disponere
801 4147 880 4207 de
921 4163 1048 4208 uno
1092 4147 1262 4227 quod
1304 4146 1620 4227 disposuit
1654 4148 1732 4208 de
1771 4147 1922 4209 alte-

421 4249 654 4307 1·οὲ-
692 4244 931 4307 Idcirco
978 4244 1344 4317 dicendum,
1388 4244 1556 4326 quod
1607 4244 1922 4326 loquendo
1953 4245 2002 4307 D
2034 4244 2243 4306 ctione
2302 4246 2363 4306 in
2426 4245 2638 4308 verbis
2700 4246 2951 4308 Henrici
3011 4246 3373 4329 aliqualiter
3426 4254 3523 4310 est
3578 4262 3797 4317 assor.

418 4344 503 4405 de
535 4342 717 4404 Petro
745 4350 808 4404 et
832 4343 992 4404 Juda
1019 4342 1210 4403 salvis
1243 4358 1462 4403 eorum
1495 4341 1762 4416 meritis,
1795 4360 1922 4405 non

2028 3175 2418 3250 operaretur,
2461 3168 2620 3229 illud
2666 3185 2792 3230 non
2834 3175 3000 3229 esset
3043 3167 3471 3231 inordinatum
3508 3184 3521 3230 :

2031 3266 2159 3328 imo
2207 3284 2282 3327 eo
2332 3266 2470 3347 ipso
2518 3283 2645 3348 quo
2691 3266 2877 3328 fieret
2923 3286 2960 3328 a
3008 3267 3157 3341 De0,
3209 3275 3375 3329 esset
3422 3266 3527 3329 bo-

2031 3384 2210 3438 num,
2251 3365 2479 3427 decens
2528 3372 2591 3426 et
2635 3364 3019 3444 ordinatum,
3064 3366 3315 3428 dicente
3363 3365 3525 3447 Apo-

2031 3464 2215 3536 stolo,
2247 3464 2395 3537 Quae
2433 3482 2469 3523 a
2509 3464 2636 3525 Deo
2675 3471 2843 3537 sunt,
2885 3463 3175 3526 ordinata
3214 3472 3379 3526 sunt.
3414 3465 3526 3526 Ve-
3553 3480 3817 3529 Romanas.

2033 3569 2390 3622 rumtamen
2422 3579 2548 3622 non
2578 3568 2745 3622 esset
2773 3561 3133 3623 ordinatum
3172 3562 3525 3624 secundum

2032 3658 2321 3721 ordinem
2362 3658 2627 3740 justitiae
2668 3666 2772 3720 aut
2818 3659 3246 3721 condecentiae
3288 3660 3389 3721 vel
3431 3679 3525 3721 sa-

2033 3757 2289 3837 pientiae
2336 3775 2373 3818 a
2421 3757 2548 3819 Deo
2596 3756 2906 3818 altissimo
2951 3757 3084 3837 jam
3135 3756 3522 3832 institutum,

2033 3853 2350 3935 rebusque
2382 3852 2653 3915 inditum
2684 3860 2747 3915 et
2778 3861 3175 3928 consuetum,
3208 3855 3317 3916 sed
3346 3854 3527 3935 juxta

2031 3951 2231 4012 alium
2277 3950 2565 4013 ordinem
2616 3950 2847 4013 divinae
2895 3957 2959 4012 et
3005 3950 3313 4033 abyssalis
3360 3951 3524 4033 sapi-

2032 4050 2219 4111 entiae
2268 4049 2559 4114 increatae
2606 4057 2668 4111 et
2716 4049 2987 4113 infinitae
3034 4049 3217 4112 nobis
3266 4068 3524 4131 prorsus

2033 4147 2343 4228 ignotum,
2379 4156 2566 4229 prout
2606 4148 2726 4210 hoc
2770 4148 2836 4209 in
2885 4148 3266 4229 praecedenti
3305 4148 3524 4210 distin-

2034 4351 2419 4423 praetactum.
