4359 6250
736 475 857 542 310
1652 493 1827 540 mmm
1869 494 1889 540 1
1930 493 2412 540 summ-truamur.
2458 511 2540 522 —
2579 493 2732 539 msr.
2777 493 2926 539 xxxi

741 670 1036 752 spiritus.
1070 669 1331 734 Diversi
1360 669 1515 732 sunt
1548 668 1725 730 enim
1754 669 1989 730 natura
2016 667 2291 748 spiritus
2321 666 2612 730 hominis
2639 667 2706 730 et
2732 667 3019 748 Spiritus
3047 666 3195 746 Dei,
3217 666 3334 730 sed
3362 667 3739 731 inhaerendo
3771 666 3854 731 fit

742 788 1017 869 spiritus
1057 786 1347 850 hominis
1384 803 1559 848 unus
1595 784 1869 865 spiritus
1907 800 2059 847 cum
2101 783 2268 862 De0,
2295 783 2454 864 quia
2495 783 2819 864 particeps
2855 783 2931 846 fit
2973 783 3270 846 veritatis
3313 786 3379 848 et
3417 783 3852 848 beatitudinis

743 903 947 966 illius.
992 903 1063 967 Si
1110 919 1263 983 ergo
1310 903 1391 965 de
1437 901 1543 964 his
1590 918 1737 982 quae
1789 901 2064 964 diversae
2115 899 2500 962 substantiae
2551 901 2728 980 sunt,
2760 901 2932 963 recte
2980 900 3222 963 dicitur
3265 901 3444 981 quod
3490 901 3624 964 sint
3668 918 3854 965 unus

743 1020 1017 1101 spiritus
1077 1039 1091 1079 τ
1154 1020 1401 1099 quanto
1459 1019 1673 1096 magis
1728 1017 1843 1098 qui
1901 1017 2100 1080 unius
2157 1015 2541 1080 substantiae
2598 1018 2775 1097 sunt,
2835 1017 3008 1080 recte
3058 1016 3369 1080 dicuntur
3429 1036 3603 1082 unus
3663 1019 3854 1082 Deus

468 1152 715 1226 snb-tm-
744 1153 886 1200 esse
906 1136 936 1198 ‘l
987 1137 1180 1199 Pater
1232 1152 1384 1216 ergo
1436 1136 1502 1198 et
1550 1134 1763 1197 Filius
1818 1150 2023 1197 unum
2073 1133 2250 1212 sunt,
2296 1132 2525 1213 utique
2577 1134 2940 1197 secundum
2990 1134 3312 1198 unitatem
3367 1134 3668 1199 essentiae
3689 1129 3738 1215 *‚
3783 1135 3858 1198 et

446 1219 518 1258 ω’
742 1269 917 1316 unus
960 1252 1163 1316 Deus.

878 1360 955 1421 In
992 1375 1124 1440 quo
1164 1359 1229 1421 et
1265 1357 1509 1420 Ariana
1551 1356 1821 1421 haeresis
1866 1355 2240 1434 damnatur,
2280 1373 2428 1437 quae
2477 1355 2740 1419 Patrem
2789 1357 2854 1420 et
2900 1356 3146 1420 Filium
3195 1358 3260 1420 et
3311 1358 3632 1439 Spiritum
3673 1359 3850 1423 San-

444 1493 613 1549 Augaia
625 1492 717 1535 aa·
746 1477 950 1555 ctum,
990 1475 1066 1537 ut
1112 1474 1204 1536 ait
1238 1473 1652 1554 Augustinus
1703 1473 1771 1534 in
1820 1471 1989 1535 libro
2040 1472 2120 1534 de
2167 1471 2572 1552 HaeresibuS,
2604 1488 2738 1534 non
2788 1473 2932 1535 vult
2981 1491 3123 1536 esse
3168 1474 3369 1537 unius
3415 1473 3853 1556 ejusdemque

445 1569 532 1600 '⁰⁸'
552 1569 657 1600 “¹¹⁰
744 1593 1127 1656 substantiae
1176 1594 1373 1672 atque
1418 1593 1668 1655 naturae
1706 1590 1863 1672 (vel,
1905 1591 1981 1653 ut
2022 1590 2398 1671 expressius
2447 1590 2722 1669 dicatur,
2765 1591 3089 1671 essentiae,
3129 1608 3278 1672 quae
3329 1591 3555 1655 Graece
3604 1591 3855 1655 dicitur

746 1708 963 1791 οὐσία),
996 1709 1111 1772 sed
1149 1709 1396 1770 Filium
1444 1724 1585 1771 esse
1634 1709 2034 1788 creaturam3
2074 1723 2328 1769 necnon
2368 1708 2432 1770 et
2469 1706 2860 1786 Sabelliana,
2892 1724 3041 1788 quae
3079 1709 3153 1771 ut
3191 1708 3284 1770 ait
3318 1707 3732 1788 Augustinus
3775 1708 3854 1772 in

476 1841 582 1885 ibid.
606 1855 686 1884 ω.
744 1825 975 1889 eodem
1015 1824 1207 1903 lihr0‚
1239 1824 1496 1887 dicebat
1523 1824 1858 1887 Christum
1898 1824 2204 1887 eumdem
2243 1823 2460 1903 ipsum
2495 1824 2558 1886 et
2586 1823 2848 1886 Patrem
2878 1824 2944 1887 et
2973 1825 3292 1906 Spiritum
3332 1824 3646 1888 Sanctum
3675 1843 3850 1905 esse,

744 1943 820 2004 ut
856 1943 1029 2006 esset
1073 1941 1332 2004 trinitas
1369 1941 1717 2003 nominum
1764 1941 1905 2004 sine
1944 1939 2371 2004 subsistentia
2417 1956 2866 2020 personarum.
2910 1942 3273 2022 Utramque
3320 1943 3598 2022 pestem,
3635 1944 3710 2004 ut
3751 1942 3856 2004 ait

478 2078 541 2121 nd.
568 2079 611 2120 in
644 2077 714 2120 ιο-
745 2057 1159 2138 Augustinus
1205 2075 1404 2138 super
1449 2058 1796 2136 Joannem,
1843 2057 2030 2120 elidit
2080 2057 2362 2136 VeritaS,
2415 2056 2640 2120 dicens
2691 2077 2705 2117 ε
2757 2058 2898 2136 Ego
2951 2058 3016 2120 et
3065 2058 3260 2120 Pater
3317 2074 3528 2121 unum
3583 2075 3848 2122 sumus.

445 2155 545 2184 ann.
585 2144 710 2184 tract.

446 2207 512 2254 ω,
534 2218 577 2246 n,
598 2207 639 2246 9,
746 2177 1114 2257 Utrumque
1147 2174 1302 2238 audi
1341 2175 1407 2237 et
1443 2173 1729 2253 adverte,
1772 2174 1837 2236 et
1876 2190 2132 2249 unum,
2181 2175 2247 2236 et
2287 2189 2579 2250 sumus,·
2617 2173 2682 2236 et
2723 2189 2762 2234 a
2798 2173 3128 2254 Charybdi
3167 2175 3232 2238 et
3269 2191 3308 2236 a
3355 2174 3576 2254 Scylla
3611 2173 3856 2238 libera-

446 2257 711 2364 2ds⁰“”'⁸'¹'
743 2291 939 2355 beris.
981 2291 1176 2364 Quod
1222 2291 1398 2354 enim
1447 2290 1639 2368 dixit,
1686 2307 1920 2370 unum,
1962 2290 2196 2354 liberat
2245 2292 2308 2352 te
2355 2289 2438 2352 ab
2483 2289 2683 2370 Ario;
2735 2289 2913 2370 quod
2965 2289 3158 2370 dixit,
3205 2308 3463 2370 sumuS,
3497 2290 3728 2354 liberat
3780 2292 3854 2356 te

741 2425 780 2470 a
830 2407 1137 2471 Sabellio.
1180 2407 1250 2471 Si
1298 2423 1531 2485 unum,
1573 2422 1725 2486 ergo
1775 2423 1907 2468 non
1957 2405 2329 2486 diversum3
2375 2407 2432 2468 si
2483 2421 2739 2482 sumUS,
2772 2422 2924 2485 ergo
2977 2405 3172 2470 Pater
3205 2408 3284 2508 ‘et
3328 2406 3562 2469 Filius.
3596 2407 3855 2470 Sumus

742 2523 917 2587 enim
965 2540 1096 2586 non
1138 2522 1382 2585 diceret
1428 2522 1508 2585 de
1556 2539 1712 2600 un0,
1762 2539 1881 2584 nec
1928 2538 2138 2585 unum
2189 2522 2270 2585 de
2321 2522 2604 2585 diverso.
2649 2521 3052 2584 Erubescant
3097 2539 3250 2602 ergo
3301 2521 3678 2600 Sabelliani,
3727 2523 3854 2603 qui

468 2654 606 2728 .A¹¹⁸·
634 2666 705 2708 ορ.
739 2635 967 2698 dicunt
1006 2635 1228 2715 ipsum
1266 2651 1408 2697 esse
1446 2634 1709 2697 Patrem
1746 2634 1862 2715 qui
1904 2636 2004 2696 est
2044 2634 2280 2711 Filius,
2322 2633 2798 2697 confundentes
2841 2651 3153 2715 personas
3188 2653 3202 2694 ε
3237 2634 3353 2715 qui
3395 2635 3459 2696 et
3496 2634 3654 2696 dicti
3689 2635 3858 2696 sunt

442 2721 516 2760 ω’
541 2730 569 2759 '¹
612 2720 652 2760 ⁸'
738 2750 1235 2830 patripassiani,
1268 2751 1425 2830 quia
1469 2749 1697 2813 dieunt
1734 2750 1997 2812 Patrem
2043 2748 2250 2812 fuisse
2288 2767 2581 2830 passum.
2616 2750 2845 2812 Ariani
2884 2766 3038 2813 vero
3082 2749 3333 2830 dicunt,
3365 2749 3544 2812 aliud
3578 2749 3853 2812 Patrem

738 2884 904 2945 esse,
952 2866 1132 2929 aliud
1182 2866 1453 2945 Filium,
1498 2883 1629 2928 non
1690 2883 1891 2929 unam
1939 2865 2402 2945 substantiam,
2448 2867 2564 2929 sed
2623 2867 2823 2947 duas;
2878 2866 3142 2929 Patrem
3199 2866 3542 2946 majorem,
3595 2865 3850 2929 Filium

738 2985 1085 3046 minorem.
1114 2983 1266 3046 Noli
1311 2983 1437 3045 hoc
1473 2983 1687 3046 dicere
1726 2983 1823 3062 tu,
1856 2982 2212 3046 Catholice.
2243 2983 2320 3045 In
2359 2983 2576 3046 medio
2616 3000 2770 3063 ergo
2809 2983 3081 3062 naviga3
3121 2984 3476 3063 utrumque
3517 2983 3856 3063 periculo-

736 3117 886 3165 sum
938 3099 1112 3163 latus
1157 3099 1398 3180 devita,
1434 3100 1499 3163 et
1548 3099 1653 3163 dic
1688 3119 1702 3161 ε
1738 3100 1932 3163 Pater
1978 3099 2173 3163 Pater
2221 3101 2342 3181 est,
2391 3099 2456 3163 et
2501 3099 2714 3164 Filius
2760 3099 2972 3163 Filius
3025 3099 3160 3181 est;
3199 3099 3373 3163 alius
3418 3099 3634 3180 Pater,
3668 3099 3852 3164 alius

736 3218 973 3297 Filius,
1014 3217 1130 3280 sed
1176 3234 1307 3279 non
1347 3218 1525 3280 aliud
1560 3236 1574 3278 :
1619 3217 1754 3279 imo
1798 3216 1923 3278 hoc
1966 3217 2213 3297 ipsum,
2255 3217 2412 3297 quia
2457 3233 2630 3279 unus
2667 3216 2870 3279 DeuS.

871 3336 1036 3397 Ecce
1076 3334 1412 3397 ostensum
1450 3335 1572 3414 est,
1605 3350 1805 3414 quare
1834 3333 2053 3397 unitas
2091 3334 2158 3396 in
2188 3333 2381 3397 Patre
2420 3351 2562 3397 esse
2591 3334 2868 3412 dicatur,
2901 3350 3108 3414 quum
3138 3335 3271 3397 tres
3308 3333 3406 3396 illi
3434 3350 3642 3396 unum
3681 3334 3846 3397 sint.

526 3484 689 3514 „omi
874 3450 1215 3511 Hilarius
1266 3451 1345 3510 in
1393 3452 1581 3510 libro
1630 3452 1717 3509 de
1763 3450 2074 3521 Synodis
2104 3466 2127 3503 .·
2160 3452 2404 3511 Minus
2447 3448 2642 3521 forte
2693 3462 3040 3521 expresse
3091 3450 3383 3511 videtur
3419 3452 3505 3510 de
3555 3446 3852 3520 indiffe-

473 3538 637 3640 ⁸312*
650 3597 705 3639 d,
742 3563 947 3623 renti
978 3562 1467 3624 similitudine
1499 3562 1753 3623 Patris
1789 3562 1860 3621 et
1894 3563 2066 3621 Filii
2090 3562 2266 3632 fides
2298 3562 2542 3623 locuta
2581 3576 2762 3635 esse,
2796 3575 3021 3635 quum
3061 3564 3148 3622 de
3183 3556 3415 3623 Patre
3452 3562 3525 3624 et
3551 3563 3738 3623 Filio
3771 3564 3854 3623 et

446 3660 711 3766 {{†⁰d⁵⁸’¹¹·
743 3677 1030 3749 Spiritu
1051 3676 1318 3738 Sancto
1358 3676 1466 3738 ita
1497 3676 1813 3737 senserit
1848 3676 2345 3750 sionincatam
2375 3678 2452 3737 in
2488 3677 2912 3738 nominibus
2939 3677 3334 3749 propriam
3373 3677 3854 3748 uniuscujus-

744 3808 879 3870 que
916 3794 1478 3856 nominatorum
1523 3793 2021 3856 substantiam
2062 3794 2134 3855 et
2171 3794 2510 3855 ordinem
2556 3793 2627 3854 et
2665 3794 3018 3869 aloriam,
3058 3792 3141 3853 ut
3179 3793 3332 3854 sint
3371 3794 3662 3867 quidem
3699 3806 3854 3865 per

450 3928 621 3972 man.
646 3928 712 3971 εκ.
744 3911 1241 3973 substantiam
1292 3910 1473 3984 tria,
1518 3924 1659 3983 per
1710 3910 2283 3972 consonantiam
2332 3924 2507 3971 vero
2558 3924 2810 3972 unum.
2855 3911 3115 3971 Volens
3163 3922 3339 3984 erqo
3391 3910 3851 3985 conoreoata

744 4028 1177 4091 sanctorum
1213 4030 1532 4099 synodus
1561 4026 2020 4099 impietatem
2056 4040 2224 4088 eam
2256 4027 2634 4099 perimere
2672 4041 2832 4100 quoe
2865 4026 3229 4088 unitatem
3270 4026 3527 4088 Patris
3559 4028 3632 4088 et
3667 4028 3854 4090 Filii

470 4160 705 4205 windam
746 4144 819 4206 et
860 4144 1185 4216 Spiritus
1231 4143 1487 4205 Sancti
1530 4144 1915 4205 nominum
1974 4156 2285 4206 numero
2343 4144 2690 4204 illuderet
2703 4135 2754 4217 *,
2797 4144 2881 4204 ut
2931 4156 3082 4205 non
3133 4143 3566 4205 subsistente
3615 4158 3852 4208 causa

747 4262 1323 4335 uniuscujusque
1350 4261 1701 4332 nominis,
1744 4260 2027 4331 tripleoe
2060 4260 2514 4333 nuncupatio
2550 4260 2912 4321 obtineret
2936 4261 3067 4321 sub
3095 4258 3434 4331 falsitate
3459 4263 3852 4323 nominum

748 4380 1124 4449 unionem,
1156 4376 1229 4438 et
1267 4378 1495 4439 Pater
1530 4380 1729 4439 solus
1768 4376 1985 4450 atque
2018 4392 2212 4439 unus
2253 4380 2448 4439 idem
2485 4378 2557 4438 et
2599 4379 2755 4450 ipse
2791 4377 3094 4439 haberet
3130 4377 3202 4437 et
3237 4376 3560 4449 Spiritus
3593 4377 3857 4441 Sancti

747 4508 1019 4559 nomen
1055 4494 1127 4555 et
1153 4494 1381 4555 Filii:
1413 4496 1688 4555 idcirco
1728 4494 1882 4555 tres
1916 4494 2376 4556 substantias
2411 4507 2565 4555 esse
2598 4494 2974 4567 dixerunt,
3014 4494 3564 4556 subsistentium
3594 4508 3854 4567 perso-

749 4625 891 4675 nas
929 4622 1071 4683 per
1112 4609 1568 4671 substantias
1612 4609 2013 4682 edocentes,
2048 4623 2198 4672 non
2245 4610 2744 4673 substantiam
2781 4611 3034 4672 Patris
3078 4609 3150 4669 et
3192 4611 3370 4670 Filii
3416 4610 3856 4673 diversitate

752 4728 1139 4792 dissimilis
1178 4726 1511 4788 essentiae
1548 4726 2011 4798 separantes.
2060 4727 2258 4791 Quod
2297 4728 2548 4789 autem
2593 4728 2870 4789 dictum
2913 4726 3046 4800 est,
3076 4726 3159 4787 ut
3193 4726 3346 4788 sint
3385 4729 3674 4801 quidem
3709 4740 3856 4799 per

749 4844 1249 4907 substantiam
1296 4842 1477 4916 tria,
1524 4855 1667 4914 per
1714 4842 2284 4904 consonantiam
2334 4857 2509 4904 vero
2557 4858 2815 4916 unum,
2855 4856 3008 4905 non
3054 4844 3273 4904 habet
3321 4844 3784 4905 calumniam
3825 4862 3854 4901 .-

753 4964 927 5039 quia
958 4960 1479 5023 connominato
1510 4959 1821 5032 Spiritu,
1857 4961 1935 5021 id
1961 4960 2071 5020 est
2094 4960 2518 5035 Paraclet0,
2553 4960 3056 5023 consonantiae
3085 4960 3333 5032 potius
3361 4974 3586 5035 quam
3612 4973 3862 5023 essen-

755 5079 877 5141 tioe
911 5091 1055 5151 per
1088 5077 1653 5139 similitudinem
1698 5075 2131 5139 substantioe
2160 5080 2572 5148 praedicari
2610 5077 2948 5139 convenit
2980 5076 3369 5139 unitatem.

461 5211 570 5255 md.
590 5222 634 5253 ιι.
656 5214 723 5254 u.
886 5194 1073 5256 Item
1110 5195 1189 5257 in
1225 5196 1533 5255 eodem:
1572 5194 1803 5259 Quum
1832 5194 2063 5253 Deum
2093 5192 2398 5254 Patrem
2435 5190 2891 5263 confitemur,
2916 5190 2989 5250 et
3022 5190 3391 5251 Christum
3420 5190 3553 5250 Dei
3578 5190 3862 5251 Filium

749 5312 1275 5385 praedicamus,
1307 5310 1379 5371 et
1414 5310 1615 5372 inter
1651 5312 1801 5373 hoec
1844 5312 2068 5372 duum
2107 5312 2416 5371 deorum
2452 5308 2552 5370 sit
2594 5309 3022 5382 irreliqiosa
3067 5305 3472 5382 confessio;
3503 5321 3652 5370 non
3681 5319 3864 5379 pos-
