4359 6250
1320 499 1407 545 AN
1446 499 1889 546 Arrnormsslo
1926 498 2248 546 AUGUSTINI
2291 502 2383 546 SIT
2419 502 2578 548 APTA

3373 484 3497 549 323

388 666 511 728 *Vel
558 673 627 728 ut
670 667 778 728 alii
822 667 1065 742 dicunt,
1110 669 1169 752 ly
1202 679 1475 746 propter
1513 669 1666 732 dicit
1712 671 1895 732 ratio·
1926 671 1976 732 A
2008 670 2268 732 modum
2312 679 2524 733 autem
2565 672 2900 734 relationes
2945 680 3372 734 creaturarum
3419 673 3495 734 ad

404 784 545 827 nem
588 767 757 846 signi
797 775 908 829 aut
946 785 1149 830 causae
1193 768 1635 849 cognoscendi,
1670 769 1895 850 quoni-

399 882 497 925 am
543 864 822 945 Spiritus
870 865 1137 927 Sanctus
1180 873 1276 928 est
1320 866 1505 929 nobis
1555 885 1743 928 causa
1792 885 1894 928 co-

398 962 743 1041 gnoscendi
776 964 944 1046 quod
975 965 1155 1026 Pater
1182 970 1246 1026 et
1277 965 1473 1026 Filius
1513 973 1661 1027 sunt
1692 984 1891 1027 unum

398 1060 789 1142 principium
821 1062 1093 1143 Spiritus
1133 1063 1369 1136 Sancti,
1401 1063 1559 1142 etin
1597 1063 1717 1125 hoc
1749 1082 1894 1126 con-

398 1158 573 1236 nexi3
608 1178 726 1221 nec
760 1159 993 1221 dicitur
1023 1178 1347 1223 connexus
1378 1162 1541 1224 Patri
1568 1170 1679 1223 aut
1710 1161 1887 1235 Fili0,

396 1257 502 1318 sed
564 1274 889 1319 connexus
948 1259 1145 1321 Patris
1200 1267 1263 1320 et
1317 1259 1456 1321 Filii
1516 1267 1774 1341 propter
1823 1279 1889 1322 se

398 1354 629 1435 ipsum.
679 1355 823 1418 Haec
860 1355 1231 1419 Alexander.

470 1453 563 1515 De
594 1455 714 1516 hoc
744 1473 997 1536 quoque
1028 1455 1253 1518 scribit
1282 1457 1551 1519 Thomas
1588 1457 1653 1518 in
1684 1457 1892 1539 prima

270 1579 307 1608 ι.
356 1599 369 1608 .
397 1558 571 1632 parte
611 1552 889 1615 Summae
924 1570 937 1614 ε
973 1553 1363 1635 Augustinus
1406 1554 1563 1616 dicit
1596 1555 1729 1617 haec
1774 1555 1891 1617 tria

392 1649 667 1728 (scilicet
697 1658 823 1712 tres
854 1652 1186 1733 personas)
1214 1671 1353 1715 esse
1394 1672 1593 1714 unum
1631 1661 1889 1734 propter

391 1747 658 1819 Patrem,
696 1749 984 1830 [aequalia
1022 1758 1281 1832 propter
1319 1750 1569 1824 Filium,
1605 1769 1887 1813 connexa

2004 769 2204 830 Deum
2275 770 2581 832 resultant
2652 789 2730 832 ex
2798 771 3104 832 creaturis
3176 778 3363 852 prout
3429 771 3496 830 in

2003 868 2204 930 Deum
2265 867 2648 943 referuntur,
2713 869 2800 931 ita
2861 868 3198 931 relationes
3261 869 3496 951 quibus

2001 968 2178 1030 Pater
2223 967 2495 1030 refertur
2539 970 2616 1031 ad
2662 968 2914 1043 Filium,
2949 969 3296 1050 suppositis
3340 969 3494 1030 rela-

2002 1065 2281 1128 tionibus
2326 1067 2887 1148 distinguentibuS,
2921 1068 3229 1129 resultant
3264 1087 3340 1129 ex
3375 1067 3494 1129 hoc

2001 1165 2171 1246 quod
2223 1165 2417 1227 Filius
2466 1165 2738 1227 refertur
2783 1166 2860 1228 ad
2909 1167 3150 1228 Patrem
3192 1183 3205 1226 :
3244 1173 3307 1227 et
3355 1184 3495 1247 pro-

2002 1268 2142 1343 pter
2195 1261 2313 1324 hoc
2374 1263 2552 1324 Pater
2601 1263 2836 1325 dicitur
2883 1263 3143 1346 aequalis
3196 1262 3374 1337 Filio,
3427 1264 3493 1324 in

2000 1369 2310 1442 quantum
2364 1361 2561 1423 Filius
2605 1363 2848 1424 Patrem
2895 1369 3194 1445 coaequat.
3231 1363 3321 1424 Ex
3366 1380 3494 1445 quo

2000 1458 2191 1520 etiam
2238 1460 2525 1541 sequitur
2566 1461 2736 1541 quod
2781 1460 3052 1542 Spiritus
3097 1462 3362 1524 Sanctus
3411 1462 3495 1523 sit

2000 1558 2254 1639 utrique
2284 1558 2544 1639 aequalis
2580 1577 2593 1620 ε
2628 1559 2751 1621 nisi
2793 1559 2966 1621 enim
3006 1559 3224 1632 Filius,
3257 1561 3368 1641 qui
3398 1567 3494 1622 est

2000 1656 2392 1737 principium
2463 1657 2736 1738 Spiritus
2805 1658 3040 1732 Sancti,
3101 1666 3267 1720 esset
3328 1658 3490 1721 Patri

1998 1755 2282 1836 aequaliS,
2330 1754 2509 1818 nullo
2559 1757 2744 1818 modo
2792 1757 3098 1838 aequalem
3151 1756 3274 1818 sibi
3325 1776 3492 1819 amo-

392 1854 653 1927 propter
708 1847 1016 1929 Spiritum
1076 1849 1423 1927 Sanctuml.
1477 1849 1883 1930 Unumquod-
1922 1854 1969 1916 B
1999 1871 2131 1914 rem
2164 1854 2450 1936 spiraret.
2479 1855 2707 1935 Sicque
2738 1873 2814 1916 ex
2845 1854 2988 1916 Filii
3018 1854 3372 1936 aequalitate
3404 1875 3494 1918 re—

390 1963 511 2024 que
544 1945 720 2007 enim
751 1946 1122 2008 attribuitur
1152 1946 1243 2008 illi
1274 1965 1311 2008 a
1340 1965 1468 2029 quo
1499 1947 1707 2029 primo
1738 1965 1884 2010 con-

388 2042 551 2104 sistit
589 2061 604 2104 :
638 2043 807 2106 sicut
836 2044 1136 2107 inferiora
1166 2045 1468 2108 dicuntur
1496 2046 1710 2109 vivere
1742 2065 1882 2128 pro-

389 2148 527 2221 pter
574 2142 857 2205 animam
907 2144 1349 2225 vegetativam,
1385 2144 1449 2206 in
1501 2164 1628 2226 qua
1677 2145 1884 2226 primo

387 2239 715 2302 invenitur
745 2241 874 2302 vita
915 2242 981 2303 in
1024 2241 1433 2305 inferioribus
1474 2243 1631 2305 istis.
1668 2243 1882 2305 Unitas

384 2345 597 2399 autem
657 2340 873 2402 statim
934 2341 1258 2403 invenitur
1316 2341 1381 2402 in
1441 2343 1639 2414 Patre,
1692 2341 1881 2403 etiam

383 2435 527 2497 aliis
558 2437 847 2517 personis
888 2456 1002 2520 per
1038 2438 1437 2520 impossibile
1478 2440 1757 2502 remotis.
1793 2441 1884 2502 Id-

382 2552 459 2596 eo
485 2535 629 2598 aliae
671 2554 957 2616 personae
996 2537 1233 2600 habent
1273 2538 1581 2600 unitatem
1611 2557 1648 2600 a
1684 2540 1876 2600 Patre.

382 2632 661 2695 Remotis
693 2653 844 2696 vero
874 2635 1015 2697 aliis
1058 2637 1367 2717 personiS,
1402 2655 1527 2698 non
1562 2635 1884 2697 invenitur

382 2729 449 2792 in
480 2731 659 2794 Patre
691 2733 1019 2815 aequalitas
1054 2751 1067 2794 ε
1103 2753 1244 2815 quae
1284 2753 1429 2797 mox
1462 2735 1785 2796 invenitur
1815 2735 1881 2795 in

378 2847 477 2901 eo,
512 2831 721 2912 posito
763 2831 919 2894 Filio
961 2850 1094 2894 suo.
1131 2833 1371 2896 Idcirco
1412 2833 1714 2895 dicuntur
1746 2851 1880 2895 om-

380 2928 486 2990 nia
516 2928 625 2991 illa
654 2929 925 3011 aequalia
960 2939 1220 3012 propter
1247 2931 1480 2994 Filium
1506 2949 1519 2993 :
1545 2949 1671 2994 non
1709 2932 1878 3013 quod

1996 1951 2189 2013 sultat
2219 1951 2682 2033 quodammodo
2711 1953 2776 2014 in
2808 1959 2936 2015 tota
2964 1953 3268 2016 Trinitate
3298 1973 3494 2035 aequa·

1996 2048 2157 2111 litas.
2195 2085 2276 2094 —
2315 2051 2526 2112 Posset
2569 2051 2760 2113 etiam
2808 2050 3086 2113 breviter
3128 2051 3276 2125 dici,
3321 2053 3488 2134 quod

1993 2147 2209 2209 omnia
2246 2148 2550 2210 dicuntur
2589 2168 2787 2211 unum
2829 2157 3088 2231 propter
3123 2150 3391 2223 Patrem,
3427 2150 3490 2212 id

1993 2254 2089 2308 est
2119 2254 2381 2328 propter
2411 2247 2716 2309 unitatem
2752 2248 3179 2321 essentialem,
3212 2267 3355 2329 quae
3386 2250 3491 2311 Pa-

1994 2344 2074 2404 tri
2103 2345 2569 2427 appropriatur.
2607 2345 2780 2407 Unde
2810 2365 3009 2427 quum
3042 2347 3256 2408 omnia
3289 2366 3486 2408 unum

1992 2443 2293 2504 dicuntur
2343 2451 2602 2525 propter
2649 2444 2915 2517 Patrem,
2951 2445 3014 2527 ly
3046 2455 3322 2521 propter
3360 2463 3485 2508 non

1993 2548 2239 2603 tantum
2299 2542 2457 2604 dicit
2513 2542 2952 2606 habitudinem
3015 2543 3314 2625 principii
3375 2563 3488 2625 per

1994 2641 2253 2701 modum
2301 2639 2667 2713 efficientiS,
2713 2642 2821 2703 sed
2867 2641 3016 2704 item
3070 2660 3183 2722 per
3225 2642 3484 2704 modum

1992 2737 2234 2810 sormae,
2269 2739 2334 2800 in
2367 2746 2676 2820 quantum
2719 2739 3024 2801 unitatem
3062 2739 3362 2822 principii
3395 2759 3488 2802 se-

1988 2835 2208 2916 quitur
2260 2837 2466 2899 unitas
2516 2837 2758 2911 formae,
2802 2844 2954 2919 puta
2996 2837 3228 2900 divinae
3276 2855 3487 2900 essen-

1989 2933 2111 3008 tiae,
2148 2953 2274 3015 qua
2305 2935 2372 2996 in
2404 2934 2637 2996 divinis
2667 2935 2884 2996 omnia
2914 2955 3114 2998 unum
3146 2943 3312 2998 sunt.
3341 2935 3484 2999 Haec

378 3027 577 3090 Filius
640 3029 725 3090 sit
787 3029 951 3090 Patri
1020 3030 1411 3112 principium
1474 3030 1875 3112 aequalitatiS,
1915 3032 2257 3096 CThomas
2304 3033 2369 3094 in
2411 3033 2676 3114 Script0,

376 3146 579 3208 quum
626 3128 809 3190 Pater
848 3147 888 3190 a
930 3128 1091 3191 Filio
1132 3129 1222 3191 nil
1273 3129 1535 3207 habeat3
1569 3130 1679 3192 sed
1729 3130 1880 3211 quia

374 3226 555 3287 Pater
584 3244 714 3289 non
746 3233 956 3308 posset
986 3226 1113 3288 dici
1143 3228 1567 3310 aequaliS,nisi
1596 3228 1654 3290 ei
1686 3247 1879 3310 aequa-

376 3322 456 3384 lis
496 3332 667 3386 esset
710 3323 909 3385 Filius
952 3344 1129 3398 suus,
1164 3325 1315 3406 quia
1361 3325 1685 3408 aequalitas
1734 3326 1876 3406 ejus

369 3420 727 3483 attenditur
774 3422 985 3503 primo
1031 3424 1110 3484 ad
1160 3422 1409 3484 Filium.
1464 3423 1773 3485 Similiter
1820 3424 1873 3485 si

371 3536 503 3581 non
554 3526 723 3581 esset
774 3520 1049 3602 Spiritus
1101 3521 1387 3594 Sanctus,
1421 3522 1533 3603 qui
1580 3530 1677 3584 est
1725 3523 1874 3584 duo-

369 3637 517 3680 rum
547 3637 773 3693 ncxus,
794 3636 918 3682 non
951 3626 1165 3701 posset
1194 3619 1461 3700 intelligi
1495 3621 1703 3682 unitas
1734 3637 1875 3681 con·

368 3717 665 3780 nexionis
706 3717 873 3779 inter
902 3718 1147 3780 Patrem
1178 3725 1238 3779 et
1282 3717 1532 3779 Filium.
1567 3718 1713 3781 Ideo
1741 3737 1874 3781 om-

368 3815 481 3876 nia
536 3815 842 3877 dicuntur
900 3833 1185 3878 connexa
1244 3823 1503 3897 propter
1560 3816 1872 3897 Spiritum

368 3912 675 3974 Sanctum
713 3930 726 3974 :
762 3914 1064 3994 quoniam
1105 3913 1313 3996 posito
1348 3914 1588 3995 Spiritu
1620 3902 1867 3987 Sancte,

366 4010 699 4073 invenitur
740 4012 907 4073 unde
936 4020 998 4073 et
1030 4030 1145 4073 cur
1173 4012 1351 4074 Pater
1379 4019 1443 4074 et
1475 4012 1668 4074 Filius
1708 4012 1872 4075 vale-

363 4115 480 4170 ant
506 4107 636 4170 dici
679 4108 969 4172 connexi.
1004 4109 1147 4173 Haec
1178 4110 1447 4172 Thomas
1488 4110 1552 4171 in
1585 4110 1864 4173 Summa.

2067 3132 2612 3204 Quemadmodum
2669 3140 2881 3194 autem
2942 3140 3315 3213 praetactum
3362 3140 3479 3208 est,

1987 3236 2243 3291 sanctus
2276 3230 2503 3291 Doctor
2533 3230 2599 3291 in
2642 3230 2903 3292 Summa
2935 3232 3373 3313 respondendo
3402 3232 3482 3294 ad

1987 3327 2126 3400 ista,
2180 3327 2273 3389 sic
2322 3327 2410 3389 ait
2463 3346 2477 3389 ε
2529 3328 2892 3391 Intellectus
2953 3338 3186 3401 noster,
3240 3329 3351 3411 qui
3401 3349 3479 3392 ex

1985 3426 2291 3488 creaturis
2355 3427 2804 3488 manuducitur
2870 3426 2933 3487 in
2998 3428 3108 3490 Dei
3174 3428 3478 3509 cognitio-

1984 3542 2154 3597 nem,
2207 3532 2455 3606 oportet
2501 3526 2671 3606 quod
2720 3526 2922 3587 Deum
2972 3526 3328 3588 consideret
3381 3546 3476 3589 se-

1984 3622 2265 3685 cundum
2309 3623 2568 3685 modum
2607 3642 2796 3704 quem
2838 3642 2914 3685 ex
2955 3624 3259 3685 creaturis
3302 3644 3476 3687 assu-

1984 3719 2119 3781 mit.
2154 3721 2298 3783 Haec
2346 3728 2408 3783 et
2452 3720 2646 3783 verba
2692 3720 2792 3782 his
2838 3721 3194 3783 consimilia
3243 3722 3474 3804 saepius

1982 3818 2206 3880 scribit
2240 3837 2253 3880 :
2289 3839 2431 3901 quae
2468 3826 2614 3901 apte
2655 3820 2822 3881 dicta
2852 3820 3220 3881 viderentur
3249 3820 3473 3882 saltem

1984 3934 2110 3979 uno
2160 3925 2476 3999 respectu,
2530 3916 2582 3978 si
2632 3934 2759 3979 non
2808 3917 3188 3979 haberemus
3240 3918 3306 3979 in
3354 3918 3474 3980 hac

1982 4014 2111 4076 vita
2156 4015 2582 4095 cognitionem
2627 4015 2704 4075 de
2743 4015 2870 4077 Deo
2913 4015 3035 4077 nisi
3077 4034 3154 4076 ex
3199 4015 3469 4078 naturali

1980 4113 2221 4175 ratione
2261 4130 2601 4193 rerumque
2633 4120 2985 4175 creatarum
3027 4113 3475 4176 consideratio-

449 4208 627 4268 ldem
670 4207 759 4268 ait
799 4206 864 4267 in
906 4208 1173 4289 Script0,
1207 4214 1271 4270 et
1308 4208 1483 4270 addit
1518 4226 1531 4270 ε
1567 4209 1631 4270 Si
1666 4210 1870 4271 consi·
1900 4211 1949 4272 D
1980 4229 2077 4271 ne.
2128 4210 2249 4272 Sed
2299 4211 2375 4271 de
2427 4209 2681 4283 divinis,
2729 4212 3077 4291 praesertim
3131 4212 3210 4273 de
3260 4231 3478 4293 super-

365 4305 669 4367 deremus
697 4304 1114 4387 proprietates
1146 4324 1578 4387 personarum,
1598 4307 1663 4368 in
1691 4307 1870 4369 Patre

367 4403 699 4465 invenitur
746 4411 976 4465 natura
1021 4404 1201 4485 quasi
1254 4404 1446 4486 primi
1494 4404 1797 4487 principii
1851 4423 1865 4467 ε

364 4508 431 4562 et
462 4500 617 4582 quia
645 4501 713 4563 in
743 4500 1029 4583 qualibet
1056 4509 1281 4563 natura
1311 4502 1633 4565 invenitur
1667 4523 1866 4565 unum

366 4598 765 4681 principium
824 4616 952 4663 non
1000 4600 1078 4662 de
1137 4600 1455 4682 principio
1513 4601 1578 4663 in
1637 4619 1868 4681 genere

366 4697 504 4770 illo,
534 4715 574 4758 a
618 4696 805 4778 cujus
850 4697 1089 4759 unitate
1132 4704 1229 4759 est
1267 4699 1438 4779 quod
1481 4718 1607 4761 una
1645 4707 1868 4762 natura

364 4796 433 4856 in
486 4794 789 4857 omnibus
839 4804 1267 4877 propagetur3
1322 4796 1465 4859 ideo
1514 4798 1729 4860 omnia
1776 4798 1867 4860 di-

362 4902 605 4955 cuntur
635 4913 835 4956 unum
868 4902 1128 4975 propter
1155 4895 1419 4957 Patrem.
1448 4896 1513 4957 Si
1543 4913 1694 4958 vero
1724 4914 1869 4958 con-

362 4992 723 5055 sideremus
773 4992 1107 5075 proprium
1152 4991 1291 5053 Filii
1336 4993 1689 5054 secundum
1736 5012 1868 5055 om·

362 5092 479 5153 nia
518 5092 775 5173 propria
814 5110 951 5164 sua,
986 5091 1285 5154 convenit
1322 5091 1381 5153 ei
1422 5092 1593 5172 quod
1625 5092 1869 5154 Patrem

358 5189 658 5271 adaequet
714 5196 843 5252 tam
907 5190 971 5251 in
1030 5198 1341 5271 quantum
1399 5189 1617 5263 Filius,
1678 5209 1868 5271 quam

361 5288 429 5349 in
484 5296 797 5369 quantum
846 5288 1056 5370 imago
1102 5294 1167 5351 et
1211 5287 1511 5351 Verbum.
1565 5288 1871 5361 Quemad-

1979 4307 2376 4370 naturalibus
2429 4307 2529 4370 his
2581 4328 2722 4390 quae
2778 4308 2910 4369 sola
2967 4308 3096 4371 fide
3155 4316 3471 4384 tenentur,

1978 4406 2288 4468 habemus
2349 4406 2777 4487 cognitionem
2838 4425 2967 4469 non
3028 4426 3107 4470 ex
3165 4409 3474 4472 creaturis

1978 4504 2328 4567 naturalive
2369 4505 2633 4580 ratione,
2666 4507 2776 4568 sed
2811 4524 2887 4567 ex
2919 4506 3156 4569 divinis
3189 4508 3474 4590 Scriptu-

1978 4604 2065 4665 ris
2104 4610 2168 4665 et
2208 4603 2592 4666 revelatione
2631 4604 3097 4686 supernaturali
3139 4605 3306 4669 facta
3333 4626 3475 4669 san-

1976 4700 2095 4763 ctis
2125 4701 2443 4784 Apostolis
2473 4710 2537 4763 et
2575 4702 2922 4784 Prophetis.
2962 4703 3097 4765 Imo
3130 4703 3275 4766 dato
3303 4706 3472 4785 quod

1976 4818 2103 4863 non
2145 4817 2671 4880 cognosceremus
2712 4800 2912 4862 Deum
2951 4800 3078 4862 nisi
3117 4818 3195 4863 ex
3235 4808 3475 4862 creatu-

1977 4898 2065 4960 ris
2103 4906 2167 4960 et
2207 4897 2470 4971 ratione,
2501 4898 2708 4959 adhuc
2749 4905 2961 4959 tamen
2998 4906 3318 4979 oporteret
3358 4915 3472 4960 nos

1975 4997 2052 5058 ad
2076 4997 2514 5078 cognitionem
2545 4995 2656 5058 Dei
2697 4995 3037 5058 ascendere
3072 5014 3184 5077 per
3214 4996 3472 5059 remoti-

1976 5112 2164 5155 onem
2194 5102 2259 5157 et
2287 5094 2708 5175 negationem,
2730 5099 2799 5155 ut
2827 5093 3018 5156 etiam
3051 5093 3308 5176 quidam
3339 5096 3476 5175 phi-

1978 5192 2250 5273 losophi,
2272 5190 2718 5272 AlphorabiuS‚
2751 5190 3076 5254 Avicenna
3107 5198 3173 5253 et
3197 5191 3469 5272 Algazcl‚

1979 5289 2396 5371 Philosophus
2445 5306 2698 5371 quoque
2744 5288 2933 5351 tertio
2979 5289 3057 5352 de
3103 5290 3351 5366 Anima,
3393 5290 3470 5355 de

3538 3170 3580 3211 p.
3605 3160 3681 3201 ³¹9
3693 3156 3758 3201 D'.
