4359 6250
603 2841 687 2882 art.
716 2841 754 2882 l.

546 4318 565 4337 ·
577 4316 623 4358 in
635 4314 809 4369 Scripto

846 467 967 532 276

846 655 1000 716 mile
1032 652 1321 736 qualitati
1362 652 1622 715 alterius
1654 672 1796 734 quae
1832 651 2119 732 designat
2148 660 2212 714 et
2243 672 2346 714 ex·
2375 652 2428 715 A
2459 651 2727 715 imitatio
2785 653 3021 734 duplex

846 753 1069 836 primit
1098 761 1389 814 naturam
1422 752 1642 833 ipsiuS,
1661 751 1954 832 quamvis
1988 751 2093 812 illa
2123 758 2348 813 natura

847 869 974 915 non
1015 852 1376 914 inveniatur
1415 853 1480 913 in
1526 870 1601 912 ea
1635 867 1648 911 :
1684 850 2222 932 quemadmodum
2266 850 2349 911 la-

848 951 1036 1033 pidea
1083 959 1291 1013 statua
1338 950 1574 1013 dicitur
1624 950 1831 1030 imago
1880 947 2177 1011 hominis,
2217 948 2348 1010 Sic-

846 1067 973 1130 que
1017 1049 1225 1130 imago
1270 1049 1380 1111 Dei
1428 1055 1523 1110 est
1567 1047 1632 1109 in
1684 1056 1991 1120 creatura,
2026 1054 2089 1108 et
2138 1046 2346 1126 imago

846 1148 1010 1228 regis
1056 1147 1123 1209 in
1177 1165 1461 1209 nummo.
1509 1145 1585 1207 Et
1630 1146 1733 1208 hic
1784 1154 1881 1208 est
1932 1143 2344 1225 imperfectus

844 1246 1069 1308 modus
1132 1245 1447 1326 imaginis.
1501 1244 1848 1307 Perfectior
1903 1260 2053 1304 vero
2118 1242 2344 1304 modus

843 1343 1139 1424 imaginis
1185 1352 1301 1418 est,
1335 1344 1488 1405 dum
1533 1343 1822 1425 qualitati
1872 1361 2014 1423 quae
2056 1340 2346 1421 designat

841 1449 1133 1504 naturam
1185 1442 1403 1504 subest
1446 1441 1666 1504 eadem
1720 1449 1943 1503 natura
1988 1440 2054 1501 in
2105 1439 2340 1520 specie,

842 1541 1008 1602 sicut
1064 1548 1160 1602 est
1221 1541 1427 1622 imago
1484 1540 1762 1602 hominis
1822 1539 2018 1621 patris
2081 1539 2145 1599 in
2204 1536 2344 1599 silio

842 1657 979 1712 suc,
1014 1639 1315 1720 quoniam
1365 1638 1557 1700 habet
1606 1637 2097 1700 similitudinem
2149 1636 2214 1697 in
2263 1635 2342 1697 si-

842 1754 1019 1816 gura,
1052 1743 1116 1798 et
1163 1736 1227 1798 in
1276 1744 1501 1798 natura
1542 1754 1735 1817 quam
1780 1735 1987 1816 figura
2028 1734 2334 1813 designat.

1458 485 1522 530 IN
1563 485 1785 530 LIBRUM
1828 485 1845 529 Ι
1890 483 2372 530 SENTENTIARUM.
2420 502 2500 510 —
2541 485 2694 529 DIST.
2741 485 2974 548 xxx⁷1113
3019 485 3242 540 QUAEST.
3289 486 3351 530 IV

3083 671 3097 715 :
3158 673 3285 715 una
3339 671 3624 734 personae
3681 655 3760 716 ad
3817 675 3953 736 per-

2456 769 2698 822 sonam,
2741 752 3092 813 secundum
3146 751 3317 833 quod
3370 750 3565 814 Filius
3615 752 3682 814 in
3733 763 3956 815 natura

2456 849 2674 911 divina
2712 869 2903 931 quam
2944 850 3135 912 habet
3166 868 3201 911 a
3235 851 3412 912 Patre
3453 851 3740 912 imitatur
3779 871 3956 914 eum-

2456 948 2638 1027 dem;
2679 948 2806 1010 alia
2852 956 2945 1010 est
2990 949 3263 1011 imitatio
3308 957 3610 1012 creaturae
3651 951 3730 1012 ad
3777 951 3956 1013 Crea-

2455 1037 2657 1108 torem
2708 1046 3104 1128 imperfecta,
3157 1055 3220 1108 et
3266 1047 3619 1110 secundum
3674 1047 3954 1130 aliquam

2454 1144 3007 1226 participationem
3049 1144 3350 1207 bonitatis
3393 1151 3504 1207 aut
3543 1145 3956 1227 perfectionis

2455 1242 2705 1304 divinae.
2740 1243 2951 1305 Primo
2983 1244 3190 1316 modo,
3226 1243 3434 1324 imago
3466 1243 3533 1304 in
3563 1251 3738 1306 recto
3769 1243 3959 1324 signi-

2453 1340 2606 1402 ficat
2655 1341 2938 1402 divinam
2988 1341 3351 1415 essentiam,
3386 1341 3452 1403 in
3502 1339 3770 1422 obliquo
3817 1357 3958 1420 per-

2454 1457 2658 1501 sonaS.
2715 1439 2816 1502 Sic
2865 1439 3102 1500 etenim
3156 1439 3324 1501 idem
3377 1445 3471 1500 est
3525 1439 3732 1520 imago
3783 1437 3955 1519 quod

2454 1537 2671 1599 divina
2719 1543 2943 1606 natura
2992 1555 3403 1619 personarum
3455 1538 3523 1598 in
3567 1555 3642 1598 ea
3689 1555 3758 1598 se
3813 1536 3990 1598 imi-'

2453 1635 2744 1697 tantium.
2793 1636 2936 1699 Haec
2977 1635 3266 1699 Thomas.

2532 1734 2620 1795 De
2650 1734 2750 1795 his
2781 1733 2886 1795 hic
2917 1733 3101 1815 plura
3131 1753 3207 1796 ex
3238 1734 3477 1795 Thoma
3505 1733 3778 1814 aliisque
3811 1750 3956 1795 con-

839 1834 1306 1897 Perfectissima
1335 1852 1485 1896 vero
1517 1834 1808 1916 imaginis
1838 1842 1933 1896 est
1963 1833 2137 1906 ratic,
2152 1851 2339 1914 quan·
2375 1834 2422 1897 B
2453 1831 2822 1906 scriberem,
2878 1831 3000 1893 nisi
3055 1851 3248 1913 supra
3299 1831 3710 1894 distinctione
3765 1832 3953 1893 tertia

838 1932 920 1993 do
958 1932 1178 1994 eadem
1220 1950 1487 1994 numero
1528 1931 1733 1994 forma
1769 1939 1831 1994 et
1872 1939 2095 1993 natura
2136 1937 2231 1992 est
2271 1930 2337 1990 in

839 2029 1126 2092 imitante
1175 2037 1237 2092 et
1288 2029 1354 2091 in
1404 2047 1479 2092 eo
1528 2030 1697 2111 quod
1749 2029 2053 2091 imitatur.
2106 2029 2338 2109 Sicque

838 2127 1034 2190 Filius
1084 2128 1196 2190 Dei
1240 2127 1705 2210 perfectissima
1748 2135 1844 2190 est
1890 2127 2098 2208 imago
2139 2125 2337 2188 Patris

836 2225 1076 2300 aeterni,
1129 2227 1430 2307 quoniam
1486 2225 1702 2288 omnia
1759 2225 2064 2287 attributa
2122 2224 2340 2286 divina

838 2343 951 2406 per
982 2325 1240 2386 modum
1272 2324 1594 2406 qualitatis
1626 2323 1988 2405 significata
2018 2343 2159 2405 quae
2190 2329 2338 2384 sunt

838 2423 903 2484 in
945 2424 1145 2498 Patre,
1180 2430 1329 2485 sunt
1372 2423 1437 2484 in
1479 2422 1637 2485 Filio
1676 2423 1895 2484 eadem
1934 2439 2222 2484 numero.
2259 2455 2340 2466 —

834 2521 979 2584 Haec
1007 2522 1277 2585 Thomas
1320 2522 1386 2583 in
1422 2521 1692 2603 Scripto,
1728 2521 1806 2582 de
1845 2519 2336 2582 definitionibus

835 2619 1150 2701 imaginis.

918 2719 1089 2780 Idem
1143 2717 1367 2780 scribit
1419 2718 1483 2779 in
1536 2717 1744 2799 prima
1795 2724 1973 2798 parte
2032 2717 2330 2790 Summae,

836 2817 1186 2899 quaestione
1226 2817 1549 2879 tricesima
1588 2817 1832 2898 quinta,
1868 2815 1979 2877 ubi
2016 2822 2079 2877 et
2106 2815 2282 2877 addit
2315 2832 2329 2876 ε

837 2916 929 2978 Ad
978 2916 1288 2978 rationem
1349 2915 1645 2996 imaginis
1694 2931 1822 2976 non
1873 2913 2118 2975 sufficit
2175 2913 2334 2975 ratio

2449 1937 2513 1992 et
2555 1931 2698 1992 aliis
2743 1930 3126 2012 quibusdam
3172 1929 3691 1993 distinctionibus
3735 1938 3952 1992 essent

2452 2029 2820 2110 praehabita.
2874 2029 3086 2091 Nihilo
3135 2030 3347 2091 minus
3405 2029 3622 2111 aliqua
3668 2029 3952 2091 breviter

2449 2127 2676 2189 addam
2720 2147 2861 2209 quae
2905 2127 2994 2190 ibi
3039 2127 3254 2190 forsan
3297 2145 3424 2190 non
3471 2135 3618 2190 sunt
3663 2127 3945 2189 inducta.

2529 2227 2744 2308 ltaque
2776 2227 2854 2289 de
2893 2227 3034 2301 hoc,
3065 2245 3145 2288 an
3187 2227 3394 2308 imago
3425 2234 3674 2289 tantum
3720 2243 3952 2288 conve-

2449 2325 2583 2386 niat
2613 2325 2792 2399 Filio,
2816 2324 3042 2386 scribit
3071 2325 3175 2386 hic
3205 2325 3434 2388 Doctor
3464 2331 3722 2387 sanctus
3750 2341 3764 2385 ε
3789 2324 3952 2385 Ima-

2447 2441 2526 2504 go
2557 2431 2746 2504 prout
2775 2424 3190 2506 personaliter
3218 2424 3476 2498 dicitur,
3512 2431 3758 2486 tantum
3796 2440 3948 2485 con-

2447 2521 2622 2582 venit
2669 2521 2848 2596 Filio,
2882 2530 2941 2583 et
2987 2540 3114 2584 non
3155 2521 3417 2603 Spiritui
3461 2522 3708 2584 Sancto.
3745 2521 3950 2603 Cujus

2447 2617 2605 2680 ratio
2653 2619 3078 2682 diversimode
3127 2619 3501 2700 assignatur.
3546 2620 3812 2692 Quidam
3857 2628 3954 2682 et-

2446 2717 2618 2778 enim
2651 2717 2892 2791 dicunt‚
2927 2718 3096 2799 quod
3127 2737 3326 2799 quum
3365 2717 3572 2798 imago
3601 2718 3768 2779 dicat
3799 2717 3952 2779 imi-

2444 2816 2748 2877 tationem
2781 2816 2846 2877 in
2877 2816 3320 2889 exterioribuS,
3348 2823 3412 2877 et
3441 2815 3785 2878 notionalia
3813 2816 3954 2878 sint

2448 2913 2510 2975 in
2563 2914 2796 2976 divinis
2849 2915 3030 2996 quasi
3079 2914 3412 2988 exteriora,
3463 2914 3660 2976 Filius
3713 2932 3951 2976 eonve-

838 3013 1281 3076 similitudinis
1330 3032 1442 3075 seu
1490 3013 1735 3094 figurae,
1771 3013 1902 3078 imo
1951 3012 2226 3093 exigitur
2272 3019 2336 3074 et
2370 3016 2412 3078 C
2444 3012 2693 3074 nienter
2722 3013 2958 3074 dicitur
2985 3013 3183 3075 Patris
3216 3012 3446 3093 imag0,
3467 3013 3772 3094 quoniam
3805 3013 3954 3074 imi-

838 3113 1013 3195 origo
1058 3131 1072 3175 :
1116 3112 1269 3195 quia
1317 3121 1387 3175 ut
1434 3112 1659 3174 asserit
1706 3111 2098 3193 Augustinus
2150 3110 2215 3173 in
2261 3110 2334 3173 li-

837 3212 953 3275 bro
984 3212 1274 3274 LXXXIII
1306 3212 1963 3285 Quaestionum,unum
1991 3228 2183 3273 ovum
2211 3228 2334 3273 non

836 3318 933 3372 est
964 3310 1171 3390 imago
1198 3308 1481 3382 alteriuS,
1501 3309 1651 3390 quia
1680 3327 1807 3371 non
1838 3316 1935 3371 est
1963 3328 2333 3391 expressum

836 3409 914 3471 de
947 3408 1075 3471 illo,
1112 3408 1204 3471 Ad
1235 3407 1356 3470 hoc
1395 3425 1544 3488 ergo
1574 3408 1742 3489 quod
1785 3407 2032 3489 aliquid
2073 3408 2156 3469 sit
2185 3427 2333 3469 vere

834 3527 908 3570 ac
940 3506 1195 3589 proprie
1228 3507 1449 3587 imago,
1464 3506 1813 3587 requiritur
1843 3506 2008 3588 quod
2040 3508 2334 3587 procedat

835 3625 911 3669 ex
957 3607 1083 3669 alio
1127 3606 1323 3668 simili
1368 3604 1428 3667 ei
1475 3604 1541 3665 in
1582 3605 1818 3685 specie,
1853 3605 1954 3667 vel
1996 3605 2221 3667 saltem
2268 3604 2334 3667 in

834 3706 1016 3786 signo
1056 3704 1313 3786 speciei.
1349 3704 1437 3765 Ea
1478 3720 1629 3765 vero
1673 3723 1815 3784 quae
1862 3704 2332 3785 processionem

836 3821 948 3865 seu
988 3803 1300 3884 originem
1344 3802 1408 3863 in
1439 3801 1676 3863 divinis
1719 3802 2086 3882 important,
2120 3818 2332 3883 perso-

837 3902 1005 3963 nalia
1051 3908 1504 3983 nuncupantur
1551 3917 1564 3961 ε

836 4017 1071 4062 nomen
1113 4006 1209 4061 est
1252 3998 1600 4080 personale.
1648 3997 1790 4060 Haec
1833 3997 1900 4059 in
1945 3997 2224 4059 Summa.

918 4099 1183 4178 Insuper
1235 4097 1313 4158 de
1372 4097 1512 4171 hoc,
1566 4102 1806 4177 utpote,
1858 4115 1939 4157 an
1998 4096 2207 4177 imago
2267 4096 2333 4157 in

1611 3899 1763 3961 hinc
1818 3900 2026 3981 imago
2075 3899 2332 3982 proprie
2381 3906 2384 3909 ’

2442 3117 2612 3172 tatur
2654 3112 2896 3174 Patrem
2944 3111 3006 3173 in
3049 3111 3262 3193 aliqua
3301 3111 3579 3186 notione,
3614 3118 3832 3193 utpote
3872 3111 3950 3174 in

2445 3210 2769 3271 communi
2811 3210 3194 3290 spiratione3
3237 3227 3364 3272 non
3408 3216 3622 3272 autem
3663 3210 3950 3291 Spiritus

2444 3307 2732 3382 SanctuS,
2766 3308 2876 3389 qui
2918 3308 3158 3370 nullam
3201 3308 3525 3371 notionem
3569 3307 3758 3370 habet
3787 3327 3948 3371 cum

2441 3407 2618 3469 Patre
2669 3424 3096 3469 communem.
3151 3407 3272 3469 Sed
3330 3407 3452 3469 hoc
3511 3425 3637 3469 non
3685 3407 3954 3469 videtur

2444 3506 2830 3568 conveniens
2874 3512 3132 3587 propter
3176 3506 3320 3568 duo.
3362 3505 3593 3581 Primo,
3637 3504 3952 3587 quoniam

2445 3604 2788 3666 notionalia
2820 3603 2885 3666 in
2915 3603 3152 3666 divinis
3191 3620 3319 3667 non
3360 3604 3560 3684 magis
3601 3623 3667 3666 se
3701 3604 3954 3665 habent

2443 3720 2558 3783 per
2598 3704 2856 3765 modum
2896 3702 3284 3764 exteriorum
3322 3720 3515 3784 quam
3550 3701 3948 3777 essentialia,

2445 3800 2772 3881 potissime
2815 3820 2889 3862 ea
2931 3821 3073 3882 quae
3119 3809 3549 3882 assequuntur
3597 3800 3954 3864 substanti-

2442 3916 2588 3977 am3
2635 3898 2776 3961 ideo
2821 3900 3090 3962 imitatio
3134 3900 3201 3962 in
3246 3900 3397 3973 illis,
3439 3899 3684 3962 scilicet
3730 3919 3958 3964 essen—

2443 3996 2725 4070 tialibuS,
2759 3997 2966 4059 adhuc
3000 3997 3237 4059 faceret
3267 3998 3577 4060 rationem
3613 3999 3949 4079 imaginis.

2444 4096 2754 4169 Secund0,
2806 4094 2957 4177 quia
3008 4115 3200 4177 penes
3251 4096 3625 4159 relationem
3673 4098 3958 4178 originis

836 4195 1073 4258 divinis
1138 4195 1553 4276 personaliter
1610 4202 1673 4256 et
1738 4194 1995 4255 relative
2060 4195 2328 4269 dicatur,
2361 4201 2411 4262 D
2443 4211 2569 4256 non
2600 4194 2947 4256 attenditur
2978 4194 3042 4255 in
3073 4194 3310 4258 divinis
3347 4195 3699 4259 similitudo
3728 4215 3956 4279 neque

838 4293 1062 4357 scribit
1110 4293 1380 4355 Thomas
1428 4292 1549 4355 hoc
1602 4291 2076 4373 loco*:1mago
2124 4292 2330 4374 dupli-

840 4393 997 4456 citer
1046 4390 1369 4452 sumitur:
1404 4390 1634 4472 primo,
1678 4408 1793 4472 pro
1841 4408 1915 4453 eo
1962 4390 2133 4472 quod
2189 4390 2330 4452 imi-

838 4498 1007 4553 tatur
1052 4490 1369 4568 alterum3
1421 4489 1721 4562 secundo,
1774 4507 1889 4570 pro
1945 4506 2021 4551 eo
2083 4488 2145 4549 in
2206 4507 2333 4570 quo

840 4589 1132 4652 consistit
1163 4587 1451 4649 imitatio.
1487 4586 1696 4649 Primo
1729 4587 1937 4661 modo,
1962 4586 2075 4668 qui
2105 4596 2167 4649 et
2199 4606 2336 4669 pro-

838 4688 1017 4771 prius
1062 4693 1178 4760 est,
1210 4686 1427 4747 divina
1470 4685 1745 4747 essentia
1787 4702 1915 4747 non
1961 4692 2165 4766 potest
2206 4686 2332 4747 dici

839 4787 1068 4866 imago,
1102 4785 1212 4847 sed
1244 4785 1589 4866 exemplar,
1624 4784 1809 4863 cujus
1842 4784 2049 4864 imago
2080 4791 2175 4845 est
2207 4803 2337 4847 cre-

836 4894 1034 4948 atura.
1068 4884 1311 4965 Nempe
1349 4890 1493 4944 ante
1534 4882 1817 4944 divinam
1861 4882 2203 4943 essentiam
2244 4882 2337 4944 ni—

836 4985 929 5047 hil
961 4990 1057 5046 est
1086 4983 1249 5065 quod
1283 4982 1419 5063 ipsa
1453 4981 1749 5042 imitetur.
1768 4981 1888 5043 Sed
1918 5000 2041 5042 una
2072 4999 2338 5062 persona

839 5084 959 5146 hoc
1001 5083 1190 5145 modo
1238 5082 1443 5161 imago
1488 5087 1586 5142 est
1628 5079 1768 5160 ejus
1813 5097 1849 5139 a
1891 5098 2019 5160 qua
2060 5088 2331 5141 emanat.

838 5182 959 5244 Sed
1019 5180 1331 5243 sumendo
1388 5178 1728 5259 imaginem
1784 5176 2064 5238 secundo
2123 5178 2334 5252 mod0,

838 5280 1058 5343 divina
1086 5278 1361 5341 essentia
1390 5286 1485 5339 est
1527 5277 1755 5357 imago,
1790 5275 1941 5357 quia
1976 5275 2041 5337 in
2074 5274 2213 5357 ipsa
2243 5284 2338 5339 est

2441 4293 2789 4374 aequalitas,
2824 4310 2942 4354 nec
2990 4293 3448 4356 dissimilitudo
3495 4314 3614 4357 nec
3664 4295 3960 4377 inaequa-

2444 4391 2606 4465 litas,
2640 4400 2710 4452 ut
2750 4391 3039 4453 habitum
3079 4398 3175 4453 est
3219 4411 3413 4473 supra
3451 4412 3529 4455 ex
3568 4393 3778 4456 verbis
3817 4393 3960 4457 Au-

2441 4490 2701 4570 gustini,
2735 4490 3142 4552 distinctione
3172 4490 3497 4553 vicesima.
3534 4526 3611 4536 —-
3641 4491 3796 4553 Hinc
3826 4492 3958 4556 alii

2441 4588 2684 4661 dicunt,
2709 4588 2878 4669 quod
2911 4587 3308 4669 impossibile
3339 4589 3424 4651 sit
3455 4590 3644 4651 unius
3673 4589 3763 4651 rei
3795 4589 3958 4671 plu-

2445 4705 2542 4748 res
2573 4705 2712 4748 esse
2745 4686 3051 4768 imagines
3093 4686 3461 4749 immediate
3493 4688 3559 4749 in
3594 4706 3726 4749 rem
3759 4687 3962 4755 illam

2444 4785 2770 4857 ducenteS,
2815 4784 2937 4846 nisi
2982 4804 3095 4866 per
3139 4785 3470 4847 materiam
3510 4786 3778 4865 divisas;
3819 4806 3966 4852 nee.

2444 4891 2703 4945 econtra
2747 4884 2914 4945 idem
2960 4891 3165 4964 potest
3205 4903 3344 4947 esse
3383 4884 3592 4965 imago
3631 4885 3964 4966 plurium,

2446 4981 2570 5043 nisi
2625 4981 2831 5043 taliter
2876 4982 3247 5045 divisorum.
3285 4983 3459 5055 Quod
3506 5002 3724 5046 rursus
3771 4992 3970 5050 stare

2446 5097 2572 5142 non
2625 5087 2831 5161 potest
2883 5087 3140 5162 propter
3189 5081 3333 5143 duo.
3375 5082 3606 5156 Prim0,
3639 5083 3966 5163 quoniam

2447 5178 2574 5239 dici
2628 5186 2841 5259 posset
2899 5178 3069 5259 quod
3123 5178 3288 5240 sicut
3343 5178 3616 5260 Spiritus
3675 5181 3974 5249 Sanctus

2449 5275 2722 5338 refertur
2781 5276 2858 5338 ad
2919 5277 3163 5338 Patrem
3225 5285 3287 5338 et
3347 5276 3580 5339 Filium
3639 5279 3804 5341 sicut
3863 5284 3974 5347 ad
