4359 6250
923 488 1009 532 AN
1052 487 1260 534 norum
1301 485 1364 532 m
1407 486 1634 532 mvuns
1678 485 1770 529 srr
1811 482 2020 529 Nonam
2061 481 2449 539 ussaw-mue,
2494 483 2615 528 Aur
2654 475 3003 528 pensorum
3432 461 3508 522 77

415 654 798 737 intelligitur
839 656 919 718 de
963 655 1220 718 nomine
1263 655 1434 738 quod
1479 654 1778 735 importat
1821 667 1916 714 so-
1943 651 1992 713 A
2024 651 2491 732 quodammodo
2548 651 2978 714 immediatior
3032 650 3237 714 nobiS.
3289 648 3513 712 Melius

415 752 548 814 lum
581 760 948 834 respectum
977 755 1054 816 ad
1088 760 1426 823 creaturas,
1455 759 1518 813 et
1549 769 1674 813 non
1706 766 1915 832 perso—

410 869 512 913 nae
549 852 628 913 ad
661 868 1000 933 personam
1035 869 1049 912 ε
1081 852 1320 914 donum
1359 858 1573 913 autem
1616 850 1914 930 importat

411 956 759 1032 utrumque
817 957 1200 1032 respectum.
1254 949 1397 1012 Haec
1449 949 1908 1011 Bonaventura.

482 1048 599 1122 Qui
628 1049 838 1112 adhuc
871 1048 1124 1130 plenius
1154 1047 1399 1122 scribit,
1419 1047 1723 1109 solvendo
1751 1065 1914 1127 quae·

411 1145 689 1208 stionem
733 1166 860 1228 qua
900 1146 1228 1228 quaeritur,
1265 1153 1478 1207 utrum
1519 1145 1757 1206 donum
1799 1162 1910 1204 seu

408 1243 794 1306 donabilitas
837 1245 921 1306 sit
967 1244 1320 1326 proprietas
1365 1242 1733 1304 distinctiva
1775 1260 1912 1323 per—

408 1359 582 1404 sonae
611 1361 723 1404 seu
755 1343 931 1404 notio
956 1343 1088 1405 :Ad
1120 1342 1262 1414 hoc,
1297 1341 1614 1423 inquiens,
1651 1340 1908 1421 quidam

408 1439 731 1511 dixerunt,
763 1441 935 1522 quod
975 1441 1214 1502 donum
1247 1440 1313 1501 in
1353 1439 1588 1501 divinis
1629 1437 1912 1500 conside-

409 1545 586 1600 ratur
614 1537 979 1620 dupliciter.
1015 1538 1244 1610 Prim0‚
1281 1544 1468 1619 prout
1507 1536 1663 1598 dicit
1704 1555 1912 1616 respe-

408 1645 584 1698 ctum
619 1636 826 1698 solum
853 1638 932 1698 ad
964 1637 1345 1699 donatorem.
1369 1635 1598 1716 Sicque
1630 1634 1910 1715 loquitur

408 1735 804 1814 Augustinus
840 1752 852 1795 ε
893 1735 983 1797 Eo
1027 1735 1165 1816 ipso
1208 1734 1444 1796 dicitur
1487 1733 1748 1804 donum,
1782 1748 1909 1812 quo

2025 755 2235 812 tamen
2281 749 2405 811 dici
2456 757 2681 831 potest,
2714 750 2884 831 quod
2929 749 3195 832 quaestio
3239 766 3515 830 praesup-

2024 847 2205 928 ponit
2235 847 2464 909 falsum
2502 865 2515 908 ε
2548 847 2700 929 quia
2729 857 2791 909 et
2818 848 3095 910 Verbum
3126 846 3283 908 dicit
3312 863 3519 926 respe-

2023 951 2199 1007 ctum
2239 945 2517 1026 aliquem
2558 946 2637 1006 ad
2667 964 2740 1007 ea
2779 965 2919 1027 quae
2950 944 3143 1007 verbo
3182 943 3425 1026 prolata
3453 949 3518 1004 et

2022 1042 2277 1105 condita
2306 1051 2475 1117 sunt,
2509 1051 2579 1104 ut
2611 1043 2777 1104 infra
2806 1043 3062 1125 patebit.
3096 1079 3177 1087 —
3206 1042 3270 1104 Si
3300 1049 3514 1102 autem

2021 1140 2385 1221 objiciatur,
2430 1142 2581 1223 quia
2628 1141 2681 1202 si
2733 1142 2970 1204 donum
3020 1147 3115 1202 est
3164 1139 3515 1221 proprietas

2021 1238 2389 1301 distinctiva
2440 1248 2503 1301 et
2551 1241 2726 1301 notio
2775 1239 3048 1320 Spiritus
3099 1239 3333 1310 Sancti,
3366 1254 3513 1316 ergo

2021 1337 2285 1418 spiritus
2345 1345 2404 1399 et
2454 1355 2630 1398 amor
2680 1354 2807 1397 non
2866 1345 3011 1397 sunt
3069 1335 3245 1397 notio
3300 1335 3440 1415 ejus
3494 1351 3508 1396 :

2019 1435 2259 1516 alioqui
2308 1443 2495 1497 erunt
2542 1443 2787 1516 septem
2837 1436 3147 1507 notioneS,
3198 1435 3366 1515 quod
3417 1439 3513 1495 est

2021 1540 2241 1596 contra
2304 1551 2709 1596 communem
2769 1533 3057 1595 omnium
3117 1532 3507 1614 opinionem.

2019 1632 2575 1713 Respondendum‚
2600 1633 2768 1713 quod
2800 1631 3085 1713 spiritus,
3108 1649 3286 1693 amor
3315 1639 3378 1693 et
3407 1632 3512 1693 do—

2023 1750 2201 1802 num,
2235 1731 2522 1792 eaindem
2568 1731 2789 1791 dicunt
2833 1730 3285 1812 proprietatem
3330 1730 3512 1792 ratio-

410 1833 719 1914 procedit.
765 1833 842 1894 Et
894 1833 982 1894 ita
1028 1833 1357 1894 affirmant
1404 1831 1705 1912 theologi,
1739 1829 1907 1912 quod
1945 1833 1992 1895 B
2023 1849 2101 1891 ne
2159 1828 2590 1901 differentem,
2651 1830 2939 1891 eamdem
2999 1848 3252 1911 quoque
3310 1829 3513 1891 notio-

408 1932 652 1993 donum
697 1939 793 1994 est
834 1933 1186 2013 proprietas
1223 1930 1592 1993 distinctiva
1633 1928 1907 2012 Spiritus

407 2030 645 2092 Sancti.
699 2031 992 2093 Secundo
1043 2029 1358 2112 accipitur
1405 2030 1666 2101 donum,
1719 2034 1908 2110 prout

407 2129 716 2210 importat
754 2136 1116 2211 respectum
1156 2129 1234 2189 a'd
1264 2147 1414 2190 eum
1445 2127 1549 2189 cui
1580 2127 1764 2189 datur
1797 2143 1811 2187 :
1845 2133 1909 2187 et

407 2226 504 2288 sic
552 2243 682 2288 non
729 2227 886 2288 dicit
936 2227 1390 2308 proprietatem
1447 2224 1904 2296 distinctivam,

407 2325 520 2386 sed
549 2325 793 2406 aliquid
831 2343 1226 2406 consequens
1261 2343 1420 2386 eam.
1456 2324 1630 2397 Quod
1663 2341 1788 2384 non
1819 2323 1910 2384 vi-

408 2423 618 2496 detur,
667 2423 974 2504 quoniam
1031 2423 1271 2484 donum
1329 2441 1582 2502 semper
1627 2421 1926 2502 aliquam·

407 2521 564 2582 dicit
625 2521 1166 2602 comparationem
1215 2521 1292 2582 ad
1341 2539 1489 2581 eum
1541 2519 1643 2580 cui
1698 2520 1901 2581 datur.

405 2620 736 2682 Intellecto
777 2638 1054 2701 namque
1098 2619 1268 2700 quod
1318 2637 1444 2681 non
1487 2618 1568 2680 sit
1613 2617 1908 2680 donabile

404 2717 622 2792 alicui,
656 2718 1058 2800 impossibile
1097 2726 1193 2779 est
1225 2717 1577 2798 intelligere
1617 2714 1785 2797 quod
1827 2717 1910 2778 sit

406 2816 670 2878 donum.
727 2817 872 2878 ldeo
915 2817 1098 2896 juxta
1154 2815 1502 2898 praehabita
1550 2823 1646 2878 est
1694 2815 1909 2878 dicen-

404 2915 770 2997 dum,quod
799 2915 1036 2976 donum
1066 2922 1293 2997 praeter
1324 2921 1684 2996 respectum
1718 2933 1906 2996 quem

2022 1946 2192 1997 nem,
2226 1929 2527 2009 quoniam
2568 1929 2790 1990 dicunt
2830 1929 3365 2009 comparationem
3400 1945 3513 1989 seu

2021 2034 2382 2107 respectum
2431 2027 2509 2088 ad
2561 2027 2752 2099 idem,
2794 2034 2857 2088 et
2904 2026 3126 2088 dicunt
3176 2025 3518 2088 emanatio·

2019 2143 2170 2186 nem
2228 2125 2539 2198 eamdem,
2592 2125 2703 2192 sed
2761 2124 3135 2186 differenter
3183 2123 3516 2186 nominant

2020 2241 2180 2283 eam.
2216 2221 2374 2284 Nam
2415 2222 2678 2304 spiritus
2709 2223 2865 2284 dicit
2902 2241 3042 2284 eam
3076 2221 3514 2303 principaliter

2020 2339 2135 2402 per
2173 2321 2710 2402 comparationem
2750 2322 2827 2383 ad
2859 2321 2990 2382 vim
3032 2322 3511 2404 producentem,

2019 2419 2318 2481 videlicet
2349 2419 2755 2500 spirativam3
2787 2436 2965 2482 amor
2995 2438 3146 2482 vero
3184 2420 3342 2482 dicit
3372 2438 3511 2481 eain

2020 2518 2462 2600 principaliter
2518 2526 2826 2599 quantum
2885 2519 2963 2579 ad
3021 2519 3282 2580 modum
3344 2537 3512 2580 ema-

2020 2616 2235 2688 nandi,
2268 2617 2418 2698 quia
2448 2615 2734 2698 procedit
2764 2624 2835 2678 ut
2864 2635 3100 2694 nexus;
3133 2618 3371 2679 donum
3402 2635 3510 2678 au-

2020 2723 2170 2788 tem,
2222 2723 2531 2797 quantum
2581 2715 2657 2777 ad
2709 2721 3068 2796 respectum
3124 2733 3512 2796 consequen-

2018 2821 2166 2875 tem.
2223 2812 2530 2876 Similiter
2577 2813 2893 2875 emanatio
2934 2812 3123 2875 Verbi
3172 2812 3511 2894 tripliciter

2019 2909 2419 2990 significatur
2463 2929 2577 2991 per
2619 2910 2739 2972 tria
2787 2911 2918 2972 haec
2964 2910 3243 2983 nomina,
3288 2910 3506 2984 Filius,

405 3014 698 3094 designat
745 3013 824 3074 ad
873 3014 1151 3085 dantem,
1195 3013 1496 3093 importat
1545 3020 1906 3094 respectum
1943 3016 1987 3080 C
2020 3011 2242 3090 image,
2261 3009 2559 3072 Verbum.
2586 3009 2783 3072 Filius
2815 3009 3057 3091 quippe
3086 3009 3337 3082 dicitur,
3360 3010 3511 3090 quia

403 3112 484 3173 ad
513 3131 664 3175 eum
697 3111 803 3173 cui
843 3112 1044 3174 datur.
1081 3111 1200 3174 Sed
1233 3110 1352 3173 hoc
1393 3117 1598 3192 potest
1634 3130 1772 3173 esse
1801 3111 1907 3173 tri-

405 3210 662 3291 pliciter
696 3228 711 3270 :
747 3210 978 3291 primo,
1011 3210 1363 3273 secundum
1395 3217 1630 3281 actum,
1656 3217 1725 3270 ut
1756 3211 1907 3291 quia

403 3310 624 3371 datum
666 3316 803 3387 est;
836 3308 1138 3381 secund0,
1181 3306 1610 3379 habitualiter,
1646 3314 1715 3369 ut
1757 3326 1907 3389 quo-

404 3408 580 3469 niam
622 3406 908 3469 dandum
947 3413 1079 3483 est;
1114 3406 1318 3477 tertio,
1353 3407 1707 3467 secundum
1750 3406 1907 3487 apti-

405 3505 720 3578 tudinem,
759 3511 828 3565 ut
871 3504 1024 3585 quia
1066 3503 1378 3565 donabile.
1417 3503 1492 3565 Et
1535 3503 1654 3565 iste
1699 3522 1908 3585 respe-

405 3612 546 3665 ctus
597 3603 664 3664 in
725 3609 974 3664 tantum
1031 3600 1412 3681 conjunctus
1465 3609 1560 3664 est
1617 3619 1906 3683 personae

405 3702 684 3783 Spiritus
729 3700 967 3774 Sancti,
1003 3709 1072 3761 ut
1113 3700 1249 3762 sine
1291 3700 1410 3763 isto
1450 3708 1740 3783 respectu
1782 3700 1907 3783 pri—

409 3820 552 3863 mus
583 3806 914 3882 respectus
945 3816 1083 3860 esse
1115 3817 1240 3861 non
1272 3806 1462 3881 queat
1490 3818 1697 3881 neque
1729 3799 1908 3863 intel-

407 3898 519 3979 ligi
553 3917 567 3960 :
603 3898 738 3961 imo
779 3896 1140 3959 necessario
1179 3898 1490 3978 sequitur,
1523 3898 1575 3959 si
1621 3898 1906 3979 procedit

403 4016 522 4080 per
550 3997 817 4059 modum
857 3994 1032 4069 doni,
1065 3995 1236 4077 quod
1274 3996 1534 4057 exsistat
1563 3996 1898 4059 donabilis,

403 4096 482 4159 Et
527 4096 646 4159 iste
695 4113 974 4178 sequens
1021 4102 1346 4176 respectus
1390 4111 1517 4156 non
1563 4094 1769 4157 aufert
1811 4116 1904 4159 re-

2016 3129 2053 3171 a
2092 3108 2154 3171 vi
2198 3116 2435 3171 naturae
2478 3108 2880 3190 producitur,
2913 3109 3142 3191 imago,
3176 3109 3329 3191 quia
3374 3128 3512 3192 pro-

2017 3207 2185 3270 cedit
2217 3214 2285 3267 ut
2314 3207 2511 3269 Patris
2541 3207 3012 3287 expressivum3
3037 3208 3338 3281 Verbum,
3364 3226 3515 3289 quo-

2017 3306 2191 3368 niam
2237 3305 2677 3387 expressivum
2722 3314 2819 3367 est
2860 3305 3023 3368 aliis.
3060 3306 3506 3381 conformiter,

2014 3424 2052 3466 a
2094 3403 2199 3467 via
2250 3404 2555 3485 spirativa
2606 3403 2843 3465 dicitur
2891 3405 3203 3486 Spiri·tus;
3248 3412 3311 3467 et
3358 3406 3511 3488 quia

2018 3502 2304 3584 procedit
2344 3510 2413 3563 ut
2453 3521 2675 3573 nexuS,
2720 3501 2955 3563 dicitur
2998 3520 3211 3581 amor;
3252 3511 3315 3565 et
3359 3522 3511 3585 quo-

2013 3600 2189 3661 niam
2229 3607 2415 3681 aptus
2455 3608 2544 3661 est
2588 3617 2703 3661 nos
2748 3608 3123 3662 connectere
3164 3601 3312 3674 Dec,
3355 3602 3509 3663 dici-

2016 3706 2118 3759 tur
2169 3699 2427 3760 donum.
2472 3698 2603 3759 Una
2650 3715 2799 3777 ergo
2848 3706 2942 3758 est
2990 3699 3165 3759 notio
3212 3698 3397 3760 aliter
3444 3708 3509 3760 et

2014 3795 2199 3857 aliter
2254 3794 2578 3857 nominata
2631 3794 2981 3856 secundum
3040 3796 3313 3857 rationes
3364 3814 3509 3857 con-

2015 3900 2351 3975 sequentes
2396 3911 2409 3954 :
2454 3892 2595 3955 ideo
2636 3892 2896 3954 nomina
2948 3892 3057 3955 illa
3094 3911 3219 3955 non
3261 3901 3510 3955 exstant

2016 4009 2387 4075 synonyma.
2431 3992 2574 4054 Haec
2627 3992 3085 4053 Bonaventura.

2095 4090 2365 4153 Thomas
2396 4107 2649 4171 quoque
2693 4089 2863 4151 circa
2904 4090 3037 4152 haec
3075 4097 3458 4171 protestatur
3494 4108 3507 4153 :

401 4196 647 4277 spectui
681 4194 887 4277 primo
918 4191 1070 4275 quin
1099 4193 1180 4254 sit
1211 4192 1562 4274 proprietas
1593 4193 1902 4255 distincti·
1935 4196 1984 4257 D
2016 4189 2174 4251 Dare
2214 4188 2557 4269 dupliciter
2596 4188 2891 4250 sumitur.
2926 4188 3155 4262 Primo,
3192 4207 3306 4271 pro
3346 4206 3516 4251 com-

401 4314 502 4356 va.
539 4292 783 4355 Idcirco
821 4291 1188 4363 dicendum,
1223 4290 1392 4371 quod
1423 4296 1519 4351 est
1550 4292 1900 4372 proprietas

401 4391 780 4455 distinctiva
829 4391 1072 4452 ratione
1127 4388 1320 4470 primi
1378 4396 1724 4469 respectus,
1776 4408 1902 4470 quo

404 4491 654 4553 scilicet
687 4489 959 4551 refertur
987 4487 1066 4550 ad
1097 4488 1348 4549 dantem
1377 4506 1486 4547 seu
1518 4486 1899 4562 donatorem,

405 4588 690 4650 secundo
733 4593 1026 4667 respectu
1070 4586 1226 4667 (quo
1275 4584 1522 4646 scilicet
1568 4586 1644 4646 ad
1696 4593 1902 4647 creata

407 4686 710 4766 refertur)
743 4702 870 4747 non
901 4690 1314 4765 repugnante,
1347 4684 1459 4745 scd
1494 4691 1896 4746 consonante.

405 4820 488 4831 -—
516 4785 822 4847 Praetcrea
860 4782 1186 4864 quaeritur,
1220 4801 1335 4843 cur
1375 4782 1724 4864 proprietas
1769 4782 1906 4864 Spi-

406 4885 566 4946 ritus
598 4882 812 4945 Sancti
844 4881 1055 4963 po’tius
1090 4882 1367 4942 sumitur
1397 4900 1509 4962 per
1541 4888 1901 4962 respectum

407 5001 532 5045 non
583 4982 795 5044 solum
842 4980 922 5040 ad
969 4979 1254 5041 divinam
1309 4998 1644 5062 personam
1697 4998 1733 5040 a
1780 4998 1905 5060 qua

407 5080 714 5163 procedit,
748 5080 860 5141 sed
899 5079 1091 5165 etiam
1131 5080 1208 5140 ad
1250 5086 1474 5140 creata.
1509 5078 1601 5139 Ad
1642 5077 1761 5138 hoc
1796 5078 1906 5139 ali-

405 5179 516 5260 qui
565 5178 793 5239 dicunt
841 5175 1012 5259 quod
1065 5176 1228 5247 ide0,
1281 5175 1580 5257 quoniam
1630 5174 1902 5256 Spiritus

407 5278 672 5339 Sanctus
713 5282 812 5337 est
852 5274 1039 5336 tertia
1077 5273 1142 5335 in
1174 5273 1474 5335 Trinitate
1516 5290 1805 5353 persona,
1842 5280 1904 5333 et

2018 4286 2447 4349 municatione
2493 4286 2633 4366 ejus
2683 4285 2853 4367 quod
2901 4286 3170 4348 habetur
3218 4305 3332 4368 per
3386 4305 3515 4349 mo-

2015 4386 2168 4447 dum
2200 4384 2469 4447 dominii
2502 4384 2669 4446 sicut
2699 4384 3033 4466 possessi0.
3061 4385 3370 4460 Secunde,
3394 4404 3514 4467 pro

2015 4483 2594 4546 communicatione
2657 4483 2809 4545 boni
2878 4483 3206 4545 intrinseci
3269 4502 3282 4545 ε
3346 4485 3513 4546 sicut

2013 4582 2158 4663 quis
2202 4582 2307 4643 dat
2350 4601 2417 4643 se
2464 4582 2699 4663 ipsum,
2734 4581 2833 4643 vel
2878 4582 3046 4662 quod
3091 4582 3254 4645 intra
3296 4602 3363 4644 se
3406 4582 3509 4645 ha-

2013 4680 2136 4742 bet.
2191 4680 2493 4754 Quamvis
2549 4688 2761 4741 autem
2812 4679 2877 4739 in
2926 4678 3160 4741 divinis
3220 4682 3506 4761 personis

2013 4798 2138 4841 non
2175 4779 2261 4841 sit
2296 4778 2656 4841 dominium
2698 4778 2887 4838 unius
2926 4778 3004 4840 ad
3043 4777 3253 4852 aliam,
3288 4788 3381 4840 est
3420 4787 3506 4841 ta-

2014 4896 2158 4939 men
2218 4876 2308 4938 ibi
2366 4876 2708 4937 auctoritas
2769 4875 3087 4957 principii.
3152 4876 3502 4938 Dicendum

2011 4993 2158 5055 ergo
2207 4976 2374 5056 quod
2425 4974 2595 5037 datio
2646 4981 2849 5055 potest
2899 4974 3239 5055 importare
3295 4984 3507 5037 aucto-

2013 5075 2263 5135 ritatem
2302 5080 2597 5154 respectu
2638 5072 2767 5133 dati
2802 5089 2814 5132 :
2850 5072 3070 5152 sicque
3112 5072 3349 5132 donum
3392 5092 3503 5135 seu

2013 5174 2251 5243 datum,
2288 5178 2383 5232 cst
2423 5189 2656 5233 nomen
2697 5168 3027 5251 personale
3067 5175 3129 5230 et
3162 5170 3500 5233 notionale.

2014 5272 2221 5333 Potest
2259 5270 2453 5331 etiam
2492 5288 2618 5332 non
2659 5268 3001 5350 importare
3040 5268 3502 5345 auctoritatem,
