<?xml version="1.0" encoding="UTF-8"?>
<!DOCTYPE html PUBLIC "-//W3C//DTD XHTML 1.0 Transitional//EN"
    "http://www.w3.org/TR/xhtml1/DTD/xhtml1-transitional.dtd">
<html xmlns="http://www.w3.org/1999/xhtml" xml:lang="en" lang="en">
 <head>
  <title>
</title>
<meta http-equiv="Content-Type" content="text/html;charset=utf-8" />
  <meta name='ocr-system' content='tesseract 3.04.00' />
  <meta name='ocr-capabilities' content='ocr_page ocr_carea ocr_par ocr_line ocrx_word'/>
</head>
<body>
  <div class='ocr_page' id='page_1' title='image "./doctorisecstati11unkngoog_0396.png"; bbox 0 0 4359 6250; ppageno 0'>
   <div class='ocr_carea' id='block_1_1' title="bbox 858 459 979 523">
    <p class='ocr_par' dir='ltr' id='par_1_1' title="bbox 858 459 979 523">
     <span class='ocr_line' id='line_1_1' title="bbox 858 459 979 523; baseline 0 0"><span class='ocrx_word' id='word_1_1' title='bbox 858 459 979 523; x_wconf 81' lang='lat'>384</span> 
     </span>
    </p>
   </div>
   <div class='ocr_carea' id='block_1_2' title="bbox 1490 475 3327 540">
    <p class='ocr_par' dir='ltr' id='par_1_2' title="bbox 1490 475 3327 540">
     <span class='ocr_line' id='line_1_2' title="bbox 1490 475 3327 540; baseline 0.001 -18"><span class='ocrx_word' id='word_1_2' title='bbox 1490 477 1553 522; x_wconf 76' lang='lat' dir='ltr'>IN</span> <span class='ocrx_word' id='word_1_3' title='bbox 1596 476 1819 522; x_wconf 80' lang='lat' dir='ltr'><strong>LIBRUM</strong></span> <span class='ocrx_word' id='word_1_4' title='bbox 1863 477 1884 521; x_wconf 88' lang='lat'>1</span> <span class='ocrx_word' id='word_1_5' title='bbox 1928 475 2412 522; x_wconf 71' lang='lat' dir='ltr'>SENTENTIARUM.</span> <span class='ocrx_word' id='word_1_6' title='bbox 2459 494 2540 504; x_wconf 92' lang='lat'>—·</span> <span class='ocrx_word' id='word_1_7' title='bbox 2583 476 2734 522; x_wconf 88' lang='lat' dir='ltr'>DlST.</span> <span class='ocrx_word' id='word_1_8' title='bbox 2783 477 2948 522; x_wconf 79' lang='lat' dir='ltr'>XXXV</span> <span class='ocrx_word' id='word_1_9' title='bbox 2973 478 2990 540; x_wconf 72' lang='lat'>3</span> <span class='ocrx_word' id='word_1_10' title='bbox 3035 479 3260 533; x_wconf 77' lang='lat' dir='ltr'>QUAEST.</span> <span class='ocrx_word' id='word_1_11' title='bbox 3309 479 3327 524; x_wconf 90' lang='lat'>1</span> 
     </span>
    </p>
   </div>
   <div class='ocr_carea' id='block_1_3' title="bbox 862 644 3976 729">
    <p class='ocr_par' dir='ltr' id='par_1_3' title="bbox 862 644 3976 729">
     <span class='ocr_line' id='line_1_3' title="bbox 862 644 3976 729; baseline 0 -22"><span class='ocrx_word' id='word_1_12' title='bbox 862 653 1085 728; x_wconf 75' lang='lat' dir='ltr'>patui-3</span> <span class='ocrx_word' id='word_1_13' title='bbox 1128 646 1193 709; x_wconf 91' lang='lat' dir='ltr'>in</span> <span class='ocrx_word' id='word_1_14' title='bbox 1225 656 1534 729; x_wconf 90' lang='lat' dir='ltr'>quantum</span> <span class='ocrx_word' id='word_1_15' title='bbox 1566 645 1995 727; x_wconf 87' lang='lat' dir='ltr'>cognoscitiva</span> <span class='ocrx_word' id='word_1_16' title='bbox 2033 644 2364 726; x_wconf 80' lang='lat' dir='ltr'>praemian·</span> <span class='ocrx_word' id='word_1_17' title='bbox 2393 644 2444 706; x_wconf 89' lang='lat' dir='ltr'><strong>A</strong></span> <span class='ocrx_word' id='word_1_18' title='bbox 2471 663 2599 708; x_wconf 91' lang='lat' dir='ltr'>non</span> <span class='ocrx_word' id='word_1_19' title='bbox 2642 645 2938 727; x_wconf 88' lang='lat' dir='ltr'>intelligit</span> <span class='ocrx_word' id='word_1_20' title='bbox 2978 647 3103 709; x_wconf 90' lang='lat' dir='ltr'>alia</span> <span class='ocrx_word' id='word_1_21' title='bbox 3141 667 3178 709; x_wconf 90' lang='lat' dir='ltr'>a</span> <span class='ocrx_word' id='word_1_22' title='bbox 3217 667 3284 710; x_wconf 89' lang='lat' dir='ltr'>se</span> <span class='ocrx_word' id='word_1_23' title='bbox 3322 648 3446 710; x_wconf 91' lang='lat' dir='ltr'>nisi</span> <span class='ocrx_word' id='word_1_24' title='bbox 3489 647 3556 709; x_wconf 91' lang='lat' dir='ltr'>in</span> <span class='ocrx_word' id='word_1_25' title='bbox 3597 646 3976 720; x_wconf 86' lang='lat' dir='ltr'>universali,</span> 
     </span>
    </p>
   </div>
   <div class='ocr_carea' id='block_1_4' title="bbox 860 743 2363 1809">
    <p class='ocr_par' dir='ltr' id='par_1_4' title="bbox 860 743 2363 1809">
     <span class='ocr_line' id='line_1_4' title="bbox 862 743 2360 826; baseline -0.001 -22"><span class='ocrx_word' id='word_1_26' title='bbox 862 743 1111 818; x_wconf 92' lang='lat' dir='ltr'>dorum,</span> <span class='ocrx_word' id='word_1_27' title='bbox 1144 745 1379 807; x_wconf 91' lang='lat' dir='ltr'>dicitur</span> <span class='ocrx_word' id='word_1_28' title='bbox 1410 743 1917 826; x_wconf 81' lang='lat' dir='ltr'>praedestinati03</span> <span class='ocrx_word' id='word_1_29' title='bbox 1952 743 2019 804; x_wconf 92' lang='lat' dir='ltr'>in</span> <span class='ocrx_word' id='word_1_30' title='bbox 2049 750 2360 824; x_wconf 91' lang='lat' dir='ltr'>quantum</span> 
     </span>
     <span class='ocr_line' id='line_1_5' title="bbox 863 843 2363 923; baseline -0.001 -20"><span class='ocrx_word' id='word_1_31' title='bbox 863 843 1291 923; x_wconf 89' lang='lat' dir='ltr'>cognoscitiva</span> <span class='ocrx_word' id='word_1_32' title='bbox 1353 843 1881 915; x_wconf 87' lang='lat' dir='ltr'>damnandorum,</span> <span class='ocrx_word' id='word_1_33' title='bbox 1944 849 2208 904; x_wconf 89' lang='lat' dir='ltr'>vocatur</span> <span class='ocrx_word' id='word_1_34' title='bbox 2269 859 2363 902; x_wconf 89' lang='lat' dir='ltr'>re·</span> 
     </span>
     <span class='ocr_line' id='line_1_6' title="bbox 864 939 2363 1022; baseline -0.001 -21"><span class='ocrx_word' id='word_1_35' title='bbox 864 940 1171 1022; x_wconf 89' lang='lat' dir='ltr'>probati0.</span> <span class='ocrx_word' id='word_1_36' title='bbox 1208 941 1284 1002; x_wconf 88' lang='lat' dir='ltr'>Et</span> <span class='ocrx_word' id='word_1_37' title='bbox 1322 941 1625 1022; x_wconf 88' lang='lat' dir='ltr'>quoniam</span> <span class='ocrx_word' id='word_1_38' title='bbox 1666 941 1804 1022; x_wconf 88' lang='lat' dir='ltr'>ipsa</span> <span class='ocrx_word' id='word_1_39' title='bbox 1848 957 1973 1000; x_wconf 91' lang='lat' dir='ltr'>non</span> <span class='ocrx_word' id='word_1_40' title='bbox 2018 939 2226 1000; x_wconf 88' lang='lat' dir='ltr'>solum</span> <span class='ocrx_word' id='word_1_41' title='bbox 2265 945 2363 1000; x_wconf 89' lang='lat' dir='ltr'>est</span> 
     </span>
     <span class='ocr_line' id='line_1_7' title="bbox 864 1036 2357 1117; baseline -0.001 -19"><span class='ocrx_word' id='word_1_42' title='bbox 864 1037 1313 1117; x_wconf 85' lang='lat' dir='ltr'>cognoscitiva,</span> <span class='ocrx_word' id='word_1_43' title='bbox 1338 1039 1448 1100; x_wconf 90' lang='lat' dir='ltr'>sed</span> <span class='ocrx_word' id='word_1_44' title='bbox 1477 1039 1670 1100; x_wconf 89' lang='lat' dir='ltr'>etiam</span> <span class='ocrx_word' id='word_1_45' title='bbox 1704 1038 1863 1099; x_wconf 90' lang='lat' dir='ltr'>ratio</span> <span class='ocrx_word' id='word_1_46' title='bbox 1893 1036 2316 1117; x_wconf 85' lang='lat' dir='ltr'>cognoscendi</span> <span class='ocrx_word' id='word_1_47' title='bbox 2344 1053 2357 1097; x_wconf 73' lang='grc' dir='ltr'><strong><em>ε</em></strong></span> 
     </span>
     <span class='ocr_line' id='line_1_8' title="bbox 863 1133 2359 1218; baseline 0 -23"><span class='ocrx_word' id='word_1_48' title='bbox 863 1133 1101 1198; x_wconf 87' lang='lat' dir='ltr'>idcirco</span> <span class='ocrx_word' id='word_1_49' title='bbox 1137 1135 1203 1198; x_wconf 89' lang='lat' dir='ltr'>in</span> <span class='ocrx_word' id='word_1_50' title='bbox 1241 1145 1551 1218; x_wconf 88' lang='lat' dir='ltr'>quantum</span> <span class='ocrx_word' id='word_1_51' title='bbox 1596 1144 1693 1198; x_wconf 91' lang='lat' dir='ltr'>est</span> <span class='ocrx_word' id='word_1_52' title='bbox 1734 1136 1892 1198; x_wconf 89' lang='lat' dir='ltr'>ratio</span> <span class='ocrx_word' id='word_1_53' title='bbox 1938 1134 2359 1216; x_wconf 90' lang='lat' dir='ltr'>cognoscendi</span> 
     </span>
     <span class='ocr_line' id='line_1_9' title="bbox 863 1233 2358 1316; baseline -0.001 -21"><span class='ocrx_word' id='word_1_54' title='bbox 863 1234 1077 1296; x_wconf 91' lang='lat' dir='ltr'>omnia</span> <span class='ocrx_word' id='word_1_55' title='bbox 1125 1235 1399 1316; x_wconf 87' lang='lat' dir='ltr'>cognita,</span> <span class='ocrx_word' id='word_1_56' title='bbox 1449 1235 1685 1297; x_wconf 88' lang='lat' dir='ltr'>dicitur</span> <span class='ocrx_word' id='word_1_57' title='bbox 1733 1235 1879 1314; x_wconf 82' lang='lat' dir='ltr'>lux3</span> <span class='ocrx_word' id='word_1_58' title='bbox 1931 1233 1998 1295; x_wconf 89' lang='lat' dir='ltr'>in</span> <span class='ocrx_word' id='word_1_59' title='bbox 2046 1242 2358 1315; x_wconf 88' lang='lat' dir='ltr'>quantum</span> 
     </span>
     <span class='ocr_line' id='line_1_10' title="bbox 862 1331 2356 1414; baseline -0.001 -20"><span class='ocrx_word' id='word_1_60' title='bbox 862 1338 959 1394; x_wconf 89' lang='lat' dir='ltr'>est</span> <span class='ocrx_word' id='word_1_61' title='bbox 1007 1331 1167 1395; x_wconf 90' lang='lat' dir='ltr'>ratio</span> <span class='ocrx_word' id='word_1_62' title='bbox 1220 1333 1638 1414; x_wconf 87' lang='lat' dir='ltr'>cognoscendi</span> <span class='ocrx_word' id='word_1_63' title='bbox 1690 1333 1826 1395; x_wconf 91' lang='lat' dir='ltr'>visa</span> <span class='ocrx_word' id='word_1_64' title='bbox 1874 1341 1938 1394; x_wconf 91' lang='lat' dir='ltr'>et</span> <span class='ocrx_word' id='word_1_65' title='bbox 1986 1331 2356 1414; x_wconf 88' lang='lat' dir='ltr'>approbata,</span> 
     </span>
     <span class='ocr_line' id='line_1_11' title="bbox 862 1428 2360 1513; baseline 0 -23"><span class='ocrx_word' id='word_1_66' title='bbox 862 1430 1102 1493; x_wconf 89' lang='lat' dir='ltr'>dicitur·</span> <span class='ocrx_word' id='word_1_67' title='bbox 1144 1432 1527 1513; x_wconf 84' lang='lat' dir='ltr'>speculu1n3</span> <span class='ocrx_word' id='word_1_68' title='bbox 1582 1431 1647 1494; x_wconf 91' lang='lat' dir='ltr'>in</span> <span class='ocrx_word' id='word_1_69' title='bbox 1698 1438 2007 1513; x_wconf 90' lang='lat' dir='ltr'>quantum</span> <span class='ocrx_word' id='word_1_70' title='bbox 2056 1438 2152 1492; x_wconf 88' lang='lat' dir='ltr'>est</span> <span class='ocrx_word' id='word_1_71' title='bbox 2200 1428 2360 1491; x_wconf 89' lang='lat' dir='ltr'>ratio</span> 
     </span>
     <span class='ocr_line' id='line_1_12' title="bbox 862 1528 2362 1612; baseline 0.001 -23"><span class='ocrx_word' id='word_1_72' title='bbox 862 1530 1281 1609; x_wconf 88' lang='lat' dir='ltr'>cognoscendi</span> <span class='ocrx_word' id='word_1_73' title='bbox 1334 1529 1602 1612; x_wconf 84' lang='lat' dir='ltr'>praevisa</span> <span class='ocrx_word' id='word_1_74' title='bbox 1643 1537 1833 1611; x_wconf 89' lang='lat' dir='ltr'>atque</span> <span class='ocrx_word' id='word_1_75' title='bbox 1882 1528 2212 1610; x_wconf 90' lang='lat' dir='ltr'>disposita,</span> <span class='ocrx_word' id='word_1_76' title='bbox 2255 1545 2362 1590; x_wconf 90' lang='lat' dir='ltr'>vo—</span> 
     </span>
     <span class='ocr_line' id='line_1_13' title="bbox 863 1627 2358 1710; baseline 0.001 -22"><span class='ocrx_word' id='word_1_77' title='bbox 863 1636 1041 1689; x_wconf 88' lang='lat' dir='ltr'>catur</span> <span class='ocrx_word' id='word_1_78' title='bbox 1081 1628 1441 1710; x_wconf 81' lang='lat' dir='ltr'>exemplar3</span> <span class='ocrx_word' id='word_1_79' title='bbox 1477 1628 1543 1690; x_wconf 90' lang='lat' dir='ltr'>in</span> <span class='ocrx_word' id='word_1_80' title='bbox 1573 1635 1885 1709; x_wconf 87' lang='lat' dir='ltr'>quantum</span> <span class='ocrx_word' id='word_1_81' title='bbox 1925 1636 2021 1689; x_wconf 92' lang='lat' dir='ltr'>est</span> <span class='ocrx_word' id='word_1_82' title='bbox 2060 1627 2220 1689; x_wconf 92' lang='lat' dir='ltr'>ratio</span> <span class='ocrx_word' id='word_1_83' title='bbox 2259 1645 2358 1690; x_wconf 91' lang='lat' dir='ltr'>co-</span> 
     </span>
     <span class='ocr_line' id='line_1_14' title="bbox 860 1726 2360 1809; baseline -0.001 -21"><span class='ocrx_word' id='word_1_84' title='bbox 860 1727 1205 1806; x_wconf 89' lang='lat' dir='ltr'>gnoscendi</span> <span class='ocrx_word' id='word_1_85' title='bbox 1266 1727 1708 1809; x_wconf 77' lang='lat' dir='ltr'>praedestinata</span> <span class='ocrx_word' id='word_1_86' title='bbox 1754 1733 1817 1788; x_wconf 92' lang='lat' dir='ltr'>et</span> <span class='ocrx_word' id='word_1_87' title='bbox 1864 1726 2218 1809; x_wconf 85' lang='lat' dir='ltr'>reprobata,</span> <span class='ocrx_word' id='word_1_88' title='bbox 2269 1726 2360 1787; x_wconf 89' lang='lat' dir='ltr'>di-</span> 
     </span>
    </p>
   </div>
   <div class='ocr_carea' id='block_1_5' title="bbox 2467 744 3982 1811">
    <p class='ocr_par' dir='ltr' id='par_1_5' title="bbox 2467 744 3982 1811">
     <span class='ocr_line' id='line_1_15' title="bbox 2471 744 3978 828; baseline 0.002 -23"><span class='ocrx_word' id='word_1_89' title='bbox 2471 744 2536 805; x_wconf 93' lang='lat' dir='ltr'>in</span> <span class='ocrx_word' id='word_1_90' title='bbox 2584 752 2894 825; x_wconf 90' lang='lat' dir='ltr'>quantum</span> <span class='ocrx_word' id='word_1_91' title='bbox 2937 753 3086 806; x_wconf 90' lang='lat' dir='ltr'>sunt</span> <span class='ocrx_word' id='word_1_92' title='bbox 3128 746 3318 807; x_wconf 83' lang='lat' dir='ltr'><strong>entia.</strong></span> <span class='ocrx_word' id='word_1_93' title='bbox 3357 745 3524 808; x_wconf 82' lang='lat' dir='ltr'>Dicit</span> <span class='ocrx_word' id='word_1_94' title='bbox 3569 746 3765 818; x_wconf 90' lang='lat' dir='ltr'>enim,</span> <span class='ocrx_word' id='word_1_95' title='bbox 3800 746 3978 828; x_wconf 88' lang='lat' dir='ltr'>quod</span> 
     </span>
     <span class='ocr_line' id='line_1_16' title="bbox 2469 842 3982 923; baseline 0 -19"><span class='ocrx_word' id='word_1_96' title='bbox 2469 842 2620 923; x_wconf 89' lang='lat' dir='ltr'>quia</span> <span class='ocrx_word' id='word_1_97' title='bbox 2661 861 2800 904; x_wconf 89' lang='lat' dir='ltr'>esse</span> <span class='ocrx_word' id='word_1_98' title='bbox 2845 862 3032 904; x_wconf 91' lang='lat' dir='ltr'>suum</span> <span class='ocrx_word' id='word_1_99' title='bbox 3080 862 3270 906; x_wconf 90' lang='lat' dir='ltr'>causa</span> <span class='ocrx_word' id='word_1_100' title='bbox 3313 844 3660 906; x_wconf 85' lang='lat' dir='ltr'>exsistendi</span> <span class='ocrx_word' id='word_1_101' title='bbox 3703 851 3802 906; x_wconf 90' lang='lat' dir='ltr'>est</span> <span class='ocrx_word' id='word_1_102' title='bbox 3841 861 3982 906; x_wconf 87' lang='lat' dir='ltr'>om-</span> 
     </span>
     <span class='ocr_line' id='line_1_17' title="bbox 2470 937 3980 1021; baseline 0.001 -23"><span class='ocrx_word' id='word_1_103' title='bbox 2470 937 2682 1012; x_wconf 92' lang='lat' dir='ltr'>nibus,</span> <span class='ocrx_word' id='word_1_104' title='bbox 2739 939 2881 1001; x_wconf 89' lang='lat' dir='ltr'>ideo</span> <span class='ocrx_word' id='word_1_105' title='bbox 2930 940 3344 1020; x_wconf 88' lang='lat' dir='ltr'>intelligendo</span> <span class='ocrx_word' id='word_1_106' title='bbox 3392 960 3482 1015; x_wconf 91' lang='lat' dir='ltr'>se,</span> <span class='ocrx_word' id='word_1_107' title='bbox 3537 958 3662 1003; x_wconf 91' lang='lat' dir='ltr'>non</span> <span class='ocrx_word' id='word_1_108' title='bbox 3726 941 3980 1021; x_wconf 78' lang='lat' dir='ltr'><strong>ignorat</strong></span> 
     </span>
     <span class='ocr_line' id='line_1_18' title="bbox 2471 1037 3979 1120; baseline 0.003 -24"><span class='ocrx_word' id='word_1_109' title='bbox 2471 1044 2759 1099; x_wconf 87' lang='lat' dir='ltr'>naturam</span> <span class='ocrx_word' id='word_1_110' title='bbox 2792 1037 2959 1100; x_wconf 90' lang='lat' dir='ltr'>entis</span> <span class='ocrx_word' id='word_1_111' title='bbox 2990 1038 3056 1101; x_wconf 90' lang='lat' dir='ltr'>in</span> <span class='ocrx_word' id='word_1_112' title='bbox 3086 1038 3270 1101; x_wconf 89' lang='lat' dir='ltr'>aliis:</span> <span class='ocrx_word' id='word_1_113' title='bbox 3299 1039 3466 1102; x_wconf 89' lang='lat' dir='ltr'>sicut</span> <span class='ocrx_word' id='word_1_114' title='bbox 3496 1040 3553 1102; x_wconf 89' lang='lat' dir='ltr'>si</span> <span class='ocrx_word' id='word_1_115' title='bbox 3583 1039 3748 1120; x_wconf 88' lang='lat' dir='ltr'>ignis</span> <span class='ocrx_word' id='word_1_116' title='bbox 3777 1039 3979 1100; x_wconf 87' lang='lat' dir='ltr'>sciret</span> 
     </span>
     <span class='ocr_line' id='line_1_19' title="bbox 2470 1137 3977 1220; baseline 0.002 -25"><span class='ocrx_word' id='word_1_117' title='bbox 2470 1141 2761 1196; x_wconf 89' lang='lat' dir='ltr'>naturam</span> <span class='ocrx_word' id='word_1_118' title='bbox 2793 1155 2923 1198; x_wconf 80' lang='lat' dir='ltr'>suae</span> <span class='ocrx_word' id='word_1_119' title='bbox 2954 1137 3316 1211; x_wconf 79' lang='lat' dir='ltr'>caliditatis,</span> <span class='ocrx_word' id='word_1_120' title='bbox 3350 1157 3492 1220; x_wconf 84' lang='lat' dir='ltr'>quae</span> <span class='ocrx_word' id='word_1_121' title='bbox 3521 1146 3620 1199; x_wconf 88' lang='lat' dir='ltr'>est</span> <span class='ocrx_word' id='word_1_122' title='bbox 3649 1156 3841 1200; x_wconf 89' lang='lat' dir='ltr'>causa</span> <span class='ocrx_word' id='word_1_123' title='bbox 3869 1156 3977 1198; x_wconf 86' lang='lat' dir='ltr'>ca·</span> 
     </span>
     <span class='ocr_line' id='line_1_20' title="bbox 2472 1232 3981 1318; baseline 0.002 -25"><span class='ocrx_word' id='word_1_124' title='bbox 2472 1232 2620 1294; x_wconf 91' lang='lat' dir='ltr'>loris</span> <span class='ocrx_word' id='word_1_125' title='bbox 2667 1232 2731 1294; x_wconf 93' lang='lat' dir='ltr'>in</span> <span class='ocrx_word' id='word_1_126' title='bbox 2775 1234 2942 1308; x_wconf 90' lang='lat' dir='ltr'>aliis,</span> <span class='ocrx_word' id='word_1_127' title='bbox 2977 1235 3169 1298; x_wconf 89' lang='lat' dir='ltr'>sciret</span> <span class='ocrx_word' id='word_1_128' title='bbox 3207 1254 3462 1318; x_wconf 86' lang='lat' dir='ltr'>quoque</span> <span class='ocrx_word' id='word_1_129' title='bbox 3503 1235 3570 1297; x_wconf 90' lang='lat' dir='ltr'>in</span> <span class='ocrx_word' id='word_1_130' title='bbox 3610 1235 3755 1297; x_wconf 89' lang='lat' dir='ltr'>aliis</span> <span class='ocrx_word' id='word_1_131' title='bbox 3797 1243 3981 1297; x_wconf 89' lang='lat' dir='ltr'>natu-</span> 
     </span>
     <span class='ocr_line' id='line_1_21' title="bbox 2469 1332 3975 1416; baseline 0.003 -24"><span class='ocrx_word' id='word_1_132' title='bbox 2469 1350 2604 1394; x_wconf 88' lang='lat' dir='ltr'>ram</span> <span class='ocrx_word' id='word_1_133' title='bbox 2645 1332 2872 1394; x_wconf 89' lang='lat' dir='ltr'>caloris</span> <span class='ocrx_word' id='word_1_134' title='bbox 2914 1333 2982 1395; x_wconf 91' lang='lat' dir='ltr'>in</span> <span class='ocrx_word' id='word_1_135' title='bbox 3012 1351 3088 1396; x_wconf 93' lang='lat' dir='ltr'>eo</span> <span class='ocrx_word' id='word_1_136' title='bbox 3121 1334 3290 1416; x_wconf 88' lang='lat' dir='ltr'>quod</span> <span class='ocrx_word' id='word_1_137' title='bbox 3331 1335 3503 1398; x_wconf 88' lang='lat' dir='ltr'>calor</span> <span class='ocrx_word' id='word_1_138' title='bbox 3532 1342 3625 1397; x_wconf 89' lang='lat' dir='ltr'>est</span> <span class='ocrx_word' id='word_1_139' title='bbox 3655 1334 3975 1408; x_wconf 85' lang='lat' dir='ltr'>absolute,</span> 
     </span>
     <span class='ocr_line' id='line_1_22' title="bbox 2468 1432 3978 1513; baseline 0.002 -22"><span class='ocrx_word' id='word_1_140' title='bbox 2468 1449 2596 1492; x_wconf 92' lang='lat' dir='ltr'>non</span> <span class='ocrx_word' id='word_1_141' title='bbox 2645 1439 2858 1493; x_wconf 90' lang='lat' dir='ltr'>tamen</span> <span class='ocrx_word' id='word_1_142' title='bbox 2898 1432 2980 1494; x_wconf 94' lang='lat' dir='ltr'>ob</span> <span class='ocrx_word' id='word_1_143' title='bbox 3025 1433 3145 1495; x_wconf 89' lang='lat' dir='ltr'>hoc</span> <span class='ocrx_word' id='word_1_144' title='bbox 3193 1433 3386 1496; x_wconf 89' lang='lat' dir='ltr'>sciret</span> <span class='ocrx_word' id='word_1_145' title='bbox 3433 1441 3724 1495; x_wconf 82' lang='lat' dir='ltr'>naturam</span> <span class='ocrx_word' id='word_1_146' title='bbox 3773 1433 3978 1513; x_wconf 85' lang='lat' dir='ltr'>hujus</span> 
     </span>
     <span class='ocr_line' id='line_1_23' title="bbox 2469 1529 3978 1595; baseline 0.002 -5"><span class='ocrx_word' id='word_1_147' title='bbox 2469 1529 2722 1592; x_wconf 86' lang='lat' dir='ltr'>illiusve</span> <span class='ocrx_word' id='word_1_148' title='bbox 2754 1530 2961 1593; x_wconf 90' lang='lat' dir='ltr'>calidi.</span> <span class='ocrx_word' id='word_1_149' title='bbox 2998 1532 3100 1595; x_wconf 92' lang='lat' dir='ltr'>Sic</span> <span class='ocrx_word' id='word_1_150' title='bbox 3131 1533 3296 1595; x_wconf 93' lang='lat' dir='ltr'>Deus</span> <span class='ocrx_word' id='word_1_151' title='bbox 3328 1533 3450 1595; x_wconf 90' lang='lat' dir='ltr'>scit</span> <span class='ocrx_word' id='word_1_152' title='bbox 3479 1540 3771 1595; x_wconf 87' lang='lat' dir='ltr'>naturam</span> <span class='ocrx_word' id='word_1_153' title='bbox 3801 1533 3978 1594; x_wconf 92' lang='lat' dir='ltr'>entis</span> 
     </span>
     <span class='ocr_line' id='line_1_24' title="bbox 2468 1627 3982 1710; baseline 0.004 -21"><span class='ocrx_word' id='word_1_154' title='bbox 2468 1627 2535 1688; x_wconf 90' lang='lat' dir='ltr'>in</span> <span class='ocrx_word' id='word_1_155' title='bbox 2575 1645 2650 1690; x_wconf 92' lang='lat' dir='ltr'>eo</span> <span class='ocrx_word' id='word_1_156' title='bbox 2694 1630 2863 1710; x_wconf 88' lang='lat' dir='ltr'>quod</span> <span class='ocrx_word' id='word_1_157' title='bbox 2910 1648 3023 1692; x_wconf 89' lang='lat' dir='ltr'>ens</span> <span class='ocrx_word' id='word_1_158' title='bbox 3066 1638 3182 1704; x_wconf 89' lang='lat' dir='ltr'>est,</span> <span class='ocrx_word' id='word_1_159' title='bbox 3219 1631 3562 1693; x_wconf 89' lang='lat' dir='ltr'>nesciendo</span> <span class='ocrx_word' id='word_1_160' title='bbox 3605 1639 3819 1694; x_wconf 89' lang='lat' dir='ltr'>tamen</span> <span class='ocrx_word' id='word_1_161' title='bbox 3865 1653 3982 1696; x_wconf 89' lang='lat' dir='ltr'>na-</span> 
     </span>
     <span class='ocr_line' id='line_1_25' title="bbox 2467 1727 3974 1811; baseline 0.004 -24"><span class='ocrx_word' id='word_1_162' title='bbox 2467 1733 2674 1788; x_wconf 81' lang='lat' dir='ltr'><strong>turam</strong></span> <span class='ocrx_word' id='word_1_163' title='bbox 2705 1727 2900 1807; x_wconf 87' lang='lat' dir='ltr'>hujus</span> <span class='ocrx_word' id='word_1_164' title='bbox 2932 1728 3185 1790; x_wconf 89' lang='lat' dir='ltr'>illiusve</span> <span class='ocrx_word' id='word_1_165' title='bbox 3215 1728 3381 1791; x_wconf 88' lang='lat' dir='ltr'>entis</span> <span class='ocrx_word' id='word_1_166' title='bbox 3415 1729 3480 1791; x_wconf 91' lang='lat' dir='ltr'>in</span> <span class='ocrx_word' id='word_1_167' title='bbox 3511 1731 3794 1811; x_wconf 89' lang='lat' dir='ltr'>speciali.</span> <span class='ocrx_word' id='word_1_168' title='bbox 3830 1731 3974 1794; x_wconf 90' lang='lat' dir='ltr'>Non</span> 
     </span>
    </p>
   </div>
   <div class='ocr_carea' id='block_1_6' title="bbox 864 1824 3976 1910">
    <p class='ocr_par' dir='ltr' id='par_1_6' title="bbox 864 1824 3976 1910">
     <span class='ocr_line' id='line_1_26' title="bbox 864 1824 3976 1910; baseline 0.002 -24"><span class='ocrx_word' id='word_1_169' title='bbox 864 1824 1030 1886; x_wconf 88' lang='lat' dir='ltr'>citur</span> <span class='ocrx_word' id='word_1_170' title='bbox 1098 1825 1259 1888; x_wconf 89' lang='lat' dir='ltr'>liber</span> <span class='ocrx_word' id='word_1_171' title='bbox 1320 1827 1483 1888; x_wconf 81' lang='lat' dir='ltr'>vitae.</span> <span class='ocrx_word' id='word_1_172' title='bbox 1554 1825 1662 1888; x_wconf 90' lang='lat' dir='ltr'>Est</span> <span class='ocrx_word' id='word_1_173' title='bbox 1726 1825 1920 1906; x_wconf 89' lang='lat' dir='ltr'>igitur</span> <span class='ocrx_word' id='word_1_174' title='bbox 1987 1825 2149 1887; x_wconf 89' lang='lat' dir='ltr'>liber</span> <span class='ocrx_word' id='word_1_175' title='bbox 2209 1825 2356 1888; x_wconf 81' lang='lat' dir='ltr'>vitae</span> <span class='ocrx_word' id='word_1_176' title='bbox 2391 1825 2438 1889; x_wconf 91' lang='lat' dir='ltr'>B</span> <span class='ocrx_word' id='word_1_177' title='bbox 2472 1832 2680 1887; x_wconf 87' lang='lat' dir='ltr'>tamen</span> <span class='ocrx_word' id='word_1_178' title='bbox 2727 1825 2809 1888; x_wconf 95' lang='lat' dir='ltr'>ob</span> <span class='ocrx_word' id='word_1_179' title='bbox 2868 1826 2988 1888; x_wconf 92' lang='lat' dir='ltr'>hoc</span> <span class='ocrx_word' id='word_1_180' title='bbox 3035 1827 3136 1907; x_wconf 86' lang='lat' dir='ltr'>(ut</span> <span class='ocrx_word' id='word_1_181' title='bbox 3190 1827 3394 1908; x_wconf 81' lang='lat' dir='ltr'>addit)</span> <span class='ocrx_word' id='word_1_182' title='bbox 3443 1828 3610 1891; x_wconf 88' lang='lat' dir='ltr'>Deus</span> <span class='ocrx_word' id='word_1_183' title='bbox 3669 1829 3976 1910; x_wconf 87' lang='lat' dir='ltr'>ignorans</span> 
     </span>
    </p>
   </div>
   <div class='ocr_carea' id='block_1_7' title="bbox 858 1923 2360 2994">
    <p class='ocr_par' dir='ltr' id='par_1_7' title="bbox 858 1923 2360 2994">
     <span class='ocr_line' id='line_1_27' title="bbox 863 1923 2357 2006; baseline 0 -22"><span class='ocrx_word' id='word_1_184' title='bbox 863 1931 1156 2006; x_wconf 91' lang='lat' dir='ltr'>respectu</span> <span class='ocrx_word' id='word_1_185' title='bbox 1199 1943 1413 1986; x_wconf 91' lang='lat' dir='ltr'>rerum</span> <span class='ocrx_word' id='word_1_186' title='bbox 1458 1931 1525 1985; x_wconf 92' lang='lat' dir='ltr'>ut</span> <span class='ocrx_word' id='word_1_187' title='bbox 1568 1924 1996 1998; x_wconf 78' lang='lat' dir='ltr'>redeuntium,</span> <span class='ocrx_word' id='word_1_188' title='bbox 2031 1923 2357 2006; x_wconf 88' lang='lat' dir='ltr'>exemplar</span> 
     </span>
     <span class='ocr_line' id='line_1_28' title="bbox 864 2022 2356 2104; baseline 0 -21"><span class='ocrx_word' id='word_1_189' title='bbox 864 2030 932 2084; x_wconf 91' lang='lat' dir='ltr'>ut</span> <span class='ocrx_word' id='word_1_190' title='bbox 979 2023 1373 2098; x_wconf 78' lang='lat' dir='ltr'>exeuntium,</span> <span class='ocrx_word' id='word_1_191' title='bbox 1425 2023 1758 2104; x_wconf 89' lang='lat' dir='ltr'>speculum</span> <span class='ocrx_word' id='word_1_192' title='bbox 1809 2031 1878 2084; x_wconf 92' lang='lat' dir='ltr'>ut</span> <span class='ocrx_word' id='word_1_193' title='bbox 1926 2023 2194 2097; x_wconf 78' lang='lat' dir='ltr'>entium&#39;,</span> <span class='ocrx_word' id='word_1_194' title='bbox 2249 2022 2356 2084; x_wconf 87' lang='lat' dir='ltr'>lux</span> 
     </span>
     <span class='ocr_line' id='line_1_29' title="bbox 863 2120 2358 2204; baseline 0 -22"><span class='ocrx_word' id='word_1_195' title='bbox 863 2130 1156 2203; x_wconf 84' lang='lat' dir='ltr'>respectu</span> <span class='ocrx_word' id='word_1_196' title='bbox 1214 2120 1523 2184; x_wconf 92' lang='lat' dir='ltr'>omnium.</span> <span class='ocrx_word' id='word_1_197' title='bbox 1576 2122 1668 2184; x_wconf 92' lang='lat' dir='ltr'>Ad</span> <span class='ocrx_word' id='word_1_198' title='bbox 1728 2122 2056 2204; x_wconf 86' lang='lat' dir='ltr'>exemplar</span> <span class='ocrx_word' id='word_1_199' title='bbox 2114 2129 2358 2203; x_wconf 89' lang='lat' dir='ltr'>spectat</span> 
     </span>
     <span class='ocr_line' id='line_1_30' title="bbox 862 2220 2356 2295; baseline 0 -13"><span class='ocrx_word' id='word_1_200' title='bbox 862 2220 1023 2294; x_wconf 90' lang='lat' dir='ltr'>idea,</span> <span class='ocrx_word' id='word_1_201' title='bbox 1057 2221 1348 2295; x_wconf 86' lang='lat' dir='ltr'>verbum,</span> <span class='ocrx_word' id='word_1_202' title='bbox 1388 2240 1511 2294; x_wconf 82' lang='lat' dir='ltr'>arS,</span> <span class='ocrx_word' id='word_1_203' title='bbox 1556 2221 1716 2284; x_wconf 89' lang='lat' dir='ltr'>ratio</span> <span class='ocrx_word' id='word_1_204' title='bbox 1750 2238 1763 2282; x_wconf 76' lang='grc' dir='ltr'>ε</span> <span class='ocrx_word' id='word_1_205' title='bbox 1798 2222 1959 2295; x_wconf 88' lang='lat' dir='ltr'>idea,</span> <span class='ocrx_word' id='word_1_206' title='bbox 2002 2221 2356 2283; x_wconf 89' lang='lat' dir='ltr'>secundum</span> 
     </span>
     <span class='ocr_line' id='line_1_31' title="bbox 860 2319 2360 2401; baseline 0 -21"><span class='ocrx_word' id='word_1_207' title='bbox 860 2326 1073 2381; x_wconf 89' lang='lat' dir='ltr'>actum</span> <span class='ocrx_word' id='word_1_208' title='bbox 1104 2319 1529 2401; x_wconf 81' lang='lat' dir='ltr'>praevidendi3</span> <span class='ocrx_word' id='word_1_209' title='bbox 1562 2319 1853 2394; x_wconf 90' lang='lat' dir='ltr'>verbum,</span> <span class='ocrx_word' id='word_1_210' title='bbox 1878 2320 2232 2382; x_wconf 89' lang='lat' dir='ltr'>secundum</span> <span class='ocrx_word' id='word_1_211' title='bbox 2261 2337 2360 2380; x_wconf 91' lang='lat' dir='ltr'>ac-</span> 
     </span>
     <span class='ocr_line' id='line_1_32' title="bbox 860 2418 2355 2500; baseline 0 -21"><span class='ocrx_word' id='word_1_212' title='bbox 860 2426 997 2479; x_wconf 92' lang='lat' dir='ltr'>tum</span> <span class='ocrx_word' id='word_1_213' title='bbox 1058 2418 1501 2500; x_wconf 89' lang='lat' dir='ltr'>proponendi;</span> <span class='ocrx_word' id='word_1_214' title='bbox 1550 2437 1673 2493; x_wconf 79' lang='lat' dir='ltr'>arS‚</span> <span class='ocrx_word' id='word_1_215' title='bbox 1726 2418 2080 2480; x_wconf 90' lang='lat' dir='ltr'>secundum</span> <span class='ocrx_word' id='word_1_216' title='bbox 2140 2425 2355 2480; x_wconf 91' lang='lat' dir='ltr'>actum</span> 
     </span>
     <span class='ocr_line' id='line_1_33' title="bbox 861 2516 2357 2599; baseline 0 -21"><span class='ocrx_word' id='word_1_217' title='bbox 861 2516 1324 2599; x_wconf 82' lang='lat' dir='ltr'>prosequendi3</span> <span class='ocrx_word' id='word_1_218' title='bbox 1358 2517 1537 2591; x_wconf 89' lang='lat' dir='ltr'>ratio,</span> <span class='ocrx_word' id='word_1_219' title='bbox 1570 2518 1925 2580; x_wconf 89' lang='lat' dir='ltr'>secundum</span> <span class='ocrx_word' id='word_1_220' title='bbox 1964 2525 2178 2579; x_wconf 88' lang='lat' dir='ltr'>actum</span> <span class='ocrx_word' id='word_1_221' title='bbox 2220 2535 2357 2599; x_wconf 89' lang='lat' dir='ltr'>per-</span> 
     </span>
     <span class='ocr_line' id='line_1_34' title="bbox 860 2613 2357 2700; baseline 0.001 -24"><span class='ocrx_word' id='word_1_222' title='bbox 860 2613 1145 2689; x_wconf 89' lang='lat' dir='ltr'>ficiendi,</span> <span class='ocrx_word' id='word_1_223' title='bbox 1183 2617 1487 2698; x_wconf 88' lang='lat' dir='ltr'>quoniam</span> <span class='ocrx_word' id='word_1_224' title='bbox 1536 2617 1905 2698; x_wconf 89' lang='lat' dir='ltr'>superaddit</span> <span class='ocrx_word' id='word_1_225' title='bbox 1952 2615 2103 2700; x_wconf 79' lang='lat' dir='ltr'>finis</span> <span class='ocrx_word' id='word_1_226' title='bbox 2156 2615 2357 2677; x_wconf 86' lang='lat' dir='ltr'>inten-</span> 
     </span>
     <span class='ocr_line' id='line_1_35' title="bbox 858 2713 2354 2798; baseline 0 -23"><span class='ocrx_word' id='word_1_227' title='bbox 858 2713 1119 2777; x_wconf 89' lang='lat' dir='ltr'>tionem.</span> <span class='ocrx_word' id='word_1_228' title='bbox 1140 2715 1216 2777; x_wconf 90' lang='lat' dir='ltr'>Et</span> <span class='ocrx_word' id='word_1_229' title='bbox 1244 2715 1547 2798; x_wconf 86' lang='lat' dir='ltr'>quoniam</span> <span class='ocrx_word' id='word_1_230' title='bbox 1579 2715 1795 2778; x_wconf 91' lang='lat' dir='ltr'>omnia</span> <span class='ocrx_word' id='word_1_231' title='bbox 1826 2715 1945 2777; x_wconf 85' lang='lat' dir='ltr'>ista</span> <span class='ocrx_word' id='word_1_232' title='bbox 1974 2721 2123 2776; x_wconf 88' lang='lat' dir='ltr'>sunt</span> <span class='ocrx_word' id='word_1_233' title='bbox 2154 2732 2354 2775; x_wconf 89' lang='lat' dir='ltr'>unum</span> 
     </span>
     <span class='ocr_line' id='line_1_36' title="bbox 861 2811 2360 2896; baseline -0.001 -21"><span class='ocrx_word' id='word_1_234' title='bbox 861 2813 927 2875; x_wconf 92' lang='lat' dir='ltr'>in</span> <span class='ocrx_word' id='word_1_235' title='bbox 975 2814 1125 2888; x_wconf 91' lang='lat' dir='ltr'>Deo,</span> <span class='ocrx_word' id='word_1_236' title='bbox 1168 2833 1369 2876; x_wconf 90' lang='lat' dir='ltr'>unum</span> <span class='ocrx_word' id='word_1_237' title='bbox 1418 2812 1786 2895; x_wconf 87' lang='lat' dir='ltr'>frequenter</span> <span class='ocrx_word' id='word_1_238' title='bbox 1833 2831 1948 2896; x_wconf 92' lang='lat' dir='ltr'>pro</span> <span class='ocrx_word' id='word_1_239' title='bbox 1995 2811 2120 2875; x_wconf 92' lang='lat' dir='ltr'>alio</span> <span class='ocrx_word' id='word_1_240' title='bbox 2163 2812 2360 2875; x_wconf 90' lang='lat' dir='ltr'>sumi-</span> 
     </span>
     <span class='ocr_line' id='line_1_37' title="bbox 859 2910 2357 2994; baseline -0.001 -21"><span class='ocrx_word' id='word_1_241' title='bbox 859 2918 982 2974; x_wconf 85' lang='lat' dir='ltr'>tur.</span> <span class='ocrx_word' id='word_1_242' title='bbox 1031 2913 1246 2994; x_wconf 88' lang='lat' dir='ltr'>Itaque</span> <span class='ocrx_word' id='word_1_243' title='bbox 1296 2911 1513 2974; x_wconf 90' lang='lat' dir='ltr'>divina</span> <span class='ocrx_word' id='word_1_244' title='bbox 1561 2912 1872 2994; x_wconf 81' lang='lat' dir='ltr'>sapientia</span> <span class='ocrx_word' id='word_1_245' title='bbox 1918 2929 2045 2975; x_wconf 88' lang='lat' dir='ltr'>non</span> <span class='ocrx_word' id='word_1_246' title='bbox 2094 2910 2357 2973; x_wconf 88' lang='lat' dir='ltr'>diversi-</span> 
     </span>
    </p>
   </div>
   <div class='ocr_carea' id='block_1_8' title="bbox 2463 1923 3978 2992">
    <p class='ocr_par' dir='ltr' id='par_1_8' title="bbox 2463 1923 3978 2992">
     <span class='ocr_line' id='line_1_38' title="bbox 2467 1923 3978 2009; baseline 0.004 -25"><span class='ocrx_word' id='word_1_247' title='bbox 2467 1930 2582 1996; x_wconf 91' lang='lat' dir='ltr'>est,</span> <span class='ocrx_word' id='word_1_248' title='bbox 2616 1923 2920 2004; x_wconf 88' lang='lat' dir='ltr'>quoniam</span> <span class='ocrx_word' id='word_1_249' title='bbox 2967 1943 3081 1986; x_wconf 90' lang='lat' dir='ltr'>sua</span> <span class='ocrx_word' id='word_1_250' title='bbox 3125 1923 3391 1988; x_wconf 90' lang='lat' dir='ltr'>scientia</span> <span class='ocrx_word' id='word_1_251' title='bbox 3436 1943 3562 1988; x_wconf 92' lang='lat' dir='ltr'>non</span> <span class='ocrx_word' id='word_1_252' title='bbox 3606 1934 3703 1988; x_wconf 90' lang='lat' dir='ltr'>est</span> <span class='ocrx_word' id='word_1_253' title='bbox 3741 1927 3822 1988; x_wconf 90' lang='lat' dir='ltr'>de</span> <span class='ocrx_word' id='word_1_254' title='bbox 3865 1946 3978 2009; x_wconf 85' lang='lat' dir='ltr'>ge·</span> 
     </span>
     <span class='ocr_line' id='line_1_39' title="bbox 2466 2022 3976 2105; baseline 0.004 -23"><span class='ocrx_word' id='word_1_255' title='bbox 2466 2039 2616 2083; x_wconf 88' lang='lat' dir='ltr'>nere</span> <span class='ocrx_word' id='word_1_256' title='bbox 2655 2030 2884 2086; x_wconf 85' lang='lat' dir='ltr'>nostrae</span> <span class='ocrx_word' id='word_1_257' title='bbox 2913 2023 3196 2086; x_wconf 84' lang='lat' dir='ltr'>scientiae</span> <span class='ocrx_word' id='word_1_258' title='bbox 3231 2043 3244 2087; x_wconf 73' lang='grc' dir='ltr'>ε</span> <span class='ocrx_word' id='word_1_259' title='bbox 3281 2022 3425 2086; x_wconf 91' lang='lat' dir='ltr'>ideo</span> <span class='ocrx_word' id='word_1_260' title='bbox 3455 2023 3810 2105; x_wconf 83' lang='lat' dir='ltr'>ignorantia</span> <span class='ocrx_word' id='word_1_261' title='bbox 3849 2026 3976 2088; x_wconf 87' lang='lat' dir='ltr'>sci·</span> 
     </span>
     <span class='ocr_line' id='line_1_40' title="bbox 2464 2120 3972 2203; baseline 0.004 -23"><span class='ocrx_word' id='word_1_262' title='bbox 2464 2120 2652 2182; x_wconf 84' lang='lat' dir='ltr'>entiae</span> <span class='ocrx_word' id='word_1_263' title='bbox 2691 2127 2922 2183; x_wconf 84' lang='lat' dir='ltr'>nostrae</span> <span class='ocrx_word' id='word_1_264' title='bbox 2965 2123 3276 2203; x_wconf 86' lang='lat' dir='ltr'>opposita,</span> <span class='ocrx_word' id='word_1_265' title='bbox 3319 2140 3446 2185; x_wconf 91' lang='lat' dir='ltr'>non</span> <span class='ocrx_word' id='word_1_266' title='bbox 3487 2123 3785 2185; x_wconf 90' lang='lat' dir='ltr'>convenit</span> <span class='ocrx_word' id='word_1_267' title='bbox 3830 2124 3972 2202; x_wconf 90' lang='lat' dir='ltr'>illi;</span> 
     </span>
     <span class='ocr_line' id='line_1_41' title="bbox 2464 2217 3972 2303; baseline 0.005 -25"><span class='ocrx_word' id='word_1_268' title='bbox 2464 2217 2630 2279; x_wconf 90' lang='lat' dir='ltr'>sicut</span> <span class='ocrx_word' id='word_1_269' title='bbox 2679 2237 2806 2280; x_wconf 92' lang='lat' dir='ltr'>non</span> <span class='ocrx_word' id='word_1_270' title='bbox 2863 2219 3308 2282; x_wconf 90' lang='lat' dir='ltr'>denominatur</span> <span class='ocrx_word' id='word_1_271' title='bbox 3365 2239 3480 2303; x_wconf 92' lang='lat' dir='ltr'>per</span> <span class='ocrx_word' id='word_1_272' title='bbox 3537 2222 3972 2303; x_wconf 87' lang='lat' dir='ltr'>privationem</span> 
     </span>
     <span class='ocr_line' id='line_1_42' title="bbox 2463 2316 3972 2402; baseline 0.004 -25"><span class='ocrx_word' id='word_1_273' title='bbox 2463 2323 2528 2377; x_wconf 90' lang='lat' dir='ltr'>et</span> <span class='ocrx_word' id='word_1_274' title='bbox 2575 2316 2866 2378; x_wconf 91' lang='lat' dir='ltr'>habitum</span> <span class='ocrx_word' id='word_1_275' title='bbox 2918 2318 3088 2399; x_wconf 92' lang='lat' dir='ltr'>quod</span> <span class='ocrx_word' id='word_1_276' title='bbox 3137 2335 3265 2380; x_wconf 90' lang='lat' dir='ltr'>non</span> <span class='ocrx_word' id='word_1_277' title='bbox 3313 2325 3410 2380; x_wconf 88' lang='lat' dir='ltr'>est</span> <span class='ocrx_word' id='word_1_278' title='bbox 3457 2327 3678 2402; x_wconf 87' lang='lat' dir='ltr'>aptum</span> <span class='ocrx_word' id='word_1_279' title='bbox 3730 2320 3972 2384; x_wconf 85' lang='lat' dir='ltr'>habere</span> 
     </span>
     <span class='ocr_line' id='line_1_43' title="bbox 2463 2413 3972 2499; baseline 0.004 -25"><span class='ocrx_word' id='word_1_280' title='bbox 2463 2413 2706 2495; x_wconf 91' lang='lat' dir='ltr'>aliquid</span> <span class='ocrx_word' id='word_1_281' title='bbox 2737 2431 2958 2477; x_wconf 89' lang='lat' dir='ltr'>eorum</span> <span class='ocrx_word' id='word_1_282' title='bbox 2993 2433 3007 2476; x_wconf 76' lang='grc' dir='ltr'>ε</span> <span class='ocrx_word' id='word_1_283' title='bbox 3045 2416 3212 2478; x_wconf 87' lang='lat' dir='ltr'>unde</span> <span class='ocrx_word' id='word_1_284' title='bbox 3244 2417 3406 2499; x_wconf 86' lang='lat' dir='ltr'>lapis</span> <span class='ocrx_word' id='word_1_285' title='bbox 3447 2435 3576 2480; x_wconf 89' lang='lat' dir='ltr'>non</span> <span class='ocrx_word' id='word_1_286' title='bbox 3606 2418 3844 2480; x_wconf 87' lang='lat' dir='ltr'>dicitur</span> <span class='ocrx_word' id='word_1_287' title='bbox 3875 2419 3972 2482; x_wconf 85' lang='lat' dir='ltr'>vi-</span> 
     </span>
     <span class='ocr_line' id='line_1_44' title="bbox 2464 2512 3969 2595; baseline 0.003 -21"><span class='ocrx_word' id='word_1_288' title='bbox 2464 2512 2619 2574; x_wconf 88' lang='lat' dir='ltr'>dens</span> <span class='ocrx_word' id='word_1_289' title='bbox 2677 2532 2885 2595; x_wconf 88' lang='lat' dir='ltr'>neque</span> <span class='ocrx_word' id='word_1_290' title='bbox 2945 2533 3168 2577; x_wconf 79' lang='lat' dir='ltr'>caecuS.</span> <span class='ocrx_word' id='word_1_291' title='bbox 3223 2551 3304 2560; x_wconf 95' lang='lat'><strong>—</strong></span> <span class='ocrx_word' id='word_1_292' title='bbox 3357 2515 3476 2578; x_wconf 90' lang='lat' dir='ltr'>Sed</span> <span class='ocrx_word' id='word_1_293' title='bbox 3536 2516 3656 2579; x_wconf 91' lang='lat' dir='ltr'>hoc</span> <span class='ocrx_word' id='word_1_294' title='bbox 3715 2517 3969 2580; x_wconf 90' lang='lat' dir='ltr'>dictum</span> 
     </span>
     <span class='ocr_line' id='line_1_45' title="bbox 2463 2610 3968 2696; baseline 0.004 -24"><span class='ocrx_word' id='word_1_295' title='bbox 2463 2610 2758 2674; x_wconf 85' lang='lat' dir='ltr'>Averrois</span> <span class='ocrx_word' id='word_1_296' title='bbox 2800 2629 2926 2674; x_wconf 91' lang='lat' dir='ltr'>non</span> <span class='ocrx_word' id='word_1_297' title='bbox 2967 2621 3063 2676; x_wconf 91' lang='lat' dir='ltr'>est</span> <span class='ocrx_word' id='word_1_298' title='bbox 3093 2613 3332 2695; x_wconf 90' lang='lat' dir='ltr'>opinio,</span> <span class='ocrx_word' id='word_1_299' title='bbox 3367 2633 3567 2696; x_wconf 89' lang='lat' dir='ltr'>quum</span> <span class='ocrx_word' id='word_1_300' title='bbox 3609 2614 3771 2677; x_wconf 88' lang='lat' dir='ltr'>nihil</span> <span class='ocrx_word' id='word_1_301' title='bbox 3814 2633 3968 2678; x_wconf 91' lang='lat' dir='ltr'>con-</span> 
     </span>
     <span class='ocr_line' id='line_1_46' title="bbox 2465 2708 3970 2796; baseline 0.004 -26"><span class='ocrx_word' id='word_1_302' title='bbox 2465 2708 2661 2772; x_wconf 91' lang='lat' dir='ltr'>tineat</span> <span class='ocrx_word' id='word_1_303' title='bbox 2710 2710 3016 2785; x_wconf 76' lang='lat' dir='ltr'>veritati5‚</span> <span class='ocrx_word' id='word_1_304' title='bbox 3069 2711 3179 2774; x_wconf 91' lang='lat' dir='ltr'>sed</span> <span class='ocrx_word' id='word_1_305' title='bbox 3231 2711 3608 2775; x_wconf 88' lang='lat' dir='ltr'>manifestus</span> <span class='ocrx_word' id='word_1_306' title='bbox 3655 2721 3719 2775; x_wconf 88' lang='lat' dir='ltr'>et</span> <span class='ocrx_word' id='word_1_307' title='bbox 3768 2715 3970 2796; x_wconf 87' lang='lat' dir='ltr'>pessi·</span> 
     </span>
     <span class='ocr_line' id='line_1_47' title="bbox 2465 2809 3968 2884; baseline 0.003 -15"><span class='ocrx_word' id='word_1_308' title='bbox 2465 2826 2608 2870; x_wconf 90' lang='lat' dir='ltr'>mus</span> <span class='ocrx_word' id='word_1_309' title='bbox 2648 2827 2842 2871; x_wconf 90' lang='lat' dir='ltr'>error.</span> <span class='ocrx_word' id='word_1_310' title='bbox 2879 2809 3110 2872; x_wconf 90' lang='lat' dir='ltr'>Positio</span> <span class='ocrx_word' id='word_1_311' title='bbox 3139 2809 3315 2872; x_wconf 91' lang='lat' dir='ltr'>enim</span> <span class='ocrx_word' id='word_1_312' title='bbox 3355 2810 3422 2872; x_wconf 90' lang='lat' dir='ltr'>in</span> <span class='ocrx_word' id='word_1_313' title='bbox 3463 2829 3530 2872; x_wconf 90' lang='lat' dir='ltr'>se</span> <span class='ocrx_word' id='word_1_314' title='bbox 3561 2810 3720 2873; x_wconf 80' lang='lat' dir='ltr'>falsa</span> <span class='ocrx_word' id='word_1_315' title='bbox 3747 2820 3865 2884; x_wconf 90' lang='lat' dir='ltr'>est,</span> <span class='ocrx_word' id='word_1_316' title='bbox 3899 2821 3968 2874; x_wconf 90' lang='lat' dir='ltr'>et</span> 
     </span>
     <span class='ocr_line' id='line_1_48' title="bbox 2465 2908 3970 2992; baseline 0.004 -24"><span class='ocrx_word' id='word_1_317' title='bbox 2465 2908 2840 2988; x_wconf 89' lang='lat' dir='ltr'>reprobatur</span> <span class='ocrx_word' id='word_1_318' title='bbox 2887 2927 3000 2990; x_wconf 89' lang='lat' dir='ltr'>per</span> <span class='ocrx_word' id='word_1_319' title='bbox 3037 2927 3113 2970; x_wconf 90' lang='lat' dir='ltr'>ea</span> <span class='ocrx_word' id='word_1_320' title='bbox 3159 2927 3302 2990; x_wconf 82' lang='lat' dir='ltr'>quae</span> <span class='ocrx_word' id='word_1_321' title='bbox 3352 2909 3624 2992; x_wconf 86' lang='lat' dir='ltr'>ipsemet</span> <span class='ocrx_word' id='word_1_322' title='bbox 3669 2910 3824 2973; x_wconf 92' lang='lat' dir='ltr'>alibi</span> <span class='ocrx_word' id='word_1_323' title='bbox 3872 2911 3970 2974; x_wconf 89' lang='lat' dir='ltr'>di-</span> 
     </span>
    </p>
   </div>
   <div class='ocr_carea' id='block_1_9' title="bbox 861 3006 3968 3092">
    <p class='ocr_par' dir='ltr' id='par_1_9' title="bbox 861 3006 3968 3092">
     <span class='ocr_line' id='line_1_49' title="bbox 861 3006 3968 3092; baseline -0 -20"><span class='ocrx_word' id='word_1_324' title='bbox 861 3010 1093 3073; x_wconf 87' lang='lat' dir='ltr'>ficatur</span> <span class='ocrx_word' id='word_1_325' title='bbox 1133 3011 1491 3074; x_wconf 80' lang='lat' dir='ltr'>secundum·</span> <span class='ocrx_word' id='word_1_326' title='bbox 1531 3011 1839 3073; x_wconf 89' lang='lat' dir='ltr'>rationem</span> <span class='ocrx_word' id='word_1_327' title='bbox 1890 3010 2300 3072; x_wconf 83' lang='lat' dir='ltr'>intrinsecam</span> <span class='ocrx_word' id='word_1_328' title='bbox 2336 3027 2350 3071; x_wconf 78' lang='lat' dir='ltr'>z</span> <span class='ocrx_word' id='word_1_329' title='bbox 2389 3010 2434 3075; x_wconf 86' lang='lat' dir='ltr'><strong>G</strong></span> <span class='ocrx_word' id='word_1_330' title='bbox 2465 3006 2569 3067; x_wconf 90' lang='lat' dir='ltr'>cit.</span> <span class='ocrx_word' id='word_1_331' title='bbox 2606 3006 2935 3088; x_wconf 88' lang='lat' dir='ltr'>Siquidem</span> <span class='ocrx_word' id='word_1_332' title='bbox 2976 3006 3186 3089; x_wconf 92' lang='lat' dir='ltr'>primo</span> <span class='ocrx_word' id='word_1_333' title='bbox 3218 3007 3373 3071; x_wconf 86' lang='lat' dir='ltr'>Coeli</span> <span class='ocrx_word' id='word_1_334' title='bbox 3413 3017 3474 3070; x_wconf 91' lang='lat' dir='ltr'>et</span> <span class='ocrx_word' id='word_1_335' title='bbox 3505 3010 3730 3071; x_wconf 90' lang='lat' dir='ltr'>mundi</span> <span class='ocrx_word' id='word_1_336' title='bbox 3769 3029 3968 3092; x_wconf 87' lang='lat' dir='ltr'>super</span> 
     </span>
    </p>
   </div>
   <div class='ocr_carea' id='block_1_10' title="bbox 856 3108 2355 4179">
    <p class='ocr_par' dir='ltr' id='par_1_10' title="bbox 856 3108 2355 4179">
     <span class='ocr_line' id='line_1_50' title="bbox 862 3108 2350 3191; baseline 0 -20"><span class='ocrx_word' id='word_1_337' title='bbox 862 3109 993 3172; x_wconf 91' lang='lat' dir='ltr'>imo</span> <span class='ocrx_word' id='word_1_338' title='bbox 1043 3109 1477 3191; x_wconf 87' lang='lat' dir='ltr'>contingentia</span> <span class='ocrx_word' id='word_1_339' title='bbox 1534 3110 1856 3191; x_wconf 83' lang='lat' dir='ltr'>cognoscit</span> <span class='ocrx_word' id='word_1_340' title='bbox 1904 3108 2350 3182; x_wconf 88' lang='lat' dir='ltr'>infallibiliter,</span> 
     </span>
     <span class='ocr_line' id='line_1_51' title="bbox 863 3207 2355 3290; baseline -0.001 -20"><span class='ocrx_word' id='word_1_341' title='bbox 863 3207 1195 3270; x_wconf 90' lang='lat' dir='ltr'>mutabilia</span> <span class='ocrx_word' id='word_1_342' title='bbox 1233 3208 1739 3283; x_wconf 89' lang='lat' dir='ltr'>immutabiliter,</span> <span class='ocrx_word' id='word_1_343' title='bbox 1775 3207 1990 3270; x_wconf 87' lang='lat' dir='ltr'>futura</span> <span class='ocrx_word' id='word_1_344' title='bbox 2033 3208 2355 3290; x_wconf 66' lang='lat' dir='ltr'>praesenti-</span> 
     </span>
     <span class='ocr_line' id='line_1_52' title="bbox 858 3307 2354 3390; baseline 0 -21"><span class='ocrx_word' id='word_1_345' title='bbox 858 3308 1063 3382; x_wconf 87' lang='lat' dir='ltr'>aliter,</span> <span class='ocrx_word' id='word_1_346' title='bbox 1095 3308 1470 3390; x_wconf 88' lang='lat' dir='ltr'>temporalia</span> <span class='ocrx_word' id='word_1_347' title='bbox 1498 3308 1898 3381; x_wconf 72' lang='lat' dir='ltr'>aeternaliter,</span> <span class='ocrx_word' id='word_1_348' title='bbox 1932 3307 2354 3389; x_wconf 86' lang='lat' dir='ltr'>dependentia</span> 
     </span>
     <span class='ocr_line' id='line_1_53' title="bbox 859 3406 2352 3489; baseline 0.001 -22"><span class='ocrx_word' id='word_1_349' title='bbox 859 3406 1381 3489; x_wconf 89' lang='lat' dir='ltr'>independenter,</span> <span class='ocrx_word' id='word_1_350' title='bbox 1424 3414 1633 3469; x_wconf 89' lang='lat' dir='ltr'>creata</span> <span class='ocrx_word' id='word_1_351' title='bbox 1680 3406 1991 3485; x_wconf 84' lang='lat' dir='ltr'>increate3</span> <span class='ocrx_word' id='word_1_352' title='bbox 2032 3406 2157 3468; x_wconf 88' lang='lat' dir='ltr'>alia</span> <span class='ocrx_word' id='word_1_353' title='bbox 2205 3425 2242 3467; x_wconf 90' lang='lat' dir='ltr'>a</span> <span class='ocrx_word' id='word_1_354' title='bbox 2284 3425 2352 3468; x_wconf 90' lang='lat' dir='ltr'>se</span> 
     </span>
     <span class='ocr_line' id='line_1_54' title="bbox 859 3506 2354 3588; baseline -0.001 -21"><span class='ocrx_word' id='word_1_355' title='bbox 859 3506 1183 3588; x_wconf 88' lang='lat' dir='ltr'>cognoscit</span> <span class='ocrx_word' id='word_1_356' title='bbox 1227 3506 1292 3567; x_wconf 91' lang='lat' dir='ltr'>in</span> <span class='ocrx_word' id='word_1_357' title='bbox 1337 3524 1405 3568; x_wconf 92' lang='lat' dir='ltr'>se</span> <span class='ocrx_word' id='word_1_358' title='bbox 1446 3513 1509 3567; x_wconf 90' lang='lat' dir='ltr'>et</span> <span class='ocrx_word' id='word_1_359' title='bbox 1551 3523 1664 3587; x_wconf 90' lang='lat' dir='ltr'>per</span> <span class='ocrx_word' id='word_1_360' title='bbox 1708 3524 1793 3567; x_wconf 89' lang='lat' dir='ltr'>se.</span> <span class='ocrx_word' id='word_1_361' title='bbox 1828 3506 2162 3587; x_wconf 86' lang='lat' dir='ltr'>Quumque</span> <span class='ocrx_word' id='word_1_362' title='bbox 2209 3522 2354 3567; x_wconf 92' lang='lat' dir='ltr'>con-</span> 
     </span>
     <span class='ocr_line' id='line_1_55' title="bbox 859 3601 2352 3686; baseline -0.002 -21"><span class='ocrx_word' id='word_1_363' title='bbox 859 3604 1169 3686; x_wconf 87' lang='lat' dir='ltr'>tingentia</span> <span class='ocrx_word' id='word_1_364' title='bbox 1206 3601 1633 3666; x_wconf 87' lang='lat' dir='ltr'>infallibiliter</span> <span class='ocrx_word' id='word_1_365' title='bbox 1674 3610 1913 3677; x_wconf 90' lang='lat' dir='ltr'>noscat,</span> <span class='ocrx_word' id='word_1_366' title='bbox 1948 3602 2141 3665; x_wconf 93' lang='lat' dir='ltr'>simul</span> <span class='ocrx_word' id='word_1_367' title='bbox 2185 3609 2352 3664; x_wconf 88' lang='lat' dir='ltr'>stant</span> 
     </span>
     <span class='ocr_line' id='line_1_56' title="bbox 860 3699 2352 3765; baseline 0 -2"><span class='ocrx_word' id='word_1_368' title='bbox 860 3701 1117 3765; x_wconf 86' lang='lat' dir='ltr'>libertas</span> <span class='ocrx_word' id='word_1_369' title='bbox 1174 3709 1238 3764; x_wconf 90' lang='lat' dir='ltr'>et</span> <span class='ocrx_word' id='word_1_370' title='bbox 1285 3699 1665 3765; x_wconf 88' lang='lat' dir='ltr'>vertibilitas</span> <span class='ocrx_word' id='word_1_371' title='bbox 1721 3700 2065 3763; x_wconf 87' lang='lat' dir='ltr'>voluntatis</span> <span class='ocrx_word' id='word_1_372' title='bbox 2126 3708 2352 3763; x_wconf 83' lang='lat' dir='ltr'>creatae</span> 
     </span>
     <span class='ocr_line' id='line_1_57' title="bbox 859 3799 2352 3883; baseline -0.002 -20"><span class='ocrx_word' id='word_1_373' title='bbox 859 3820 1005 3863; x_wconf 91' lang='lat' dir='ltr'>cum</span> <span class='ocrx_word' id='word_1_374' title='bbox 1047 3800 1599 3883; x_wconf 80' lang='lat' dir='ltr'>praedestinatione</span> <span class='ocrx_word' id='word_1_375' title='bbox 1636 3807 1701 3861; x_wconf 90' lang='lat' dir='ltr'>et</span> <span class='ocrx_word' id='word_1_376' title='bbox 1739 3799 2136 3880; x_wconf 63' lang='lat' dir='ltr'>praescientia</span> <span class='ocrx_word' id='word_1_377' title='bbox 2179 3816 2352 3860; x_wconf 90' lang='lat' dir='ltr'>men—</span> 
     </span>
     <span class='ocr_line' id='line_1_58' title="bbox 856 3897 2352 3980; baseline -0.002 -19"><span class='ocrx_word' id='word_1_378' title='bbox 856 3900 937 3962; x_wconf 90' lang='lat' dir='ltr'>tis</span> <span class='ocrx_word' id='word_1_379' title='bbox 982 3900 1234 3962; x_wconf 82' lang='lat' dir='ltr'>divinae.</span> <span class='ocrx_word' id='word_1_380' title='bbox 1268 3934 1349 3945; x_wconf 91' lang='lat'>—</span> <span class='ocrx_word' id='word_1_381' title='bbox 1377 3899 1662 3980; x_wconf 88' lang='lat' dir='ltr'>Denique</span> <span class='ocrx_word' id='word_1_382' title='bbox 1707 3898 1867 3961; x_wconf 89' lang='lat' dir='ltr'>ratio</span> <span class='ocrx_word' id='word_1_383' title='bbox 1916 3897 2352 3979; x_wconf 70' lang='lat' dir='ltr'>intelligent-iffi</span> 
     </span>
     <span class='ocr_line' id='line_1_59' title="bbox 856 3995 2352 4080; baseline -0.001 -20"><span class='ocrx_word' id='word_1_384' title='bbox 856 3999 1085 4062; x_wconf 89' lang='lat' dir='ltr'>horum</span> <span class='ocrx_word' id='word_1_385' title='bbox 1135 4005 1231 4061; x_wconf 91' lang='lat' dir='ltr'>est</span> <span class='ocrx_word' id='word_1_386' title='bbox 1280 3997 1561 4080; x_wconf 89' lang='lat' dir='ltr'>primum</span> <span class='ocrx_word' id='word_1_387' title='bbox 1620 3995 2034 4079; x_wconf 89' lang='lat' dir='ltr'>principium,</span> <span class='ocrx_word' id='word_1_388' title='bbox 2087 4012 2162 4058; x_wconf 90' lang='lat' dir='ltr'>eo</span> <span class='ocrx_word' id='word_1_389' title='bbox 2213 3995 2352 4077; x_wconf 92' lang='lat' dir='ltr'>ipso</span> 
     </span>
     <span class='ocr_line' id='line_1_60' title="bbox 857 4093 2350 4179; baseline -0.003 -20"><span class='ocrx_word' id='word_1_390' title='bbox 857 4115 985 4179; x_wconf 91' lang='lat' dir='ltr'>quo</span> <span class='ocrx_word' id='word_1_391' title='bbox 1024 4096 1306 4178; x_wconf 91' lang='lat' dir='ltr'>primum</span> <span class='ocrx_word' id='word_1_392' title='bbox 1347 4102 1410 4158; x_wconf 89' lang='lat' dir='ltr'>et</span> <span class='ocrx_word' id='word_1_393' title='bbox 1440 4114 1763 4157; x_wconf 89' lang='lat' dir='ltr'>summum</span> <span class='ocrx_word' id='word_1_394' title='bbox 1804 4093 2350 4177; x_wconf 90' lang='lat' dir='ltr'>simplicissimam</span> 
     </span>
    </p>
   </div>
   <div class='ocr_carea' id='block_1_11' title="bbox 2459 3103 3967 4175">
    <p class='ocr_par' dir='ltr' id='par_1_11' title="bbox 2459 3103 3967 4175">
     <span class='ocr_line' id='line_1_61' title="bbox 2463 3103 3967 3188; baseline 0.003 -21"><span class='ocrx_word' id='word_1_395' title='bbox 2463 3103 2664 3168; x_wconf 91' lang='lat' dir='ltr'>finem</span> <span class='ocrx_word' id='word_1_396' title='bbox 2706 3105 2880 3168; x_wconf 91' lang='lat' dir='ltr'>illius</span> <span class='ocrx_word' id='word_1_397' title='bbox 2919 3106 3206 3188; x_wconf 87' lang='lat' dir='ltr'>capituli,</span> <span class='ocrx_word' id='word_1_398' title='bbox 3240 3107 3415 3181; x_wconf 86' lang='lat' dir='ltr'>Quod</span> <span class='ocrx_word' id='word_1_399' title='bbox 3455 3115 3669 3172; x_wconf 91' lang='lat' dir='ltr'>autem</span> <span class='ocrx_word' id='word_1_400' title='bbox 3709 3128 3835 3172; x_wconf 89' lang='lat' dir='ltr'>non</span> <span class='ocrx_word' id='word_1_401' title='bbox 3861 3117 3967 3172; x_wconf 90' lang='lat' dir='ltr'>est</span> 
     </span>
     <span class='ocr_line' id='line_1_62' title="bbox 2464 3204 3959 3282; baseline 0.003 -15"><span class='ocrx_word' id='word_1_402' title='bbox 2464 3204 2861 3268; x_wconf 88' lang='lat' dir='ltr'>circulationi</span> <span class='ocrx_word' id='word_1_403' title='bbox 2894 3205 3208 3268; x_wconf 88' lang='lat' dir='ltr'>contraria</span> <span class='ocrx_word' id='word_1_404' title='bbox 3236 3206 3361 3268; x_wconf 90' lang='lat' dir='ltr'>alia</span> <span class='ocrx_word' id='word_1_405' title='bbox 3390 3207 3744 3282; x_wconf 88' lang='lat' dir='ltr'>circulatio,</span> <span class='ocrx_word' id='word_1_406' title='bbox 3763 3208 3959 3271; x_wconf 88' lang='lat' dir='ltr'>dicit:</span> 
     </span>
     <span class='ocr_line' id='line_1_63' title="bbox 2463 3303 3963 3389; baseline 0.003 -25"><span class='ocrx_word' id='word_1_407' title='bbox 2463 3303 2592 3384; x_wconf 89' lang='lat' dir='ltr'>Ego</span> <span class='ocrx_word' id='word_1_408' title='bbox 2643 3303 2829 3385; x_wconf 88' lang='lat' dir='ltr'>longo</span> <span class='ocrx_word' id='word_1_409' title='bbox 2877 3311 3162 3386; x_wconf 90' lang='lat' dir='ltr'>tempore</span> <span class='ocrx_word' id='word_1_410' title='bbox 3211 3304 3336 3366; x_wconf 86' lang='lat' dir='ltr'>feci</span> <span class='ocrx_word' id='word_1_411' title='bbox 3395 3322 3660 3380; x_wconf 87' lang='lat' dir='ltr'>moram,</span> <span class='ocrx_word' id='word_1_412' title='bbox 3714 3306 3781 3368; x_wconf 91' lang='lat' dir='ltr'>in</span> <span class='ocrx_word' id='word_1_413' title='bbox 3831 3325 3963 3389; x_wconf 89' lang='lat' dir='ltr'>quo</span> 
     </span>
     <span class='ocr_line' id='line_1_64' title="bbox 2463 3402 3960 3485; baseline 0.003 -22"><span class='ocrx_word' id='word_1_414' title='bbox 2463 3418 2589 3464; x_wconf 91' lang='lat' dir='ltr'>non</span> <span class='ocrx_word' id='word_1_415' title='bbox 2649 3402 2934 3463; x_wconf 89' lang='lat' dir='ltr'>intellexi</span> <span class='ocrx_word' id='word_1_416' title='bbox 2982 3402 3493 3484; x_wconf 88' lang='lat' dir='ltr'>explanationem</span> <span class='ocrx_word' id='word_1_417' title='bbox 3553 3404 3675 3467; x_wconf 91' lang='lat' dir='ltr'>loci</span> <span class='ocrx_word' id='word_1_418' title='bbox 3734 3404 3960 3485; x_wconf 85' lang='lat' dir='ltr'>istius3</span> 
     </span>
     <span class='ocr_line' id='line_1_65' title="bbox 2462 3500 3956 3567; baseline 0.004 -6"><span class='ocrx_word' id='word_1_419' title='bbox 2462 3501 2571 3562; x_wconf 93' lang='lat' dir='ltr'>sed</span> <span class='ocrx_word' id='word_1_420' title='bbox 2618 3502 2782 3563; x_wconf 90' lang='lat' dir='ltr'>Deus</span> <span class='ocrx_word' id='word_1_421' title='bbox 2834 3500 3082 3562; x_wconf 86' lang='lat' dir='ltr'>induxit</span> <span class='ocrx_word' id='word_1_422' title='bbox 3129 3518 3229 3563; x_wconf 91' lang='lat' dir='ltr'>me</span> <span class='ocrx_word' id='word_1_423' title='bbox 3274 3501 3340 3564; x_wconf 91' lang='lat' dir='ltr'>in</span> <span class='ocrx_word' id='word_1_424' title='bbox 3385 3502 3716 3565; x_wconf 89' lang='lat' dir='ltr'>veritatem</span> <span class='ocrx_word' id='word_1_425' title='bbox 3768 3504 3956 3567; x_wconf 88' lang='lat' dir='ltr'>hanc.</span> 
     </span>
     <span class='ocr_line' id='line_1_66' title="bbox 2461 3598 3961 3683; baseline 0.003 -23"><span class='ocrx_word' id='word_1_426' title='bbox 2461 3599 2604 3661; x_wconf 68' lang='lat' dir='ltr'>Haec</span> <span class='ocrx_word' id='word_1_427' title='bbox 2653 3605 2802 3661; x_wconf 90' lang='lat' dir='ltr'>sunt</span> <span class='ocrx_word' id='word_1_428' title='bbox 2851 3598 3044 3661; x_wconf 89' lang='lat' dir='ltr'>verba</span> <span class='ocrx_word' id='word_1_429' title='bbox 3102 3599 3324 3681; x_wconf 80' lang='lat' dir='ltr'>ipsiuS.</span> <span class='ocrx_word' id='word_1_430' title='bbox 3380 3600 3444 3663; x_wconf 93' lang='lat' dir='ltr'>Si</span> <span class='ocrx_word' id='word_1_431' title='bbox 3497 3619 3647 3683; x_wconf 87' lang='lat' dir='ltr'>ergo</span> <span class='ocrx_word' id='word_1_432' title='bbox 3704 3602 3961 3665; x_wconf 81' lang='lat' dir='ltr'>induxit</span> 
     </span>
     <span class='ocr_line' id='line_1_67' title="bbox 2459 3697 3960 3780; baseline 0.003 -21"><span class='ocrx_word' id='word_1_433' title='bbox 2459 3717 2611 3759; x_wconf 93' lang='lat' dir='ltr'>eum</span> <span class='ocrx_word' id='word_1_434' title='bbox 2656 3698 2722 3759; x_wconf 96' lang='lat' dir='ltr'>in</span> <span class='ocrx_word' id='word_1_435' title='bbox 2764 3698 3048 3760; x_wconf 86' lang='lat' dir='ltr'>veritatis</span> <span class='ocrx_word' id='word_1_436' title='bbox 3091 3697 3267 3760; x_wconf 92' lang='lat' dir='ltr'>illius</span> <span class='ocrx_word' id='word_1_437' title='bbox 3317 3699 3828 3780; x_wconf 86' lang='lat' dir='ltr'>intelligentiam,</span> <span class='ocrx_word' id='word_1_438' title='bbox 3861 3720 3960 3765; x_wconf 87' lang='lat' dir='ltr'>se·</span> 
     </span>
     <span class='ocr_line' id='line_1_68' title="bbox 2459 3797 3960 3879; baseline 0.002 -21"><span class='ocrx_word' id='word_1_439' title='bbox 2459 3797 2678 3879; x_wconf 90' lang='lat' dir='ltr'>quitur</span> <span class='ocrx_word' id='word_1_440' title='bbox 2709 3797 2878 3878; x_wconf 93' lang='lat' dir='ltr'>quod</span> <span class='ocrx_word' id='word_1_441' title='bbox 2909 3797 3074 3859; x_wconf 90' lang='lat' dir='ltr'>Deus</span> <span class='ocrx_word' id='word_1_442' title='bbox 3116 3797 3294 3860; x_wconf 90' lang='lat' dir='ltr'>novit</span> <span class='ocrx_word' id='word_1_443' title='bbox 3322 3799 3653 3861; x_wconf 89' lang='lat' dir='ltr'>veritatem</span> <span class='ocrx_word' id='word_1_444' title='bbox 3687 3799 3862 3861; x_wconf 89' lang='lat' dir='ltr'>illam</span> <span class='ocrx_word' id='word_1_445' title='bbox 3891 3808 3960 3863; x_wconf 91' lang='lat' dir='ltr'>et</span> 
     </span>
     <span class='ocr_line' id='line_1_69' title="bbox 2461 3896 3954 3979; baseline 0.005 -23"><span class='ocrx_word' id='word_1_446' title='bbox 2461 3896 2674 3976; x_wconf 90' lang='lat' dir='ltr'>ipsum</span> <span class='ocrx_word' id='word_1_447' title='bbox 2715 3896 3289 3959; x_wconf 90' lang='lat' dir='ltr'>Commentatorem</span> <span class='ocrx_word' id='word_1_448' title='bbox 3329 3916 3403 3959; x_wconf 91' lang='lat' dir='ltr'>ac</span> <span class='ocrx_word' id='word_1_449' title='bbox 3443 3898 3724 3961; x_wconf 91' lang='lat' dir='ltr'>studium</span> <span class='ocrx_word' id='word_1_450' title='bbox 3759 3898 3902 3979; x_wconf 83' lang='lat' dir='ltr'>ejus</span> <span class='ocrx_word' id='word_1_451' title='bbox 3937 3918 3954 3963; x_wconf 90' lang='lat'>:</span> 
     </span>
     <span class='ocr_line' id='line_1_70' title="bbox 2459 3994 3958 4079; baseline 0.004 -25"><span class='ocrx_word' id='word_1_452' title='bbox 2459 4013 2601 4075; x_wconf 81' lang='lat' dir='ltr'>quae</span> <span class='ocrx_word' id='word_1_453' title='bbox 2640 3994 2856 4055; x_wconf 90' lang='lat' dir='ltr'>omnia</span> <span class='ocrx_word' id='word_1_454' title='bbox 2895 3994 3303 4076; x_wconf 89' lang='lat' dir='ltr'>particularia</span> <span class='ocrx_word' id='word_1_455' title='bbox 3343 4003 3541 4057; x_wconf 90' lang='lat' dir='ltr'>erant.</span> <span class='ocrx_word' id='word_1_456' title='bbox 3583 3995 3762 4059; x_wconf 88' lang='lat' dir='ltr'>Ratio</span> <span class='ocrx_word' id='word_1_457' title='bbox 3801 4016 3958 4079; x_wconf 87' lang='lat' dir='ltr'>quo-</span> 
     </span>
     <span class='ocr_line' id='line_1_71' title="bbox 2460 4093 3956 4175; baseline 0.003 -22"><span class='ocrx_word' id='word_1_458' title='bbox 2460 4112 2584 4173; x_wconf 90' lang='lat' dir='ltr'>que</span> <span class='ocrx_word' id='word_1_459' title='bbox 2614 4093 2906 4155; x_wconf 89' lang='lat' dir='ltr'>Averrois</span> <span class='ocrx_word' id='word_1_460' title='bbox 2941 4093 3116 4155; x_wconf 89' lang='lat' dir='ltr'>nulla</span> <span class='ocrx_word' id='word_1_461' title='bbox 3145 4100 3261 4167; x_wconf 87' lang='lat' dir='ltr'>est,</span> <span class='ocrx_word' id='word_1_462' title='bbox 3295 4094 3597 4175; x_wconf 88' lang='lat' dir='ltr'>quoniam</span> <span class='ocrx_word' id='word_1_463' title='bbox 3629 4096 3794 4157; x_wconf 90' lang='lat' dir='ltr'>Deus</span> <span class='ocrx_word' id='word_1_464' title='bbox 3825 4113 3956 4158; x_wconf 92' lang='lat' dir='ltr'>non</span> 
     </span>
    </p>
   </div>
   <div class='ocr_carea' id='block_1_12' title="bbox 856 4190 3958 4276">
    <p class='ocr_par' dir='ltr' id='par_1_12' title="bbox 856 4190 3958 4276">
     <span class='ocr_line' id='line_1_72' title="bbox 856 4190 3958 4276; baseline -0 -19"><span class='ocrx_word' id='word_1_465' title='bbox 856 4204 919 4257; x_wconf 87' lang='lat' dir='ltr'>et</span> <span class='ocrx_word' id='word_1_466' title='bbox 950 4193 1479 4276; x_wconf 83' lang='lat' dir='ltr'>perfectissimam</span> <span class='ocrx_word' id='word_1_467' title='bbox 1507 4194 1698 4256; x_wconf 89' lang='lat' dir='ltr'>habet</span> <span class='ocrx_word' id='word_1_468' title='bbox 1727 4194 2153 4275; x_wconf 87' lang='lat' dir='ltr'>cognitionem</span> <span class='ocrx_word' id='word_1_469' title='bbox 2176 4213 2190 4257; x_wconf 73' lang='grc' dir='ltr'>ε</span> <span class='ocrx_word' id='word_1_470' title='bbox 2211 4213 2351 4275; x_wconf 85' lang='lat' dir='ltr'>quae</span> <span class='ocrx_word' id='word_1_471' title='bbox 2380 4198 2429 4260; x_wconf 92' lang='lat' dir='ltr'>D</span> <span class='ocrx_word' id='word_1_472' title='bbox 2459 4190 2666 4253; x_wconf 90' lang='lat' dir='ltr'>solum</span> <span class='ocrx_word' id='word_1_473' title='bbox 2698 4199 2793 4253; x_wconf 88' lang='lat' dir='ltr'>est</span> <span class='ocrx_word' id='word_1_474' title='bbox 2822 4209 3013 4253; x_wconf 88' lang='lat' dir='ltr'>causa</span> <span class='ocrx_word' id='word_1_475' title='bbox 3051 4191 3333 4253; x_wconf 86' lang='lat' dir='ltr'>ent-itatis</span> <span class='ocrx_word' id='word_1_476' title='bbox 3364 4193 3723 4255; x_wconf 89' lang='lat' dir='ltr'>communis</span> <span class='ocrx_word' id='word_1_477' title='bbox 3764 4194 3830 4255; x_wconf 92' lang='lat' dir='ltr'>in</span> <span class='ocrx_word' id='word_1_478' title='bbox 3861 4214 3958 4256; x_wconf 85' lang='lat' dir='ltr'>re-</span> 
     </span>
    </p>
   </div>
   <div class='ocr_carea' id='block_1_13' title="bbox 849 4291 2352 5360">
    <p class='ocr_par' dir='ltr' id='par_1_13' title="bbox 849 4291 2352 5066">
     <span class='ocr_line' id='line_1_73' title="bbox 856 4291 2352 4375; baseline -0.001 -21"><span class='ocrx_word' id='word_1_479' title='bbox 856 4312 1056 4375; x_wconf 86' lang='lat' dir='ltr'>quum</span> <span class='ocrx_word' id='word_1_480' title='bbox 1106 4293 1187 4355; x_wconf 89' lang='lat' dir='ltr'>sit</span> <span class='ocrx_word' id='word_1_481' title='bbox 1236 4291 1721 4375; x_wconf 83' lang='lat' dir='ltr'>perfectissima,</span> <span class='ocrx_word' id='word_1_482' title='bbox 1766 4291 2089 4372; x_wconf 88' lang='lat' dir='ltr'>cognoscit</span> <span class='ocrx_word' id='word_1_483' title='bbox 2136 4292 2352 4353; x_wconf 89' lang='lat' dir='ltr'>omnia</span> 
     </span>
     <span class='ocr_line' id='line_1_74' title="bbox 854 4389 2347 4463; baseline -0.001 -11"><span class='ocrx_word' id='word_1_484' title='bbox 854 4390 1335 4453; x_wconf 89' lang='lat' dir='ltr'>distinctissime</span> <span class='ocrx_word' id='word_1_485' title='bbox 1366 4390 1486 4453; x_wconf 88' lang='lat' dir='ltr'>sub</span> <span class='ocrx_word' id='word_1_486' title='bbox 1517 4389 1816 4452; x_wconf 90' lang='lat' dir='ltr'>omnibus</span> <span class='ocrx_word' id='word_1_487' title='bbox 1852 4389 2347 4463; x_wconf 80' lang='lat' dir='ltr'>conditionibuS,</span> 
     </span>
     <span class='ocr_line' id='line_1_75' title="bbox 855 4488 2348 4571; baseline -0.001 -20"><span class='ocrx_word' id='word_1_488' title='bbox 855 4489 1374 4564; x_wconf 82' lang='lat' dir='ltr'>circumstantiiS,</span> <span class='ocrx_word' id='word_1_489' title='bbox 1417 4488 1912 4571; x_wconf 88' lang='lat' dir='ltr'>proprietatibus</span> <span class='ocrx_word' id='word_1_490' title='bbox 1955 4496 2017 4549; x_wconf 90' lang='lat' dir='ltr'>et</span> <span class='ocrx_word' id='word_1_491' title='bbox 2058 4488 2348 4550; x_wconf 90' lang='lat' dir='ltr'>acciden—</span> 
     </span>
     <span class='ocr_line' id='line_1_76' title="bbox 853 4587 2342 4669; baseline -0.001 -20"><span class='ocrx_word' id='word_1_492' title='bbox 853 4588 1207 4650; x_wconf 86' lang='lat' dir='ltr'>talitatibus</span> <span class='ocrx_word' id='word_1_493' title='bbox 1238 4605 1394 4669; x_wconf 91' lang='lat' dir='ltr'>quas</span> <span class='ocrx_word' id='word_1_494' title='bbox 1432 4587 1669 4649; x_wconf 89' lang='lat' dir='ltr'>habent</span> <span class='ocrx_word' id='word_1_495' title='bbox 1700 4594 1763 4649; x_wconf 88' lang='lat' dir='ltr'>et</span> <span class='ocrx_word' id='word_1_496' title='bbox 1794 4594 2059 4669; x_wconf 90' lang='lat' dir='ltr'>possunt</span> <span class='ocrx_word' id='word_1_497' title='bbox 2089 4587 2342 4649; x_wconf 88' lang='lat' dir='ltr'>habere.</span> 
     </span>
     <span class='ocr_line' id='line_1_77' title="bbox 852 4684 2348 4766; baseline -0.002 -16"><span class='ocrx_word' id='word_1_498' title='bbox 852 4687 999 4750; x_wconf 82' lang='lat' dir='ltr'>Haec</span> <span class='ocrx_word' id='word_1_499' title='bbox 1027 4687 1482 4749; x_wconf 87' lang='lat' dir='ltr'>Bonaventura.</span> <span class='ocrx_word' id='word_1_500' title='bbox 1518 4685 1635 4760; x_wconf 85' lang='lat' dir='ltr'>Qui</span> <span class='ocrx_word' id='word_1_501' title='bbox 1668 4686 1746 4747; x_wconf 91' lang='lat' dir='ltr'>de</span> <span class='ocrx_word' id='word_1_502' title='bbox 1777 4686 1877 4747; x_wconf 92' lang='lat' dir='ltr'>his</span> <span class='ocrx_word' id='word_1_503' title='bbox 1909 4686 2094 4766; x_wconf 90' lang='lat' dir='ltr'>plura</span> <span class='ocrx_word' id='word_1_504' title='bbox 2124 4684 2348 4748; x_wconf 92' lang='lat' dir='ltr'>scribit</span> 
     </span>
     <span class='ocr_line' id='line_1_78' title="bbox 854 4783 2347 4868; baseline -0.001 -21"><span class='ocrx_word' id='word_1_505' title='bbox 854 4786 1116 4861; x_wconf 91' lang='lat' dir='ltr'>ibidem,</span> <span class='ocrx_word' id='word_1_506' title='bbox 1150 4804 1292 4868; x_wconf 77' lang='lat' dir='ltr'>quae</span> <span class='ocrx_word' id='word_1_507' title='bbox 1332 4784 1497 4847; x_wconf 85' lang='lat' dir='ltr'>infra</span> <span class='ocrx_word' id='word_1_508' title='bbox 1534 4783 1669 4846; x_wconf 89' lang='lat' dir='ltr'>suis</span> <span class='ocrx_word' id='word_1_509' title='bbox 1711 4783 1973 4847; x_wconf 84' lang='lat' dir='ltr'>forsitan</span> <span class='ocrx_word' id='word_1_510' title='bbox 2018 4784 2172 4847; x_wconf 90' lang='lat' dir='ltr'>locis</span> <span class='ocrx_word' id='word_1_511' title='bbox 2211 4793 2347 4846; x_wconf 90' lang='lat' dir='ltr'>tan-</span> 
     </span>
     <span class='ocr_line' id='line_1_79' title="bbox 850 4882 2348 4967; baseline -0.003 -19"><span class='ocrx_word' id='word_1_512' title='bbox 850 4893 1097 4967; x_wconf 88' lang='lat' dir='ltr'>gentur.</span> <span class='ocrx_word' id='word_1_513' title='bbox 1132 4921 1214 4931; x_wconf 91' lang='lat'>—</span> <span class='ocrx_word' id='word_1_514' title='bbox 1252 4884 1602 4948; x_wconf 79' lang='lat' dir='ltr'>concordat</span> <span class='ocrx_word' id='word_1_515' title='bbox 1649 4882 1750 4944; x_wconf 90' lang='lat' dir='ltr'>his</span> <span class='ocrx_word' id='word_1_516' title='bbox 1794 4882 2064 4945; x_wconf 88' lang='lat' dir='ltr'>Thomas</span> <span class='ocrx_word' id='word_1_517' title='bbox 2113 4883 2193 4944; x_wconf 91' lang='lat' dir='ltr'>de</span> <span class='ocrx_word' id='word_1_518' title='bbox 2240 4882 2348 4944; x_wconf 87' lang='lat' dir='ltr'>Ar-</span> 
     </span>
     <span class='ocr_line' id='line_1_80' title="bbox 849 4984 1126 5066; baseline 0 -20"><span class='ocrx_word' id='word_1_519' title='bbox 849 4984 1126 5066; x_wconf 87' lang='lat' dir='ltr'>gentina.</span> 
     </span>
    </p>

    <p class='ocr_par' dir='ltr' id='par_1_14' title="bbox 849 5079 2349 5360">
     <span class='ocr_line' id='line_1_81' title="bbox 930 5079 2342 5147; baseline -0.003 -2"><span class='ocrx_word' id='word_1_520' title='bbox 930 5084 1234 5147; x_wconf 83' lang='lat' dir='ltr'>Praeterea</span> <span class='ocrx_word' id='word_1_521' title='bbox 1283 5082 1616 5144; x_wconf 89' lang='lat' dir='ltr'>Durandus</span> <span class='ocrx_word' id='word_1_522' title='bbox 1666 5080 1836 5142; x_wconf 92' lang='lat' dir='ltr'>circa</span> <span class='ocrx_word' id='word_1_523' title='bbox 1884 5080 2019 5142; x_wconf 80' lang='lat' dir='ltr'>haec</span> <span class='ocrx_word' id='word_1_524' title='bbox 2068 5079 2342 5141; x_wconf 90' lang='lat' dir='ltr'>scribit:</span> 
     </span>
     <span class='ocr_line' id='line_1_82' title="bbox 851 5179 2349 5262; baseline -0.003 -17"><span class='ocrx_word' id='word_1_525' title='bbox 851 5182 1320 5246; x_wconf 77' lang='lat' dir='ltr'>Commentator-</span> <span class='ocrx_word' id='word_1_526' title='bbox 1357 5180 1737 5243; x_wconf 89' lang='lat' dir='ltr'>duodecimo</span> <span class='ocrx_word' id='word_1_527' title='bbox 1774 5179 2216 5262; x_wconf 83' lang='lat' dir='ltr'>Metaphysicae</span> <span class='ocrx_word' id='word_1_528' title='bbox 2255 5198 2349 5241; x_wconf 90' lang='lat' dir='ltr'>se·</span> 
     </span>
     <span class='ocr_line' id='line_1_83' title="bbox 849 5278 2348 5360; baseline -0.002 -17"><span class='ocrx_word' id='word_1_529' title='bbox 849 5281 1129 5343; x_wconf 86' lang='lat' dir='ltr'>cundum</span> <span class='ocrx_word' id='word_1_530' title='bbox 1158 5298 1336 5342; x_wconf 90' lang='lat' dir='ltr'>suam</span> <span class='ocrx_word' id='word_1_531' title='bbox 1363 5279 1838 5341; x_wconf 87' lang='lat' dir='ltr'>translationem</span> <span class='ocrx_word' id='word_1_532' title='bbox 1864 5278 1974 5353; x_wconf 87' lang='lat' dir='ltr'>ait,</span> <span class='ocrx_word' id='word_1_533' title='bbox 1988 5278 2159 5360; x_wconf 88' lang='lat' dir='ltr'>quod</span> <span class='ocrx_word' id='word_1_534' title='bbox 2185 5278 2348 5341; x_wconf 89' lang='lat' dir='ltr'>Deus</span> 
     </span>
    </p>
   </div>
   <div class='ocr_carea' id='block_1_14' title="bbox 2453 4289 3957 5361">
    <p class='ocr_par' dir='ltr' id='par_1_15' title="bbox 2453 4289 3957 5361">
     <span class='ocr_line' id='line_1_84' title="bbox 2459 4289 3956 4373; baseline 0.003 -22"><span class='ocrx_word' id='word_1_535' title='bbox 2459 4289 2600 4363; x_wconf 79' lang='lat' dir='ltr'>buS‚</span> <span class='ocrx_word' id='word_1_536' title='bbox 2654 4290 2763 4351; x_wconf 91' lang='lat' dir='ltr'>sed</span> <span class='ocrx_word' id='word_1_537' title='bbox 2822 4290 3014 4351; x_wconf 88' lang='lat' dir='ltr'>etiam</span> <span class='ocrx_word' id='word_1_538' title='bbox 3068 4290 3438 4371; x_wconf 88' lang='lat' dir='ltr'>quidditatis</span> <span class='ocrx_word' id='word_1_539' title='bbox 3495 4291 3838 4373; x_wconf 56' lang='lat' dir='ltr'>specificat,</span> <span class='ocrx_word' id='word_1_540' title='bbox 3887 4302 3956 4355; x_wconf 87' lang='lat' dir='ltr'>et</span> 
     </span>
     <span class='ocr_line' id='line_1_85' title="bbox 2457 4387 3950 4470; baseline 0.003 -21"><span class='ocrx_word' id='word_1_541' title='bbox 2457 4387 2725 4450; x_wconf 90' lang='lat' dir='ltr'>aliarum</span> <span class='ocrx_word' id='word_1_542' title='bbox 2758 4387 3222 4469; x_wconf 83' lang='lat' dir='ltr'>perfectionum</span> <span class='ocrx_word' id='word_1_543' title='bbox 3256 4388 3481 4470; x_wconf 81' lang='lat' dir='ltr'>ipsiuS,</span> <span class='ocrx_word' id='word_1_544' title='bbox 3512 4397 3580 4451; x_wconf 90' lang='lat' dir='ltr'>ut</span> <span class='ocrx_word' id='word_1_545' title='bbox 3609 4398 3757 4452; x_wconf 90' lang='lat' dir='ltr'>sunt</span> <span class='ocrx_word' id='word_1_546' title='bbox 3785 4409 3950 4466; x_wconf 89' lang='lat' dir='ltr'>esse,</span> 
     </span>
     <span class='ocr_line' id='line_1_86' title="bbox 2457 4485 3954 4571; baseline 0.001 -22"><span class='ocrx_word' id='word_1_547' title='bbox 2457 4487 2694 4561; x_wconf 79' lang='lat' dir='ltr'>v1vere,</span> <span class='ocrx_word' id='word_1_548' title='bbox 2743 4487 3000 4560; x_wconf 90' lang='lat' dir='ltr'>sentire,</span> <span class='ocrx_word' id='word_1_549' title='bbox 3049 4485 3422 4568; x_wconf 81' lang='lat' dir='ltr'>intelligere.</span> <span class='ocrx_word' id='word_1_550' title='bbox 3477 4488 3761 4571; x_wconf 86' lang='lat' dir='ltr'>Denique</span> <span class='ocrx_word' id='word_1_551' title='bbox 3811 4490 3954 4551; x_wconf 89' lang='lat' dir='ltr'>Phi-</span> 
     </span>
     <span class='ocr_line' id='line_1_87' title="bbox 2459 4584 3954 4668; baseline 0.003 -23"><span class='ocrx_word' id='word_1_552' title='bbox 2459 4584 2760 4667; x_wconf 91' lang='lat' dir='ltr'>losophus</span> <span class='ocrx_word' id='word_1_553' title='bbox 2810 4585 2997 4647; x_wconf 89' lang='lat' dir='ltr'>tertio</span> <span class='ocrx_word' id='word_1_554' title='bbox 3043 4584 3484 4668; x_wconf 80' lang='lat' dir='ltr'>Metaphysicae</span> <span class='ocrx_word' id='word_1_555' title='bbox 3523 4594 3585 4648; x_wconf 90' lang='lat' dir='ltr'>et</span> <span class='ocrx_word' id='word_1_556' title='bbox 3625 4587 3834 4667; x_wconf 89' lang='lat' dir='ltr'>primo</span> <span class='ocrx_word' id='word_1_557' title='bbox 3871 4588 3954 4650; x_wconf 87' lang='lat' dir='ltr'>de</span> 
     </span>
     <span class='ocr_line' id='line_1_88' title="bbox 2456 4682 3954 4768; baseline 0.003 -23"><span class='ocrx_word' id='word_1_558' title='bbox 2456 4682 2683 4745; x_wconf 87' lang='lat' dir='ltr'>Anima</span> <span class='ocrx_word' id='word_1_559' title='bbox 2720 4683 2911 4745; x_wconf 87' lang='lat' dir='ltr'>habet</span> <span class='ocrx_word' id='word_1_560' title='bbox 2941 4700 3056 4764; x_wconf 91' lang='lat' dir='ltr'>pro</span> <span class='ocrx_word' id='word_1_561' title='bbox 3096 4684 3592 4759; x_wconf 89' lang='lat' dir='ltr'>inconvenienti,</span> <span class='ocrx_word' id='word_1_562' title='bbox 3625 4686 3792 4768; x_wconf 86' lang='lat' dir='ltr'>quod</span> <span class='ocrx_word' id='word_1_563' title='bbox 3835 4704 3954 4749; x_wconf 88' lang='lat' dir='ltr'>nos</span> 
     </span>
     <span class='ocr_line' id='line_1_89' title="bbox 2454 4782 3956 4865; baseline 0.002 -21"><span class='ocrx_word' id='word_1_564' title='bbox 2454 4782 2696 4863; x_wconf 88' lang='lat' dir='ltr'>aliquid</span> <span class='ocrx_word' id='word_1_565' title='bbox 2741 4799 3196 4863; x_wconf 86' lang='lat' dir='ltr'>cognoscamus</span> <span class='ocrx_word' id='word_1_566' title='bbox 3238 4783 3408 4865; x_wconf 85' lang='lat' dir='ltr'>quod</span> <span class='ocrx_word' id='word_1_567' title='bbox 3459 4784 3624 4846; x_wconf 89' lang='lat' dir='ltr'>Deus</span> <span class='ocrx_word' id='word_1_568' title='bbox 3668 4802 3793 4847; x_wconf 89' lang='lat' dir='ltr'>non</span> <span class='ocrx_word' id='word_1_569' title='bbox 3844 4804 3956 4847; x_wconf 93' lang='lat' dir='ltr'>no—</span> 
     </span>
     <span class='ocr_line' id='line_1_90' title="bbox 2455 4881 3956 4963; baseline 0.002 -20"><span class='ocrx_word' id='word_1_570' title='bbox 2455 4888 2606 4943; x_wconf 89' lang='lat' dir='ltr'>scat.</span> <span class='ocrx_word' id='word_1_571' title='bbox 2650 4881 3001 4943; x_wconf 90' lang='lat' dir='ltr'>Dicendum</span> <span class='ocrx_word' id='word_1_572' title='bbox 3045 4888 3142 4943; x_wconf 89' lang='lat' dir='ltr'>est</span> <span class='ocrx_word' id='word_1_573' title='bbox 3181 4899 3352 4963; x_wconf 88' lang='lat' dir='ltr'>ergo,</span> <span class='ocrx_word' id='word_1_574' title='bbox 3387 4883 3554 4963; x_wconf 91' lang='lat' dir='ltr'>quod</span> <span class='ocrx_word' id='word_1_575' title='bbox 3599 4882 3816 4945; x_wconf 81' lang='lat' dir='ltr'>divina</span> <span class='ocrx_word' id='word_1_576' title='bbox 3857 4902 3956 4946; x_wconf 86' lang='lat' dir='ltr'>es-</span> 
     </span>
     <span class='ocr_line' id='line_1_91' title="bbox 2455 4979 3956 5062; baseline 0.003 -21"><span class='ocrx_word' id='word_1_577' title='bbox 2455 4980 2659 5042; x_wconf 90' lang='lat' dir='ltr'>sentia</span> <span class='ocrx_word' id='word_1_578' title='bbox 2687 4988 2782 5041; x_wconf 90' lang='lat' dir='ltr'>est</span> <span class='ocrx_word' id='word_1_579' title='bbox 2806 4979 3104 5042; x_wconf 89' lang='lat' dir='ltr'>distincte</span> <span class='ocrx_word' id='word_1_580' title='bbox 3135 4982 3649 5062; x_wconf 83' lang='lat' dir='ltr'>repraesentativa</span> <span class='ocrx_word' id='word_1_581' title='bbox 3671 4983 3956 5045; x_wconf 89' lang='lat' dir='ltr'>omnium</span> 
     </span>
     <span class='ocr_line' id='line_1_92' title="bbox 2453 5078 3953 5160; baseline 0.002 -20"><span class='ocrx_word' id='word_1_582' title='bbox 2453 5097 2596 5160; x_wconf 84' lang='lat' dir='ltr'>quae</span> <span class='ocrx_word' id='word_1_583' title='bbox 2631 5078 2918 5140; x_wconf 91' lang='lat' dir='ltr'>relucent</span> <span class='ocrx_word' id='word_1_584' title='bbox 2955 5097 3030 5140; x_wconf 91' lang='lat' dir='ltr'>ac</span> <span class='ocrx_word' id='word_1_585' title='bbox 3059 5079 3416 5142; x_wconf 90' lang='lat' dir='ltr'>virtualiter</span> <span class='ocrx_word' id='word_1_586' title='bbox 3445 5078 3854 5143; x_wconf 85' lang='lat' dir='ltr'>continentur</span> <span class='ocrx_word' id='word_1_587' title='bbox 3883 5081 3953 5143; x_wconf 92' lang='lat' dir='ltr'>in</span> 
     </span>
     <span class='ocr_line' id='line_1_93' title="bbox 2454 5179 3957 5259; baseline 0.003 -19"><span class='ocrx_word' id='word_1_588' title='bbox 2454 5197 2548 5253; x_wconf 87' lang='lat' dir='ltr'>ea,</span> <span class='ocrx_word' id='word_1_589' title='bbox 2581 5198 2618 5240; x_wconf 91' lang='lat' dir='ltr'>a</span> <span class='ocrx_word' id='word_1_590' title='bbox 2646 5197 2772 5259; x_wconf 91' lang='lat' dir='ltr'>qua</span> <span class='ocrx_word' id='word_1_591' title='bbox 2801 5194 2990 5241; x_wconf 89' lang='lat' dir='ltr'>omne</span> <span class='ocrx_word' id='word_1_592' title='bbox 3028 5197 3190 5253; x_wconf 89' lang='lat' dir='ltr'>esse,</span> <span class='ocrx_word' id='word_1_593' title='bbox 3223 5179 3433 5241; x_wconf 90' lang='lat' dir='ltr'>omnis</span> <span class='ocrx_word' id='word_1_594' title='bbox 3469 5181 3698 5243; x_wconf 87' lang='lat' dir='ltr'>entitas</span> <span class='ocrx_word' id='word_1_595' title='bbox 3726 5189 3792 5243; x_wconf 89' lang='lat' dir='ltr'>et</span> <span class='ocrx_word' id='word_1_596' title='bbox 3819 5199 3957 5245; x_wconf 90' lang='lat' dir='ltr'>om-</span> 
     </span>
     <span class='ocr_line' id='line_1_94' title="bbox 2456 5276 3381 5361; baseline 0.001 -23"><span class='ocrx_word' id='word_1_597' title='bbox 2456 5278 2558 5339; x_wconf 89' lang='lat' dir='ltr'>nis</span> <span class='ocrx_word' id='word_1_598' title='bbox 2599 5278 2753 5341; x_wconf 90' lang='lat' dir='ltr'>ordo</span> <span class='ocrx_word' id='word_1_599' title='bbox 2795 5296 3007 5339; x_wconf 88' lang='lat' dir='ltr'>rerum</span> <span class='ocrx_word' id='word_1_600' title='bbox 3051 5276 3381 5361; x_wconf 88' lang='lat' dir='ltr'>profluxit.</span> 
     </span>
    </p>
   </div>
  </div>
 </body>
</html>
