4359 6250
1349 505 1523 553 manu
1563 506 1584 551 1
1627 505 2108 552 ssu-rumunuu.
2154 523 2235 534 -—
2274 506 2426 552 msr.
2472 505 2596 551 xm
3402 489 3521 552 557

418 701 642 766 posse,
682 682 940 746 dicente
989 682 1366 763 Propheta:
1410 682 1649 747 Omnia
1694 698 2126 762 quaecumque
2175 681 2408 761 voluit,
2454 681 2626 744 fecit.
2670 682 2819 763 Ipse
2870 683 2969 746 est
3020 699 3172 763 ergo
3222 681 3812 764 omnipo-1³..0x···.3,

419 802 592 878 tenS,
633 800 709 862 ut
761 801 976 862 totum
1024 798 1200 879 quod
1251 798 1416 878 vult,
1467 797 1699 880 possit.
1745 797 1932 860 Unde
1977 798 2339 879 Apostolus
2394 819 2409 860 :
2462 799 2624 880 EJus
2674 798 2945 882 (inquit)
2997 798 3320 861 voluntati
3371 799 3522 878 quis
3546 759 3812 874 ffeohgffi'fb.

419 915 724 979 resistit?
759 952 848 961 —
893 915 1018 978 His
1066 915 1565 980 auctoritatibus
1611 915 1873 978 videtur
1918 915 2198 994 ostendi,
2248 916 2425 996 quod
2475 916 2656 979 Deus
2707 933 2789 978 ex
2831 932 2907 980 eo
2960 915 3216 978 tantum
3267 915 3521 978 dicatur

418 1033 872 1115 omnipotenS,
921 1031 1099 1112 quod
1148 1031 1370 1095 omnia
1415 1033 1631 1114 potest
1677 1049 1826 1113 quae
1873 1031 2038 1111 vult,
2089 1049 2218 1095 non
2267 1033 2421 1113 quia
2480 1033 2701 1095 omnia
2746 1033 2977 1114 possit.

1017 1275 1098 1340 G.
1149 1278 1687 1341 Determinatto
1728 1280 2305 1352 praemissarum
2352 1278 2910 1342 auctoritatum.

550 1491 680 1556 Sed
710 1491 795 1554 ad
831 1491 957 1554 hoc
995 1491 1212 1572 potest
1239 1489 1392 1570 dici,
1417 1490 1594 1571 quod
1631 1489 2042 1571 Augustinus
2085 1490 2198 1554 ubi
2235 1490 2416 1570 dicit,
2442 1491 2875 1572 Omnipotens
2911 1509 3043 1555 non
3072 1493 3314 1556 dicitur
3342 1494 3520 1573 quod

421 1609 646 1672 omnia
693 1608 929 1689 possit,
975 1611 1126 1688 etc.‚
1173 1609 1309 1670 tam
1347 1607 1564 1688 ample
1603 1609 1667 1670 et
1702 1607 2090 1688 generaliter
2125 1608 2373 1688 accepit
2422 1612 2701 1683 omnia,
2738 1610 2811 1671 ut
2852 1609 3051 1672 etiam
3090 1610 3262 1673 mala
3300 1610 3515 1674 inclu-

420 1727 624 1806 deret,
667 1743 817 1806 quae
865 1725 1046 1788 Deus
1093 1741 1226 1786 non
1268 1725 1507 1804 potest,
1548 1741 1668 1786 nec
1717 1724 1881 1786 vult.
1922 1725 2073 1787 Non
2124 1740 2278 1804 ergo
2330 1725 2594 1805 negavit
2644 1742 2796 1789 eum
2845 1743 3040 1806 posse
3092 1728 3316 1790 omnia
3366 1745 3515 1808 quae

418 1842 730 1905 convenit
765 1842 824 1904 ei
863 1858 1079 1922 posse.
1115 1839 1436 1904 Similiter
1471 1856 1676 1920 quum
1717 1839 1899 1918 dicit,
1939 1839 2088 1902 Non
2131 1839 2216 1903 ob
2252 1839 2431 1902 aliud
2460 1841 2776 1904 veraciter
2802 1840 3044 1905 dicitur
3072 1843 3515 1925 omnipotenS,

356 1961 366 1969 ’
415 1958 544 2021 nisi
582 1957 902 2038 quoniam
939 1955 1264 2037 quidquid
1301 1954 1466 2036 vult,
1497 1956 1714 2036 potest
1755 1975 1768 2016 :
1810 1971 1943 2017 non
1981 1957 2175 2036 negat
2213 1967 2379 2019 eum·
2404 1973 2598 2037 posse
2628 1957 2827 2020 etiam
2866 1976 2940 2022 ea
2978 1976 3127 2040 quae
3152 1961 3295 2023 'non
3327 1960 3469 2023 vult
3499 1980 3515 2041 3

417 2075 530 2138 sed
570 2074 890 2137 adversus
934 2071 1086 2135 illos
1132 2072 1248 2151 qui
1285 2071 1586 2134 dicebant
1620 2070 1838 2134 Deum
1885 2070 2095 2133 multa
2140 2070 2308 2134 velle
2345 2089 2493 2152 quae
2541 2088 2673 2135 non
2718 2074 2994 2154 poterat,
3028 2075 3306 2139 affirmat
3356 2041 3511 2139 etsm

412 2209 608 2271 posse
646 2188 970 2271 quidquid
999 2188 1163 2268 vult,
1198 2190 1264 2252 et
1301 2207 1383 2252 ex
1420 2205 1496 2251 eo
1527 2205 1678 2250 vere
1714 2187 1841 2249 dici
1884 2187 2403 2268 omnipotentem
2440 2205 2573 2250 non
2603 2187 2688 2252 ob
2726 2188 2904 2253 aliud
2945 2190 3074 2253 nisi
3104 2191 3260 2272 quia
3297 2192 3516 2273 potest

413 2306 740 2387 quidquid
787 2305 952 2368 vult.

545 2421 676 2486 Sed
714 2439 870 2486 cave
911 2422 1244 2503 quomodo
1286 2421 1613 2504 intelligas
1643 2425 1882 2499 potest
1910 2426 2258 2499 quidquid
2284 2424 2436 2486 vult
2467 2443 2491 2482 .·
2523 2439 2607 2484 an
2644 2422 2964 2502 quidquid
3004 2423 3147 2486 vult
3183 2441 3253 2488 se
3294 2442 3512 2506 posse,

411 2557 492 2601 an
537 2537 862 2619 quidquid
901 2536 1043 2600 vult
1081 2537 1314 2617 facere,
1352 2554 1436 2600 an
1473 2538 1794 2619 quidquid
1832 2537 1975 2601 vult
2016 2538 2181 2602 fieri.
2226 2538 2293 2602 Si
2338 2538 2511 2601 enim
2558 2538 2759 2619 dicas,
2801 2538 2948 2602 ideo
2993 2539 3512 2623 omnipotentem

411 2655 660 2734 vocari,
683 2656 840 2736 quia
866 2655 1085 2736 potest
1111 2654 1434 2735 quidquid
1462 2655 1606 2718 vult
1633 2673 1703 2718 se
1734 2673 1928 2736 posse
1961 2674 1976 2716 :
2009 2672 2163 2736 ergo
2195 2656 2260 2718 et
2288 2655 2522 2718 Petrus
2550 2655 2856 2718 similiter
2886 2655 3304 2739 omnipotens
3332 2675 3513 2720 nunc

411 2771 544 2834 dici
583 2773 822 2853 potest,
847 2772 950 2836 vel
989 2771 1267 2852 quilibet
1295 2771 1681 2835 Sanctorum
1713 2770 2078 2850 beatorum,
2112 2771 2267 2852 quia
2296 2772 2513 2851 potest
2550 2771 2871 2852 quidquid
2908 2772 3052 2835 vult
3088 2791 3158 2837 se
3200 2791 3416 2854 posse,
3452 2775 3517 2838 et

413 2891 634 2972 potest
665 2889 875 2952 facere
911 2888 1235 2970 quidquid
1276 2888 1420 2951 vult
1456 2887 1688 2951 facere.
1731 2888 1879 2951 Non
1918 2888 2096 2950 enim
2137 2887 2282 2950 vult
2320 2887 2527 2951 facere
2569 2887 2697 2950 nisi
2740 2887 2916 2967 quod
2956 2889 3132 2969 facit,
3168 2907 3286 2954 nec
3318 2908 3513 2972 posse

413 3006 543 3069 nisi
582 3005 761 3086 quod
798 3006 1035 3086 potest.
1087 3004 1216 3068 Sed
1252 3021 1385 3067 non
1424 3004 1642 3087 potest
1685 3004 1896 3067 facere
1945 3003 2270 3084 quidquid
2306 3004 2448 3066 vult
2483 3004 2650 3068 fieri.
2685 3003 2848 3067 Vult
2893 3005 3070 3068 enim
3117 3006 3336 3070 salvos
3372 3008 3515 3072 fieri

415 3121 530 3209 qui
571 3121 869 3185 salvandi
907 3123 1102 3202 sunt;
1141 3121 1593 3185 verumtamen
1634 3138 1749 3184 eos
1795 3118 2066 3184 salvare·
2089 3138 2223 3184 non
2263 3118 2455 3184 valet.
2507 3123 2689 3184 Deus
2726 3121 2949 3184 autem
2998 3124 3322 3204 quidquid
3370 3125 3515 3187 vult

413 3238 580 3318 fieri,
623 3239 842 3319 potest
883 3236 1118 3301 facere.
1161 3236 1232 3301 Si
1269 3238 1447 3300 enim
1485 3237 1630 3299 vult
1675 3236 1927 3317 aliquid
1961 3236 2104 3300 fieri
2142 3253 2259 3317 per
2304 3253 2397 3315 se,
2434 3238 2651 3317 potest
2688 3235 2853 3298 illud
2904 3236 3115 3301 facere
3152 3256 3269 3320 per
3316 3257 3410 3321 se,
3453 3242 3518 3303 et

413 3374 532 3436 per
567 3374 641 3419 se
671 3355 827 3419 facit
859 3375 874 3415 :
908 3354 1082 3418 sicut
1119 3353 1356 3418 coelum
1381 3356 1446 3417 et
1483 3355 1720 3416 terram
1753 3371 1867 3434 per
1904 3371 1974 3417 se
2012 3353 2189 3433 fecit,
2232 3353 2387 3434 quia
2414 3352 2646 3415 voluit.
2689 3353 2759 3416 Si
2789 3354 3011 3417 autem
3041 3355 3184 3418 vult
3218 3357 3360 3420 fieri
3400 3374 3519 3438 per

414 3474 806 3551 creaturam,
842 3472 906 3535 et
943 3489 1059 3553 per
1095 3488 1240 3534 eam
1283 3471 1590 3551 operatur
1631 3490 1644 3531 ε
1688 3470 1860 3532 sicut
1896 3487 2012 3550 per
2040 3469 2345 3532 homines
2383 3468 2540 3532 facit
2566 3468 2801 3532 domos
2839 3471 2906 3532 et
2941 3470 3325 3551 hujusmodi
3362 3474 3519 3536 arti-

412 3588 674 3651 ficialia.
717 3587 802 3649 Et
829 3587 1010 3651 Deus
1045 3586 1314 3667 quidem
1353 3603 1434 3649 ex
1473 3604 1544 3649 se
1582 3586 1647 3649 et
1684 3603 1799 3666 per
1834 3602 1904 3648 se
1933 3586 2185 3667 potest3
2225 3584 2426 3648 homo
2466 3585 2685 3647 autem
2723 3584 2826 3647 vel
2864 3585 3137 3666 angelus
3166 3590 3517 3667 quantum-

413 3721 700 3785 cumque
751 3703 982 3767 beatus
1027 3706 1148 3783 est,
1199 3719 1330 3765 non
1378 3702 1477 3765 est
1521 3703 1754 3782 potens
1801 3719 1884 3764 ex
1929 3718 2000 3763 se
2047 3701 2150 3763 vel
2202 3717 2317 3782 per
2363 3718 2455 3762 se.

1699 3933 1783 3996 H.
1841 3936 2231 4009 oppositio.

543 4150 676 4215 Sed
731 4148 896 4213 forte
944 4148 1122 4213 dices
1165 4170 1178 4211 ε
1220 4150 1356 4213 Nec
1403 4148 1526 4212 Dei
1580 4147 1794 4212 Filius
1844 4151 2064 4231 potest
2113 4167 2151 4212 a
2197 4166 2291 4230 se,
2333 4166 2451 4212 nec
2493 4149 2778 4231 Spiritus
2826 4152 3127 4233 SanctuS,
3168 4152 3283 4216 sed
3327 4153 3509 4218 solus

409 4268 628 4332 Pater.
672 4266 791 4329 Ille
830 4268 1007 4330 enim
1045 4268 1260 4348 potest
1296 4284 1336 4329 a
1371 4284 1440 4329 se
1491 4265 1604 4346 qui
1658 4266 1756 4329 est
1793 4284 1830 4327 a
1880 4284 1992 4345 se3
2041 4266 2253 4329 Filius
2306 4266 2527 4329 autem
2572 4267 2726 4347 quia
2765 4286 2893 4330 non
2932 4269 3030 4332 est
3076 4286 3115 4331 a
3166 4286 3259 4349 se,
3310 4270 3423 4333 sed
3474 4290 3512 4335 a

408 4386 630 4463 Patre,
664 4401 798 4447 non
833 4385 1050 4465 potest
1086 4402 1124 4447 a
1170 4401 1262 4462 se,
1298 4383 1413 4446 sed
1450 4399 1490 4445 a
1535 4382 1750 4462 Patre,
1784 4383 1850 4445 et
1887 4382 2172 4463 Spiritus
2211 4382 2489 4445 Sanctus
2527 4381 2609 4445 ab
2645 4384 2943 4465 utroque.
2985 4385 3090 4448 Ad
3134 4387 3312 4467 quod
3348 4388 3513 4451 dici-

409 4520 586 4581 muS‚
631 4501 789 4582 quia
826 4500 978 4563 licet
1014 4499 1226 4563 Filius
1259 4516 1393 4562 non
1443 4499 1653 4581 possit
1690 4517 1729 4562 a
1763 4516 1833 4563 se
1880 4516 2000 4561 nec
2040 4500 2344 4579 operetur
2374 4517 2412 4562 a
2459 4517 2552 4581 se,
2586 4501 2802 4581 potest
2848 4502 3067 4565 tamen
3104 4504 3171 4565 et
3208 4506 3514 4584 operatur

409 4638 524 4701 per
553 4636 628 4683 se
671 4638 686 4679 :
721 4618 816 4681 sic
853 4619 916 4681 et
959 4616 1244 4700 Spiritus
1286 4616 1585 4680 Sanctus.
1629 4615 1816 4680 Unde
1854 4616 2149 4679 Hilarius
2187 4616 2256 4678 in
2297 4616 2464 4680 libro
2496 4634 2670 4681 nono
2709 4618 2789 4681 de
2826 4616 3145 4682 Trinitate
3187 4640 3203 4681 :
3244 4619 3510 4685 Naturae
3590 4648 3721 4693 mm,
3746 4651 3803 4694 d,

406 4734 684 4819 (inquit)
723 4734 828 4797 cui
871 4732 1284 4812 contradicis,
1325 4731 1652 4814 haeretice,
1695 4733 1835 4797 haec
1871 4733 2090 4796 unitas
2128 4733 2250 4812 est,
2282 4735 2358 4795 ut
2395 4733 2487 4796 ita
2531 4751 2649 4814 per
2683 4752 2755 4798 se
2791 4734 2939 4815 agat
2980 4734 3214 4815 Filius,
3247 4753 3329 4799 ne
3364 4753 3404 4799 a
3438 4755 3509 4800 se
3537 4711 3796 4827 ἶὶᾞζᾚε

408 4855 602 4933 agat3
645 4853 712 4915 et
737 4850 829 4914 ita
865 4867 996 4913 non
1025 4866 1065 4911 a
1097 4866 1167 4912 se
1197 4850 1369 4929 agat,
1403 4852 1477 4912 ut
1513 4866 1629 4930 per
1656 4866 1726 4913 se
1766 4851 1938 4931 agat.
1973 4850 2100 4912 Per
2128 4866 2199 4913 se
2238 4850 2456 4913 autem
2487 4849 2731 4913 dicitur
2755 4867 2945 4930 agere
2982 4850 3047 4913 et
3068 4852 3302 4931 potens
3338 4868 3503 4932 esse,

409 4968 568 5049 quia
602 4967 968 5033 naturalem
1007 4965 1204 5030 habet
1240 4966 1601 5048 potentiam
1650 4965 1949 5029 eamdem
1997 4982 2198 5046 quam
2238 4966 2303 5027 et
2338 4966 2553 5044 Pater,
2595 4982 2724 5045 qua
2759 4965 2993 5046 potens
3030 4966 3129 5028 est
3174 4968 3238 5028 et
3283 4984 3511 5047 opera-

407 5088 519 5148 tur
551 5104 566 5146 :
603 5084 719 5147 sed
757 5083 912 5163 quia
959 5082 1142 5146 illam
1185 5083 1382 5147 habet
1419 5101 1458 5145 a
1493 5084 1709 5161 Patre,
1751 5098 1882 5143 non
1925 5098 1965 5144 a
2001 5098 2094 5160 se,
2137 5080 2285 5145 ideo
2325 5098 2363 5143 a
2399 5080 2615 5157 Patre,
2648 5097 2781 5144 non
2817 5096 2855 5141 a
2906 5098 2999 5159 se,
3040 5079 3280 5144 dicitur
3316 5100 3509 5162 posse

408 5203 474 5264 et
511 5215 727 5279 agere.
767 5196 988 5261 Homo
1025 5199 1244 5261 autem
1285 5197 1389 5260 vel
1427 5198 1700 5279 angelus
1736 5197 2090 5278 gratuitam
2123 5196 2320 5260 habet
2354 5196 2714 5277 potentiam
2752 5212 2884 5277 qua
2920 5197 3153 5277 potens
3190 5201 3308 5262 est.
3351 5200 3507 5263 Ideo

409 5332 564 5396 ergo
603 5330 756 5377 vere
796 5329 872 5375 ac
912 5312 1174 5396 proprie
1210 5313 1393 5377 Deus
1429 5314 1714 5377 Trinitas
1757 5314 2175 5395 omnipotens
2212 5312 2476 5393 dicitur,
2516 5312 2673 5393 quia
2710 5330 2827 5394 per
2853 5330 2946 5393 se,
2987 5312 3055 5375 id
3086 5316 3185 5377 est
3224 5314 3507 5395 naturali
