4359 6250
526 513 681 559 ntsr.
720 515 849 560 xxx
888 513 1129 575 suum
1168 513 1392 568 Qufflsr.
1429 513 1449 556 1
1486 512 1501 555 ε
1538 511 1623 556 AN
1662 512 1909 567 Auomn
1946 511 2288 557 conamur
2323 511 2700 558 munuum
2738 513 2855 558 nno
2891 512 2970 556 nx
3003 511 3281 556 ‘ra-mona
3339 492 3460 556 295

388 688 459 752 ad
503 688 766 751 dantem
810 689 875 752 et
925 688 1008 750 ad
1050 687 1471 769 recipientem
1514 707 1528 748 ε
1578 687 1735 767 quia
1771 703 1902 748 non
1943 688 2159 766 potest
2201 687 2450 767 aliquid
2487 686 2617 749 diei
2655 688 2906 765 datum,
2945 686 3077 748 nisi
3114 685 3196 748 ab
3239 685 3460 765 aliquo

391 807 445 870 et
476 805 667 868 alicui
718 805 929 867 detur.
972 804 1195 877 Quum
1244 806 1463 867 autem
1522 803 1807 884 Spiritus
1863 803 2140 866 Sanctus
2194 803 2334 865 dari
2387 819 2425 865 a
2475 821 2546 866 se
2592 803 2695 866 vel
2747 803 2942 866 datus
2991 820 3029 864 a
3074 819 3144 865 se
3196 802 3458 878 dieitur,

390 923 638 986 relative
688 923 957 1003 quidem
1012 923 1253 986 dieitur
1301 922 1384 985 ad
1431 921 1623 984 illum
1677 921 1785 984 eui
1829 921 2043 997 datur,
2098 921 2164 983 et
2209 921 2310 983 est
2370 920 2720 1001 appellatio
2765 920 3060 998 relativa,
3119 919 3185 982 et
3229 918 3297 980 in
3349 917 3462 980 illo

391 1039 483 1101 cui
526 1039 722 1102 datur
770 1041 1049 1104 mutatio
1096 1039 1195 1120 fit,
1242 1057 1377 1103 non
1422 1039 1491 1102 in
1537 1040 1753 1102 dante.

1894 1263 1944 1326 A
1976 1281 2129 1345 pore
2160 1263 2458 1327 convenit
2487 1262 2635 1326 Deo.
2671 1299 2752 1309 —
2779 1263 3008 1336 Tertio,
3044 1263 3096 1324 si
3129 1263 3278 1324 talia
3311 1282 3467 1345 prae-

943 1333 1303 1399 SUMMA

567 1513 1174 1569 DISTINCTIONIS
1226 1511 1680 1567 TRICE81MAE

546 1753 1051 1837 praeeedentibus
1095 1750 1481 1833 quibusdam
1520 1750 1869 1812 distinetio-

480 1853 665 1915 nibus
694 1858 1031 1914 traetatum
1064 1856 1159 1912 est
1198 1850 1275 1911 de
1306 1849 1407 1910 his
1437 1868 1579 1930 quae
1610 1848 1870 1910 relative

218 1966 373 2022 (past
397 1951 677 2012 dicuntur
726 1951 803 2011 de
864 1950 991 2011 Deo
1043 1947 1345 2009 relatione
1400 1945 1575 2019 reali,
1628 1945 1871 2008 ratione

180 2042 256 2080 ““’
274 2045 371 2074 “““““
396 2047 795 2110 emanationis
844 2046 923 2108 ad
972 2047 1139 2107 intra
1184 2052 1246 2106 et
1297 2043 1721 2106 immanentis.
1758 2043 1871 2104 Hie

399 2153 677 2207 tractatur
708 2145 787 2206 de
826 2145 928 2205 his
956 2162 1097 2225 quae
1130 2144 1257 2205 Deo
1296 2142 1683 2204 conveniunt
1716 2140 1870 2202 rela-

398 2243 509 2304 tive
536 2242 839 2305 relatione
874 2239 1133 2302 rationis
1165 2247 1473 2322 quantum
1507 2247 1601 2301 est
1632 2257 1707 2301 ex
1740 2257 1875 2320 par-

396 2347 449 2402 te
484 2341 587 2402 Dei
629 2347 694 2402 et
732 2359 812 2402 ex
852 2346 1029 2422 parte
1068 2338 1486 2400 emanationis
1527 2337 1605 2398 ad
1645 2345 1819 2398 extra
1853 2355 1866 2398 ε

1973 1362 2269 1425 dieantur
2308 1362 2384 1423 de
2430 1362 2577 1434 De0,
2610 1369 2718 1422 aut
2759 1361 3185 1442 praedicantur
3222 1379 3338 1442 per
3373 1381 3463 1436 se,

1973 1469 2082 1522 aut
2113 1479 2228 1542 per
2256 1459 2550 1522 accidens
2587 1478 2600 1521 :
2636 1460 2687 1522 si
2722 1478 2836 1541 per
2865 1478 2954 1533 se,
2988 1477 3137 1539 ergo
3174 1459 3254 1521 ab
3290 1468 3465 1523 10101·-

1975 1577 2057 1621 no
2116 1565 2489 1639 competunt
2537 1557 2638 1636 ei;
2689 1557 2742 1618 si
2794 1577 2908 1638 per
2954 1557 3270 1630 aecidenS,
3319 1575 3468 1638 ergo

1975 1655 2219 1737 aliquid
2258 1655 2491 1718 accidit
2532 1655 2679 1729 De0,
2713 1662 2777 1716 et
2814 1654 3110 1716 accidens
3139 1662 3237 1716 est
3271 1654 3338 1716 in
3368 1673 3462 1717 e0.

2057 1852 2148 1914 Ad
2203 1851 2320 1913 ista
2369 1852 2708 1933 respondet
2755 1851 3050 1914 Albertus
3095 1871 3109 1914 τ
3153 1852 3346 1914 Multa
3393 1871 3470 1914 ex

1978 1959 2265 2031 tempore
2297 1950 2685 2011 conveniunt
2717 1950 2863 2022 Deo,
2899 1969 3015 2011 nee
3047 1951 3473 2032 praedieantur

1978 2050 2055 2110 de
2105 2065 2181 2110 eo
2232 2065 2346 2128 per
2392 2047 2708 2120 aecidenS,
2757 2067 2875 2109 nee
2927 2066 3054 2111 uno
3107 2049 3314 2119 modo,
3363 2048 3471 2111 sed

1978 2146 2268 2228 quaedam
2330 2164 2443 2226 per
2492 2163 2769 2219 causam,
2822 2145 2985 2207 siout
3045 2147 3180 2227 ipse
3239 2146 3474 2208 dieitur

1980 2245 2150 2306 salus
2197 2251 2432 2315 nostra,
2467 2243 2618 2325 quia
2659 2251 2754 2306 est
2800 2263 2988 2306 eausa
3030 2251 3259 2306 nostrae
3308 2245 3472 2306 salu-

1984 2342 2100 2421 tis3
2131 2342 2420 2424 quaedam
2455 2360 2568 2423 per
2595 2341 3036 2403 habitudinem
3077 2342 3474 2405 relationem-

396 2446 633 2520 propter
663 2437 833 2518 quod
865 2436 1164 2498 dicuntur
1192 2436 1271 2497 de
1303 2434 1440 2516 ipso
1470 2453 1585 2516 pel·
1613 2454 1867 2497 causam
1907 2442 1954 2504 B
1982 2461 2060 2504 ve
2100 2441 2384 2514 rationis,
2421 2448 2489 2501 ut
2529 2458 2729 2521 quum
2769 2440 3004 2501 dieitur
3041 2447 3304 2512 creator,
3340 2459 3470 2514 rex,

395 2555 493 2598 seu
532 2535 997 2608 habitudinem,
1038 2541 1227 2616 atque
1279 2553 1356 2595 ex
1405 2543 1709 2615 tempore.
1754 2535 1867 2594 lta-

394 2655 505 2717 que
551 2637 719 2698 eirea
766 2634 887 2696 hoe
935 2634 1182 2715 quaerit,
1224 2635 1491 2714 opponit
1533 2640 1596 2695 et
1638 2633 1868 2711 solvit3

394 2753 459 2796 00
496 2734 745 2796 tandem
788 2733 854 2795 in
894 2733 1025 2794 fine
1065 2732 1493 2795 distinctionis
1534 2733 1872 2813 respondet

395 2833 465 2894 ad
504 2832 916 2915 quaestionem
962 2830 1256 2912 superius
1300 2837 1559 2904 motam,
1602 2846 1729 2892 non
1774 2845 1869 2892 so-

396 2930 593 2994 lutam.

689 3248 1163 3323 QUAESTIO
1230 3247 1561 3310 PRIMA

535 3526 594 3587 Ic
651 3523 980 3605 quaeritur,
1040 3523 1169 3587 An
1226 3519 1535 3602 aliquid
1591 3535 1871 3588 eonve-

1982 2539 2280 2602 dominus
2323 2545 2554 2601 noster.
2599 2537 2854 2619 Proprie
2894 2556 3169 2618 namque
3215 2537 3474 2619 loquen-

1980 2637 2083 2710 d0,
2126 2656 2255 2699 non
2305 2637 2527 2698 eodem
2580 2636 2768 2697 modo
2816 2635 2980 2696 Deus
3023 2635 3258 2696 dicitur
3305 2635 3475 2697 salus

1982 2743 2216 2808 nostra,
2249 2743 2312 2796 et
2353 2735 2650 2796 dominus
2701 2741 2931 2797 noster.
2966 2733 3343 2813 Hujusmodi
3387 2741 3476 2795 ta-

1982 2852 2128 2896 men
2170 2833 2508 2915 praedieata
2549 2839 2858 2914 quantum
2897 2832 2973 2893 ad
3008 2831 3071 2892 id
3111 2832 3279 2913 quod
3323 2851 3476 2913 prae-

1980 2933 2215 3006 dicant,
2267 2939 2416 2993 sunt
2472 2931 2550 2992 de
2610 2929 3138 2993 convenientibus
3188 2931 3314 2992 Deo
3363 2949 3478 3011 per

1981 3051 2047 3094 se
2078 3049 2192 3092 seu
2233 3029 2755 3102 substantialiter,
2789 3029 3091 3111 quoniam
3132 3028 3478 3110 praedicant

1980 3138 2044 3193 et
2101 3130 2435 3210 designant
2493 3128 2912 3191 substantiam
2966 3127 3115 3207 Dei3
3166 3135 3477 3210 quantum

1981 3245 2133 3290 vero
2187 3228 2264 3289 ad
2322 3228 2582 3289 modum
2633 3226 3016 3307 praedieandi
3072 3233 3181 3287 aut
3231 3225 3478 3306 signifi-

1983 3326 2190 3399 candi,
2236 3324 2580 3406 praedieant
2619 3342 2757 3387 eam
2801 3331 2871 3385 ut
2910 3323 3247 3386 habentem
3289 3342 3356 3385 se
3401 3325 3477 3386 ad

1980 3424 2152 3487 aliud
2195 3423 2365 3506 quod
2414 3423 2678 3484 deduxit
2727 3423 2792 3484 in
2837 3439 2997 3495 esse,
3041 3441 3158 3483 nee
3208 3422 3328 3484 hoe
3371 3440 3478 3504 po-

1983 3523 2157 3585 nitur
2201 3521 2265 3583 in
2307 3523 2434 3583 Deo
2475 3519 2654 3602 quasi
2697 3519 2850 3600 quid
2893 3537 3129 3581 novum
3171 3526 3282 3581 aut
3319 3520 3480 3582 0001-

553 3622 723 3689 niat
751 3619 1219 3687 invariabili
1250 3622 1410 3685 Deo
1446 3635 1543 3685 ex
1571 3622 1874 3699 tempo·
1910 3624 1953 3687 C
1984 3620 2234 3683 dentale
2291 3619 2357 3679 in
2413 3618 2572 3699 ipso,
2627 3618 2735 3679 sed
2794 3617 2858 3677 in
2911 3617 3333 3697 dependentia
3389 3619 3476 3679 rei
3529 3690 3540 3703 .

399 3736 477 3787 re
505 3738 638 3788 seu
666 3723 762 3787 de
793 3735 1000 3787 novo
1039 3722 1278 3800 atque
1308 3733 1451 3799 per
1478 3719 1871 3787 accidens,

472 3821 722 3883 Videtur
752 3819 921 3901 quod
954 3836 1099 3881 non.
1127 3818 1357 3893 Primo,
1377 3817 1678 3899 quoniam
1710 3817 1877 3878 sieut.

402 3919 523 3979 enti
584 3917 893 3990 mutabili,
952 3935 1209 3998 prorsus
1270 3916 1575 3989 instabili,
1627 3916 1877 3977 diversa

402 4018 771 4079 conveniunt
816 4016 1055 4077 ratione
1099 4034 1229 4077 suae
1275 4014 1743 4093 instabilitatis3
1784 4015 1877 4076 sie

398 4114 533 4175 enti
560 4114 933 4188 invariabili,
958 4113 1339 4176 aeternaliter
1369 4113 1696 4187 uniformi,
1722 4132 1879 4175 sem-

402 4231 520 4293 per·
557 4211 933 4277 conveniunt
981 4213 1223 4274 eadem.
1258 4211 1463 4284 Quum
1513 4228 1663 4291 ergo
1714 4212 1877 4273 Deus

400 4310 694 4391 gloriosus
732 4319 795 4373 et
826 4310 1115 4373 excelsus
1154 4307 1237 4371 sit
1267 4327 1515 4371 summe
1559 4310 1879 4390 incompa-

404 4409 799 4492 rabiliterque
838 4406 1231 4471 invariabilis
1275 4414 1339 4469 et
1376 4406 1879 4469 uniformissime

408 4507 632 4571 babens
668 4530 757 4582 se,
793 4526 1046 4589 semper
1084 4506 1304 4569 eadem
1348 4506 1769 4587 praedicantur
1803 4506 1879 4567 de

411 4624 509 4679 eo,
538 4615 593 4668 et
619 4606 943 4688 nunquam
974 4606 1323 4687 quidquam
1356 4605 1433 4667 de
1466 4622 1647 4668 novo.
1675 4640 1756 4649 —
1785 4606 1883 4666 Se·

414 4705 626 4777 cundo,
660 4704 1069 4786 praedieatum
1098 4702 1559 4765 affirmativum
1604 4701 1883 4763 insinuat

1986 3726 2255 3781 causatae
2285 3717 2362 3778 ad
2395 3716 2606 3796 ipsum
2635 3732 2649 3775 τ
2675 3734 2874 3795 quum
2905 3714 3075 3776 enim
3108 3714 3475 3793 hujusmodi

1986 3816 2476 3898 dependentiam
2522 3813 2874 3892 intelligere
2919 3831 3309 3893 nequeamus
3355 3814 3477 3875 nisi

1987 3916 2412 3995 intelligamus
2442 3913 2656 3993 aliquo
2688 3912 2872 3974 modo
2902 3910 3338 3973 habitudinem
3371 3912 3479 3973 Dei

1986 4016 2065 4077 ad
2106 4020 2481 4084 ereaturam,
2517 4010 2658 4071 ideo
2700 4008 3102 4070 nominamus
3143 4009 3482 4071 essentiam

1988 4112 2099 4175 Dei
2131 4112 2199 4173 in
2240 4108 2610 4171 habitudine
2653 4107 2780 4169 illa.
2816 4143 2894 4152 —
2925 4107 3097 4179 Quod
3135 4107 3188 4167 si
3221 4107 3483 4188 quaesie-

1988 4210 2096 4283 ris,
2130 4228 2212 4271 an
2257 4207 2497 4289 aliquid
2539 4207 2602 4267 in
2645 4224 2733 4277 re,
2767 4205 2888 4267 hoe
2927 4212 3024 4267 est
3063 4204 3129 4266 in
3171 4206 3318 4277 De0,
3353 4224 3486 4267 eor-

1989 4307 2366 4389 respondeat
2434 4303 2793 4366 habitudini
2864 4322 2975 4365 seu
3044 4304 3484 4384 dependentiae

1988 4415 2097 4471 aut
2144 4403 2494 4467 intellectui
2550 4402 2665 4476 illi,
2715 4403 3056 4463 dicendum
3108 4402 3278 4484 quod
3331 4402 3480 4477 im0,

1988 4504 2287 4568 videlieet
2329 4502 2663 4563 verissima
2710 4501 2876 4562 00110
2918 4500 3028 4562 Dei
3074 4520 3200 4581 qua
3249 4508 3487 4563 ereatu-

1992 4623 2123 4666 ram
2175 4600 2496 4684 produxit,
2546 4607 2875 4661 conservat
2925 4606 3033 4660 aut
3083 4599 3245 4678 regit
3287 4617 3301 4660 :
3346 4618 3487 4679 quae

1990 4702 2155 4763 aetio
2186 4700 2294 4761 Dei
2331 4698 2624 4780 quamvis
2655 4698 2738 4759 sit
2776 4697 2915 4777 ejus
2952 4696 3326 4769 substantia,
3361 4714 3488 4759 non

414 4802 637 4884 aliquid
710 4804 917 4864 inesse
984 4808 1093 4862 aut
1160 4801 1502 4863 convenire
1570 4799 1878 4880 subjecto,
1914 4806 2207 4867 Dtamen
2265 4797 2487 4859 eodem
2543 4797 2728 4857 modo
2786 4794 3207 4875 significatur,
3261 4802 3324 4855 et
3383 4794 3490 4856 ille

416 4900 711 4983 Quidquid
772 4916 925 4961 vero
978 4907 1072 4961 est
1126 4898 1189 4960 in
1250 4899 1377 4961 Deo
1427 4906 1535 4959 aut
1589 4896 1886 4960 convenit
1996 4897 2222 4959 modus
2254 4894 2662 4975 significandi
2705 4894 3083 4974 importatur
3114 4893 3178 4953 in
3211 4892 3487 4954 nomine.

418 4997 496 5071 ei,
527 5008 613 5061 est
657 5000 929 5081 ipsemet
977 4997 1165 5069 DeuS,
1207 5014 1325 5059 nec
1375 4995 1625 5058 realiter
1669 4994 1887 5057 differt
1995 5030 2076 5040 —
2099 4994 2163 5055 Si
2196 5012 2416 5055 rursus
2449 4999 2790 5073 quaeratur,
2814 5011 2892 5052 an
2929 4991 3050 5052 1010
3082 4990 3493 5071 praedicatum

420 5094 495 5155 ab
544 5097 673 5178 ejus
720 5096 1016 5160 essentia.
1072 5096 1192 5157 Sed
1241 5095 1491 5157 nullum
1542 5094 1889 5175 temporale
1999 5093 2081 5155 sit
2112 5112 2226 5174 per
2256 5111 2322 5153 se
2354 5090 2738 5153 conveniens
2769 5091 2896 5152 Deo
2931 5106 2944 5151 :
2979 5089 3142 5162 dice,
3175 5089 3343 5169 quod
3377 5088 3496 5151 hoo

422 5200 511 5253 est
553 5195 727 5270 Deus,
762 5214 879 5257 nee
928 5193 1170 5275 aliquid
1224 5192 1346 5254 tale
1395 5192 1772 5273 praedieatur
1814 5192 1891 5253 de
2003 5190 2300 5254 convenit-
2332 5190 2458 5251 Deo
2492 5206 2604 5269 per
2635 5206 2702 5249 se
2734 5187 2901 5269 quod
2933 5186 3015 5248 sit
3051 5194 3314 5260 creator,
3348 5204 3499 5267 quo-

426 5298 639 5357 aeterno
678 5314 692 5357 ε
735 5312 888 5376 ergo
936 5292 1099 5355 nihil
1143 5293 1221 5355 de
1264 5310 1429 5355 novo
1470 5299 1580 5354 aut
1622 5312 1698 5354 ex
1745 5298 1896 5355 tem·
2010 5289 2184 5352 niam
2225 5286 2520 5350 convenit
2560 5284 2618 5347 ei
2659 5286 2813 5364 soli3
2845 5304 2962 5347 nee
3003 5292 3213 5348 tamen
3252 5293 3498 5368 oportet
