4359 6250
876 459 997 524 376

1425 478 1489 523 ΙΝ
1530 476 1750 522 uelum
1793 478 1812 522 1
1854 474 2336 522 SENTENTIARUM.
2383 491 2464 501 -
2503 473 2656 519 DlsT.
2703 473 2934 537 m1v;
2979 473 3202 529 QUAEST.
3251 471 3434 519 UNIGA

878 655 1058 709 catur
1118 649 1414 723 essentia,
1479 649 1755 711 dicimus
1816 667 2009 710 unam
2070 665 2210 708 esse
2270 664 2371 708 es·
2401 643 2452 706 A
2485 663 2560 706 us
2603 646 2895 708 essentiae
2931 663 2944 708 :
2979 645 3200 728 sicque
3235 643 3501 726 genitivi
3547 641 3650 704 isti
3693 649 3974 704 constru-

877 745 1147 808 sentiam
1206 748 1403 810 trium
1459 766 1897 831 personarum,
1948 754 2013 808 et
2058 753 2187 807 tres
2234 763 2372 807 esse

878 862 1178 926 personas
1228 847 1418 910 unius
1465 847 1778 920 essentiae,
1818 853 1889 908 ut
1925 852 2374 908 construantur

876 943 943 1005 hi
993 944 1259 1024 genitivi
1312 946 1377 1007 in
1424 945 1861 1027 designatione
1908 944 2148 1006 formae.
2183 978 2262 988 —
2299 943 2368 1004 In

880 1043 1187 1104 creaturis
1228 1062 1483 1125 quoque
1513 1044 1727 1125 aliqua
1766 1050 2032 1124 possunt
2063 1041 2192 1104 dici
2232 1040 2372 1102 uni—

880 1159 954 1202 us
995 1147 1257 1216 naturae,
1290 1161 1432 1223 quae
1471 1160 1599 1204 non
1640 1149 1787 1204 sunt
1826 1159 2033 1222 neque
2071 1140 2374 1202 dicuntur

880 1239 1071 1301 unius
1102 1241 1393 1304 essentiae
1418 1261 1431 1304 :
1457 1241 1608 1323 quia
1636 1248 1861 1303 natura
1889 1240 2177 1320 designat
2208 1238 2375 1320 prin-

879 1337 1121 1418 cipium
1170 1347 1368 1400 actus.
1412 1340 1559 1402 Ideo
1600 1359 1741 1422 quae
1782 1339 1847 1400 in
1884 1339 2100 1419 aliquo
2148 1355 2376 1400 conve-

882 1437 1067 1498 niunt
1114 1444 1283 1512 actu,
1334 1437 1637 1499 dicuntur
1694 1437 1883 1499 unius
1942 1444 2201 1498 naturae.
2266 1435 2374 1496 Es-

882 1534 1085 1597 sentia
1120 1553 1271 1597 vero
1319 1535 1555 1597 dicitur
1589 1535 1668 1597 ab
1706 1543 1849 1597 actu
1895 1533 2146 1596 essendi
2183 1551 2197 1595 ε
2232 1533 2375 1596 ideo

882 1650 1156 1714 quorum
1217 1653 1419 1695 unum
1468 1642 1565 1696 est
1610 1652 1770 1707 esse,
1822 1641 2129 1696 vocantur
2185 1631 2374 1693 unius

883 1731 1191 1794 essentiae.
1228 1766 1303 1778 —
1336 1732 1480 1794 Haec
1523 1732 1811 1794 Thomas.

964 1829 1051 1891 De
1082 1829 1201 1891 hoc
1232 1847 1485 1911 quoque
1525 1830 1591 1891 in
1631 1829 1879 1912 Scripto
1912 1847 1927 1890 ε
1960 1830 2104 1903 Ista,
2140 1827 2370 1909 inquit,
2407 1826 2455 1889 B
2564 1825 2913 1888 Richardus
2963 1825 3155 1887 etiam
3215 1842 3568 1887 consonans
3618 1825 3720 1887 his

884 1927 1261 2008 simpliciter
1300 1936 1397 1990 est
1436 1929 1857 2002 concedenda,
1890 1928 2039 1990 Tres
2089 1945 2374 2008 personae

884 2034 1033 2087 sunt
1078 2027 1271 2088 unius
1314 2027 1621 2088 essentiae.
1664 2026 1963 2100 Quamvis
2004 2025 2178 2087 enim
2227 2043 2376 2106 qua-

883 2132 1029 2186 tuor
1066 2125 1193 2186 sint
1233 2143 1437 2187 causae
1478 2125 1542 2186 in
1586 2124 1776 2186 rebus
1820 2124 2069 2198 creatis,
2112 2141 2239 2186 non
2283 2132 2374 2185 ta-

884 2241 1032 2284 men
1077 2223 1365 2284 omnium
1408 2241 1627 2285 earum
1670 2222 2077 2285 habitudines
2120 2230 2270 2284 sunt
2308 2221 2373 2283 in

884 2322 1029 2383 Deo.
1094 2321 1409 2383 Habitudo
1464 2321 1704 2403 quippe
1763 2340 1968 2385 causae
2031 2320 2375 2383 materialis

885 2437 1011 2481 non
1062 2420 1359 2482 convenit
1406 2420 1661 2502 proprie
1709 2422 1857 2494 Deo,
1909 2438 2026 2481 nec
2082 2427 2376 2501 respectu

882 2518 1156 2599 alicujus
1194 2518 1364 2600 quod
1402 2525 1501 2581 est
1542 2519 1607 2579 in
1652 2519 1790 2600 ipso
1832 2537 2039 2601 neque
2083 2525 2374 2599 respectu

882 2616 1157 2696 alicujus
1194 2617 1363 2698 quod
1408 2624 1504 2678 est
1543 2617 1624 2679 ab
1668 2617 1829 2698 ipso,
1869 2635 2069 2698 quum
2113 2615 2377 2679 materia

882 2714 967 2776 sit
1010 2715 1401 2796 imperfecta.
1445 2715 1761 2778 Habitudo
1798 2723 2011 2777 autem
2051 2734 2256 2778 causae
2299 2713 2376 2775 i'i-

882 2812 1044 2874 nalis
1084 2814 1379 2876 convenit
1418 2814 1546 2876 Deo
1586 2823 1879 2894 respectu
1919 2821 2372 2887 creaturarum,

825 2964 833 2972 .
882 2930 1153 2993 quarum
1191 2911 1345 2973 sinis
1386 2920 1481 2973 est
1514 2911 1767 2974 bonitas
1806 2912 1917 2973 Dei
1949 2919 2011 2973 et
2044 2912 2378 2994 participa-

2484 753 2679 807 untur
2727 744 2794 806 in
2845 744 3219 807 habitudine
3277 761 3484 805 causae
3541 739 3846 804 formalis.
3899 738 3974 800 Et

2481 843 2784 925 quoniam
2829 843 2996 906 Deus
3045 859 3174 904 non
3216 839 3617 922 significatur
3658 845 3728 900 ut
3769 836 3973 900 forma

2480 941 2676 1004 trium
2727 959 3164 1023 personarum,
3207 939 3350 1002 ideo
3397 938 3526 1000 dici
3568 955 3695 1001 non
3743 944 3970 1018 potest,

2481 1040 2649 1121 quod
2683 1047 2827 1101 ‘tres
2874 1056 3162 1121 personae
3208 1045 3357 1100 sunt
3403 1036 3595 1099 unius
3642 1035 3779 1108 Dei,
3825 1033 3976 1116 quia

2481 1155 2599 1200 nec
2649 1138 2770 1199 ista
2817 1136 3205 1200 constructio
3262 1142 3474 1218 posset
3521 1133 3791 1213 intelligi
3851 1132 3974 1194 nisi

2483 1235 2857 1318 possessive.
2910 1236 3036 1298 Ista
3089 1253 3344 1317 quoque
3400 1232 3792 1304 conceditur,
3843 1233 3974 1294 Una

2481 1333 2756 1395 essentia
2786 1333 2978 1394 trium
3010 1350 3456 1414 personarum3
3481 1349 3607 1393 non
3639 1331 3781 1402 ista,
3803 1330 3976 1392 Unus

2483 1433 2649 1494 Deus
2687 1432 2882 1492 trium
2924 1448 3338 1513 personarum
3372 1450 3386 1494 ε
3421 1429 3571 1512 quia
3611 1429 3676 1491 in
3714 1429 3976 1491 nomine

2486 1530 2595 1592 Dei
2640 1531 3019 1612 importatur
3061 1528 3368 1592 habitudo
3415 1528 3717 1611 principii
3761 1547 3978 1591 crean-

2484 1628 2565 1690 tis
2613 1635 2676 1688 et
2715 1627 3150 1708 gubernantis
3193 1627 3336 1690 Haec
3379 1627 3649 1691 Thomas
3699 1626 3765 1688 in
3813 1625 3978 1689 Scri-

2486 1735 2612 1808 pto.
2647 1762 2727 1771 —-
2757 1726 3107 1789 Concordat
3145 1726 3383 1788 Petrus.

3771 1841 3786 1886 :
3837 1824 3978 1887 Per-

2485 1942 2660 1998 sona,
2712 1924 2821 1998 ait,
2873 1924 3092 1986 differt
3147 1924 3227 1986 ab
3284 1923 3560 1986 essentia
3621 1923 3974 1986 secundum

2484 2023 2816 2096 rationem,
2850 2041 2978 2086 non
3020 2023 3188 2085 sicut
3224 2023 3498 2085 dicimus
3539 2023 3848 2085 attributa
3885 2042 3978 2084 se-

2487 2123 2767 2184 cundum
2829 2121 3141 2184 rationem
3201 2120 3484 2194 differre,
3545 2121 3657 2182 sed
3721 2129 3981 2202 propter

2487 2219 2894 2282 differentem
2933 2221 3192 2283 modum
3233 2220 3506 2282 habendi
3550 2239 3640 2294 se,
3673 2221 3976 2302 quoniam

2489 2319 2554 2381 in
2593 2319 2781 2381 modo
2811 2338 2878 2380 se
2908 2319 3183 2381 habendi
3226 2320 3303 2381 ad
3341 2319 3635 2392 alterum,
3667 2318 3979 2382 differunt

2485 2417 2838 2478 secundum
2883 2416 3380 2479 affirmationem
3423 2426 3488 2479 et
3524 2417 3928 2498 negationem
3961 2437 3976 2478 :

2486 2514 2638 2597 quia
2667 2533 2936 2596 persona
2966 2535 3032 2578 se
3065 2516 3254 2578 habet
3283 2515 3361 2577 ad
3388 2515 3682 2588 alterum,
3705 2517 3983 2578 essentia

2486 2631 2650 2692 non3
2701 2620 2763 2675 et
2810 2614 3084 2676 essentia
3139 2614 3328 2676 habet
3377 2633 3446 2676 se
3491 2613 3801 2689 absolute,
3854 2633 3979 2677 non

2486 2721 2699 2775 autem
2731 2731 3016 2795 persona.
3052 2713 3211 2775 Hinc
3244 2712 3458 2794 plures
3490 2721 3640 2774 sunt
3668 2731 3977 2794 personae,

2487 2830 2614 2874 una
2661 2819 2954 2874 manente
3003 2811 3374 2873 substantia.
3417 2811 3560 2874 Haec
3609 2811 3978 2875 RicharduS.

2567 2913 2869 2974 Praeterea
2927 2911 3214 2973 doctores
3270 2909 3376 2971 hic
3427 2918 3687 2972 movent
3734 2910 3982 2993 aliquas

880 3009 969 3072 tio
1016 3009 1176 3089 ejus.
1219 3008 1535 3071 Habitudo
1580 3017 1791 3070 autem
1842 3027 2045 3072 causae
2093 3008 2376 3070 formalis
2413 3012 2457 3076 C
2487 3010 2889 3091 quaestioneS,
2942 3010 3215 3091 qualiter
3261 3011 3390 3073 Deo
3437 3011 3820 3073 conveniant
3867 3012 3983 3073 ali—

884 3107 1180 3172 convenit
1209 3109 1337 3172 Deo
1369 3116 1496 3170 tam
1528 3116 1821 3190 respectu
1853 3108 2376 3190 creaturae‚cujus

884 3215 981 3268 est
1031 3208 1167 3289 ipse
1225 3207 1570 3288 exemplar,
1633 3226 1827 3289 quam
1886 3215 2177 3288 respectu
2236 3208 2377 3287 ejus

886 3304 1056 3385 quod
1106 3303 1171 3365 in
1221 3304 1362 3385 ipso
1409 3312 1524 3377 est,
1577 3305 1741 3367 sicut
1787 3305 1917 3385 jam
1980 3305 2203 3386 patuit.
2257 3306 2381 3367 ista

887 3411 1098 3464 tamen
1147 3402 1457 3465 habitudo
1504 3421 1631 3466 non
1680 3403 1983 3465 fundatur
2028 3422 2223 3485 super
2268 3403 2406 3485 ali-⁸

887 3520 1078 3582 quam
1128 3501 1499 3563 relationem
1549 3502 1807 3577 realem,
1850 3502 1958 3564 sed
2008 3521 2202 3583 super
2249 3520 2383 3565 mo-

887 3601 1039 3662 dum
1082 3598 1489 3681 significandi
1527 3619 1540 3663 :
1582 3600 1733 3682 quia
1774 3600 2015 3682 aliquid
2060 3599 2383 3681 significa-

889 3706 992 3759 tur
1032 3698 1097 3759 in
1137 3698 1373 3761 divinis
1413 3706 1483 3760 ut
1514 3697 1739 3773 forma,
1775 3699 1941 3761 sicut
1977 3699 2288 3778 essentia3
2321 3706 2385 3762 et

889 3796 1131 3877 aliquid
1171 3804 1240 3858 ut
1282 3797 1636 3860 subsistens
1678 3798 1741 3859 in
1784 3796 2007 3873 forma,
2042 3797 2210 3859 sicut
2249 3817 2386 3879 per-

890 3912 1061 3957 sona.
1115 3894 1430 3958 Habitudo
1478 3897 1737 3958 demum
1788 3915 1991 3959 causae
2040 3895 2385 3959 efficientis

893 3994 1191 4057 convenit
1222 3995 1347 4057 Deo
1378 4003 1672 4077 respectu
1712 4004 2167 4070 creaturarum,
2202 4006 2266 4059 et
2296 4016 2388 4059 re-

892 4100 1113 4175 spectu
1162 4093 1302 4173 ejus
1342 4094 1509 4173 quod
1548 4102 1646 4155 est
1684 4095 1749 4155 in
1790 4096 1950 4175 ipso,
1994 4114 2120 4158 non
2166 4096 2388 4177 utique

2488 3127 2614 3191 qua
2654 3107 3041 3182 translative,
3083 3108 3598 3171 similitudinarie
3640 3117 3748 3171 aut
3791 3118 3986 3173 meta-

2490 3206 2771 3289 phorice,
2804 3214 2868 3269 et
2899 3206 3050 3269 item
3090 3208 3582 3290 appropriative.
3616 3209 3704 3272 De
3743 3209 3982 3291 quibus

4073 3025 4148 3080 Cf.
4177 3025 4276 3066 dist.

4011 3101 4118 3139 xxti,
4138 3101 4184 3143 q.
4207 3089 4244 3129 2.

4041 3232 4150 3275 dist-
4173 3244 4282 3279 uxi,

2491 3312 2877 3387 pertranseo,
2923 3324 3122 3387 quum
3172 3324 3364 3387 supra
3411 3307 3490 3369 de
3537 3307 3636 3369 his
3687 3316 3872 3371 motae
3917 3317 3984 3371 et
4009 3296 4180 3351 ⁴¹·¹‘²·

2490 3404 2923 3467 determinatae
2984 3405 3112 3466 sint
3171 3405 3553 3485 quaestiones
3618 3406 3684 3469 in
3745 3406 3986 3488 quibus

2491 3522 2632 3584 quae
2671 3501 2775 3564 hic
2806 3500 3107 3564 dicuntur
3134 3510 3431 3566 contenta
3467 3512 3635 3566 sunt.
3672 3504 3768 3566 Fit
3804 3506 3992 3587 quip-

2495 3620 2573 3683 pe
2607 3600 2747 3663 talis
2789 3602 3135 3676 translatio,
3169 3610 3240 3663 ut
3269 3620 3346 3663 ex
3385 3602 3799 3666 sensibilibus
3839 3622 3994 3685 quo-

2496 3718 2620 3780 que
2670 3699 2989 3761 discamus
3041 3700 3457 3781 proprietates
3507 3719 3848 3781 agnoscere
3895 3702 3996 3763 di-

2495 3798 2828 3875 vinorum;
2877 3805 2941 3859 et
2993 3797 3169 3871 item,
3222 3806 3293 3860 ut
3349 3818 3426 3860 ex
3483 3799 3584 3861 his
3642 3799 4000 3863 habeamus

2498 3897 2827 3959 materiam
2876 3896 3295 3978 copiosiorem
3349 3897 3554 3959 laudis
3605 3898 3877 3978 divinae;
3925 3909 4004 3961 et

2497 4014 2739 4068 rursus,
2771 3994 2922 4076 quia
2961 3995 3369 4058 connaturale
3399 4005 3494 4057 est
3525 3996 3708 4059 nobis
3737 4016 3814 4059 ex
3849 4016 4004 4060 sen-

2498 4093 2685 4155 sitiva
2752 4094 3113 4175 cognitione
3175 4094 3252 4155 ad
3320 4094 3772 4157 intellectivam
3840 4114 3998 4177 pro-

892 4191 1185 4253 essentiae
1239 4192 1317 4253 ad
1377 4210 1734 4273 personam,
1798 4194 1906 4255 sed
1963 4211 2251 4275 personae
2306 4194 2384 4255 ad
2417 4196 2468 4257 D
2497 4192 2741 4266 cedere,
2792 4210 2870 4254 ex
2919 4191 3262 4255 effectibus
3310 4212 3566 4255 causam
3625 4211 3997 4276 agnoscere,

894 4306 1227 4369 personam
1288 4289 1699 4352 exsistentem
1756 4291 1837 4352 ab
1886 4290 2027 4353 alia.
2080 4292 2210 4354 Nec
2267 4292 2389 4355 ista

894 4386 1199 4449 habitudo
1240 4386 1545 4449 fundatur
1583 4408 1776 4470 super
1814 4390 2252 4471 acceptionem
2296 4391 2388 4452 in-

894 4484 1208 4560 tellectus,
1261 4487 1370 4548 sed
1418 4504 1612 4569 super
1660 4487 2029 4550 relationem
2080 4489 2317 4551 realem
2369 4506 2382 4550 :

894 4583 987 4645 sic
1046 4590 1256 4646 tamen
1317 4592 1385 4645 ut
1442 4583 1735 4648 efficiens
1793 4594 2051 4649 extense
2100 4595 2388 4649 sumatur

894 4700 1010 4764 pro
1059 4682 1379 4764 principio
1426 4684 1797 4764 originante.
1844 4720 1925 4729 —-
1972 4685 2192 4748 Omnis
2237 4703 2388 4766 ergo

892 4780 1282 4843 constructio
1322 4781 1387 4843 in
1418 4781 1653 4843 divinis
1690 4791 1983 4866 respectu
2020 4783 2386 4846 divinorum

890 4888 988 4942 est
1034 4879 1388 4941 secundum
1436 4879 1880 4943 habitudinem
1931 4901 2136 4945 causae
2183 4881 2388 4943 effici-

892 4978 1079 5053 entis,
1125 4985 1194 5039 ut
1236 4997 1435 5060 quum
1480 4978 1735 5053 dicitur,
1776 4980 1973 5042 Filius
2016 4979 2245 5059 Patris3
2285 4979 2386 5043 vel

892 5078 1246 5139 secundum
1307 5076 1747 5140 habitudinem
1810 5097 2015 5141 causae
2073 5077 2383 5153 formaliS,

892 5175 1057 5236 sicut
1088 5176 1243 5238 dum
1279 5176 1534 5250 dicitur,
1568 5175 1716 5238 Tres
1756 5195 2041 5258 personae
2074 5186 2223 5239 sunt
2255 5178 2389 5239 uni-

2495 4298 2684 4373 atque
2735 4310 2813 4354 ex
2871 4291 3230 4373 cognitione
3291 4291 3665 4373 imperfecta
3717 4292 3793 4354 ad
3849 4311 4006 4373 per-

2496 4388 2826 4452 fectiorem
2883 4390 3242 4452 ascendere.
3294 4391 3429 4453 lmo
3478 4389 3874 4471 frequentius
3923 4392 4004 4455 in

2497 4488 2842 4571 Scripturis
2881 4488 2958 4549 fit
2999 4488 3118 4550 ista
3151 4488 3478 4551 translatio
3514 4507 3591 4550 ex
3624 4488 3860 4551 vilibus
3901 4509 4008 4552 re-

2497 4586 2618 4648 bus
2661 4605 2853 4668 quam
2894 4586 3339 4661 nobilioribus,
3384 4594 3454 4647 ut
3493 4604 3572 4649 ex
3615 4585 3734 4649 hoc
3772 4587 4010 4649 adver-

2498 4693 2704 4747 tamus
2753 4686 2873 4747 ista
2914 4686 2992 4747 de
3039 4686 3168 4748 Deo
3215 4702 3339 4747 non
3390 4684 3648 4768 proprie
3690 4684 3836 4759 dici,
3879 4688 4006 4749 sed

2498 4782 2862 4845 translative
2902 4802 2976 4845 ac
3017 4781 3484 4865 metaphorice3
3525 4791 3590 4845 et
3633 4782 3887 4857 iterum,
3923 4793 4010 4847 ut

2499 4879 2870 4943 infidelibus
2911 4888 2974 4942 et
3013 4880 3290 4962 indignis
3330 4880 3724 4944 occultorum
3755 4881 4010 4946 veritas

2495 4979 2945 5053 abscondatur,
2979 4977 3164 5041 honis
3195 4996 3346 5041 vero
3374 4997 3448 5040 ac
3479 4979 3780 5042 studiosis
3809 4998 4005 5043 exer-

2499 5077 2715 5141 citatio
2744 5077 2928 5138 detur
2959 5076 3250 5159 perutilis
3281 5096 3354 5139 ac
3384 5076 3682 5145 salubris,
3715 5078 3888 5141 sicut
3917 5082 4006 5145 de

2496 5177 2595 5240 his
2638 5176 2893 5239 divinus
2937 5176 3272 5260 Dionysius
3314 5176 3539 5238 scribit
3579 5175 3911 5241 diffusius.

4059 5104 4122 5149 De
4135 5104 4296 5149 Cetea

4037 5167 4148 5211 hie.
4157 5181 4248 5223 cap.
4259 5180 4296 5207 n.
