<?xml version="1.0" encoding="UTF-8"?>
<!DOCTYPE html PUBLIC "-//W3C//DTD XHTML 1.0 Transitional//EN"
    "http://www.w3.org/TR/xhtml1/DTD/xhtml1-transitional.dtd">
<html xmlns="http://www.w3.org/1999/xhtml" xml:lang="en" lang="en">
 <head>
  <title>
</title>
<meta http-equiv="Content-Type" content="text/html;charset=utf-8" />
  <meta name='ocr-system' content='tesseract 3.04.00' />
  <meta name='ocr-capabilities' content='ocr_page ocr_carea ocr_par ocr_line ocrx_word'/>
</head>
<body>
  <div class='ocr_page' id='page_1' title='image "./doctorisecstati11unkngoog_0414.png"; bbox 0 0 4359 6250; ppageno 0'>
   <div class='ocr_carea' id='block_1_1' title="bbox 559 1773 814 1828">
    <p class='ocr_par' dir='ltr' id='par_1_1' title="bbox 559 1773 814 1828">
     <span class='ocr_line' id='line_1_1' title="bbox 559 1773 814 1828; baseline -0.012 -9"><span class='ocrx_word' id='word_1_1' title='bbox 559 1773 814 1828; x_wconf 53' lang='lat' dir='ltr'>amdan,</span> 
     </span>
    </p>
   </div>
   <div class='ocr_carea' id='block_1_2' title="bbox 837 484 958 551">
    <p class='ocr_par' dir='ltr' id='par_1_2' title="bbox 837 484 958 551">
     <span class='ocr_line' id='line_1_2' title="bbox 837 484 958 551; baseline 0 0"><span class='ocrx_word' id='word_1_2' title='bbox 837 484 958 551; x_wconf 76' lang='lat'>4⁰2</span> 
     </span>
    </p>
   </div>
   <div class='ocr_carea' id='block_1_3' title="bbox 1464 494 3311 559">
    <p class='ocr_par' dir='ltr' id='par_1_3' title="bbox 1464 494 3311 559">
     <span class='ocr_line' id='line_1_3' title="bbox 1464 494 3311 559; baseline -0.004 -12"><span class='ocrx_word' id='word_1_3' title='bbox 1464 501 1528 548; x_wconf 85' lang='lat' dir='ltr'>IN</span> <span class='ocrx_word' id='word_1_4' title='bbox 1569 500 1792 547; x_wconf 76' lang='lat' dir='ltr'>Limum</span> <span class='ocrx_word' id='word_1_5' title='bbox 1833 502 1854 547; x_wconf 90' lang='lat'>1</span> <span class='ocrx_word' id='word_1_6' title='bbox 1896 496 2379 546; x_wconf 60' lang='lat' dir='ltr'>SENTENTIARUR.</span> <span class='ocrx_word' id='word_1_7' title='bbox 2424 516 2506 526; x_wconf 92' lang='grc'>--</span> <span class='ocrx_word' id='word_1_8' title='bbox 2545 496 2698 543; x_wconf 77' lang='lat' dir='ltr'>DtsT.</span> <span class='ocrx_word' id='word_1_9' title='bbox 2744 495 2974 559; x_wconf 81' lang='lat' dir='ltr'>mvt3</span> <span class='ocrx_word' id='word_1_10' title='bbox 3019 494 3243 551; x_wconf 76' lang='lat' dir='ltr'><strong>QUAEST.</strong></span> <span class='ocrx_word' id='word_1_11' title='bbox 3290 495 3311 540; x_wconf 86' lang='lat'>1</span> 
     </span>
    </p>
   </div>
   <div class='ocr_carea' id='block_1_4' title="bbox 844 663 3943 755">
    <p class='ocr_par' dir='ltr' id='par_1_4' title="bbox 844 663 3943 755">
     <span class='ocr_line' id='line_1_4' title="bbox 844 663 3943 755; baseline -0.005 -18"><span class='ocrx_word' id='word_1_12' title='bbox 844 673 1164 755; x_wconf 85' lang='lat' dir='ltr'>intelligit,</span> <span class='ocrx_word' id='word_1_13' title='bbox 1217 673 1687 755; x_wconf 84' lang='lat' dir='ltr'>intelligibilem</span> <span class='ocrx_word' id='word_1_14' title='bbox 1736 690 1888 736; x_wconf 83' lang='lat' dir='ltr'>vero</span> <span class='ocrx_word' id='word_1_15' title='bbox 1937 671 2216 754; x_wconf 87' lang='lat' dir='ltr'>speciem</span> <span class='ocrx_word' id='word_1_16' title='bbox 2270 677 2340 731; x_wconf 94' lang='lat' dir='ltr'>ut</span> <span class='ocrx_word' id='word_1_17' title='bbox 2370 669 2422 732; x_wconf 93' lang='lat' dir='ltr'>A</span> <span class='ocrx_word' id='word_1_18' title='bbox 2453 669 2619 751; x_wconf 91' lang='lat' dir='ltr'>quod</span> <span class='ocrx_word' id='word_1_19' title='bbox 2668 669 2756 730; x_wconf 95' lang='lat' dir='ltr'>ait</span> <span class='ocrx_word' id='word_1_20' title='bbox 2806 669 2976 730; x_wconf 82' lang='lat' dir='ltr'><strong>ideas</strong></span> <span class='ocrx_word' id='word_1_21' title='bbox 3026 684 3153 729; x_wconf 90' lang='lat' dir='ltr'>non</span> <span class='ocrx_word' id='word_1_22' title='bbox 3207 684 3346 728; x_wconf 91' lang='lat' dir='ltr'>esse</span> <span class='ocrx_word' id='word_1_23' title='bbox 3398 663 3791 747; x_wconf 91' lang='lat' dir='ltr'>principium</span> <span class='ocrx_word' id='word_1_24' title='bbox 3842 679 3943 724; x_wconf 91' lang='lat' dir='ltr'>co-</span> 
     </span>
    </p>
   </div>
   <div class='ocr_carea' id='block_1_5' title="bbox 841 770 2343 1837">
    <p class='ocr_par' dir='ltr' id='par_1_5' title="bbox 841 770 2343 1837">
     <span class='ocr_line' id='line_1_5' title="bbox 843 770 2342 855; baseline -0.001 -21"><span class='ocrx_word' id='word_1_25' title='bbox 843 791 972 855; x_wconf 89' lang='lat' dir='ltr'>quo</span> <span class='ocrx_word' id='word_1_26' title='bbox 1010 772 1329 854; x_wconf 86' lang='lat' dir='ltr'>intelligit.</span> <span class='ocrx_word' id='word_1_27' title='bbox 1364 772 1584 836; x_wconf 89' lang='lat' dir='ltr'>Omnis</span> <span class='ocrx_word' id='word_1_28' title='bbox 1626 772 1799 834; x_wconf 91' lang='lat' dir='ltr'>enim</span> <span class='ocrx_word' id='word_1_29' title='bbox 1845 770 2143 852; x_wconf 77' lang='lat' dir='ltr'>cognitio,</span> <span class='ocrx_word' id='word_1_30' title='bbox 2187 788 2342 851; x_wconf 80' lang='lat' dir='ltr'>prae-</span> 
     </span>
     <span class='ocr_line' id='line_1_6' title="bbox 841 869 2341 952; baseline -0.003 -20"><span class='ocrx_word' id='word_1_31' title='bbox 841 871 1066 933; x_wconf 89' lang='lat' dir='ltr'>sertim</span> <span class='ocrx_word' id='word_1_32' title='bbox 1097 889 1225 952; x_wconf 86' lang='lat' dir='ltr'>qua</span> <span class='ocrx_word' id='word_1_33' title='bbox 1253 870 1398 952; x_wconf 91' lang='lat' dir='ltr'>quis</span> <span class='ocrx_word' id='word_1_34' title='bbox 1427 870 1553 932; x_wconf 91' lang='lat' dir='ltr'>alia</span> <span class='ocrx_word' id='word_1_35' title='bbox 1581 889 1618 932; x_wconf 94' lang='lat' dir='ltr'>a</span> <span class='ocrx_word' id='word_1_36' title='bbox 1647 889 1714 932; x_wconf 90' lang='lat' dir='ltr'>se</span> <span class='ocrx_word' id='word_1_37' title='bbox 1747 869 2066 950; x_wconf 88' lang='lat' dir='ltr'>intelligit,</span> <span class='ocrx_word' id='word_1_38' title='bbox 2099 876 2197 930; x_wconf 92' lang='lat' dir='ltr'>est</span> <span class='ocrx_word' id='word_1_39' title='bbox 2227 887 2341 950; x_wconf 87' lang='lat' dir='ltr'>per</span> 
     </span>
     <span class='ocr_line' id='line_1_7' title="bbox 841 966 2340 1049; baseline -0.001 -19"><span class='ocrx_word' id='word_1_40' title='bbox 841 969 1331 1031; x_wconf 85' lang='lat' dir='ltr'>similitudinem</span> <span class='ocrx_word' id='word_1_41' title='bbox 1381 968 1615 1049; x_wconf 81' lang='lat' dir='ltr'>cogniti</span> <span class='ocrx_word' id='word_1_42' title='bbox 1669 987 1683 1031; x_wconf 90' lang='lat'>:</span> <span class='ocrx_word' id='word_1_43' title='bbox 1734 974 1797 1030; x_wconf 89' lang='lat' dir='ltr'>et</span> <span class='ocrx_word' id='word_1_44' title='bbox 1845 967 2138 1049; x_wconf 88' lang='lat' dir='ltr'>quamvis</span> <span class='ocrx_word' id='word_1_45' title='bbox 2196 966 2340 1048; x_wconf 91' lang='lat' dir='ltr'>quis</span> 
     </span>
     <span class='ocr_line' id='line_1_8' title="bbox 841 1066 2343 1150; baseline -0.001 -20"><span class='ocrx_word' id='word_1_46' title='bbox 841 1086 959 1150; x_wconf 89' lang='lat' dir='ltr'>per</span> <span class='ocrx_word' id='word_1_47' title='bbox 996 1086 1176 1129; x_wconf 89' lang='lat' dir='ltr'>suam</span> <span class='ocrx_word' id='word_1_48' title='bbox 1221 1068 1562 1130; x_wconf 82' lang='lat' dir='ltr'>essentiam</span> <span class='ocrx_word' id='word_1_49' title='bbox 1607 1086 1673 1129; x_wconf 89' lang='lat' dir='ltr'>se</span> <span class='ocrx_word' id='word_1_50' title='bbox 1718 1067 2048 1147; x_wconf 89' lang='lat' dir='ltr'>intelligat,</span> <span class='ocrx_word' id='word_1_51' title='bbox 2092 1066 2212 1127; x_wconf 88' lang='lat' dir='ltr'>hoc</span> <span class='ocrx_word' id='word_1_52' title='bbox 2258 1075 2343 1128; x_wconf 87' lang='lat' dir='ltr'>ta-</span> 
     </span>
     <span class='ocr_line' id='line_1_9' title="bbox 842 1164 2342 1247; baseline -0.001 -19"><span class='ocrx_word' id='word_1_53' title='bbox 842 1184 990 1228; x_wconf 89' lang='lat' dir='ltr'>men</span> <span class='ocrx_word' id='word_1_54' title='bbox 1034 1174 1131 1228; x_wconf 89' lang='lat' dir='ltr'>est</span> <span class='ocrx_word' id='word_1_55' title='bbox 1177 1174 1361 1247; x_wconf 91' lang='lat' dir='ltr'>prout</span> <span class='ocrx_word' id='word_1_56' title='bbox 1408 1166 1682 1228; x_wconf 84' lang='lat' dir='ltr'>essentia</span> <span class='ocrx_word' id='word_1_57' title='bbox 1726 1185 1838 1228; x_wconf 90' lang='lat' dir='ltr'>sua</span> <span class='ocrx_word' id='word_1_58' title='bbox 1884 1173 1979 1227; x_wconf 90' lang='lat' dir='ltr'>est</span> <span class='ocrx_word' id='word_1_59' title='bbox 2028 1165 2151 1227; x_wconf 92' lang='lat' dir='ltr'>sibi</span> <span class='ocrx_word' id='word_1_60' title='bbox 2204 1164 2342 1226; x_wconf 92' lang='lat' dir='ltr'>loco</span> 
     </span>
     <span class='ocr_line' id='line_1_10' title="bbox 842 1263 2341 1345; baseline -0.001 -20"><span class='ocrx_word' id='word_1_61' title='bbox 842 1263 1266 1345; x_wconf 89' lang='lat' dir='ltr'>intelligibilis</span> <span class='ocrx_word' id='word_1_62' title='bbox 1314 1263 1553 1328; x_wconf 81' lang='lat' dir='ltr'>formae.</span> <span class='ocrx_word' id='word_1_63' title='bbox 1605 1265 1847 1326; x_wconf 79' lang='lat' dir='ltr'>Artifex</span> <span class='ocrx_word' id='word_1_64' title='bbox 1895 1271 2107 1326; x_wconf 85' lang='lat' dir='ltr'>autem</span> <span class='ocrx_word' id='word_1_65' title='bbox 2159 1264 2225 1324; x_wconf 92' lang='lat' dir='ltr'>in</span> <span class='ocrx_word' id='word_1_66' title='bbox 2274 1281 2341 1324; x_wconf 90' lang='lat' dir='ltr'>se</span> 
     </span>
     <span class='ocr_line' id='line_1_11' title="bbox 841 1361 2341 1444; baseline -0.001 -22"><span class='ocrx_word' id='word_1_67' title='bbox 841 1363 982 1443; x_wconf 91' lang='lat' dir='ltr'>ipso</span> <span class='ocrx_word' id='word_1_68' title='bbox 1027 1362 1300 1444; x_wconf 84' lang='lat' dir='ltr'>adspicit</span> <span class='ocrx_word' id='word_1_69' title='bbox 1343 1362 1421 1424; x_wconf 93' lang='lat' dir='ltr'>ad</span> <span class='ocrx_word' id='word_1_70' title='bbox 1465 1362 1737 1425; x_wconf 90' lang='lat' dir='ltr'>formam</span> <span class='ocrx_word' id='word_1_71' title='bbox 1783 1362 2215 1443; x_wconf 78' lang='lat' dir='ltr'>exemplarem</span> <span class='ocrx_word' id='word_1_72' title='bbox 2259 1361 2341 1422; x_wconf 90' lang='lat' dir='ltr'>si-</span> 
     </span>
     <span class='ocr_line' id='line_1_12' title="bbox 842 1459 2342 1542; baseline 0.001 -21"><span class='ocrx_word' id='word_1_73' title='bbox 842 1459 908 1521; x_wconf 93' lang='lat' dir='ltr'>bi</span> <span class='ocrx_word' id='word_1_74' title='bbox 959 1459 1399 1534; x_wconf 75' lang='lat' dir='ltr'>inhaerentem,</span> <span class='ocrx_word' id='word_1_75' title='bbox 1451 1469 1514 1522; x_wconf 90' lang='lat' dir='ltr'>et.</span> <span class='ocrx_word' id='word_1_76' title='bbox 1559 1461 1741 1542; x_wconf 87' lang='lat' dir='ltr'>juxta</span> <span class='ocrx_word' id='word_1_77' title='bbox 1792 1480 1932 1523; x_wconf 87' lang='lat' dir='ltr'>eam</span> <span class='ocrx_word' id='word_1_78' title='bbox 1982 1478 2142 1542; x_wconf 90' lang='lat' dir='ltr'>opus</span> <span class='ocrx_word' id='word_1_79' title='bbox 2193 1477 2342 1541; x_wconf 89' lang='lat' dir='ltr'>pro-</span> 
     </span>
     <span class='ocr_line' id='line_1_13' title="bbox 843 1558 2343 1640; baseline -0.001 -20"><span class='ocrx_word' id='word_1_80' title='bbox 843 1558 1038 1620; x_wconf 84' lang='lat' dir='ltr'>ducit.</span> <span class='ocrx_word' id='word_1_81' title='bbox 1087 1559 1261 1632; x_wconf 89' lang='lat' dir='ltr'>Quod</span> <span class='ocrx_word' id='word_1_82' title='bbox 1304 1559 1497 1620; x_wconf 88' lang='lat' dir='ltr'>etiam</span> <span class='ocrx_word' id='word_1_83' title='bbox 1541 1577 1618 1620; x_wconf 83' lang='lat' dir='ltr'>ex</span> <span class='ocrx_word' id='word_1_84' title='bbox 1663 1559 1988 1640; x_wconf 81' lang='lat' dir='ltr'>Scriptura</span> <span class='ocrx_word' id='word_1_85' title='bbox 2039 1558 2343 1639; x_wconf 88' lang='lat' dir='ltr'>probatur</span> 
     </span>
     <span class='ocr_line' id='line_1_14' title="bbox 844 1656 2340 1739; baseline -0.001 -21"><span class='ocrx_word' id='word_1_86' title='bbox 844 1657 1169 1731; x_wconf 88' lang='lat' dir='ltr'>canonica,</span> <span class='ocrx_word' id='word_1_87' title='bbox 1213 1657 1364 1739; x_wconf 86' lang='lat' dir='ltr'>quia</span> <span class='ocrx_word' id='word_1_88' title='bbox 1404 1657 1469 1718; x_wconf 92' lang='lat' dir='ltr'>in</span> <span class='ocrx_word' id='word_1_89' title='bbox 1511 1657 1725 1719; x_wconf 89' lang='lat' dir='ltr'>Exodo</span> <span class='ocrx_word' id='word_1_90' title='bbox 1765 1656 1996 1737; x_wconf 86' lang='lat' dir='ltr'>legitur</span> <span class='ocrx_word' id='word_1_91' title='bbox 2033 1657 2340 1718; x_wconf 89' lang='lat' dir='ltr'>Dominus</span> 
     </span>
     <span class='ocr_line' id='line_1_15' title="bbox 843 1754 2343 1837; baseline 0 -21"><span class='ocrx_word' id='word_1_92' title='bbox 843 1754 1039 1837; x_wconf 85' lang='lat' dir='ltr'>Moysi</span> <span class='ocrx_word' id='word_1_93' title='bbox 1089 1755 1466 1837; x_wconf 86' lang='lat' dir='ltr'>praecepisse</span> <span class='ocrx_word' id='word_1_94' title='bbox 1520 1772 1534 1816; x_wconf 74' lang='grc' dir='ltr'><em>τ</em></span> <span class='ocrx_word' id='word_1_95' title='bbox 1586 1756 1854 1837; x_wconf 79' lang='lat' dir='ltr'>Inspice,</span> <span class='ocrx_word' id='word_1_96' title='bbox 1907 1763 1970 1816; x_wconf 91' lang='lat' dir='ltr'>et</span> <span class='ocrx_word' id='word_1_97' title='bbox 2015 1754 2115 1816; x_wconf 88' lang='lat' dir='ltr'>fac</span> <span class='ocrx_word' id='word_1_98' title='bbox 2160 1755 2343 1835; x_wconf 84' lang='lat' dir='ltr'>juxta</span> 
     </span>
    </p>
   </div>
   <div class='ocr_carea' id='block_1_6' title="bbox 2449 763 3957 1832">
    <p class='ocr_par' dir='ltr' id='par_1_6' title="bbox 2449 763 3957 1832">
     <span class='ocr_line' id='line_1_16' title="bbox 2449 763 3947 847; baseline -0.005 -18"><span class='ocrx_word' id='word_1_99' title='bbox 2449 766 2819 847; x_wconf 89' lang='lat' dir='ltr'>gnoscendi,</span> <span class='ocrx_word' id='word_1_100' title='bbox 2855 785 2971 828; x_wconf 92' lang='lat' dir='ltr'>nec</span> <span class='ocrx_word' id='word_1_101' title='bbox 3002 767 3201 827; x_wconf 89' lang='lat' dir='ltr'>Deum</span> <span class='ocrx_word' id='word_1_102' title='bbox 3238 763 3592 844; x_wconf 88' lang='lat' dir='ltr'>intelligere</span> <span class='ocrx_word' id='word_1_103' title='bbox 3624 769 3947 823; x_wconf 88' lang='lat' dir='ltr'>creaturas</span> 
     </span>
     <span class='ocr_line' id='line_1_17' title="bbox 2450 859 3951 946; baseline -0.005 -19"><span class='ocrx_word' id='word_1_104' title='bbox 2450 885 2563 946; x_wconf 89' lang='lat' dir='ltr'>per</span> <span class='ocrx_word' id='word_1_105' title='bbox 2606 885 2787 927; x_wconf 90' lang='lat' dir='ltr'>suam</span> <span class='ocrx_word' id='word_1_106' title='bbox 2829 863 3173 926; x_wconf 83' lang='lat' dir='ltr'>essentiam</span> <span class='ocrx_word' id='word_1_107' title='bbox 3219 870 3287 924; x_wconf 90' lang='lat' dir='ltr'>ut</span> <span class='ocrx_word' id='word_1_108' title='bbox 3334 869 3428 924; x_wconf 88' lang='lat' dir='ltr'>est</span> <span class='ocrx_word' id='word_1_109' title='bbox 3478 859 3837 922; x_wconf 90' lang='lat' dir='ltr'>similitudo</span> <span class='ocrx_word' id='word_1_110' title='bbox 3886 867 3951 920; x_wconf 91' lang='lat' dir='ltr'>et</span> 
     </span>
     <span class='ocr_line' id='line_1_18' title="bbox 2450 959 3953 1045; baseline -0.004 -20"><span class='ocrx_word' id='word_1_111' title='bbox 2450 963 2776 1045; x_wconf 89' lang='lat' dir='ltr'>exemplar</span> <span class='ocrx_word' id='word_1_112' title='bbox 2806 962 3082 1035; x_wconf 89' lang='lat' dir='ltr'>illarum,</span> <span class='ocrx_word' id='word_1_113' title='bbox 3113 960 3245 1042; x_wconf 90' lang='lat' dir='ltr'>jam</span> <span class='ocrx_word' id='word_1_114' title='bbox 3277 980 3353 1023; x_wconf 84' lang='lat' dir='ltr'>ex</span> <span class='ocrx_word' id='word_1_115' title='bbox 3384 959 3597 1022; x_wconf 83' lang='lat' dir='ltr'>verbis</span> <span class='ocrx_word' id='word_1_116' title='bbox 3626 959 3953 1020; x_wconf 79' lang='lat' dir='ltr'>Bonaven-</span> 
     </span>
     <span class='ocr_line' id='line_1_19' title="bbox 2449 1057 3947 1141; baseline -0.004 -18"><span class='ocrx_word' id='word_1_117' title='bbox 2449 1070 2609 1125; x_wconf 85' lang='lat' dir='ltr'>turae</span> <span class='ocrx_word' id='word_1_118' title='bbox 2638 1070 2700 1123; x_wconf 89' lang='lat' dir='ltr'>et</span> <span class='ocrx_word' id='word_1_119' title='bbox 2729 1061 3000 1124; x_wconf 91' lang='lat' dir='ltr'>aliorum</span> <span class='ocrx_word' id='word_1_120' title='bbox 3032 1061 3359 1122; x_wconf 81' lang='lat' dir='ltr'>evidenter</span> <span class='ocrx_word' id='word_1_121' title='bbox 3388 1066 3481 1120; x_wconf 92' lang='lat' dir='ltr'>est</span> <span class='ocrx_word' id='word_1_122' title='bbox 3513 1057 3947 1141; x_wconf 87' lang='lat' dir='ltr'>reprobatum.</span> 
     </span>
     <span class='ocr_line' id='line_1_20' title="bbox 2449 1156 3955 1243; baseline -0.005 -20"><span class='ocrx_word' id='word_1_123' title='bbox 2449 1161 2872 1243; x_wconf 81' lang='lat' dir='ltr'>-AmpliuS,</span> <span class='ocrx_word' id='word_1_124' title='bbox 2925 1167 3135 1222; x_wconf 86' lang='lat' dir='ltr'>creata</span> <span class='ocrx_word' id='word_1_125' title='bbox 3182 1159 3456 1222; x_wconf 87' lang='lat' dir='ltr'>essentia</span> <span class='ocrx_word' id='word_1_126' title='bbox 3504 1165 3575 1219; x_wconf 88' lang='lat' dir='ltr'>ut</span> <span class='ocrx_word' id='word_1_127' title='bbox 3627 1156 3955 1219; x_wconf 88' lang='lat' dir='ltr'>intellecta</span> 
     </span>
     <span class='ocr_line' id='line_1_21' title="bbox 2450 1254 3951 1339; baseline -0.003 -19"><span class='ocrx_word' id='word_1_128' title='bbox 2450 1278 2486 1320; x_wconf 91' lang='lat' dir='ltr'>a</span> <span class='ocrx_word' id='word_1_129' title='bbox 2518 1261 2665 1328; x_wconf 91' lang='lat' dir='ltr'>Deo,</span> <span class='ocrx_word' id='word_1_130' title='bbox 2690 1259 3053 1320; x_wconf 89' lang='lat' dir='ltr'>nullatenus</span> <span class='ocrx_word' id='word_1_131' title='bbox 3086 1266 3289 1339; x_wconf 89' lang='lat' dir='ltr'>potest·</span> <span class='ocrx_word' id='word_1_132' title='bbox 3320 1276 3460 1320; x_wconf 83' lang='lat' dir='ltr'>esse</span> <span class='ocrx_word' id='word_1_133' title='bbox 3490 1256 3818 1338; x_wconf 88' lang='lat' dir='ltr'>exemplar</span> <span class='ocrx_word' id='word_1_134' title='bbox 3848 1254 3951 1316; x_wconf 89' lang='lat' dir='ltr'>sui</span> 
     </span>
     <span class='ocr_line' id='line_1_22' title="bbox 2453 1353 3950 1439; baseline -0.003 -21"><span class='ocrx_word' id='word_1_135' title='bbox 2453 1358 2654 1439; x_wconf 90' lang='lat' dir='ltr'>ipsius</span> <span class='ocrx_word' id='word_1_136' title='bbox 2701 1366 2769 1418; x_wconf 82' lang='lat' dir='ltr'>ut</span> <span class='ocrx_word' id='word_1_137' title='bbox 2812 1356 3229 1438; x_wconf 84' lang='lat' dir='ltr'>producibilis</span> <span class='ocrx_word' id='word_1_138' title='bbox 3280 1364 3389 1418; x_wconf 91' lang='lat' dir='ltr'>aut</span> <span class='ocrx_word' id='word_1_139' title='bbox 3431 1356 3779 1437; x_wconf 81' lang='lat' dir='ltr'>productae‚</span> <span class='ocrx_word' id='word_1_140' title='bbox 3824 1353 3950 1414; x_wconf 88' lang='lat' dir='ltr'>nisi</span> 
     </span>
     <span class='ocr_line' id='line_1_23' title="bbox 2454 1452 3955 1534; baseline -0.004 -16"><span class='ocrx_word' id='word_1_141' title='bbox 2454 1456 2777 1520; x_wconf 85' lang='lat' dir='ltr'>fontaliter</span> <span class='ocrx_word' id='word_1_142' title='bbox 2812 1475 2892 1517; x_wconf 88' lang='lat' dir='ltr'>ex</span> <span class='ocrx_word' id='word_1_143' title='bbox 2935 1455 3333 1517; x_wconf 90' lang='lat' dir='ltr'>institutione</span> <span class='ocrx_word' id='word_1_144' title='bbox 3369 1455 3660 1516; x_wconf 79' lang='lat' dir='ltr'>increatae</span> <span class='ocrx_word' id='word_1_145' title='bbox 3690 1452 3955 1534; x_wconf 88' lang='lat' dir='ltr'>Sapien-</span> 
     </span>
     <span class='ocr_line' id='line_1_24' title="bbox 2452 1550 3955 1635; baseline -0.004 -19"><span class='ocrx_word' id='word_1_146' title='bbox 2452 1555 2555 1618; x_wconf 83' lang='lat' dir='ltr'>tiae</span> <span class='ocrx_word' id='word_1_147' title='bbox 2606 1555 2997 1635; x_wconf 87' lang='lat' dir='ltr'>increatique</span> <span class='ocrx_word' id='word_1_148' title='bbox 3040 1553 3422 1635; x_wconf 85' lang='lat' dir='ltr'>exemplaris</span> <span class='ocrx_word' id='word_1_149' title='bbox 3470 1551 3835 1613; x_wconf 87' lang='lat' dir='ltr'>exsistentis</span> <span class='ocrx_word' id='word_1_150' title='bbox 3886 1550 3955 1611; x_wconf 83' lang='lat' dir='ltr'>in</span> 
     </span>
     <span class='ocr_line' id='line_1_25' title="bbox 2454 1649 3957 1733; baseline -0.003 -18"><span class='ocrx_word' id='word_1_151' title='bbox 2454 1662 2665 1715; x_wconf 89' lang='lat' dir='ltr'>mente</span> <span class='ocrx_word' id='word_1_152' title='bbox 2724 1652 2961 1726; x_wconf 82' lang='lat' dir='ltr'>divina,</span> <span class='ocrx_word' id='word_1_153' title='bbox 3013 1671 3157 1733; x_wconf 84' lang='lat' dir='ltr'>quae</span> <span class='ocrx_word' id='word_1_154' title='bbox 3205 1659 3459 1713; x_wconf 89' lang='lat' dir='ltr'>naturas</span> <span class='ocrx_word' id='word_1_155' title='bbox 3519 1649 3797 1712; x_wconf 87' lang='lat' dir='ltr'>instituit</span> <span class='ocrx_word' id='word_1_156' title='bbox 3858 1668 3957 1711; x_wconf 88' lang='lat' dir='ltr'>re-</span> 
     </span>
     <span class='ocr_line' id='line_1_26' title="bbox 2454 1747 3955 1832; baseline -0.003 -20"><span class='ocrx_word' id='word_1_157' title='bbox 2454 1771 2619 1821; x_wconf 90' lang='lat' dir='ltr'>rum,</span> <span class='ocrx_word' id='word_1_158' title='bbox 2661 1758 2724 1813; x_wconf 87' lang='lat' dir='ltr'>et</span> <span class='ocrx_word' id='word_1_159' title='bbox 2764 1751 2917 1832; x_wconf 89' lang='lat' dir='ltr'>quid</span> <span class='ocrx_word' id='word_1_160' title='bbox 2960 1750 3307 1831; x_wconf 89' lang='lat' dir='ltr'>unicuique</span> <span class='ocrx_word' id='word_1_161' title='bbox 3344 1748 3564 1810; x_wconf 87' lang='lat' dir='ltr'>debeat</span> <span class='ocrx_word' id='word_1_162' title='bbox 3609 1747 3955 1810; x_wconf 83' lang='lat' dir='ltr'>convenire</span> 
     </span>
    </p>
   </div>
   <div class='ocr_carea' id='block_1_7' title="bbox 845 1846 3953 1934">
    <p class='ocr_par' dir='ltr' id='par_1_7' title="bbox 845 1846 3953 1934">
     <span class='ocr_line' id='line_1_27' title="bbox 845 1846 3953 1934; baseline -0.003 -19"><span class='ocrx_word' id='word_1_163' title='bbox 845 1853 1170 1934; x_wconf 83' lang='lat' dir='ltr'>exemplar</span> <span class='ocrx_word' id='word_1_164' title='bbox 1208 1853 1380 1934; x_wconf 88' lang='lat' dir='ltr'>quod</span> <span class='ocrx_word' id='word_1_165' title='bbox 1419 1852 1535 1914; x_wconf 92' lang='lat' dir='ltr'>tibi</span> <span class='ocrx_word' id='word_1_166' title='bbox 1569 1853 1632 1915; x_wconf 91' lang='lat' dir='ltr'>in</span> <span class='ocrx_word' id='word_1_167' title='bbox 1666 1862 1880 1915; x_wconf 90' lang='lat' dir='ltr'>monte</span> <span class='ocrx_word' id='word_1_168' title='bbox 1919 1860 2339 1915; x_wconf 90' lang='lat' dir='ltr'>monstratum</span> <span class='ocrx_word' id='word_1_169' title='bbox 2376 1852 2425 1915; x_wconf 90' lang='lat' dir='ltr'><strong>B</strong></span> <span class='ocrx_word' id='word_1_170' title='bbox 2456 1849 2802 1931; x_wconf 82' lang='lat' dir='ltr'>praefinivit</span> <span class='ocrx_word' id='word_1_171' title='bbox 2844 1857 2906 1910; x_wconf 91' lang='lat' dir='ltr'>et</span> <span class='ocrx_word' id='word_1_172' title='bbox 2949 1847 3396 1910; x_wconf 81' lang='lat' dir='ltr'>determinavit</span> <span class='ocrx_word' id='word_1_173' title='bbox 3436 1847 3501 1909; x_wconf 90' lang='lat' dir='ltr'>in</span> <span class='ocrx_word' id='word_1_174' title='bbox 3544 1846 3891 1927; x_wconf 88' lang='lat' dir='ltr'>semetipsa</span> <span class='ocrx_word' id='word_1_175' title='bbox 3934 1863 3953 1906; x_wconf 90' lang='lat'><strong>:</strong></span> 
     </span>
    </p>
   </div>
   <div class='ocr_carea' id='block_1_8' title="bbox 845 1949 2344 2325">
    <p class='ocr_par' dir='ltr' id='par_1_8' title="bbox 845 1949 2344 2325">
     <span class='ocr_line' id='line_1_28' title="bbox 846 1949 2340 2032; baseline 0.001 -21"><span class='ocrx_word' id='word_1_176' title='bbox 846 1959 960 2012; x_wconf 91' lang='lat' dir='ltr'>est.</span> <span class='ocrx_word' id='word_1_177' title='bbox 1011 1951 1157 2014; x_wconf 87' lang='lat' dir='ltr'>Ideo</span> <span class='ocrx_word' id='word_1_178' title='bbox 1209 1950 1372 2012; x_wconf 90' lang='lat' dir='ltr'>male</span> <span class='ocrx_word' id='word_1_179' title='bbox 1422 1968 1645 2013; x_wconf 87' lang='lat' dir='ltr'>sonare</span> <span class='ocrx_word' id='word_1_180' title='bbox 1694 1959 1989 2012; x_wconf 91' lang='lat' dir='ltr'>censetur</span> <span class='ocrx_word' id='word_1_181' title='bbox 2036 1950 2205 2032; x_wconf 91' lang='lat' dir='ltr'>quod</span> <span class='ocrx_word' id='word_1_182' title='bbox 2254 1949 2340 2012; x_wconf 91' lang='lat' dir='ltr'>ait</span> 
     </span>
     <span class='ocr_line' id='line_1_29' title="bbox 850 2048 2341 2131; baseline -0.001 -20"><span class='ocrx_word' id='word_1_183' title='bbox 850 2049 1207 2124; x_wconf 90' lang='lat' dir='ltr'>Durandus,</span> <span class='ocrx_word' id='word_1_184' title='bbox 1242 2050 1412 2131; x_wconf 86' lang='lat' dir='ltr'>quod</span> <span class='ocrx_word' id='word_1_185' title='bbox 1442 2049 1632 2111; x_wconf 90' lang='lat' dir='ltr'>etiam</span> <span class='ocrx_word' id='word_1_186' title='bbox 1665 2049 1731 2111; x_wconf 91' lang='lat' dir='ltr'>in</span> <span class='ocrx_word' id='word_1_187' title='bbox 1765 2049 1948 2112; x_wconf 90' lang='lat' dir='ltr'>nobis</span> <span class='ocrx_word' id='word_1_188' title='bbox 1980 2048 2341 2111; x_wconf 90' lang='lat' dir='ltr'>intellectus</span> 
     </span>
     <span class='ocr_line' id='line_1_30' title="bbox 845 2145 2341 2227; baseline 0 -21"><span class='ocrx_word' id='word_1_189' title='bbox 845 2145 1114 2208; x_wconf 88' lang='lat' dir='ltr'>artificis</span> <span class='ocrx_word' id='word_1_190' title='bbox 1175 2165 1501 2227; x_wconf 85' lang='lat' dir='ltr'>nunquam</span> <span class='ocrx_word' id='word_1_191' title='bbox 1570 2145 1830 2227; x_wconf 88' lang='lat' dir='ltr'>inspicit</span> <span class='ocrx_word' id='word_1_192' title='bbox 1889 2147 1965 2207; x_wconf 90' lang='lat' dir='ltr'>ad</span> <span class='ocrx_word' id='word_1_193' title='bbox 2031 2145 2341 2208; x_wconf 88' lang='lat' dir='ltr'>rationem</span> 
     </span>
     <span class='ocr_line' id='line_1_31' title="bbox 847 2243 2344 2325; baseline 0 -21"><span class='ocrx_word' id='word_1_194' title='bbox 847 2262 960 2305; x_wconf 89' lang='lat' dir='ltr'>seu</span> <span class='ocrx_word' id='word_1_195' title='bbox 1001 2243 1281 2325; x_wconf 91' lang='lat' dir='ltr'>speciem</span> <span class='ocrx_word' id='word_1_196' title='bbox 1312 2243 1706 2325; x_wconf 89' lang='lat' dir='ltr'>intelligendi</span> <span class='ocrx_word' id='word_1_197' title='bbox 1741 2263 1755 2306; x_wconf 75' lang='grc' dir='ltr'><strong>ε</strong></span> <span class='ocrx_word' id='word_1_198' title='bbox 1791 2263 1932 2324; x_wconf 83' lang='lat' dir='ltr'>quae</span> <span class='ocrx_word' id='word_1_199' title='bbox 1963 2244 2208 2325; x_wconf 90' lang='lat' dir='ltr'>species</span> <span class='ocrx_word' id='word_1_200' title='bbox 2248 2249 2344 2304; x_wconf 92' lang='lat' dir='ltr'>est</span> 
     </span>
    </p>
   </div>
   <div class='ocr_carea' id='block_1_9' title="bbox 743 2341 2345 2424">
    <p class='ocr_par' dir='ltr' id='par_1_9' title="bbox 743 2341 2345 2424">
     <span class='ocr_line' id='line_1_32' title="bbox 743 2341 2345 2424; baseline -0.001 -21"><span class='ocrx_word' id='word_1_201' title='bbox 743 2355 750 2376; x_wconf 83' lang='lat'><strong>¹</strong></span> <span class='ocrx_word' id='word_1_202' title='bbox 847 2342 1192 2424; x_wconf 83' lang='lat' dir='ltr'>exemplar.</span> <span class='ocrx_word' id='word_1_203' title='bbox 1229 2342 1318 2404; x_wconf 86' lang='lat' dir='ltr'>Ex</span> <span class='ocrx_word' id='word_1_204' title='bbox 1351 2341 1588 2424; x_wconf 84' lang='lat' dir='ltr'>quibus</span> <span class='ocrx_word' id='word_1_205' title='bbox 1625 2349 1796 2423; x_wconf 90' lang='lat' dir='ltr'>patet</span> <span class='ocrx_word' id='word_1_206' title='bbox 1827 2361 2049 2404; x_wconf 88' lang='lat' dir='ltr'>verum</span> <span class='ocrx_word' id='word_1_207' title='bbox 2086 2359 2213 2403; x_wconf 90' lang='lat' dir='ltr'>non</span> <span class='ocrx_word' id='word_1_208' title='bbox 2252 2360 2345 2402; x_wconf 92' lang='lat' dir='ltr'>es-</span> 
     </span>
    </p>
   </div>
   <div class='ocr_carea' id='block_1_10' title="bbox 601 4126 777 4171">
    <p class='ocr_par' dir='ltr' id='par_1_10' title="bbox 601 4126 777 4171">
     <span class='ocr_line' id='line_1_33' title="bbox 601 4126 777 4171; baseline 0 0"><span class='ocrx_word' id='word_1_209' title='bbox 601 4126 777 4171; x_wconf 71' lang='lat' dir='ltr'>Ezeeh.</span> 
     </span>
    </p>
   </div>
   <div class='ocr_carea' id='block_1_11' title="bbox 559 4192 796 4241">
    <p class='ocr_par' dir='ltr' id='par_1_11' title="bbox 559 4192 796 4241">
     <span class='ocr_line' id='line_1_34' title="bbox 559 4192 796 4241; baseline 0 -8"><span class='ocrx_word' id='word_1_210' title='bbox 559 4204 704 4241; x_wconf 76' lang='lat' dir='ltr'>xxviii,</span> <span class='ocrx_word' id='word_1_211' title='bbox 731 4192 796 4234; x_wconf 80' lang='lat'>12.</span> 
     </span>
    </p>
   </div>
   <div class='ocr_carea' id='block_1_12' title="bbox 845 2440 2348 3005">
    <p class='ocr_par' dir='ltr' id='par_1_12' title="bbox 845 2440 2348 3005">
     <span class='ocr_line' id='line_1_35' title="bbox 847 2440 2341 2522; baseline -0.001 -20"><span class='ocrx_word' id='word_1_212' title='bbox 847 2459 914 2502; x_wconf 90' lang='lat' dir='ltr'>se</span> <span class='ocrx_word' id='word_1_213' title='bbox 946 2441 1115 2522; x_wconf 84' lang='lat' dir='ltr'>quod</span> <span class='ocrx_word' id='word_1_214' title='bbox 1145 2441 1234 2502; x_wconf 93' lang='lat' dir='ltr'>ait</span> <span class='ocrx_word' id='word_1_215' title='bbox 1258 2441 1605 2513; x_wconf 65' lang='lat' dir='ltr'>Durandus</span> <span class='ocrx_word' id='word_1_216' title='bbox 1628 2440 1832 2502; x_wconf 89' lang='lat' dir='ltr'>ideam</span> <span class='ocrx_word' id='word_1_217' title='bbox 1863 2458 2001 2502; x_wconf 91' lang='lat' dir='ltr'>esse</span> <span class='ocrx_word' id='word_1_218' title='bbox 2034 2440 2341 2502; x_wconf 86' lang='lat' dir='ltr'>rationem</span> 
     </span>
     <span class='ocr_line' id='line_1_36' title="bbox 849 2536 2345 2620; baseline -0.001 -21"><span class='ocrx_word' id='word_1_219' title='bbox 849 2537 940 2599; x_wconf 88' lang='lat' dir='ltr'>rei</span> <span class='ocrx_word' id='word_1_220' title='bbox 983 2538 1394 2600; x_wconf 85' lang='lat' dir='ltr'>exsistentem</span> <span class='ocrx_word' id='word_1_221' title='bbox 1433 2538 1602 2620; x_wconf 92' lang='lat' dir='ltr'>apud</span> <span class='ocrx_word' id='word_1_222' title='bbox 1646 2537 2038 2599; x_wconf 89' lang='lat' dir='ltr'>intellectum</span> <span class='ocrx_word' id='word_1_223' title='bbox 2083 2536 2345 2618; x_wconf 89' lang='lat' dir='ltr'>objecti-</span> 
     </span>
     <span class='ocr_line' id='line_1_37' title="bbox 847 2634 2345 2717; baseline -0.001 -20"><span class='ocrx_word' id='word_1_224' title='bbox 847 2653 925 2698; x_wconf 78' lang='grc' dir='ltr'>νο</span> <span class='ocrx_word' id='word_1_225' title='bbox 961 2652 975 2697; x_wconf 88' lang='lat'>:</span> <span class='ocrx_word' id='word_1_226' title='bbox 1023 2634 1154 2698; x_wconf 89' lang='lat' dir='ltr'>imo</span> <span class='ocrx_word' id='word_1_227' title='bbox 1197 2637 1361 2709; x_wconf 80' lang='lat' dir='ltr'>dioc,</span> <span class='ocrx_word' id='word_1_228' title='bbox 1405 2636 1573 2717; x_wconf 86' lang='lat' dir='ltr'>quod</span> <span class='ocrx_word' id='word_1_229' title='bbox 1619 2635 1757 2697; x_wconf 88' lang='lat' dir='ltr'>idea</span> <span class='ocrx_word' id='word_1_230' title='bbox 1801 2643 1896 2697; x_wconf 90' lang='lat' dir='ltr'>est</span> <span class='ocrx_word' id='word_1_231' title='bbox 1937 2635 2098 2698; x_wconf 89' lang='lat' dir='ltr'>ratio</span> <span class='ocrx_word' id='word_1_232' title='bbox 2141 2635 2232 2696; x_wconf 89' lang='lat' dir='ltr'>rei</span> <span class='ocrx_word' id='word_1_233' title='bbox 2278 2635 2345 2696; x_wconf 92' lang='lat' dir='ltr'>in</span> 
     </span>
     <span class='ocr_line' id='line_1_38' title="bbox 849 2734 2348 2816; baseline -0.001 -20"><span class='ocrx_word' id='word_1_234' title='bbox 849 2734 1178 2798; x_wconf 89' lang='lat' dir='ltr'>intellectu</span> <span class='ocrx_word' id='word_1_235' title='bbox 1228 2736 1539 2796; x_wconf 85' lang='lat' dir='ltr'>exsistens</span> <span class='ocrx_word' id='word_1_236' title='bbox 1587 2734 1957 2797; x_wconf 84' lang='lat' dir='ltr'>formaliter.</span> <span class='ocrx_word' id='word_1_237' title='bbox 2008 2735 2084 2797; x_wconf 88' lang='lat' dir='ltr'>Et</span> <span class='ocrx_word' id='word_1_238' title='bbox 2127 2753 2348 2816; x_wconf 86' lang='lat' dir='ltr'>quam-</span> 
     </span>
     <span class='ocr_line' id='line_1_39' title="bbox 845 2833 2347 2896; baseline -0.003 0"><span class='ocrx_word' id='word_1_239' title='bbox 845 2833 944 2896; x_wconf 83' lang='lat' dir='ltr'>vis</span> <span class='ocrx_word' id='word_1_240' title='bbox 994 2834 1062 2896; x_wconf 92' lang='lat' dir='ltr'>in</span> <span class='ocrx_word' id='word_1_241' title='bbox 1113 2841 1325 2896; x_wconf 90' lang='lat' dir='ltr'>mente</span> <span class='ocrx_word' id='word_1_242' title='bbox 1379 2833 1596 2896; x_wconf 86' lang='lat' dir='ltr'>divina</span> <span class='ocrx_word' id='word_1_243' title='bbox 1648 2851 1776 2895; x_wconf 92' lang='lat' dir='ltr'>non</span> <span class='ocrx_word' id='word_1_244' title='bbox 1830 2833 1913 2895; x_wconf 89' lang='lat' dir='ltr'>sit</span> <span class='ocrx_word' id='word_1_245' title='bbox 1965 2833 2347 2895; x_wconf 79' lang='lat' dir='ltr'>inhaerenter</span> 
     </span>
     <span class='ocr_line' id='line_1_40' title="bbox 848 2931 2347 3005; baseline -0.001 -12"><span class='ocrx_word' id='word_1_246' title='bbox 848 2931 1014 2994; x_wconf 91' lang='lat' dir='ltr'>sicut</span> <span class='ocrx_word' id='word_1_247' title='bbox 1045 2931 1111 2994; x_wconf 91' lang='lat' dir='ltr'>in</span> <span class='ocrx_word' id='word_1_248' title='bbox 1142 2940 1354 2994; x_wconf 90' lang='lat' dir='ltr'>mente</span> <span class='ocrx_word' id='word_1_249' title='bbox 1395 2938 1623 3005; x_wconf 88' lang='lat' dir='ltr'>creata,</span> <span class='ocrx_word' id='word_1_250' title='bbox 1657 2939 1752 2992; x_wconf 89' lang='lat' dir='ltr'>est</span> <span class='ocrx_word' id='word_1_251' title='bbox 1790 2939 2000 2993; x_wconf 89' lang='lat' dir='ltr'>tamen</span> <span class='ocrx_word' id='word_1_252' title='bbox 2037 2931 2098 2992; x_wconf 93' lang='lat' dir='ltr'>in</span> <span class='ocrx_word' id='word_1_253' title='bbox 2141 2950 2216 2992; x_wconf 90' lang='lat' dir='ltr'>ea</span> <span class='ocrx_word' id='word_1_254' title='bbox 2244 2949 2347 2992; x_wconf 81' lang='lat' dir='ltr'>vc-</span> 
     </span>
    </p>
   </div>
   <div class='ocr_carea' id='block_1_13' title="bbox 2450 1943 3963 3008">
    <p class='ocr_par' dir='ltr' id='par_1_13' title="bbox 2450 1943 3963 3008">
     <span class='ocr_line' id='line_1_41' title="bbox 2456 1943 3957 2024; baseline -0.001 -16"><span class='ocrx_word' id='word_1_255' title='bbox 2456 1947 2621 2008; x_wconf 89' lang='lat' dir='ltr'>unde</span> <span class='ocrx_word' id='word_1_256' title='bbox 2653 1957 2717 2008; x_wconf 91' lang='lat' dir='ltr'>et</span> <span class='ocrx_word' id='word_1_257' title='bbox 2746 1965 2845 2008; x_wconf 91' lang='lat' dir='ltr'>res</span> <span class='ocrx_word' id='word_1_258' title='bbox 2877 1953 3100 2008; x_wconf 81' lang='lat' dir='ltr'>creatae</span> <span class='ocrx_word' id='word_1_259' title='bbox 3130 1945 3434 2007; x_wconf 88' lang='lat' dir='ltr'>dicuntur</span> <span class='ocrx_word' id='word_1_260' title='bbox 3460 1963 3625 2006; x_wconf 86' lang='lat' dir='ltr'>verae</span> <span class='ocrx_word' id='word_1_261' title='bbox 3657 1943 3722 2005; x_wconf 90' lang='lat' dir='ltr'>in</span> <span class='ocrx_word' id='word_1_262' title='bbox 3756 1962 3957 2024; x_wconf 85' lang='lat' dir='ltr'>quau-</span> 
     </span>
     <span class='ocr_line' id='line_1_42' title="bbox 2454 2041 3955 2124; baseline 0 -20"><span class='ocrx_word' id='word_1_263' title='bbox 2454 2051 2590 2107; x_wconf 93' lang='lat' dir='ltr'>tum</span> <span class='ocrx_word' id='word_1_264' title='bbox 2643 2044 3123 2106; x_wconf 86' lang='lat' dir='ltr'>conformantur</span> <span class='ocrx_word' id='word_1_265' title='bbox 3170 2051 3231 2105; x_wconf 92' lang='lat' dir='ltr'>et</span> <span class='ocrx_word' id='word_1_266' title='bbox 3283 2043 3781 2124; x_wconf 87' lang='lat' dir='ltr'>correspondent</span> <span class='ocrx_word' id='word_1_267' title='bbox 3828 2041 3955 2104; x_wconf 88' lang='lat' dir='ltr'>hu·</span> 
     </span>
     <span class='ocr_line' id='line_1_43' title="bbox 2450 2139 3952 2224; baseline -0.003 -20"><span class='ocrx_word' id='word_1_268' title='bbox 2450 2143 2732 2224; x_wconf 89' lang='lat' dir='ltr'>jusmodi</span> <span class='ocrx_word' id='word_1_269' title='bbox 2760 2162 2889 2205; x_wconf 79' lang='lat' dir='ltr'>suae</span> <span class='ocrx_word' id='word_1_270' title='bbox 2915 2142 3141 2204; x_wconf 88' lang='lat' dir='ltr'>rationi</span> <span class='ocrx_word' id='word_1_271' title='bbox 3170 2141 3355 2203; x_wconf 87' lang='lat' dir='ltr'>ideali</span> <span class='ocrx_word' id='word_1_272' title='bbox 3386 2142 3449 2202; x_wconf 91' lang='lat' dir='ltr'>in</span> <span class='ocrx_word' id='word_1_273' title='bbox 3476 2148 3690 2203; x_wconf 89' lang='lat' dir='ltr'>mente</span> <span class='ocrx_word' id='word_1_274' title='bbox 3708 2139 3952 2203; x_wconf 84' lang='lat' dir='ltr'>divina.</span> 
     </span>
     <span class='ocr_line' id='line_1_44' title="bbox 2453 2239 3953 2322; baseline 0.001 -19"><span class='ocrx_word' id='word_1_275' title='bbox 2453 2242 2659 2314; x_wconf 87' lang='lat' dir='ltr'>Quum</span> <span class='ocrx_word' id='word_1_276' title='bbox 2706 2259 2854 2322; x_wconf 89' lang='lat' dir='ltr'>ergo</span> <span class='ocrx_word' id='word_1_277' title='bbox 2898 2241 3079 2322; x_wconf 87' lang='lat' dir='ltr'>juxta</span> <span class='ocrx_word' id='word_1_278' title='bbox 3127 2240 3510 2303; x_wconf 88' lang='lat' dir='ltr'>documenta</span> <span class='ocrx_word' id='word_1_279' title='bbox 3546 2239 3953 2304; x_wconf 83' lang='lat' dir='ltr'>Sanctorum.</span> 
     </span>
     <span class='ocr_line' id='line_1_45' title="bbox 2457 2337 3961 2422; baseline -0.004 -20"><span class='ocrx_word' id='word_1_280' title='bbox 2457 2339 2789 2421; x_wconf 88' lang='lat' dir='ltr'>potissime</span> <span class='ocrx_word' id='word_1_281' title='bbox 2838 2339 3120 2422; x_wconf 84' lang='lat' dir='ltr'>Dionysii</span> <span class='ocrx_word' id='word_1_282' title='bbox 3170 2346 3233 2401; x_wconf 91' lang='lat' dir='ltr'>et</span> <span class='ocrx_word' id='word_1_283' title='bbox 3279 2338 3639 2419; x_wconf 86' lang='lat' dir='ltr'>Augustini,</span> <span class='ocrx_word' id='word_1_284' title='bbox 3687 2337 3827 2400; x_wconf 87' lang='lat' dir='ltr'>idea</span> <span class='ocrx_word' id='word_1_285' title='bbox 3872 2337 3961 2398; x_wconf 88' lang='lat' dir='ltr'>sit</span> 
     </span>
     <span class='ocr_line' id='line_1_46' title="bbox 2454 2435 3963 2520; baseline -0.001 -21"><span class='ocrx_word' id='word_1_286' title='bbox 2454 2439 2710 2520; x_wconf 89' lang='lat' dir='ltr'>proprie</span> <span class='ocrx_word' id='word_1_287' title='bbox 2760 2438 2990 2519; x_wconf 87' lang='lat' dir='ltr'>prima,</span> <span class='ocrx_word' id='word_1_288' title='bbox 3043 2436 3419 2519; x_wconf 88' lang='lat' dir='ltr'>principalis</span> <span class='ocrx_word' id='word_1_289' title='bbox 3463 2445 3657 2517; x_wconf 83' lang='lat' dir='ltr'>atque</span> <span class='ocrx_word' id='word_1_290' title='bbox 3704 2435 3963 2517; x_wconf 90' lang='lat' dir='ltr'>simpli-</span> 
     </span>
     <span class='ocr_line' id='line_1_47' title="bbox 2455 2535 3957 2616; baseline -0.001 -19"><span class='ocrx_word' id='word_1_291' title='bbox 2455 2537 2613 2598; x_wconf 89' lang='lat' dir='ltr'>citer</span> <span class='ocrx_word' id='word_1_292' title='bbox 2655 2536 2913 2600; x_wconf 89' lang='lat' dir='ltr'>fontalis</span> <span class='ocrx_word' id='word_1_293' title='bbox 2960 2536 3167 2598; x_wconf 88' lang='lat' dir='ltr'>forma</span> <span class='ocrx_word' id='word_1_294' title='bbox 3213 2555 3287 2598; x_wconf 91' lang='lat' dir='ltr'>ac</span> <span class='ocrx_word' id='word_1_295' title='bbox 3336 2535 3495 2598; x_wconf 88' lang='lat' dir='ltr'>ratio</span> <span class='ocrx_word' id='word_1_296' title='bbox 3542 2535 3957 2616; x_wconf 75' lang='lat' dir='ltr'>exemplariS,</span> 
     </span>
     <span class='ocr_line' id='line_1_48' title="bbox 2455 2632 3963 2717; baseline -0.001 -22"><span class='ocrx_word' id='word_1_297' title='bbox 2455 2635 2707 2696; x_wconf 82' lang='lat' dir='ltr'>videtur</span> <span class='ocrx_word' id='word_1_298' title='bbox 2752 2634 2912 2696; x_wconf 92' lang='lat' dir='ltr'>mihi</span> <span class='ocrx_word' id='word_1_299' title='bbox 2957 2634 3138 2717; x_wconf 90' lang='lat' dir='ltr'>quasi</span> <span class='ocrx_word' id='word_1_300' title='bbox 3180 2633 3547 2716; x_wconf 88' lang='lat' dir='ltr'>oppositum</span> <span class='ocrx_word' id='word_1_301' title='bbox 3597 2633 3661 2695; x_wconf 90' lang='lat' dir='ltr'>in</span> <span class='ocrx_word' id='word_1_302' title='bbox 3703 2632 3963 2713; x_wconf 85' lang='lat' dir='ltr'>adjecto</span> 
     </span>
     <span class='ocr_line' id='line_1_49' title="bbox 2456 2730 3963 2815; baseline -0.001 -21"><span class='ocrx_word' id='word_1_303' title='bbox 2456 2741 2519 2794; x_wconf 87' lang='lat' dir='ltr'>ct</span> <span class='ocrx_word' id='word_1_304' title='bbox 2560 2732 2915 2814; x_wconf 84' lang='lat' dir='ltr'>implicatio</span> <span class='ocrx_word' id='word_1_305' title='bbox 2955 2733 3269 2815; x_wconf 83' lang='lat' dir='ltr'>quaedam,</span> <span class='ocrx_word' id='word_1_306' title='bbox 3302 2732 3513 2794; x_wconf 91' lang='lat' dir='ltr'>dicere</span> <span class='ocrx_word' id='word_1_307' title='bbox 3563 2731 3729 2813; x_wconf 87' lang='lat' dir='ltr'>quod</span> <span class='ocrx_word' id='word_1_308' title='bbox 3778 2730 3963 2811; x_wconf 86' lang='lat' dir='ltr'>obje-</span> 
     </span>
     <span class='ocr_line' id='line_1_50' title="bbox 2458 2828 3963 2892; baseline -0.001 -1"><span class='ocrx_word' id='word_1_309' title='bbox 2458 2838 2631 2892; x_wconf 92' lang='lat' dir='ltr'>ctum</span> <span class='ocrx_word' id='word_1_310' title='bbox 2676 2830 3125 2892; x_wconf 89' lang='lat' dir='ltr'>secundarium</span> <span class='ocrx_word' id='word_1_311' title='bbox 3171 2848 3283 2892; x_wconf 88' lang='lat' dir='ltr'>seu</span> <span class='ocrx_word' id='word_1_312' title='bbox 3328 2837 3536 2892; x_wconf 86' lang='lat' dir='ltr'>creata</span> <span class='ocrx_word' id='word_1_313' title='bbox 3577 2828 3963 2890; x_wconf 81' lang='lat' dir='ltr'>creabilisve</span> 
     </span>
     <span class='ocr_line' id='line_1_51' title="bbox 2456 2926 3963 3008; baseline -0.001 -18"><span class='ocrx_word' id='word_1_314' title='bbox 2456 2929 2733 2990; x_wconf 86' lang='lat' dir='ltr'>essentia</span> <span class='ocrx_word' id='word_1_315' title='bbox 2765 2936 2832 2989; x_wconf 91' lang='lat' dir='ltr'>ut</span> <span class='ocrx_word' id='word_1_316' title='bbox 2862 2928 3173 2990; x_wconf 90' lang='lat' dir='ltr'>divinitus</span> <span class='ocrx_word' id='word_1_317' title='bbox 3206 2928 3547 3000; x_wconf 88' lang='lat' dir='ltr'>intellecta,</span> <span class='ocrx_word' id='word_1_318' title='bbox 3582 2928 3661 2989; x_wconf 89' lang='lat' dir='ltr'>sit</span> <span class='ocrx_word' id='word_1_319' title='bbox 3696 2926 3963 3008; x_wconf 87' lang='lat' dir='ltr'>proprie</span> 
     </span>
    </p>
   </div>
   <div class='ocr_carea' id='block_1_14' title="bbox 849 3024 3967 3112">
    <p class='ocr_par' dir='ltr' id='par_1_14' title="bbox 849 3024 3967 3112">
     <span class='ocr_line' id='line_1_52' title="bbox 849 3024 3967 3112; baseline -0.002 -20"><span class='ocrx_word' id='word_1_320' title='bbox 849 3049 918 3092; x_wconf 90' lang='lat' dir='ltr'>re</span> <span class='ocrx_word' id='word_1_321' title='bbox 960 3030 1312 3092; x_wconf 84' lang='lat' dir='ltr'>formaliter</span> <span class='ocrx_word' id='word_1_322' title='bbox 1350 3048 1426 3092; x_wconf 90' lang='lat' dir='ltr'>eo</span> <span class='ocrx_word' id='word_1_323' title='bbox 1469 3031 1657 3092; x_wconf 91' lang='lat' dir='ltr'>modo</span> <span class='ocrx_word' id='word_1_324' title='bbox 1698 3047 1825 3112; x_wconf 90' lang='lat' dir='ltr'>quo</span> <span class='ocrx_word' id='word_1_325' title='bbox 1865 3029 2198 3111; x_wconf 86' lang='lat' dir='ltr'>sapientia,</span> <span class='ocrx_word' id='word_1_326' title='bbox 2240 3049 2344 3092; x_wconf 80' lang='lat' dir='ltr'>ve·</span> <span class='ocrx_word' id='word_1_327' title='bbox 2376 3030 2419 3092; x_wconf 91' lang='lat' dir='ltr'>C</span> <span class='ocrx_word' id='word_1_328' title='bbox 2457 3027 2610 3101; x_wconf 83' lang='lat' dir='ltr'>idea,</span> <span class='ocrx_word' id='word_1_329' title='bbox 2626 3035 2687 3088; x_wconf 89' lang='lat' dir='ltr'>et</span> <span class='ocrx_word' id='word_1_330' title='bbox 2716 3026 2915 3107; x_wconf 84' lang='lat' dir='ltr'>magis</span> <span class='ocrx_word' id='word_1_331' title='bbox 2941 3026 3197 3108; x_wconf 89' lang='lat' dir='ltr'>propria</span> <span class='ocrx_word' id='word_1_332' title='bbox 3219 3044 3409 3108; x_wconf 89' lang='lat' dir='ltr'>quam</span> <span class='ocrx_word' id='word_1_333' title='bbox 3438 3025 3655 3088; x_wconf 80' lang='lat' dir='ltr'>divina</span> <span class='ocrx_word' id='word_1_334' title='bbox 3678 3024 3967 3087; x_wconf 83' lang='lat' dir='ltr'>essentia</span> 
     </span>
    </p>
   </div>
   <div class='ocr_carea' id='block_1_15' title="bbox 841 3129 2349 5374">
    <p class='ocr_par' dir='ltr' id='par_1_15' title="bbox 847 3129 2349 4271">
     <span class='ocr_line' id='line_1_53' title="bbox 850 3129 2349 3210; baseline -0.001 -19"><span class='ocrx_word' id='word_1_335' title='bbox 850 3130 1026 3201; x_wconf 82' lang='lat' dir='ltr'>ritaS,</span> <span class='ocrx_word' id='word_1_336' title='bbox 1067 3129 1337 3210; x_wconf 89' lang='lat' dir='ltr'>justitia,</span> <span class='ocrx_word' id='word_1_337' title='bbox 1379 3148 1503 3203; x_wconf 81' lang='lat' dir='ltr'>arS,</span> <span class='ocrx_word' id='word_1_338' title='bbox 1547 3130 1835 3203; x_wconf 90' lang='lat' dir='ltr'>scientia,</span> <span class='ocrx_word' id='word_1_339' title='bbox 1877 3129 2179 3191; x_wconf 88' lang='lat' dir='ltr'>dicuntur</span> <span class='ocrx_word' id='word_1_340' title='bbox 2223 3129 2349 3191; x_wconf 91' lang='lat' dir='ltr'>for-</span> 
     </span>
     <span class='ocr_line' id='line_1_54' title="bbox 850 3226 2341 3309; baseline 0 -21"><span class='ocrx_word' id='word_1_341' title='bbox 850 3226 1102 3288; x_wconf 88' lang='lat' dir='ltr'>maliter</span> <span class='ocrx_word' id='word_1_342' title='bbox 1131 3235 1195 3288; x_wconf 93' lang='lat' dir='ltr'>et</span> <span class='ocrx_word' id='word_1_343' title='bbox 1226 3226 1480 3309; x_wconf 90' lang='lat' dir='ltr'>proprie</span> <span class='ocrx_word' id='word_1_344' title='bbox 1509 3245 1646 3289; x_wconf 88' lang='lat' dir='ltr'>esse</span> <span class='ocrx_word' id='word_1_345' title='bbox 1679 3227 1745 3289; x_wconf 92' lang='lat' dir='ltr'>in</span> <span class='ocrx_word' id='word_1_346' title='bbox 1776 3228 1921 3290; x_wconf 91' lang='lat' dir='ltr'>Deo.</span> <span class='ocrx_word' id='word_1_347' title='bbox 1946 3263 2027 3271; x_wconf 97' lang='lat'><strong>—</strong></span> <span class='ocrx_word' id='word_1_348' title='bbox 2055 3228 2341 3309; x_wconf 88' lang='lat' dir='ltr'>Insuper,</span> 
     </span>
     <span class='ocr_line' id='line_1_55' title="bbox 850 3324 2344 3406; baseline 0.001 -21"><span class='ocrx_word' id='word_1_349' title='bbox 850 3324 1144 3406; x_wconf 89' lang='lat' dir='ltr'>quamvis</span> <span class='ocrx_word' id='word_1_350' title='bbox 1192 3332 1479 3386; x_wconf 86' lang='lat' dir='ltr'>creatura</span> <span class='ocrx_word' id='word_1_351' title='bbox 1534 3341 1661 3387; x_wconf 91' lang='lat' dir='ltr'>non</span> <span class='ocrx_word' id='word_1_352' title='bbox 1723 3325 2006 3387; x_wconf 88' lang='lat' dir='ltr'>imitetur</span> <span class='ocrx_word' id='word_1_353' title='bbox 2060 3325 2344 3387; x_wconf 89' lang='lat' dir='ltr'>divinam</span> 
     </span>
     <span class='ocr_line' id='line_1_56' title="bbox 849 3422 2348 3504; baseline 0 -19"><span class='ocrx_word' id='word_1_354' title='bbox 849 3423 1191 3485; x_wconf 87' lang='lat' dir='ltr'>essentiam</span> <span class='ocrx_word' id='word_1_355' title='bbox 1231 3422 1355 3484; x_wconf 90' lang='lat' dir='ltr'>nisi</span> <span class='ocrx_word' id='word_1_356' title='bbox 1393 3423 1787 3504; x_wconf 86' lang='lat' dir='ltr'>imperfecte,</span> <span class='ocrx_word' id='word_1_357' title='bbox 1828 3432 2038 3487; x_wconf 87' lang='lat' dir='ltr'>tamen</span> <span class='ocrx_word' id='word_1_358' title='bbox 2075 3424 2348 3485; x_wconf 88' lang='lat' dir='ltr'>imitatio</span> 
     </span>
     <span class='ocr_line' id='line_1_57' title="bbox 852 3520 2345 3605; baseline 0.001 -23"><span class='ocrx_word' id='word_1_359' title='bbox 852 3520 962 3582; x_wconf 86' lang='lat' dir='ltr'>illa</span> <span class='ocrx_word' id='word_1_360' title='bbox 1001 3520 1247 3583; x_wconf 90' lang='lat' dir='ltr'>sufficit</span> <span class='ocrx_word' id='word_1_361' title='bbox 1285 3522 1362 3583; x_wconf 87' lang='lat' dir='ltr'>ad</span> <span class='ocrx_word' id='word_1_362' title='bbox 1401 3522 1710 3584; x_wconf 86' lang='lat' dir='ltr'>rationem</span> <span class='ocrx_word' id='word_1_363' title='bbox 1754 3522 1909 3585; x_wconf 86' lang='lat' dir='ltr'>ideae</span> <span class='ocrx_word' id='word_1_364' title='bbox 1954 3523 2211 3605; x_wconf 89' lang='lat' dir='ltr'>proprie</span> <span class='ocrx_word' id='word_1_365' title='bbox 2254 3522 2345 3584; x_wconf 93' lang='lat' dir='ltr'>di-</span> 
     </span>
     <span class='ocr_line' id='line_1_58' title="bbox 851 3620 2349 3702; baseline 0.003 -23"><span class='ocrx_word' id='word_1_366' title='bbox 851 3626 988 3693; x_wconf 79' lang='lat' dir='ltr'>ctae,</span> <span class='ocrx_word' id='word_1_367' title='bbox 1025 3626 1213 3701; x_wconf 86' lang='lat' dir='ltr'>prout</span> <span class='ocrx_word' id='word_1_368' title='bbox 1251 3620 1329 3681; x_wconf 91' lang='lat' dir='ltr'>de</span> <span class='ocrx_word' id='word_1_369' title='bbox 1369 3639 1443 3681; x_wconf 89' lang='lat' dir='ltr'>ea</span> <span class='ocrx_word' id='word_1_370' title='bbox 1483 3620 1694 3683; x_wconf 83' lang='lat' dir='ltr'>Sancti</span> <span class='ocrx_word' id='word_1_371' title='bbox 1727 3620 2095 3702; x_wconf 90' lang='lat' dir='ltr'>loquuntur,</span> <span class='ocrx_word' id='word_1_372' title='bbox 2129 3640 2349 3702; x_wconf 89' lang='lat' dir='ltr'>quem-</span> 
     </span>
     <span class='ocr_line' id='line_1_59' title="bbox 849 3717 2347 3783; baseline 0.001 -4"><span class='ocrx_word' id='word_1_373' title='bbox 849 3718 1193 3780; x_wconf 90' lang='lat' dir='ltr'>admodum</span> <span class='ocrx_word' id='word_1_374' title='bbox 1232 3717 1426 3781; x_wconf 89' lang='lat' dir='ltr'>etiam</span> <span class='ocrx_word' id='word_1_375' title='bbox 1458 3717 1704 3781; x_wconf 88' lang='lat' dir='ltr'>sufficit-</span> <span class='ocrx_word' id='word_1_376' title='bbox 1741 3721 1818 3781; x_wconf 95' lang='lat' dir='ltr'>ad</span> <span class='ocrx_word' id='word_1_377' title='bbox 1850 3719 2159 3783; x_wconf 89' lang='lat' dir='ltr'>rationem</span> <span class='ocrx_word' id='word_1_378' title='bbox 2192 3720 2347 3781; x_wconf 91' lang='lat' dir='ltr'>ima-</span> 
     </span>
     <span class='ocr_line' id='line_1_60' title="bbox 847 3816 2346 3899; baseline 0.001 -22"><span class='ocrx_word' id='word_1_379' title='bbox 847 3816 1018 3896; x_wconf 87' lang='lat' dir='ltr'>ginis</span> <span class='ocrx_word' id='word_1_380' title='bbox 1075 3835 1148 3879; x_wconf 90' lang='lat' dir='ltr'>ac</span> <span class='ocrx_word' id='word_1_381' title='bbox 1206 3816 1650 3879; x_wconf 87' lang='lat' dir='ltr'>similitudinis</span> <span class='ocrx_word' id='word_1_382' title='bbox 1709 3837 1835 3899; x_wconf 89' lang='lat' dir='ltr'>qua</span> <span class='ocrx_word' id='word_1_383' title='bbox 1886 3818 2346 3880; x_wconf 89' lang='lat' dir='ltr'>intellectuales</span> 
     </span>
     <span class='ocr_line' id='line_1_61' title="bbox 852 3914 2345 3979; baseline 0.002 -5"><span class='ocrx_word' id='word_1_384' title='bbox 852 3920 1155 3977; x_wconf 81' lang='lat' dir='ltr'>creaturae</span> <span class='ocrx_word' id='word_1_385' title='bbox 1203 3914 1504 3977; x_wconf 91' lang='lat' dir='ltr'>dicuntur</span> <span class='ocrx_word' id='word_1_386' title='bbox 1561 3916 1638 3977; x_wconf 91' lang='lat' dir='ltr'>ad</span> <span class='ocrx_word' id='word_1_387' title='bbox 1699 3934 1964 3979; x_wconf 86' lang='lat' dir='ltr'>summae</span> <span class='ocrx_word' id='word_1_388' title='bbox 2023 3915 2345 3977; x_wconf 88' lang='lat' dir='ltr'>Trinitatis</span> 
     </span>
     <span class='ocr_line' id='line_1_62' title="bbox 851 4011 2342 4095; baseline 0.003 -23"><span class='ocrx_word' id='word_1_389' title='bbox 851 4011 1196 4092; x_wconf 82' lang='lat' dir='ltr'>imaginem</span> <span class='ocrx_word' id='word_1_390' title='bbox 1263 4012 1882 4095; x_wconf 86' lang='lat' dir='ltr'>similitudinemque</span> <span class='ocrx_word' id='word_1_391' title='bbox 1944 4014 2266 4095; x_wconf 83' lang='lat' dir='ltr'>productae</span> <span class='ocrx_word' id='word_1_392' title='bbox 2328 4032 2342 4077; x_wconf 73' lang='grc' dir='ltr'>ε</span> 
     </span>
     <span class='ocr_line' id='line_1_63' title="bbox 854 4108 2349 4191; baseline 0.001 -22"><span class='ocrx_word' id='word_1_393' title='bbox 854 4108 984 4170; x_wconf 90' lang='lat' dir='ltr'>imo</span> <span class='ocrx_word' id='word_1_394' title='bbox 1020 4117 1083 4169; x_wconf 88' lang='lat' dir='ltr'>et</span> <span class='ocrx_word' id='word_1_395' title='bbox 1123 4110 1411 4190; x_wconf 83' lang='lat' dir='ltr'>quaedam</span> <span class='ocrx_word' id='word_1_396' title='bbox 1453 4118 1739 4172; x_wconf 89' lang='lat' dir='ltr'>creatura</span> <span class='ocrx_word' id='word_1_397' title='bbox 1768 4118 2032 4172; x_wconf 86' lang='lat' dir='ltr'>vocatur</span> <span class='ocrx_word' id='word_1_398' title='bbox 2059 4110 2349 4191; x_wconf 86' lang='lat' dir='ltr'>signacu-</span> 
     </span>
     <span class='ocr_line' id='line_1_64' title="bbox 854 4204 1648 4271; baseline 0.006 -5"><span class='ocrx_word' id='word_1_399' title='bbox 854 4204 988 4267; x_wconf 89' lang='lat' dir='ltr'>lum</span> <span class='ocrx_word' id='word_1_400' title='bbox 1032 4206 1473 4269; x_wconf 89' lang='lat' dir='ltr'>similitudinis</span> <span class='ocrx_word' id='word_1_401' title='bbox 1516 4208 1648 4271; x_wconf 90' lang='lat' dir='ltr'>Dei.</span> 
     </span>
    </p>

    <p class='ocr_par' dir='ltr' id='par_1_16' title="bbox 841 4303 2347 5374">
     <span class='ocr_line' id='line_1_65' title="bbox 934 4303 2345 4389; baseline 0.002 -24"><span class='ocrx_word' id='word_1_402' title='bbox 934 4303 1111 4376; x_wconf 87' lang='lat' dir='ltr'>Quod</span> <span class='ocrx_word' id='word_1_403' title='bbox 1149 4305 1408 4367; x_wconf 89' lang='lat' dir='ltr'>demum</span> <span class='ocrx_word' id='word_1_404' title='bbox 1449 4308 1781 4370; x_wconf 89' lang='lat' dir='ltr'>Durandus</span> <span class='ocrx_word' id='word_1_405' title='bbox 1818 4308 1994 4381; x_wconf 85' lang='lat' dir='ltr'>dicit,</span> <span class='ocrx_word' id='word_1_406' title='bbox 2028 4308 2345 4389; x_wconf 88' lang='lat' dir='ltr'>quiddita-</span> 
     </span>
     <span class='ocr_line' id='line_1_66' title="bbox 855 4404 2344 4489; baseline 0.003 -26"><span class='ocrx_word' id='word_1_407' title='bbox 855 4410 949 4465; x_wconf 91' lang='lat' dir='ltr'>tes</span> <span class='ocrx_word' id='word_1_408' title='bbox 989 4420 1202 4464; x_wconf 89' lang='lat' dir='ltr'>rerum</span> <span class='ocrx_word' id='word_1_409' title='bbox 1242 4404 1576 4485; x_wconf 86' lang='lat' dir='ltr'>specificas</span> <span class='ocrx_word' id='word_1_410' title='bbox 1607 4424 1733 4468; x_wconf 89' lang='lat' dir='ltr'>non</span> <span class='ocrx_word' id='word_1_411' title='bbox 1767 4425 1950 4489; x_wconf 88' lang='lat' dir='ltr'>posse</span> <span class='ocrx_word' id='word_1_412' title='bbox 1980 4406 2213 4468; x_wconf 89' lang='lat' dir='ltr'>habere</span> <span class='ocrx_word' id='word_1_413' title='bbox 2253 4407 2344 4467; x_wconf 89' lang='lat' dir='ltr'>di-</span> 
     </span>
     <span class='ocr_line' id='line_1_67' title="bbox 853 4502 2346 4589; baseline 0.002 -25"><span class='ocrx_word' id='word_1_414' title='bbox 853 4502 1068 4565; x_wconf 86' lang='lat' dir='ltr'>vinam</span> <span class='ocrx_word' id='word_1_415' title='bbox 1108 4503 1449 4565; x_wconf 85' lang='lat' dir='ltr'>essentiam</span> <span class='ocrx_word' id='word_1_416' title='bbox 1481 4523 1595 4585; x_wconf 89' lang='lat' dir='ltr'>pro</span> <span class='ocrx_word' id='word_1_417' title='bbox 1627 4505 1786 4580; x_wconf 90' lang='lat' dir='ltr'>idea,</span> <span class='ocrx_word' id='word_1_418' title='bbox 1820 4507 1911 4568; x_wconf 92' lang='lat' dir='ltr'>nil</span> <span class='ocrx_word' id='word_1_419' title='bbox 1953 4506 2210 4589; x_wconf 88' lang='lat' dir='ltr'>penitus</span> <span class='ocrx_word' id='word_1_420' title='bbox 2242 4526 2346 4567; x_wconf 77' lang='lat' dir='ltr'>va-</span> 
     </span>
     <span class='ocr_line' id='line_1_68' title="bbox 851 4600 2346 4683; baseline 0.003 -21"><span class='ocrx_word' id='word_1_421' title='bbox 851 4600 978 4681; x_wconf 91' lang='lat' dir='ltr'>let;</span> <span class='ocrx_word' id='word_1_422' title='bbox 1011 4609 1073 4663; x_wconf 88' lang='lat' dir='ltr'>et</span> <span class='ocrx_word' id='word_1_423' title='bbox 1103 4602 1261 4664; x_wconf 91' lang='lat' dir='ltr'>ratio</span> <span class='ocrx_word' id='word_1_424' title='bbox 1302 4621 1493 4683; x_wconf 86' lang='lat' dir='ltr'>quam</span> <span class='ocrx_word' id='word_1_425' title='bbox 1533 4603 1811 4677; x_wconf 84' lang='lat' dir='ltr'>adducit,</span> <span class='ocrx_word' id='word_1_426' title='bbox 1845 4613 1937 4667; x_wconf 89' lang='lat' dir='ltr'>est</span> <span class='ocrx_word' id='word_1_427' title='bbox 1979 4604 2174 4667; x_wconf 91' lang='lat' dir='ltr'>nulla.</span> <span class='ocrx_word' id='word_1_428' title='bbox 2211 4605 2346 4667; x_wconf 91' lang='lat' dir='ltr'>Imo</span> 
     </span>
     <span class='ocr_line' id='line_1_69' title="bbox 845 4700 2345 4784; baseline 0.003 -23"><span class='ocrx_word' id='word_1_429' title='bbox 845 4717 924 4763; x_wconf 90' lang='lat' dir='ltr'>eo</span> <span class='ocrx_word' id='word_1_430' title='bbox 966 4700 1106 4782; x_wconf 92' lang='lat' dir='ltr'>ipso</span> <span class='ocrx_word' id='word_1_431' title='bbox 1147 4717 1274 4783; x_wconf 91' lang='lat' dir='ltr'>quo</span> <span class='ocrx_word' id='word_1_432' title='bbox 1315 4700 1701 4781; x_wconf 89' lang='lat' dir='ltr'>quidditates</span> <span class='ocrx_word' id='word_1_433' title='bbox 1745 4720 1958 4764; x_wconf 89' lang='lat' dir='ltr'>rerum</span> <span class='ocrx_word' id='word_1_434' title='bbox 2005 4722 2120 4784; x_wconf 92' lang='lat' dir='ltr'>per</span> <span class='ocrx_word' id='word_1_435' title='bbox 2159 4703 2345 4765; x_wconf 91' lang='lat' dir='ltr'>ratio-</span> 
     </span>
     <span class='ocr_line' id='line_1_70' title="bbox 843 4798 2345 4883; baseline 0.002 -23"><span class='ocrx_word' id='word_1_436' title='bbox 843 4818 991 4861; x_wconf 91' lang='lat' dir='ltr'>nem</span> <span class='ocrx_word' id='word_1_437' title='bbox 1031 4817 1213 4861; x_wconf 91' lang='lat' dir='ltr'>suam</span> <span class='ocrx_word' id='word_1_438' title='bbox 1257 4798 1627 4881; x_wconf 87' lang='lat' dir='ltr'>specificam</span> <span class='ocrx_word' id='word_1_439' title='bbox 1674 4808 1739 4862; x_wconf 89' lang='lat' dir='ltr'>et</span> <span class='ocrx_word' id='word_1_440' title='bbox 1785 4801 2108 4883; x_wconf 91' lang='lat' dir='ltr'>propriam</span> <span class='ocrx_word' id='word_1_441' title='bbox 2161 4801 2345 4863; x_wconf 90' lang='lat' dir='ltr'>diffe-</span> 
     </span>
     <span class='ocr_line' id='line_1_71' title="bbox 842 4895 2347 4978; baseline 0.002 -22"><span class='ocrx_word' id='word_1_442' title='bbox 842 4895 1115 4958; x_wconf 88' lang='lat' dir='ltr'>rentiam</span> <span class='ocrx_word' id='word_1_443' title='bbox 1155 4896 1488 4957; x_wconf 88' lang='lat' dir='ltr'>imitantur</span> <span class='ocrx_word' id='word_1_444' title='bbox 1531 4898 1882 4959; x_wconf 89' lang='lat' dir='ltr'>secundum</span> <span class='ocrx_word' id='word_1_445' title='bbox 1927 4905 2171 4960; x_wconf 88' lang='lat' dir='ltr'>certum</span> <span class='ocrx_word' id='word_1_446' title='bbox 2216 4916 2347 4978; x_wconf 86' lang='lat' dir='ltr'>gra-</span> 
     </span>
     <span class='ocr_line' id='line_1_72' title="bbox 844 4994 2344 5077; baseline 0.001 -21"><span class='ocrx_word' id='word_1_447' title='bbox 844 4994 998 5056; x_wconf 92' lang='lat' dir='ltr'>dum</span> <span class='ocrx_word' id='word_1_448' title='bbox 1032 4994 1486 5077; x_wconf 88' lang='lat' dir='ltr'>perfectionem</span> <span class='ocrx_word' id='word_1_449' title='bbox 1518 4995 1751 5059; x_wconf 82' lang='lat' dir='ltr'>divinae</span> <span class='ocrx_word' id='word_1_450' title='bbox 1781 4996 2071 5059; x_wconf 85' lang='lat' dir='ltr'>essentiae</span> <span class='ocrx_word' id='word_1_451' title='bbox 2102 5004 2164 5057; x_wconf 91' lang='lat' dir='ltr'>et</span> <span class='ocrx_word' id='word_1_452' title='bbox 2204 4997 2344 5077; x_wconf 89' lang='lat' dir='ltr'>ejus</span> 
     </span>
     <span class='ocr_line' id='line_1_73' title="bbox 843 5092 2345 5175; baseline 0.001 -22"><span class='ocrx_word' id='word_1_453' title='bbox 843 5092 1196 5154; x_wconf 88' lang='lat' dir='ltr'>bonitatem</span> <span class='ocrx_word' id='word_1_454' title='bbox 1248 5093 1651 5175; x_wconf 87' lang='lat' dir='ltr'>participant,</span> <span class='ocrx_word' id='word_1_455' title='bbox 1705 5093 1942 5155; x_wconf 86' lang='lat' dir='ltr'>habent</span> <span class='ocrx_word' id='word_1_456' title='bbox 1990 5094 2198 5175; x_wconf 88' lang='lat' dir='ltr'>ipsam</span> <span class='ocrx_word' id='word_1_457' title='bbox 2249 5113 2345 5155; x_wconf 90' lang='lat' dir='ltr'>es-</span> 
     </span>
     <span class='ocr_line' id='line_1_74' title="bbox 841 5190 2346 5275; baseline 0.003 -24"><span class='ocrx_word' id='word_1_458' title='bbox 841 5190 1112 5253; x_wconf 89' lang='lat' dir='ltr'>sentiam</span> <span class='ocrx_word' id='word_1_459' title='bbox 1158 5209 1274 5273; x_wconf 90' lang='lat' dir='ltr'>pro</span> <span class='ocrx_word' id='word_1_460' title='bbox 1317 5192 1478 5265; x_wconf 89' lang='lat' dir='ltr'>idea,</span> <span class='ocrx_word' id='word_1_461' title='bbox 1523 5192 1690 5255; x_wconf 91' lang='lat' dir='ltr'>sicut</span> <span class='ocrx_word' id='word_1_462' title='bbox 1727 5212 1806 5255; x_wconf 85' lang='lat' dir='ltr'>ex</span> <span class='ocrx_word' id='word_1_463' title='bbox 1845 5193 2147 5256; x_wconf 88' lang='lat' dir='ltr'>omnihus</span> <span class='ocrx_word' id='word_1_464' title='bbox 2190 5212 2346 5275; x_wconf 81' lang='lat' dir='ltr'>prae-</span> 
     </span>
     <span class='ocr_line' id='line_1_75' title="bbox 843 5287 2341 5374; baseline 0.002 -24"><span class='ocrx_word' id='word_1_465' title='bbox 843 5287 1128 5369; x_wconf 87' lang='lat' dir='ltr'>allegatis</span> <span class='ocrx_word' id='word_1_466' title='bbox 1166 5289 1468 5353; x_wconf 89' lang='lat' dir='ltr'>elucescit</span> <span class='ocrx_word' id='word_1_467' title='bbox 1499 5291 1885 5353; x_wconf 64' lang='lat' dir='ltr'>doctoribus</span> <span class='ocrx_word' id='word_1_468' title='bbox 1917 5326 1992 5337; x_wconf 91' lang='lat'>—</span> <span class='ocrx_word' id='word_1_469' title='bbox 2023 5291 2341 5374; x_wconf 81' lang='lat' dir='ltr'>Amplius,</span> 
     </span>
    </p>
   </div>
   <div class='ocr_carea' id='block_1_16' title="bbox 2456 3124 4029 4195">
    <p class='ocr_par' dir='ltr' id='par_1_17' title="bbox 2456 3124 3959 3189">
     <span class='ocr_line' id='line_1_76' title="bbox 2456 3124 3959 3189; baseline 0 -2"><span class='ocrx_word' id='word_1_470' title='bbox 2456 3134 2525 3187; x_wconf 92' lang='lat' dir='ltr'>ut</span> <span class='ocrx_word' id='word_1_471' title='bbox 2558 3146 2595 3188; x_wconf 90' lang='lat' dir='ltr'>a</span> <span class='ocrx_word' id='word_1_472' title='bbox 2627 3126 2846 3188; x_wconf 91' lang='lat' dir='ltr'>divino</span> <span class='ocrx_word' id='word_1_473' title='bbox 2876 3125 3202 3189; x_wconf 81' lang='lat' dir='ltr'>intellectu</span> <span class='ocrx_word' id='word_1_474' title='bbox 3235 3125 3569 3187; x_wconf 88' lang='lat' dir='ltr'>imitabilis</span> <span class='ocrx_word' id='word_1_475' title='bbox 3609 3124 3959 3187; x_wconf 88' lang='lat' dir='ltr'>intellecta.</span> 
     </span>
    </p>

    <p class='ocr_par' dir='ltr' id='par_1_18' title="bbox 2456 3223 3969 3977">
     <span class='ocr_line' id='line_1_77' title="bbox 2534 3223 3967 3306; baseline -0.001 -19"><span class='ocrx_word' id='word_1_476' title='bbox 2534 3226 2988 3287; x_wconf 88' lang='lat' dir='ltr'>Verumtamen</span> <span class='ocrx_word' id='word_1_477' title='bbox 3034 3225 3167 3306; x_wconf 89' lang='lat' dir='ltr'>jam</span> <span class='ocrx_word' id='word_1_478' title='bbox 3218 3224 3453 3288; x_wconf 89' lang='lat' dir='ltr'>clarius</span> <span class='ocrx_word' id='word_1_479' title='bbox 3503 3223 3967 3286; x_wconf 87' lang='lat' dir='ltr'>demonstrabo</span> 
     </span>
     <span class='ocr_line' id='line_1_78' title="bbox 2456 3322 3961 3406; baseline 0 -21"><span class='ocrx_word' id='word_1_480' title='bbox 2456 3324 2733 3406; x_wconf 80' lang='lat' dir='ltr'>praefatae</span> <span class='ocrx_word' id='word_1_481' title='bbox 2778 3323 3100 3405; x_wconf 89' lang='lat' dir='ltr'>opinionis</span> <span class='ocrx_word' id='word_1_482' title='bbox 3143 3341 3411 3397; x_wconf 80' lang='lat' dir='ltr'>erroreS,</span> <span class='ocrx_word' id='word_1_483' title='bbox 3451 3330 3517 3385; x_wconf 86' lang='lat' dir='ltr'>et</span> <span class='ocrx_word' id='word_1_484' title='bbox 3558 3322 3727 3404; x_wconf 86' lang='lat' dir='ltr'>quod</span> <span class='ocrx_word' id='word_1_485' title='bbox 3768 3322 3961 3396; x_wconf 59' lang='lat' dir='ltr'>ideae,</span> 
     </span>
     <span class='ocr_line' id='line_1_79' title="bbox 2456 3422 3965 3495; baseline -0.001 -11"><span class='ocrx_word' id='word_1_486' title='bbox 2456 3423 2810 3484; x_wconf 88' lang='lat' dir='ltr'>secundum</span> <span class='ocrx_word' id='word_1_487' title='bbox 2853 3422 3206 3485; x_wconf 87' lang='lat' dir='ltr'>doctrinam</span> <span class='ocrx_word' id='word_1_488' title='bbox 3248 3422 3645 3495; x_wconf 89' lang='lat' dir='ltr'>Sanctorum,</span> <span class='ocrx_word' id='word_1_489' title='bbox 3680 3428 3827 3482; x_wconf 90' lang='lat' dir='ltr'>sunt</span> <span class='ocrx_word' id='word_1_490' title='bbox 3862 3422 3965 3483; x_wconf 90' lang='lat' dir='ltr'>in-</span> 
     </span>
     <span class='ocr_line' id='line_1_80' title="bbox 2458 3520 3967 3603; baseline -0.001 -19"><span class='ocrx_word' id='word_1_491' title='bbox 2458 3528 2681 3585; x_wconf 80' lang='lat' dir='ltr'>creatae</span> <span class='ocrx_word' id='word_1_492' title='bbox 2712 3520 3169 3583; x_wconf 89' lang='lat' dir='ltr'>similitudines</span> <span class='ocrx_word' id='word_1_493' title='bbox 3200 3520 3723 3603; x_wconf 85' lang='lat' dir='ltr'>exemplaresque</span> <span class='ocrx_word' id='word_1_494' title='bbox 3763 3520 3967 3583; x_wconf 90' lang='lat' dir='ltr'>ratio-</span> 
     </span>
     <span class='ocr_line' id='line_1_81' title="bbox 2457 3619 3965 3692; baseline 0 -11"><span class='ocrx_word' id='word_1_495' title='bbox 2457 3639 2569 3681; x_wconf 92' lang='lat' dir='ltr'>nes</span> <span class='ocrx_word' id='word_1_496' title='bbox 2610 3619 2676 3681; x_wconf 91' lang='lat' dir='ltr'>in</span> <span class='ocrx_word' id='word_1_497' title='bbox 2715 3620 2843 3682; x_wconf 90' lang='lat' dir='ltr'>Deo</span> <span class='ocrx_word' id='word_1_498' title='bbox 2888 3619 3241 3681; x_wconf 89' lang='lat' dir='ltr'>formaliter</span> <span class='ocrx_word' id='word_1_499' title='bbox 3282 3619 3681 3692; x_wconf 81' lang='lat' dir='ltr'>exsistenteS,</span> <span class='ocrx_word' id='word_1_500' title='bbox 3722 3626 3784 3680; x_wconf 90' lang='lat' dir='ltr'>et</span> <span class='ocrx_word' id='word_1_501' title='bbox 3818 3636 3965 3681; x_wconf 87' lang='lat' dir='ltr'>nou</span> 
     </span>
     <span class='ocr_line' id='line_1_82' title="bbox 2458 3717 3965 3799; baseline 0.001 -20"><span class='ocrx_word' id='word_1_502' title='bbox 2458 3717 2611 3799; x_wconf 86' lang='lat' dir='ltr'>ipsae</span> <span class='ocrx_word' id='word_1_503' title='bbox 2654 3736 2754 3779; x_wconf 91' lang='lat' dir='ltr'>res</span> <span class='ocrx_word' id='word_1_504' title='bbox 2798 3736 2911 3779; x_wconf 91' lang='lat' dir='ltr'>seu</span> <span class='ocrx_word' id='word_1_505' title='bbox 2954 3726 3195 3781; x_wconf 82' lang='lat' dir='ltr'>naturae</span> <span class='ocrx_word' id='word_1_506' title='bbox 3238 3717 3546 3780; x_wconf 90' lang='lat' dir='ltr'>creabiles</span> <span class='ocrx_word' id='word_1_507' title='bbox 3582 3724 3691 3779; x_wconf 84' lang='lat' dir='ltr'>aut</span> <span class='ocrx_word' id='word_1_508' title='bbox 3726 3725 3965 3780; x_wconf 78' lang='lat' dir='ltr'>creatae</span> 
     </span>
     <span class='ocr_line' id='line_1_83' title="bbox 2458 3814 3969 3897; baseline -0.001 -19"><span class='ocrx_word' id='word_1_509' title='bbox 2458 3825 2528 3878; x_wconf 89' lang='lat' dir='ltr'>ut</span> <span class='ocrx_word' id='word_1_510' title='bbox 2557 3815 2895 3879; x_wconf 83' lang='lat' dir='ltr'>intellectae</span> <span class='ocrx_word' id='word_1_511' title='bbox 2926 3836 2962 3878; x_wconf 93' lang='lat' dir='ltr'>a</span> <span class='ocrx_word' id='word_1_512' title='bbox 2992 3816 3139 3892; x_wconf 89' lang='lat' dir='ltr'>Deo,</span> <span class='ocrx_word' id='word_1_513' title='bbox 3172 3825 3235 3879; x_wconf 91' lang='lat' dir='ltr'>et</span> <span class='ocrx_word' id='word_1_514' title='bbox 3265 3816 3473 3879; x_wconf 90' lang='lat' dir='ltr'>solum</span> <span class='ocrx_word' id='word_1_515' title='bbox 3504 3814 3819 3897; x_wconf 79' lang='lat' dir='ltr'>objective</span> <span class='ocrx_word' id='word_1_516' title='bbox 3850 3834 3969 3877; x_wconf 87' lang='lat' dir='ltr'>ex·-</span> 
     </span>
     <span class='ocr_line' id='line_1_84' title="bbox 2458 3914 3003 3977; baseline -0.002 -1"><span class='ocrx_word' id='word_1_517' title='bbox 2458 3914 2753 3976; x_wconf 89' lang='lat' dir='ltr'>sistentes</span> <span class='ocrx_word' id='word_1_518' title='bbox 2800 3914 2866 3975; x_wconf 90' lang='lat' dir='ltr'>in</span> <span class='ocrx_word' id='word_1_519' title='bbox 2908 3932 3003 3977; x_wconf 90' lang='lat' dir='ltr'>e0.</span> 
     </span>
    </p>

    <p class='ocr_par' dir='ltr' id='par_1_19' title="bbox 2456 4011 4029 4195">
     <span class='ocr_line' id='line_1_85' title="bbox 2536 4011 3969 4096; baseline 0.001 -22"><span class='ocrx_word' id='word_1_520' title='bbox 2536 4014 2756 4093; x_wconf 87' lang='lat' dir='ltr'>Magna</span> <span class='ocrx_word' id='word_1_521' title='bbox 2786 4020 2881 4075; x_wconf 89' lang='lat' dir='ltr'>est</span> <span class='ocrx_word' id='word_1_522' title='bbox 2920 4014 3087 4096; x_wconf 89' lang='lat' dir='ltr'>apud</span> <span class='ocrx_word' id='word_1_523' title='bbox 3132 4012 3455 4095; x_wconf 87' lang='lat' dir='ltr'>theologos</span> <span class='ocrx_word' id='word_1_524' title='bbox 3494 4011 3698 4076; x_wconf 89' lang='lat' dir='ltr'>divini</span> <span class='ocrx_word' id='word_1_525' title='bbox 3726 4019 3789 4075; x_wconf 91' lang='lat' dir='ltr'>et</span> <span class='ocrx_word' id='word_1_526' title='bbox 3822 4030 3969 4075; x_wconf 86' lang='lat' dir='ltr'>ma·-</span> 
     </span>
     <span class='ocr_line' id='line_1_86' title="bbox 2456 4110 4029 4195; baseline 0.002 -24"><span class='ocrx_word' id='word_1_527' title='bbox 2456 4110 2564 4191; x_wconf 91' lang='lat' dir='ltr'>gni</span> <span class='ocrx_word' id='word_1_528' title='bbox 2615 4110 2897 4193; x_wconf 86' lang='lat' dir='ltr'>Dionysii</span> <span class='ocrx_word' id='word_1_529' title='bbox 2946 4112 3313 4185; x_wconf 86' lang='lat' dir='ltr'>auctoritas,</span> <span class='ocrx_word' id='word_1_530' title='bbox 3364 4119 3583 4195; x_wconf 88' lang='lat' dir='ltr'>utpote</span> <span class='ocrx_word' id='word_1_531' title='bbox 3632 4111 3753 4173; x_wconf 89' lang='lat' dir='ltr'>viri</span> <span class='ocrx_word' id='word_1_532' title='bbox 3802 4130 3965 4173; x_wconf 80' lang='lat' dir='ltr'>san·</span> <span class='ocrx_word' id='word_1_533' title='bbox 4022 4132 4029 4135; x_wconf 89' lang='lat'>·</span> 
     </span>
    </p>
   </div>
   <div class='ocr_carea' id='block_1_17' title="bbox 2378 4208 3970 4292">
    <p class='ocr_par' dir='ltr' id='par_1_20' title="bbox 2378 4208 3970 4292">
     <span class='ocr_line' id='line_1_87' title="bbox 2378 4208 3970 4292; baseline 0 -21"><span class='ocrx_word' id='word_1_534' title='bbox 2378 4218 2426 4279; x_wconf 89' lang='lat' dir='ltr'>D</span> <span class='ocrx_word' id='word_1_535' title='bbox 2458 4209 2751 4283; x_wconf 90' lang='lat' dir='ltr'>ctissimi,</span> <span class='ocrx_word' id='word_1_536' title='bbox 2798 4209 2878 4271; x_wconf 89' lang='lat' dir='ltr'>ab</span> <span class='ocrx_word' id='word_1_537' title='bbox 2926 4210 3081 4291; x_wconf 91' lang='lat' dir='ltr'>ipsis</span> <span class='ocrx_word' id='word_1_538' title='bbox 3122 4210 3441 4292; x_wconf 87' lang='lat' dir='ltr'>Apostolis</span> <span class='ocrx_word' id='word_1_539' title='bbox 3484 4218 3545 4273; x_wconf 83' lang='lat' dir='ltr'>et</span> <span class='ocrx_word' id='word_1_540' title='bbox 3588 4208 3970 4292; x_wconf 87' lang='lat' dir='ltr'>apostolicis</span> 
     </span>
    </p>
   </div>
   <div class='ocr_carea' id='block_1_18' title="bbox 2456 4306 3971 5375">
    <p class='ocr_par' dir='ltr' id='par_1_21' title="bbox 2456 4306 3971 5375">
     <span class='ocr_line' id='line_1_88' title="bbox 2458 4306 3963 4390; baseline 0.001 -22"><span class='ocrx_word' id='word_1_541' title='bbox 2458 4306 2635 4381; x_wconf 89' lang='lat' dir='ltr'>viris,</span> <span class='ocrx_word' id='word_1_542' title='bbox 2672 4308 3024 4388; x_wconf 75' lang='lat' dir='ltr'>praesertim</span> <span class='ocrx_word' id='word_1_543' title='bbox 3056 4328 3093 4369; x_wconf 96' lang='lat' dir='ltr'>a</span> <span class='ocrx_word' id='word_1_544' title='bbox 3120 4308 3312 4370; x_wconf 88' lang='lat' dir='ltr'>Paulo</span> <span class='ocrx_word' id='word_1_545' title='bbox 3350 4309 3657 4390; x_wconf 85' lang='lat' dir='ltr'>apostolo,</span> <span class='ocrx_word' id='word_1_546' title='bbox 3690 4308 3963 4382; x_wconf 86' lang='lat' dir='ltr'>eruditi,</span> 
     </span>
     <span class='ocr_line' id='line_1_89' title="bbox 2459 4405 3965 4488; baseline 0.001 -21"><span class='ocrx_word' id='word_1_547' title='bbox 2459 4406 2589 4467; x_wconf 88' lang='lat' dir='ltr'>imo</span> <span class='ocrx_word' id='word_1_548' title='bbox 2626 4425 2663 4467; x_wconf 92' lang='lat' dir='ltr'>a</span> <span class='ocrx_word' id='word_1_549' title='bbox 2703 4406 2941 4487; x_wconf 90' lang='lat' dir='ltr'>Spiritu</span> <span class='ocrx_word' id='word_1_550' title='bbox 2983 4405 3210 4468; x_wconf 91' lang='lat' dir='ltr'>Sancto</span> <span class='ocrx_word' id='word_1_551' title='bbox 3258 4406 3701 4488; x_wconf 87' lang='lat' dir='ltr'>copiosissime</span> <span class='ocrx_word' id='word_1_552' title='bbox 3750 4408 3965 4481; x_wconf 88' lang='lat' dir='ltr'>uncti,</span> 
     </span>
     <span class='ocr_line' id='line_1_90' title="bbox 2458 4504 3967 4587; baseline 0.001 -22"><span class='ocrx_word' id='word_1_553' title='bbox 2458 4504 2803 4566; x_wconf 82' lang='lat' dir='ltr'>illuminati</span> <span class='ocrx_word' id='word_1_554' title='bbox 2835 4512 2897 4566; x_wconf 87' lang='lat' dir='ltr'>et</span> <span class='ocrx_word' id='word_1_555' title='bbox 2930 4504 3333 4567; x_wconf 88' lang='lat' dir='ltr'>inflammati.</span> <span class='ocrx_word' id='word_1_556' title='bbox 3368 4506 3483 4568; x_wconf 89' lang='lat' dir='ltr'>Hic</span> <span class='ocrx_word' id='word_1_557' title='bbox 3514 4506 3725 4587; x_wconf 88' lang='lat' dir='ltr'>itaque</span> <span class='ocrx_word' id='word_1_558' title='bbox 3767 4506 3967 4586; x_wconf 89' lang='lat' dir='ltr'>quin-</span> 
     </span>
     <span class='ocr_line' id='line_1_91' title="bbox 2457 4602 3971 4684; baseline 0.002 -21"><span class='ocrx_word' id='word_1_559' title='bbox 2457 4610 2522 4663; x_wconf 92' lang='lat' dir='ltr'>to</span> <span class='ocrx_word' id='word_1_560' title='bbox 2552 4602 2833 4684; x_wconf 88' lang='lat' dir='ltr'>capitulo</span> <span class='ocrx_word' id='word_1_561' title='bbox 2865 4602 3012 4663; x_wconf 90' lang='lat' dir='ltr'>libri</span> <span class='ocrx_word' id='word_1_562' title='bbox 3044 4603 3123 4663; x_wconf 90' lang='lat' dir='ltr'>de</span> <span class='ocrx_word' id='word_1_563' title='bbox 3155 4602 3401 4665; x_wconf 89' lang='lat' dir='ltr'>Divinis</span> <span class='ocrx_word' id='word_1_564' title='bbox 3432 4603 3803 4666; x_wconf 90' lang='lat' dir='ltr'>nominibus</span> <span class='ocrx_word' id='word_1_565' title='bbox 3834 4610 3971 4666; x_wconf 82' lang='lat' dir='ltr'>tra-</span> 
     </span>
     <span class='ocr_line' id='line_1_92' title="bbox 2456 4700 3971 4783; baseline 0.002 -20"><span class='ocrx_word' id='word_1_566' title='bbox 2456 4709 2633 4763; x_wconf 88' lang='lat' dir='ltr'>ctans</span> <span class='ocrx_word' id='word_1_567' title='bbox 2676 4719 2749 4763; x_wconf 89' lang='lat' dir='ltr'>ac</span> <span class='ocrx_word' id='word_1_568' title='bbox 2798 4700 3133 4783; x_wconf 87' lang='lat' dir='ltr'>disputans</span> <span class='ocrx_word' id='word_1_569' title='bbox 3181 4702 3261 4763; x_wconf 93' lang='lat' dir='ltr'>de</span> <span class='ocrx_word' id='word_1_570' title='bbox 3308 4701 3490 4775; x_wconf 88' lang='lat' dir='ltr'>ideis,</span> <span class='ocrx_word' id='word_1_571' title='bbox 3533 4702 3698 4763; x_wconf 90' lang='lat' dir='ltr'>inter</span> <span class='ocrx_word' id='word_1_572' title='bbox 3744 4710 3971 4766; x_wconf 85' lang='lat' dir='ltr'>cetera</span> 
     </span>
     <span class='ocr_line' id='line_1_93' title="bbox 2458 4798 3969 4883; baseline 0.001 -21"><span class='ocrx_word' id='word_1_573' title='bbox 2458 4800 2740 4881; x_wconf 89' lang='lat' dir='ltr'>loquitur</span> <span class='ocrx_word' id='word_1_574' title='bbox 2774 4817 2788 4861; x_wconf 74' lang='grc' dir='ltr'>ε</span> <span class='ocrx_word' id='word_1_575' title='bbox 2822 4799 2937 4861; x_wconf 89' lang='lat' dir='ltr'>Per</span> <span class='ocrx_word' id='word_1_576' title='bbox 2984 4818 3050 4861; x_wconf 89' lang='lat' dir='ltr'>se</span> <span class='ocrx_word' id='word_1_577' title='bbox 3100 4799 3233 4861; x_wconf 81' lang='lat' dir='ltr'>vita</span> <span class='ocrx_word' id='word_1_578' title='bbox 3278 4808 3373 4861; x_wconf 90' lang='lat' dir='ltr'>est</span> <span class='ocrx_word' id='word_1_579' title='bbox 3420 4798 3811 4883; x_wconf 88' lang='lat' dir='ltr'>principium</span> <span class='ocrx_word' id='word_1_580' title='bbox 3864 4802 3969 4863; x_wconf 71' lang='lat' dir='ltr'>vi-</span> 
     </span>
     <span class='ocr_line' id='line_1_94' title="bbox 2456 4898 3967 4981; baseline 0.001 -21"><span class='ocrx_word' id='word_1_581' title='bbox 2456 4898 2769 4971; x_wconf 82' lang='lat' dir='ltr'>ventium,</span> <span class='ocrx_word' id='word_1_582' title='bbox 2804 4905 2867 4960; x_wconf 90' lang='lat' dir='ltr'>et</span> <span class='ocrx_word' id='word_1_583' title='bbox 2909 4916 3023 4980; x_wconf 89' lang='lat' dir='ltr'>per</span> <span class='ocrx_word' id='word_1_584' title='bbox 3066 4917 3132 4960; x_wconf 90' lang='lat' dir='ltr'>se</span> <span class='ocrx_word' id='word_1_585' title='bbox 3176 4898 3535 4961; x_wconf 91' lang='lat' dir='ltr'>similitudo</span> <span class='ocrx_word' id='word_1_586' title='bbox 3574 4906 3671 4960; x_wconf 89' lang='lat' dir='ltr'>est</span> <span class='ocrx_word' id='word_1_587' title='bbox 3715 4899 3967 4981; x_wconf 87' lang='lat' dir='ltr'>princi-</span> 
     </span>
     <span class='ocr_line' id='line_1_95' title="bbox 2456 4996 3967 5079; baseline 0.001 -22"><span class='ocrx_word' id='word_1_588' title='bbox 2456 4996 2637 5077; x_wconf 89' lang='lat' dir='ltr'>pium</span> <span class='ocrx_word' id='word_1_589' title='bbox 2702 4996 3015 5058; x_wconf 90' lang='lat' dir='ltr'>similium</span> <span class='ocrx_word' id='word_1_590' title='bbox 3076 4996 3431 5059; x_wconf 90' lang='lat' dir='ltr'>secundum</span> <span class='ocrx_word' id='word_1_591' title='bbox 3486 4997 3657 5079; x_wconf 90' lang='lat' dir='ltr'>quod</span> <span class='ocrx_word' id='word_1_592' title='bbox 3713 4996 3967 5059; x_wconf 80' lang='lat' dir='ltr'>similia</span> 
     </span>
     <span class='ocr_line' id='line_1_96' title="bbox 2457 5094 3967 5177; baseline 0.001 -21"><span class='ocrx_word' id='word_1_593' title='bbox 2457 5102 2628 5167; x_wconf 89' lang='lat' dir='ltr'>sunt,</span> <span class='ocrx_word' id='word_1_594' title='bbox 2660 5102 2724 5157; x_wconf 89' lang='lat' dir='ltr'>et</span> <span class='ocrx_word' id='word_1_595' title='bbox 2759 5114 2871 5176; x_wconf 89' lang='lat' dir='ltr'>per</span> <span class='ocrx_word' id='word_1_596' title='bbox 2910 5114 2978 5157; x_wconf 91' lang='lat' dir='ltr'>se</span> <span class='ocrx_word' id='word_1_597' title='bbox 3011 5094 3218 5156; x_wconf 90' lang='lat' dir='ltr'>unitio</span> <span class='ocrx_word' id='word_1_598' title='bbox 3250 5094 3643 5177; x_wconf 87' lang='lat' dir='ltr'>principium</span> <span class='ocrx_word' id='word_1_599' title='bbox 3684 5102 3780 5157; x_wconf 90' lang='lat' dir='ltr'>est</span> <span class='ocrx_word' id='word_1_600' title='bbox 3812 5095 3967 5157; x_wconf 88' lang='lat' dir='ltr'>uni-</span> 
     </span>
     <span class='ocr_line' id='line_1_97' title="bbox 2458 5194 3969 5276; baseline 0.001 -22"><span class='ocrx_word' id='word_1_601' title='bbox 2458 5202 2670 5255; x_wconf 90' lang='lat' dir='ltr'>torum</span> <span class='ocrx_word' id='word_1_602' title='bbox 2712 5194 3064 5255; x_wconf 85' lang='lat' dir='ltr'>secundum</span> <span class='ocrx_word' id='word_1_603' title='bbox 3105 5194 3276 5274; x_wconf 90' lang='lat' dir='ltr'>quod</span> <span class='ocrx_word' id='word_1_604' title='bbox 3320 5201 3468 5255; x_wconf 89' lang='lat' dir='ltr'>sunt</span> <span class='ocrx_word' id='word_1_605' title='bbox 3506 5194 3704 5267; x_wconf 89' lang='lat' dir='ltr'>unita,</span> <span class='ocrx_word' id='word_1_606' title='bbox 3738 5201 3804 5255; x_wconf 85' lang='lat' dir='ltr'>et</span> <span class='ocrx_word' id='word_1_607' title='bbox 3844 5214 3969 5276; x_wconf 86' lang='lat' dir='ltr'>per</span> 
     </span>
     <span class='ocr_line' id='line_1_98' title="bbox 2460 5292 3965 5375; baseline 0.004 -22"><span class='ocrx_word' id='word_1_608' title='bbox 2460 5310 2527 5353; x_wconf 91' lang='lat' dir='ltr'>se</span> <span class='ocrx_word' id='word_1_609' title='bbox 2575 5292 2889 5354; x_wconf 89' lang='lat' dir='ltr'>ordinatio</span> <span class='ocrx_word' id='word_1_610' title='bbox 2935 5292 3331 5375; x_wconf 88' lang='lat' dir='ltr'>principium</span> <span class='ocrx_word' id='word_1_611' title='bbox 3378 5300 3473 5355; x_wconf 89' lang='lat' dir='ltr'>est</span> <span class='ocrx_word' id='word_1_612' title='bbox 3514 5292 3965 5359; x_wconf 85' lang='lat' dir='ltr'>ordinatorum</span> 
     </span>
    </p>
   </div>
  </div>
 </body>
</html>
