4359 6250
543 501 632 546 AN
669 501 734 547 m
772 502 892 550 nno
929 504 1065 550 stru·
1105 503 1386 552 mrtmTAE
1427 506 1605 564 mna,
1639 506 1752 552 vat.
1789 505 2020 554 satu-:u
2058 505 2343 555 mamma
2378 507 2676 556 nartoxns
2713 508 3130 570 ExEMPLARES,
3165 512 3290 560 arc.
3366 485 3487 559 419

381 669 560 751 sequi
613 671 783 733 viam
834 676 1138 737 naturalis
1188 677 1470 750 rationiS‚
1522 679 1874 740 secundum
1906 676 1957 739 A
1988 697 2140 742 ones
2200 682 2568 763 hujusmodi
2626 683 3020 747 attributales
3080 684 3366 747 infinitas
3417 685 3482 746 in

379 768 734 832 doctrinam
765 772 1128 856 Philosophi
1160 775 1418 850 diceret,
1452 778 1617 857 quod
1654 777 1717 839 in
1750 778 1876 840 Deo

377 883 502 928 non
553 867 638 928 sit
688 869 973 934 infinitas
1024 872 1332 947 idearum,
1377 881 1442 936 et
1491 875 1659 956 quod
1710 875 1875 936 Deus

379 981 502 1026 non
546 966 740 1030 habet
787 969 1120 1032 seientiam
1170 971 1574 1034 infinitarum
1615 974 1876 1035 essenti-

375 1081 555 1126 arum
615 1067 830 1148 specie
877 1067 1316 1132 differentium
1373 1088 1386 1132 :
1441 1079 1504 1132 et
1551 1071 1693 1145 hoc,
1747 1091 1874 1135 non

377 1171 634 1244 propter
661 1165 940 1247 aliquam
975 1166 1526 1249 imperfectionem
1563 1170 1874 1251 impoten-

375 1263 608 1325 tiamve
643 1263 708 1325 in
749 1265 909 1346 ipso,
944 1267 1052 1328 sed
1097 1275 1355 1350 propter
1397 1268 1874 1350 impossibilita-

377 1369 501 1423 tem
531 1381 610 1424 ex
643 1371 820 1444 parte
852 1365 962 1426 rei.
998 1366 1331 1448 Quumque
1361 1369 1670 1448 arguitur,
1706 1369 1874 1450 quod

378 1460 539 1521 Deus
570 1461 812 1523 ratione
845 1483 975 1526 suae
1007 1464 1271 1527 infinitae
1301 1465 1714 1546 perfectionis
1745 1467 1880 1528 imi·

381 1558 589 1620 tabilis
639 1567 734 1622 est
785 1581 822 1622 a
869 1563 1176 1624 creaturis
1234 1565 1586 1626 secundum
1645 1566 1876 1646 gradus

382 1656 717 1720 infinitos:
754 1662 1192 1743 respondetur,
1244 1663 1412 1744 quod
1465 1664 1628 1726 Deus
1679 1684 1876 1746 quan-

382 1762 514 1817 tum
545 1765 642 1818 est
671 1777 749 1819 ex
781 1768 957 1840 parte
989 1761 1110 1834 sui,
1143 1768 1240 1822 est
1273 1761 1479 1824 taliter
1521 1762 1871 1836 imitabilis,

1986 778 2135 853 Deo,
2170 779 2236 841 in
2268 779 2447 843 nullo
2476 781 2733 862 derogat
2763 782 2903 863 ejus
2938 781 3337 864 perfectioni,
3370 783 3481 844 sed

1986 878 2283 940 convenit
2334 878 2631 952 multum,
2672 880 2755 942 ita
2792 880 2984 943 etiam
3034 881 3203 962 quod
3250 881 3481 962 aliquae

1985 974 2140 1037 tales
2187 977 2461 1039 rationes
2505 977 2634 1039 sint
2676 979 2762 1040 ita
2812 978 3141 1060 profunda}
3178 987 3241 1041 et
3279 979 3483 1041 eleva·

1987 1075 2273 1156 tae,quod
2305 1095 2421 1138 nec
2450 1076 2646 1159 aliqui
2679 1077 2961 1159 supremi
2993 1077 3256 1159 spiritus
3287 1077 3479 1140 creati

1983 1171 2154 1254 ipsas
2187 1175 2432 1254 possint
2461 1175 2869 1256 attingere,et
2898 1176 3069 1257 quod
3098 1175 3287 1237 etiam
3318 1176 3478 1237 nihil

1984 1270 2231 1351 possint
2290 1271 2522 1334 habere
2582 1273 2647 1334 in
2710 1281 2995 1336 creatura
3055 1274 3209 1356 ipsis
3269 1292 3478 1336 corre-

1985 1369 2327 1450 spondens,
2364 1372 2901 1452 quemadmodum
2940 1371 3176 1434 habent
3206 1371 3475 1446 bonitaS,

1985 1467 2317 1548 sapientia,
2351 1477 2469 1530 etc.
2508 1470 2593 1530 De
2626 1488 2753 1551 quo
2782 1478 3042 1552 propter
3068 1459 3479 1533 'altitudinem

1986 1565 2076 1628 rei
2115 1567 2277 1629 nihil
2318 1587 2598 1630 asserere
2636 1569 2858 1641 aude0‚
2895 1587 3011 1631 nec
3044 1587 3158 1650 pro
3188 1588 3305 1631 nec
3337 1587 3482 1631 con-

1985 1671 2097 1725 tra.
2133 1701 2215 1710 —
2250 1665 2393 1728 Haec
2440 1666 2767 1728 ilenricus.

2065 1763 2181 1836 Qui
2224 1772 2685 1845 consequenter
2731 1765 2929 1826 multa
2978 1765 3201 1827 scribit
3240 1767 3317 1828 de
3364 1766 3483 1828 ista

381 1854 487 1916 sed
517 1865 806 1919 creatura
843 1876 970 1920 non
1001 1867 1094 1920 est
1126 1879 1323 1941 capax
1361 1859 1485 1922 nisi
1519 1862 1872 1923 secundum
1912 1861 1958 1922 B
1988 1861 2273 1936 materia,
2314 1871 2379 1924 et
2426 1862 2699 1944 qualiter
2742 1864 2907 1925 Deus
2956 1872 3291 1945 cognoscat
3335 1864 3481 1926 infi-

379 1953 604 2032 gradus
637 1953 889 2034 finitos3
924 1957 1022 2018 vel
1053 1959 1221 2039 quod
1253 1959 1419 2020 Deus
1451 1977 1580 2021 non
1609 1966 1705 2021 est
1738 1959 1876 2021 imi-

381 2051 589 2115 tabilis
635 2055 758 2116 nisi
801 2055 868 2116 in
907 2065 1216 2137 quantum
1261 2065 1548 2119 creatura
1591 2065 1738 2121 nata
1780 2065 1877 2120 est

381 2150 588 2232 ipsum
632 2151 888 2214 imitari.
925 2190 1004 2199 —
1035 2155 1458 2218 conformiter
1489 2157 1874 2238 responden-

377 2248 526 2310 dum
571 2257 668 2312 est
711 2252 790 2314 de
836 2252 1154 2316 infinitate
1206 2255 1603 2336 cognitorum
1651 2255 1730 2316 ad
1783 2255 1876 2317 in-

379 2357 517 2411 tra:
551 2349 704 2430 quia
745 2350 800 2412 si
846 2359 944 2413 est
987 2370 1220 2434 ponere
1273 2353 1558 2415 infinitas
1604 2353 1875 2415 rationes

377 2454 438 2507 et
486 2448 910 2528 perfectiones
969 2451 1366 2515 attributales
1426 2453 1493 2514 in
1551 2452 1678 2514 Deo
1736 2471 1876 2533 quae

379 2565 496 2608 nec
527 2546 764 2610 habent
795 2567 914 2610 nec
945 2557 1212 2632 possunt
1240 2549 1472 2612 habere
1510 2550 1753 2632 aliquid
1785 2550 1878 2612 eis

383 2646 883 2728 correspondens
914 2647 978 2709 in
1011 2648 1449 2722 creaturis,sic
1480 2648 1662 2712 fateri
1695 2667 1879 2731 opor-

386 2751 491 2817 tet,
536 2746 706 2826 quod
759 2746 1046 2808 omnium
1099 2746 1348 2822 talium,
1392 2755 1610 2830 utpote
1662 2748 1878 2810 infini-

385 2851 588 2906 tarum
633 2844 950 2908 rationum
988 2863 1210 2908 eorum
1242 2867 1384 2928 quae
1413 2847 1492 2908 ad
1533 2848 1745 2929 ipsum
1788 2846 1880 2908 in-

389 2951 478 3004 tra
509 2963 578 3006 se
609 2944 950 3025 pertinent,
986 2944 1174 3007 habet
1215 2946 1526 3008 notitiam.
1564 2945 1625 3008 Si
1666 2955 1880 3008 autem

389 3060 512 3104 non
549 3043 636 3103 sit
676 3061 910 3124 ponere
948 3043 1163 3125 aliqua
1203 3044 1570 3125 hujusmodi
1616 3061 1882 3105 numero
1920 3045 1962 3108 C
1993 3043 2353 3126 specierum
2402 3043 2727 3104 dumtaxat.
2770 3043 3379 3126 specialissimarum
3422 3051 3485 3106 et
3534 3059 3775 3116 αμψοτ,

390 3140 640 3202 infinita
686 3141 752 3203 in
791 3159 888 3215 ec,
933 3160 1058 3204 non
1107 3142 1295 3204 habet
1339 3142 1432 3205 sic
1479 3142 1881 3205 infinitorum

385 3238 719 3301 scientiam
773 3256 786 3300 ε
841 3240 1009 3320 quod
1065 3248 1275 3303 tamen
1335 3260 1464 3303 suae
1520 3259 1646 3303 non
1708 3241 1883 3303 dero-

387 3344 558 3417 garet
607 3336 914 3398 infinitati
962 3344 1071 3400 aut
1113 3338 1516 3419 perfectioni,
1562 3338 1714 3420 quia
1763 3338 1881 3400 sub

389 3435 627 3497 ratione
677 3434 1022 3515 cujuslibet
1067 3436 1258 3498 unius
1305 3436 1596 3498 attributi
1645 3444 1882 3498 tantam

387 3533 575 3596 habet
626 3532 1014 3595 infinitatem
1059 3535 1373 3609 essentiae,
1418 3542 1719 3616 quantam
1763 3535 1882 3597 sub

369 3632 682 3695 infinitis.

465 3730 784 3805 Quantum
830 3749 981 3812 ergo
1032 3732 1111 3793 ad
1163 3731 1548 3794 infinitatem
1599 3732 1884 3795 idearum

392 3828 454 3890 in
482 3830 612 3892 Deo
641 3837 706 3890 et
737 3831 1135 3911 cognitorum
1166 3830 1246 3892 ab
1276 3849 1351 3893 eo
1383 3830 1550 3893 circa
1578 3831 1884 3893 essentias

391 3934 842 4001 creaturarum,
895 3946 1022 3989 non
1070 3927 1256 3989 video
1312 3928 1630 4009 quomodo
1687 3927 1888 4009 possit

393 4024 454 4087 in
501 4027 632 4089 Deo
675 4024 826 4108 poni
878 4024 1164 4087 infinitas
1209 4044 1222 4089 :
1266 4027 1435 4107 quod
1483 4033 1694 4088 tamen
1745 4044 1885 4108 pro-

395 4131 531 4205 pter
569 4125 662 4188 rei
704 4124 1203 4206 profunditatem
1243 4125 1510 4206 ejusque
1550 4125 1888 4205 elongatio-

1985 1960 2284 2033 nita‚tam
2315 1961 2684 2023 exsistentia
2715 1961 3075 2025 successive
3105 1982 3296 2045 quam
3328 1983 3485 2025 nun-

1986 2078 2176 2140 quam
2220 2060 2585 2121 exsistentia
2616 2061 2721 2141 (de
2752 2081 2876 2143 qua
2908 2080 2974 2123 re
3006 2061 3171 2124 infra
3212 2063 3479 2135 dicetur,

1985 2176 2186 2238 quum
2219 2157 2295 2219 de
2327 2158 2593 2220 scientia
2618 2159 2728 2220 Dei
2755 2159 3183 2240 tractabitur);
3212 2159 3485 2242 qualiter

1985 2255 2177 2317 etiam
2212 2256 2278 2316 in
2308 2255 2644 2337 speciebus
2673 2276 3083 2320 numerorum
3118 2258 3317 2340 possit
3344 2277 3484 2320 esse

1988 2371 2323 2436 processus
2383 2354 2448 2416 in
2510 2353 2861 2429 infinitum,
2914 2356 3065 2437 quia
3118 2356 3357 2418 additio
3416 2355 3481 2416 in

1989 2451 2116 2514 illis
2159 2460 2254 2514 est
2296 2472 2371 2514 ex
2414 2460 2588 2534 parte
2633 2453 2950 2532 materiae3
2992 2471 3117 2516 non
3160 2462 3375 2516 autem
3416 2453 3481 2515 in

1987 2551 2281 2614 essentiis
2328 2551 2651 2632 specificis
2698 2561 3151 2627 creaturarum,
3186 2551 3337 2633 quia
3376 2552 3482 2614 ad-

1989 2650 2146 2713 ditio
2177 2651 2241 2711 in
2277 2650 2403 2711 illis
2433 2657 2529 2712 est
2558 2651 2909 2712 secundum
2938 2651 3222 2724 formam,
3239 2651 3359 2714 hoc
3388 2658 3484 2713 est

1992 2766 2105 2830 per
2160 2747 2565 2810 essentialem
2629 2748 3085 2830 perfectionem
3150 2749 3477 2830 majorem.

1990 2882 2071 2891 —-
2130 2848 2416 2928 Insuper,
2478 2847 2771 2929 quamvis
2832 2846 2999 2908 sicut
3060 2847 3480 2928 praehabitum

1992 2952 2108 3018 est,
2161 2944 2536 3018 Quodlibeto
2596 2944 2871 3027 septimo
2926 2945 3095 3007 dicat
3149 2946 3479 3020 HenricuS,

1993 3160 2120 3204 non
2161 3140 2637 3203 individuorum
2680 3142 2850 3204 ideas
2882 3160 3019 3204 esse
3056 3143 3379 3224 ponendas
3420 3142 3485 3203 in

1993 3240 2141 3312 Dec,
2175 3247 2453 3301 attamen
2494 3238 2702 3320 prima
2740 3240 3087 3321 quaestione
3126 3240 3487 3313 Quodlibeti

1995 3336 2259 3398 secundi
2319 3336 2573 3398 videtur
2625 3335 2809 3398 aliter
2866 3338 3272 3418 respondere,
3322 3338 3489 3400 inter

1995 3443 2203 3497 cetera
2242 3436 2481 3507 dicens,
2518 3434 2687 3515 quod
2726 3435 2890 3497 sicut
2924 3435 3198 3497 essentia
3236 3436 3490 3517 specifi-

1996 3553 2068 3595 ca
2099 3540 2306 3615 potest
2336 3532 2720 3595 considerari
2759 3533 3121 3614 dupliciter,
3155 3535 3363 3615 primo
3392 3554 3487 3597 se-

1996 3633 2279 3695 cundum
2310 3632 2693 3705 se,secundo
2724 3639 2912 3713 prout
2940 3640 3036 3693 est
3066 3632 3489 3716 multiplicata

1997 3732 2062 3794 in
2095 3731 2227 3793 suis
2258 3728 2706 3812 suppositiS,et
2735 3729 2944 3811 primo
2974 3731 3161 3793 modo
3192 3732 3486 3793 convenit

1998 3831 2053 3893 ei
2089 3830 2320 3903 unitaS,
2355 3828 2634 3890 secundo
2668 3828 2852 3890 modo
2885 3828 3367 3911 multiplicatio3
3401 3830 3489 3892 ita

1998 3930 2140 3991 idea
2181 3935 2389 4011 potest
2431 3926 2774 4009 dupliciter
2816 3926 3220 3989 considerari.
3254 3928 3484 4002 Prim0‚

1997 4036 2068 4089 ut
2111 4034 2208 4089 est
2251 4025 2605 4088 similitudo
2647 4025 2937 4088 essentiae
2984 4025 3221 4107 speciei
3265 4034 3488 4089 creatae

1997 4125 2377 4208 simpliciter
2418 4132 2481 4187 et
2521 4124 2809 4186 absolute
2858 4124 3208 4186 secundum
3260 4144 3326 4187 se
3370 4142 3383 4187 :
3426 4132 3491 4187 et

399 4243 538 4286 nem
571 4243 606 4285 a
639 4232 858 4285 nostro
891 4223 1233 4297 intellectu,
1249 4241 1476 4304 negare
1504 4241 1629 4285 non
1661 4223 1884 4301 aude03
1919 4227 1968 4289 D
1999 4227 2086 4288 ita
2127 4226 2267 4287 idea
2316 4233 2411 4285 est
2456 4242 2598 4285 una.
2634 4222 2774 4284 Alio
2814 4223 3020 4297 modo,
3063 4231 3134 4284 ut
3171 4232 3267 4285 est
3315 4224 3491 4286 simi-

395 4342 509 4385 nec
557 4322 950 4386 contrarium
1008 4340 1240 4396 assero,
1292 4322 1401 4383 sed
1460 4322 1888 4383 studiosorum

399 4422 652 4503 ingenia
688 4421 768 4483 ad
798 4429 927 4482 tam
966 4419 1327 4482 abditorum
1370 4420 1755 4481 moderatam
1799 4420 1890 4481 in-

394 4520 876 4601 vestigationem
926 4519 1326 4581 solummodo
1369 4518 1594 4581 exci'to.
1629 4554 1709 4563 —
1737 4518 1892 4580 Prae-

396 4628 564 4681 terea
607 4636 736 4681 non
776 4617 962 4681 video
1000 4618 1156 4699 quin
1203 4617 1268 4679 in
1314 4617 1441 4679 Deo
1489 4617 1688 4699 possit
1739 4617 1889 4698 poni

395 4716 682 4779 infinitas
717 4715 1184 4778 attributalium
1221 4713 1708 4798 perfectionum,
1741 4734 1893 4797 quo-

396 4816 566 4878 niam
618 4815 845 4878 dicunt
903 4814 1360 4897 perfectionem
1409 4821 1473 4875 et
1518 4814 1890 4894 dignitatem

397 4916 776 4998 simpliciter
813 4915 1053 4997 absque
1093 4914 1268 4977 omni
1312 4914 1780 4995 comparatione
1814 4914 1892 4976 ad

399 5024 738 5087 creaturas»,
792 5020 856 5075 et
906 5030 1030 5075 non
1092 5020 1355 5095 possunt
1408 5019 1499 5074 tot
1546 5032 1687 5093 quae
1747 5019 1895 5074 sunt

401 5112 812 5195 perfectionis
839 5110 1099 5173 attribui
1133 5111 1281 5184 De0,
1314 5110 1473 5193 quin
1516 5110 1699 5191 plura
1730 5128 1896 5172 com-

401 5219 612 5294 petant
653 5210 713 5272 ei
756 5217 1017 5291 propter
1059 5228 1188 5271 suae
1239 5208 1649 5290 perfectionis
1693 5208 1896 5270 omni-

401 5310 652 5373 modam
703 5306 1222 5371 illimitationem.
1275 5307 1421 5370 Ideo
1469 5324 1704 5389 ponere
1755 5306 1898 5369 rati·

1998 4324 2199 4385 litudo
2256 4321 2546 4384 essentiae
2604 4320 2814 4383 relatae
2862 4321 2938 4383 ad
2994 4322 3321 4403 supposita
3376 4341 3491 4385 seu

1999 4420 2390 4502 participatae
2430 4418 2511 4480 ab
2556 4418 2683 4481 illis
2718 4439 2732 4482 :
2767 4426 2830 4480 et.
2874 4419 2960 4481 ita
3001 4428 3097 4481 est
3142 4420 3357 4501 plures
3401 4439 3495 4482 re-

1997 4524 2221 4600 spectu
2266 4516 2546 4599 plurium
2592 4517 3091 4599 suppositorum,
3124 4518 3274 4600 quia
3311 4517 3495 4599 juxta

1999 4616 2432 4679 diversitatem
2464 4632 2685 4677 eorum
2715 4616 2793 4677 ad
2824 4635 2965 4697 quae
2996 4615 3286 4690 refertur,
3303 4616 3493 4679 habet

2000 4714 2451 4797 pluralitatem.
2486 4713 2659 4775 lstud
2703 4713 2947 4795 prolixe
2986 4714 3393 4795 prosequitur
3430 4723 3493 4777 et

2001 4814 2279 4875 declarat
2307 4812 2569 4885 ibidem,
2594 4810 2867 4893 probans
2899 4812 3067 4892 quod
3099 4810 3181 4871 sit
3211 4811 3301 4893 de·
3322 4830 3495 4874 men-

2001 4919 2063 4974 te
2103 4910 2442 4993 Augustini
2489 4910 2554 4971 in
2599 4908 2866 4991 epistola
2907 4908 2984 4969 ad
3028 4906 3426 4985 Nebridium,
3457 4929 3494 4971 a

2003 5028 2130 5092 quo
2161 5010 2581 5089 interrogatus
2621 5006 2826 5069 fuerat
2853 5006 3265 5087 AugustinuS,
3297 5027 3380 5069 an
3414 5009 3497 5070 sit

2002 5109 2225 5170 eadem
2258 5108 2323 5169 in
2353 5108 2481 5169 Deo
2512 5106 2653 5168 idea
2692 5104 2926 5186 speciei
2966 5104 3440 5167 individuorum
3476 5125 3491 5170 :

2005 5226 2198 5289 quam
2257 5204 2671 5287 quaestionem
2729 5201 3120 5283 Augustinus
3178 5204 3497 5285 reputavit

2006 5305 2189 5368 valde
2232 5302 2589 5367 difficilem.

3516 3124 3617 3168 Det
3644 3138 3681 3168 s.
