4359 6250
875 469 992 534 148

1509 490 1574 535 IN
1616 489 1836 535 LIBRUM
1876 490 1897 533 1
1941 486 2423 534 SENTENTIARUM.
2468 502 2549 513 --
2592 486 2743 531 msT.
2789 486 2958 547 xxu3
3004 485 3226 540 QUAEST.
3274 486 3335 531 lv

873 657 1080 720 taliter
1127 676 1279 721 vero
1335 679 1446 723 seu
1496 660 1671 721 velut
1730 657 2158 728 materialiter,
2212 656 2362 718 insi·
2393 656 2445 719 A
2474 657 2626 718 det:
2662 656 2840 719 Sicut
2886 657 3051 718 Deus
3097 675 3134 717 a
3182 656 3366 719 nobis
3416 661 3623 737 potest
3674 653 3975 734 intelligi,

875 764 1072 818 nuant
1117 764 1491 838 potestatem
1536 757 1838 819 divinam.

953 853 1424 936 Consequenter
1452 856 1627 917 addit
1658 855 1988 916 Durandus
2015 853 2188 916 :Alia
2218 861 2365 914 sunt

872 952 1130 1015 nomina
1166 972 1308 1035 quae
1347 954 1425 1016 de
1466 970 1582 1015 suo
1622 951 1960 1035 principali
2003 950 2364 1032 significato

870 1069 996 1113 non
1044 1052 1377 1132 designant
1427 1051 1863 1113 habitudinem
1916 1050 2024 1112 Dei
2074 1050 2152 1111 ad
2198 1068 2365 1112 crea-

871 1156 1063 1222 turaS‚
1099 1151 1209 1213 sed
1241 1150 1730 1213 fundamentum
1770 1148 2160 1211 habitudinis
2194 1148 2359 1220 talis,

870 1249 1160 1327 quamvis
1201 1267 1338 1310 eam
1385 1249 1534 1310 dent
1577 1247 1950 1327 intelligere,
1987 1253 2056 1307 ut
2096 1254 2357 1308 creator.

867 1379 947 1389 -
985 1346 1114 1407 Hoc
1164 1363 1418 1427 quoque
1465 1345 1732 1407 verbum
1784 1344 2058 1406 Durandi
2112 1345 2365 1405 videtur

869 1443 1122 1507 Thomae
1152 1443 1420 1525 aliisque
1451 1443 1836 1524 quibusdam
1868 1442 2365 1516 contrariari,di-

868 1542 1160 1603 centibus
1201 1542 1370 1623 quod
1411 1541 1704 1604 dominus
1746 1548 1808 1603 et
1839 1548 2100 1615 creator,
2135 1541 2358 1602 eodem

869 1640 1056 1702 modo
1084 1640 1297 1701 dicant
1327 1640 1694 1701 relationem
1729 1638 1987 1702 rationis
2020 1638 2085 1699 in
2114 1638 2264 1710 Deo,
2298 1646 2363 1699 et

866 1756 943 1800 ex
985 1745 1268 1819 tempore
1297 1737 1355 1799 ei
1393 1738 1790 1800 conveniant.
1825 1738 2058 1799 Verum
2100 1744 2170 1798 ut
2200 1735 2355 1809 dixi,

866 1836 1035 1898 istud
1081 1836 1146 1897 in
1190 1837 1345 1917 quid
1388 1835 1665 1899 nominis
1709 1843 1849 1897 stat.

944 1934 1132 1996 Addit
1172 1942 1633 2015 consequent-er
1671 1934 2002 1996 Durandus
2039 1951 2052 1995 t
2086 1932 2359 2006 Quaestio

865 2032 1004 2106 ista,
1041 2040 1255 2093 utrum
1296 2031 1557 2093 nomina
1595 2031 1762 2093 dicta
1793 2032 1868 2093 de
1902 2032 2030 2093 Deo
2064 2031 2359 2092 dicantur

863 2131 940 2192 de
971 2148 1046 2193 eo
1076 2131 1426 2192 secundum
1470 2129 1912 2203 substantiam,
1948 2129 2215 2209 intelligi
2253 2146 2359 2210 po-

862 2235 986 2291 test
1042 2228 1400 2310 dupliciter.
1459 2228 1688 2301 Primo,
1749 2248 1831 2289 an
1889 2227 2148 2291 nomina
2208 2226 2358 2288 talia

860 2326 1030 2388 dicta
1057 2327 1135 2389 de
1166 2327 1294 2389 Deo
1326 2327 1670 2408 praedicent
1699 2326 1840 2407 ejus
1871 2326 2213 2388 essentiam
2246 2346 2258 2388 :
2294 2332 2357 2386 et

861 2433 1170 2506 quantum
1201 2426 1278 2487 ad
1310 2426 1451 2496 hoc,
1472 2425 1810 2487 dicendum
1847 2424 2014 2505 quod
2049 2424 2197 2485 imo.
2221 2423 2359 2485 Om-

861 2542 973 2585 nes
1023 2542 1297 2604 namque
1346 2522 1767 2605 perfectiones
1818 2542 1960 2603 quae
2005 2522 2069 2583 in
2115 2529 2357 2583 creatu-

861 2622 950 2684 ris
991 2630 1138 2683 sunt
1170 2620 1518 2703 partialiter
1545 2629 1607 2682 et
1639 2621 1919 2693 divisim,
1955 2621 2018 2682 in
2052 2621 2178 2682 Deo
2209 2626 2359 2680 sunt

864 2720 1244 2802 simpliciter
1286 2727 1348 2781 et
1392 2720 1672 2801 perfecte
1712 2736 1725 2779 :
1765 2719 1905 2781 ideo
1948 2718 2208 2780 nomina
2251 2717 2357 2779 illa

865 2818 928 2879 in
979 2818 1106 2880 Deo
1151 2817 1349 2881 solam
1399 2818 1620 2880 dicunt
1662 2816 2025 2889 essentiam,
2068 2834 2195 2878 non
2244 2816 2358 2878 ali-

862 2916 1018 2998 quid
1066 2917 1545 2998 superadditum
1595 2916 1673 2976 ei.
1729 2915 2039 2987 Secund0,
2089 2915 2357 2995 quaestio

2477 755 2563 817 ita
2607 763 2812 837 potest
2856 763 2919 817 ct
2963 756 3297 819 nominari.
3338 755 3481 817 Ideo
3524 753 3687 815 sicut
3733 752 3978 814 diversi

2475 853 2899 916 diversimode
2930 854 3214 916 sentiunt
3244 855 3323 915 de
3358 852 3717 933 cognitione
3746 851 3853 913 Dei
3888 850 3977 911 ab

2477 951 2804 1014 intellectu
2835 952 3115 1026 viatoriS,
3149 952 3241 1014 sic
3280 959 3344 1013 et
3371 950 3797 1013 diversimode
3837 949 3979 1030 opi-

2476 1057 2707 1111 nantur
2735 1050 2813 1111 de
2846 1049 3267 1131 possibilitate
3298 1048 3668 1111 nominandi
3698 1066 3864 1110 eum.
3896 1047 3979 1107 Et.

2474 1147 2585 1228 qui
2625 1155 2857 1228 negant
2886 1166 3293 1211 communem
3330 1154 3709 1228 conceptum
3751 1146 3979 1207 univo-

2476 1264 2622 1307 cum
2683 1247 2809 1308 Deo
2867 1255 2929 1308 et
2989 1246 3316 1314 creaturis,
3378 1252 3751 1327 ponuntque
3809 1245 3975 1307 duos

2476 1352 2820 1426 conceptus
2852 1345 3168 1426 analogos‚
3204 1362 3476 1426 quorum
3517 1344 3697 1417 alter,
3730 1342 3837 1424 qui
3868 1350 3977 1403 est

2474 1450 2798 1515 creatum,
2848 1442 3219 1504 attribuitur
3266 1442 3471 1515 alteri,
3527 1441 3638 1523 qui
3686 1447 3782 1502 est
3827 1440 3971 1513 Dei,

2475 1558 2588 1620 per
2626 1541 3000 1621 analogiam,
3036 1541 3257 1603 dicunt
3290 1546 3758 1621 consequenter
3796 1537 3973 1619 quod

2473 1638 2638 1700 Deus
2696 1647 2791 1700 est
2850 1638 3261 1701 nominabilis
3320 1658 3357 1699 a
3408 1638 3649 1701 viatore
3708 1636 3973 1699 nomine

2472 1737 2867 1818 exprimente
2926 1737 3263 1818 analogum
3324 1737 3507 1798 illum
3559 1740 3969 1817 conceptum.

2393 1829 2442 1893 B
2472 1835 2590 1896 Sed
2650 1835 2960 1917 quidquid
3020 1836 3103 1897 sit
3149 1836 3227 1897 de
3276 1836 3417 1909 hoc,
3470 1833 3816 1898 verisimile
3866 1840 3975 1895 est

2470 1933 2669 1993 Deum
2712 1952 2895 2015 posse
2927 1933 3241 1995 nominari
3274 1954 3310 1995 a
3341 1934 3581 1996 viatore
3614 1940 3729 2015 per
3762 1932 3973 1994 nomi-

2469 2050 2549 2093 na
2580 2033 2779 2094 multa
2810 2032 3108 2114 imposita
3134 2033 3211 2093 ad
3243 2031 3735 2113 significandum
3762 2032 3971 2093 Deum

2470 2130 2533 2191 in
2581 2130 2927 2204 communi,
2966 2130 3116 2211 quia
3159 2130 3252 2192 sic
3296 2131 3666 2193 naturaliter
3709 2128 3969 2209 concipi

2469 2236 2673 2308 potest
2721 2248 2758 2290 a
2805 2228 3062 2291 viatore.
3107 2228 3219 2290 Vel
3270 2229 3324 2290 si
3372 2247 3597 2291 verum
3646 2235 3738 2290 est
3792 2227 3971 2310 quod

2469 2325 2632 2387 Deus
2691 2325 3054 2388 distinctius
3114 2332 3321 2407 potest
3369 2325 3717 2407 significari
3768 2344 3969 2406 quam

2468 2423 2741 2505 concipi,
2796 2432 3003 2505 potest
3051 2424 3216 2485 Deus
3275 2424 3589 2486 nominari
3639 2442 3678 2486 a
3722 2422 3969 2485 viatore

2468 2523 2725 2584 nomine
2776 2522 3179 2603 significante
3238 2522 3535 2585 distincte
3594 2522 3965 2587 essentiam.

2470 2628 2537 2681 ut
2587 2621 2807 2683 dicunt
2857 2620 3099 2682 Hebraei
3150 2621 3227 2683 de
3280 2621 3538 2683 nomine
3596 2627 3971 2701 tetragram-

2470 2726 2703 2781 maton.
2739 2719 2881 2780 Haee
2926 2719 3167 2781 Scotus.

2547 2820 2781 2880 Verum
2822 2818 2899 2879 de
2939 2817 3056 2879 hac
3104 2818 3366 2880 materia
3404 2818 3646 2880 dictum
3686 2825 3783 2879 est
3828 2817 3967 2898 ple·

2468 2916 2612 2978 nius
2649 2935 2841 2996 supra
2870 2915 3277 2978 distinctione
3307 2916 3509 2978 tertia.
3546 2916 3967 2995 Praeallegatae

862 3022 1070 3096 potest
1101 3014 1188 3075 ita
1218 3013 1508 3094 intelligi,
1542 3014 1686 3075 dato
1717 3012 1884 3095 quod
1918 3012 2177 3075 nomina
2207 3013 2358 3075 talia
2394 3015 2437 3077 C
2467 3023 2614 3074 sunt
2652 3014 2844 3075 etiam
2886 3016 3289 3077 auctoritates
3322 3015 3380 3077 S.
3416 3014 3699 3097 Dionysii
3742 3021 3805 3076 et
3842 3014 3965 3075 Da-

861 3112 1076 3175 dieant
1117 3112 1399 3174 divinam
1441 3111 1802 3184 essentiam,
1837 3131 1916 3174 an
1961 3112 2173 3174 dicant
2215 3132 2352 3174 eam

861 3210 1384 3284 substantialiter,
1439 3216 1508 3270 ut
1565 3209 1648 3270 sit
1706 3209 1972 3291 quaestio
2029 3210 2106 3272 de
2167 3210 2355 3272 modo

860 3309 1136 3382 dicendi,
1190 3325 1314 3369 non
1368 3309 1445 3370 de
1496 3327 1581 3370 re.
1627 3307 1719 3370 Ad
1767 3309 1934 3390 quod
1986 3309 2351 3376 dicendum,

860 3408 1030 3488 quod
1072 3406 1362 3488 quaedam
1407 3406 1520 3480 sic,
1554 3414 1617 3468 et
1658 3407 1946 3487 quaedam
1991 3424 2117 3469 non
2153 3427 2166 3470 ε
2201 3425 2355 3488 quo-

860 3506 1032 3568 niam
1075 3505 1222 3568 licet
1263 3505 1328 3566 in
1363 3505 1598 3566 divinis
1638 3503 1852 3567 omnia
1892 3506 2231 3586 praedicata
2258 3524 2354 3567 es-

859 3604 1148 3666 sentialia
1191 3604 1319 3666 sint
1361 3623 1560 3665 unum
1605 3603 1876 3673 realiter,
1913 3610 2124 3665 tamen
2167 3603 2355 3665 diffe-

859 3710 1007 3764 runt
1039 3703 1278 3765 ratione
1300 3723 1313 3765 :
1335 3722 1475 3784 quae
1507 3703 1665 3764 ratio
1690 3701 1970 3763 variatur
1999 3703 2354 3763 secundum

855 3803 1068 3865 omnia
1095 3821 1326 3884 genera
1351 3801 1995 3882 praedicamentorum.
2012 3801 2167 3863 Nam
2195 3821 2357 3882 quae-

858 3902 1003 3964 dam
1045 3901 1410 3980 significant
1439 3919 1512 3961 ac
1557 3900 1896 3982 praedicant
1939 3919 2051 3981 per
2093 3901 2351 3962 modum

858 3999 1248 4067 substantiae‚
1284 4005 1354 4058 ut
1384 3999 1580 4076 Deus;
1612 3998 1900 4079 quaedam
1944 4017 2056 4079 per
2090 3999 2350 4059 modum

858 4097 1250 4180 quantitatiS,
1285 4103 1352 4156 ut
1385 4112 1686 4175 magnus;
1728 4103 1790 4156 et.
1821 4095 1906 4156 ita
1935 4095 2012 4156 de
2042 4095 2203 4157 aliis.
2241 4097 2350 4158 Ta-

2469 3113 2768 3186 masceni,
2803 3113 2972 3195 quod
3012 3113 3063 3175 si
3109 3114 3253 3195 quis
3292 3113 3544 3176 videtur
3586 3113 3708 3176 sibi
3755 3114 3963 3176 Deum

2467 3211 2875 3284 intellexisse,
2920 3230 3044 3274 non
3093 3212 3303 3294 ipsum
3346 3213 3509 3274 vidit
3550 3232 3668 3276 nec
3712 3212 3963 3276 intelle·
4040 3240 4213 3296 mom.

2468 3310 2577 3380 xit,
2621 3311 2731 3372 sed
2777 3310 3019 3392 aliquid
3068 3328 3286 3373 eorum
3339 3331 3481 3393 quae
3526 3312 3694 3373 circa
3742 3311 3961 3393 ipsum
3996 3301 4133 3358 ⁸⁹⁵⁸*
4154 3317 4180 3344 ¹·

2466 3416 2634 3477 sunt,
2669 3408 2770 3470 vel
2812 3409 2893 3470 ab
2941 3409 3098 3490 ipso,
3143 3409 3206 3471 id
3250 3418 3345 3471 est.
3388 3427 3649 3472 suorum
3692 3409 3966 3472 effectu-

2468 3525 2596 3567 um.
2632 3507 2806 3569 Unde
2852 3508 3198 3570 Richardus
3242 3515 3431 3590 atque
3477 3508 3806 3570 Durandus
3848 3509 3963 3570 hic

2466 3604 2708 3677 dicunt,
2742 3607 2909 3686 quod
2944 3607 3143 3667 Deum
3187 3606 3249 3668 in
3283 3606 3411 3668 vita
3450 3607 3568 3668 hac
3605 3606 3964 3688 intelligere

2469 3721 2805 3783 possumus
2844 3705 3049 3767 solum
3090 3705 3364 3786 quodam
3404 3705 3682 3785 generali
3714 3714 3777 3768 et
3808 3723 3963 3768 con-

2466 3801 2609 3864 fuso
2668 3810 2998 3883 conceptu.
3051 3838 3132 3848 —
3180 3803 3339 3876 Quid
3399 3821 3549 3866 vero
3607 3823 3799 3885 super
3855 3804 3965 3866 his

2466 3900 2772 3962 aestimem
2832 3901 3259 3969 sentiendum,
3311 3921 3503 3983 supra
3550 3902 3967 3965 distinctione

2467 3999 2649 4060 tertia
2695 3999 2777 4078 (si
2829 3999 2991 4061 bene
3040 4000 3360 4079 recordor)
3409 4000 3656 4082 scripsi.
3706 4000 3961 4062 Etenim

2466 4104 2709 4158 certum
2742 4105 2837 4159 est
2867 4099 3037 4179 quod
3071 4098 3286 4160 multae
3316 4097 3774 4180 descriptiones
3805 4099 3963 4160 den-

860 4215 1007 4257 men
1057 4196 1189 4257 haec
1239 4193 1453 4256 omnia
1507 4193 1570 4253 in
1621 4193 1854 4254 divinis
1906 4201 2233 4255 transeunt
2285 4195 2348 4256 in
2379 4198 2429 4259 D
2468 4202 2569 4256 tur
2607 4196 2683 4256 de
2723 4197 2851 4258 Deo
2890 4204 2953 4258 et
2994 4196 3176 4258 multi
3218 4205 3563 4278 conceptus
3604 4199 3961 4279 apprehen-

858 4293 1299 4362 substantiam‚
1362 4291 1986 4374 substantialiterque
2051 4292 2351 4354 dicuntur

858 4399 1087 4474 praeter
1125 4391 1188 4452 id
1229 4389 1398 4472 quod
1439 4389 1676 4451 dicitur
1715 4389 1974 4451 relative
2013 4390 2089 4450 ad
2133 4391 2298 4452 intra
2332 4408 2345 4452 :

857 4489 1150 4571 quamvis
1199 4488 1434 4550 etenim
1488 4488 1652 4549 Deus
1695 4487 1831 4549 sine
1875 4488 2227 4568 quant-itate
2270 4489 2351 4548 sit

858 4605 1146 4667 magnuS,
1189 4593 1252 4646 et
1291 4585 1427 4646 sine
1471 4584 1773 4665 qualitate
1819 4584 2059 4656 bonus;
2093 4602 2219 4647 non
2262 4593 2351 4648 ta-

859 4702 1005 4746 men
1066 4683 1202 4745 sine
1263 4682 1564 4744 relatione
1624 4690 1718 4743 est.
1772 4684 1968 4746 Pater.
2025 4684 2166 4746 Haec
2228 4685 2351 4746 Du-

857 4784 1109 4848 raudus,

937 4884 1168 4945 Verum
1220 4889 1290 4942 ut
1341 4880 1458 4941 ista
1509 4879 1739 4941 clarius
1789 4880 2171 4955 elucescant,
2220 4900 2350 4944 mo-

855 4983 1059 5044 venda
1101 4988 1195 5043 est
1241 4979 1372 5061 jam
1423 4977 1690 5060 qiiaestio
1732 4997 1922 5058 quarn
1975 4979 2197 5042 Scotus
2246 4980 2351 5042 hic

857 5087 1088 5153 mo‘vet,
1143 5079 1534 5156 interrogans
1585 5084 1799 5138 utrum
1850 5078 2014 5139 Deus
2065 5079 2350 5140 nomina-

856 5178 1003 5240 bilis
1043 5179 1124 5239 sit
1159 5197 1194 5239 a
1233 5176 1416 5239 nobis
1449 5174 1798 5238 viatoribus
1838 5176 2054 5256 aliquo
2091 5177 2349 5239 nomine

856 5275 1256 5356 significante
1287 5274 1568 5335 divinam
1602 5273 1962 5335 essentiam.
1993 5274 2063 5334 Et
2097 5293 2351 5356 respon·

2466 4295 2695 4355 dantur
2724 4314 2759 4356 a
2790 4294 2975 4357 nobis
3010 4294 3086 4356 de
3118 4312 3192 4356 eo
3223 4314 3365 4376 quae
3404 4294 3525 4356 sibi
3568 4297 3963 4359 conveniunt

2464 4391 2601 4466 soli,
2647 4400 2709 4454 et
2753 4393 2816 4454 in
2863 4393 3097 4474 quibus
3149 4392 3446 4454 distincte
3496 4393 3897 4474 significatur
3940 4413 3957 4457 :

2462 4491 2623 4551 sicut
2674 4509 2873 4571 quum
2925 4490 3159 4552 dicitur
3208 4509 3406 4572 purus
3452 4499 3655 4565 actuS,
3703 4491 3965 4555 infinita

2462 4597 2758 4670 potestaS,
2820 4608 2933 4650 ens
2990 4589 3327 4650 omnifarie
3390 4588 3962 4672 universaliterque

2462 4687 2835 4769 perfeetum.
2899 4687 3350 4748 Verumtamen
3412 4707 3527 4769 per
3584 4689 3962 4770 hujusmodi

2460 4785 2916 4867 descriptiones
2956 4791 3020 4847 et
3062 4793 3407 4866 conceptus
3458 4803 3586 4849 non
3632 4789 3961 4867 cognosci-

2462 4892 2563 4945 tur
2595 4884 2657 4944 in
2690 4883 2806 4944 hac
2838 4884 2967 4945 vita
2998 4883 3313 4953 intuitive‚
3339 4891 3647 4966 quantum
3681 4885 3759 4946 ad
3788 4887 3965 4964 quid

2460 4991 2575 5050 est,
2608 4982 2717 5042 sed
2760 4981 2963 5043 solum
3000 4989 3309 5062 quantum
3349 4983 3425 5044 ad
3459 4985 3619 5062 quia
3648 4992 3777 5051 esc,·
3802 4989 3865 5044 et
3896 4983 3959 5044 si

2459 5086 2767 5160 quantum
2808 5082 2884 5141 ad
2918 5082 3082 5160 quid
3110 5090 3225 5150 est,
3258 5081 3377 5142 hoc
3411 5089 3507 5144 est
3538 5081 3717 5144 valde
3748 5081 3961 5142 tenui-

2463 5186 2556 5239 ter
2604 5185 2667 5240 et
2716 5179 2969 5260 penitus
3027 5178 3415 5260 imperfecte.
3469 5179 3680 5242 Nihilo
3740 5178 3961 5242 minus

2460 5276 2536 5337 ad
2569 5276 2994 5357 cognitionem
3034 5276 3392 5338 intuitivam
3432 5277 3799 5358 perfectam,
3834 5296 3961 5359 per
