4359 6250
900 467 1021 530 222

1530 485 1593 531 ΙΝ
1635 485 1855 530 LIBRUM
1899 486 1917 530 l
1960 485 2442 530 SENTENTtARUM.
2488 502 2567 511 —
2609 486 2760 530 msT.
2807 487 2992 548 xxvt;
3037 487 3259 542 QUAEST.
3306 488 3375 533 111

900 661 1210 735 quantum
1252 661 1399 716 sunt
1435 653 1587 734 ipsae
1629 652 2047 715 subsistentes
2089 670 2391 734 personae.
2427 651 2478 713 A
2512 652 2879 734 hypostases
2909 654 3275 717 distinctas:
3301 657 3448 738 quia
3475 654 3842 737 hujusmodi
3873 674 4004 737 pro-

897 752 1265 834 Hypostasis
1312 752 1552 834 quippe
1601 751 1923 832 significat
1967 751 2121 832 quid
2171 751 2396 813 distin-

897 859 1095 923 ctum,
1156 870 1356 933 quum
1420 851 1501 911 sit
1566 850 1895 912 individua
1960 848 2316 911 substantia
2378 867 2391 910 :

896 967 1223 1030 quumque
1255 949 1475 1010 relatio
1506 948 1571 1008 in
1602 947 1839 1008 divinis
1875 947 2223 1027 distinguat
2253 964 2398 1008 con-

893 1047 1235 1128 stituatque
1269 1064 1579 1128 personaS,
1597 1053 1837 1107 constat
1861 1045 2030 1126 quod
2060 1044 2395 1106 abstractis

893 1145 1311 1208 relationibus
1377 1144 1843 1226 personalibuS,
1906 1161 2032 1205 non
2098 1150 2395 1204 maneant

893 1243 1282 1325 hypostases
1318 1279 1398 1288 —
1427 1244 1682 1316 Verum,
1718 1250 1785 1302 ut
1824 1242 2067 1303 dictum
2105 1248 2222 1313 est,
2258 1241 2394 1322 qui-

893 1339 1039 1400 dam
1102 1339 1324 1401 dicunt
1390 1357 1687 1420 personas
1750 1338 2055 1419 distingui
2121 1337 2390 1418 origine,

896 1455 1022 1499 non
1076 1437 1379 1499 relatione
1416 1455 1429 1498 :
1466 1445 1535 1498 ut
1581 1438 1759 1499 Pater
1807 1437 2055 1497 dicatur
2103 1435 2396 1517 hyposta-

894 1535 1005 1608 sis,
1039 1536 1191 1617 quia
1232 1553 1360 1598 non
1404 1543 1499 1597 est
1546 1536 1626 1597 ab
1669 1535 1826 1613 alio;
1861 1535 2077 1608 Filius,
2115 1554 2228 1616 per
2275 1534 2396 1595 hoc

896 1635 1063 1715 quod
1114 1641 1209 1696 est
1266 1634 1345 1696 ab
1394 1635 1519 1696 alio
1578 1653 1691 1716 per
1738 1633 2210 1714 generationem
2267 1651 2278 1693 :
2332 1640 2394 1693 et

896 1733 1065 1813 quod
1098 1733 1432 1795 relationes
1472 1733 1880 1795 advenientes
1917 1739 2218 1813 tanquam
2250 1748 2392 1812 pro-

2508 752 2806 832 prietates
2859 753 2921 814 in
2968 754 3202 816 divinis
3247 773 3372 817 non
3420 754 3628 816 solum
3671 755 3827 816 dant
3871 773 4002 835 per-

2507 851 2678 912 sonis
2731 852 3148 924 innotescere,
3184 853 3294 914 sed
3343 853 3534 914 etiam
3587 871 3749 923 esse,
3785 852 4001 934 sicque

2507 949 2598 1010 eis
2626 949 2983 1025 abstractiS,
3015 951 3405 1013 abstrahitur
3445 951 3734 1032 personis
3773 969 3914 1012 esse
3943 958 4002 1012 et

2507 1047 2880 1110 distinctum
2919 1068 3077 1110 esse.
3113 1049 3234 1110 Alii
3279 1050 3622 1131 opinantur
3659 1049 3832 1130 quod
3865 1048 4000 1111 abs-

2504 1146 2721 1208 tractis
2755 1147 3500 1228 proprietatibuS‚adhuc
3534 1148 3612 1210 sit
3647 1147 4000 1227 intelligere

2505 1243 2981 1307 distinctionem
3045 1246 3108 1306 in
3172 1246 3642 1327 hypostasibus,
3698 1245 3998 1327 quoniam

2507 1343 2946 1424 proprietateS‚
2971 1343 3323 1404 secundum
3357 1345 3550 1424 ips08‚
3578 1362 3703 1405 non
3735 1351 3886 1405 sunt
3921 1363 4004 1404 ra-

2506 1442 2593 1503 tio
2628 1442 3058 1523 distinguendi
3106 1461 3406 1523 personas
3445 1443 3800 1504 secundum
3844 1461 3996 1514 rem,

2505 1541 2614 1601 sed
2687 1539 3134 1602 manifestandi
3209 1541 3685 1603 distinctionem
3755 1559 3994 1602 earum.

2505 1638 2664 1698 Hinc
2695 1638 2916 1699 dicunt
2955 1639 3123 1720 quod
3166 1638 3480 1700 abstracta
3523 1639 3904 1720 paternitate
3943 1647 4000 1698 et

2507 1735 2839 1808 filiatione,
2876 1737 3084 1798 adhuc
3127 1737 3438 1817 contingit
3485 1737 3842 1817 intelligere
3893 1737 3998 1818 qui

898 1831 1197 1911 prietates
1246 1831 1323 1891 ad
1365 1831 1742 1911 dignitatem
1795 1829 2207 1912 pertinente-S,
2250 1847 2394 1890 con·
2431 1828 2476 1890 Β
2506 1834 2585 1895 ab
2617 1833 2762 1907 alio,
2787 1843 2848 1896 et
2879 1854 2914 1896 a
2944 1853 3071 1916 quo
3100 1836 3283 1896 alius,
3313 1836 3387 1897 Et
3418 1836 3468 1896 si
3497 1843 3818 1916 quaeratur
3847 1853 3999 1916 quo-

896 1929 1170 1990 stituunt
1218 1929 1527 1991 rationem
1576 1947 1881 2010 personae,
1915 1936 2173 2008 propter
2222 1927 2391 2008 quod

897 2028 1261 2109 personales
1301 2035 1644 2104 vocantur3
1678 2027 1897 2107 sicque
1944 2026 2202 2088 remotis
2241 2026 2394 2087 rela-

900 2125 1203 2198 tionibus,
1224 2133 1482 2187 manent
1510 2125 1900 2207 hypostases,
1926 2141 2053 2186 non
2083 2142 2387 2206 personae.

898 2225 1019 2286 Sed
1070 2224 1188 2286 hoc
1238 2233 1402 2286 stare
1453 2242 1579 2286 non
1638 2229 1845 2304 potest
1896 2230 2152 2304 propter
2201 2221 2327 2284 duo
2375 2238 2389 2282 :

898 2323 1129 2404 primo,
1163 2323 1314 2404 quia
1354 2321 1689 2385 relationes
1734 2321 2129 2383 constituunt
2165 2328 2230 2382 et
2268 2321 2392 2381 dis-

897 2421 1195 2501 tinguunt
1241 2420 1629 2503 hypostaseS,
1663 2419 1829 2481 sicut
1872 2419 2210 2501 probatum
2255 2425 2390 2496 est;

896 2519 1501 2601 secundo,quoniam
1533 2519 1741 2581 omnis
1771 2517 2121 2600 hypostasis
2154 2526 2392 2580 naturae

898 2618 1345 2680 intellectualis
1389 2626 1483 2678 est
1533 2635 1804 2698 persona
1838 2634 1850 2677 ε
1884 2617 2105 2697 sicque
2146 2616 2226 2677 ad
2273 2616 2392 2678 hoc

896 2718 1064 2798 quod
1133 2724 1300 2779 esset
1364 2715 1719 2799 hypostasis
1780 2723 1843 2776 et
1894 2705 2028 2778 'non
2100 2732 2389 2796 persona,

895 2823 1213 2898 oporteret
1261 2815 1539 2877 abstrahi
1584 2834 1663 2875 ex
1710 2822 1884 2895 parte
1927 2821 2167 2876 naturae
2211 2814 2394 2876 ratio-

898 2914 1247 2986 nalitatem,
1298 2931 1423 2974 non
1481 2921 1692 2973 autem
1743 2930 1821 2972 ex
1870 2920 2045 2993 parte
2106 2929 2393 2992 personae

897 3013 1369 3094 proprietatem.
1418 3013 1560 3074 Haec
1605 3011 1875 3073 Thomas
1920 3011 1983 3072 in
2029 3012 2307 3073 Summa.

979 3111 1286 3172 Videntur
1342 3119 1554 3172 autem
1605 3110 1701 3172 hae
1750 3110 1889 3173 duae
1950 3109 2393 3191 responsiones

898 3208 1175 3271 invicem
1226 3208 1585 3282 dissentire,
1620 3207 1770 3289 quia
1816 3208 1878 3268 in
1924 3208 2171 3288 Scripto
2220 3206 2396 3269 affir-

900 3314 1029 3369 mat
1073 3307 1242 3388 quod
1282 3306 1615 3368 abstractis
1655 3306 2149 3387 proprietatibus
2191 3306 2397 3367 relati-

896 3406 1016 3473 vis,
1080 3405 1241 3467 nihil
1303 3412 1515 3467 manet
1573 3404 1827 3485 proprie
1888 3403 2223 3485 loquendo,
2277 3423 2394 3466 nec

897 3504 1283 3577 absolutum,
1318 3522 1434 3565 nec
1467 3503 1825 3577 relativum,
1861 3521 1977 3564 nec
2011 3503 2390 3585 hypostasiS,

897 3621 1106 3684 neque
1155 3602 1465 3681 essentia3
1503 3602 1609 3663 hic
1648 3619 1799 3663 vero
1842 3602 1998 3662 dicit
2040 3602 2210 3683 quod
2253 3602 2394 3663 abs-

898 3702 1113 3763 tractis
1179 3700 1697 3784 proprietatibuS,
1764 3708 1973 3762 manet
2033 3699 2394 3761 communis

897 3801 1193 3873 essentia,
1228 3819 1357 3863 non
1390 3800 1526 3881 ipsa
1557 3799 1932 3881 hypostasis.
1970 3799 2088 3861 Sed
2121 3798 2241 3861 hoc
2273 3798 2396 3861 for-

897 3901 1060 3961 sitan
1108 3899 1338 3980 poterit
1378 3899 1743 3961 concordari
1788 3917 1899 3979 per
1942 3897 2217 3979 duplicis
2256 3897 2394 3959 abs-

897 3998 1225 4060 tractionis
1283 3998 1781 4064 distinctionem,
1841 4015 2206 4078 quanquam
2265 4014 2392 4058 non

897 4104 1199 4179 appareat
1228 4094 1545 4176 quomodo
1567 4094 1750 4176 :quia
1780 4095 2132 4156 secundum
2164 4102 2396 4156 utram-

2508 1933 2695 1995 modo
2724 1933 3223 2014 distinguuntur,
3257 1934 3480 1995 dicunt
3519 1933 3688 2015 quod
3719 1951 3788 1995 se
3823 1934 3995 2016 ipsis.

2505 2032 2578 2092 Et
2610 2031 2664 2092 si
2698 2031 2860 2092 bene
2897 2033 3306 2104 attendimus,
3343 2040 3609 2113 utraque
3643 2032 3866 2113 opinio
3897 2033 4002 2093 ali·

2504 2129 2656 2211 quid
2688 2129 2875 2191 habet
2922 2129 3405 2210 probabilitatis,
3442 2131 3512 2191 In
3550 2129 3788 2191 divinis
3827 2131 3999 2192 enim

2506 2227 2792 2308 personis
2823 2229 3258 2290 consideratur
3289 2235 3418 2288 tam
3455 2227 3632 2308 origo
3670 2246 3866 2308 quam
3899 2228 4002 2289 ha-

2504 2326 2746 2399 bitudo,
2779 2334 2968 2407 atque
3013 2327 3366 2388 secundum
3411 2327 3719 2389 rationem
3771 2326 4004 2388 intelli-

2502 2425 2688 2505 gendi
2723 2426 2898 2506 origo
2928 2425 3229 2506 praecedit
3259 2445 3406 2486 eum
3438 2425 3546 2507 qui
3578 2425 3802 2492 oritur,
3827 2425 4002 2487 habi-

2505 2523 2775 2605 tudoque
2807 2524 3088 2604 sequitur
3119 2523 3325 2604 ipsum
3356 2524 3464 2605 qui
3497 2522 3782 2585 refertur.
3801 2524 4000 2586 Potest

2503 2639 2652 2702 ergo
2696 2621 3049 2703 proprietas
3089 2621 3352 2682 relativa
3396 2629 3642 2683 tantum
3685 2621 4002 2684 habitudi-

2504 2739 2650 2780 nem
2702 2720 3066 2801 importare,
3101 2727 3164 2780 et
3216 2719 3301 2781 ita
3351 2720 3764 2800 consequitur
3813 2720 4000 2782 ratio-

2503 2836 2648 2878 nem
2681 2817 3132 2890 distinctioniS,
3153 2826 3214 2878 et
3244 2825 3336 2878 est
3369 2817 3529 2879 ratio
3562 2818 3998 2880 innotescendi

2503 2914 3000 2988 distinctionem,
3026 2933 3152 2976 non
3183 2915 3617 2996 distinguendi
3653 2932 3666 2976 :
3703 2915 3794 2976 sic
3825 2916 4002 2977 enim

2430 3013 2472 3076 C
2507 3021 2711 3094 potest
2741 3013 3009 3092 intelligi
3047 3013 3395 3083 distinctiO,
3430 3013 3582 3094 quia
3621 3013 4004 3094 intelligitur

2503 3112 2614 3195 qui
2655 3111 2734 3174 ab
2772 3112 2920 3186 ali0,
2955 3121 3016 3174 et
3051 3131 3087 3173 a
3116 3131 3245 3194 quo
3283 3111 3466 3174 alius,
3502 3112 3710 3175 Potest
3745 3131 4004 3194 quoque

2505 3210 2856 3292 proprietas
2909 3210 3250 3292 importare
3305 3218 3668 3291 utrumque,
3703 3210 4004 3273 videlicet

2502 3308 2813 3389 originem
2864 3316 2926 3370 et
2985 3308 3379 3379 relationem,
3433 3316 3494 3369 et
3547 3308 3640 3369 sic
3687 3316 3782 3370 est
3839 3310 4006 3373 ratio

2504 3413 2632 3467 tam
2673 3406 3107 3467 innotescendi
3151 3424 3342 3486 quam
3387 3405 3820 3486 distinguendi
3865 3425 4006 3487 per-

2504 3522 2686 3565 sonas
2734 3521 2748 3577 ³.
2791 3504 3010 3585 sicque
3059 3504 3381 3567 subtracta
3430 3503 3839 3585 proprietate,
3876 3523 4002 3567 non

2504 3611 2710 3683 potest
2743 3619 3011 3683 persona
3042 3600 3334 3681 intelligi.
3359 3602 3502 3663 Haec
3533 3602 3996 3663 Bonaventura.

2581 3700 2874 3781 Amplius
2915 3718 3108 3781 super
3137 3699 3237 3761 his
3280 3699 3564 3781 loquitur
3593 3699 3951 3762 Alexander
3984 3718 4000 3762 :

2502 3799 2833 3862 Abstracto
2891 3797 3112 3860 ordine
3169 3798 3441 3859 naturali
3494 3816 3604 3860 seu
3665 3806 3910 3861 naturae
3967 3819 4003 3861 a

2505 3897 2740 3959 divinis
2775 3916 2885 3979 per
2917 3896 3332 3966 intellectum,
3366 3895 3574 3957 adhuc
3607 3904 3874 3978 possunt
3909 3896 4004 3959 in-

2507 3995 2703 4075 telligi
2753 3995 3143 4077 hypostaseS,
3189 3994 3274 4055 ita
3321 3994 3488 4075 quod
3533 3994 3742 4055 adhuc
3795 4003 4004 4077 potest

2504 4094 2592 4156 ibi
2645 4094 2914 4174 intelligi
2965 4113 3130 4155 unus
3179 4100 3242 4153 et
3291 4112 3478 4165 unus,
3512 4100 3791 4155 attamen
3844 4094 4010 4156 indi-

898 4213 1023 4275 que
1070 4193 1561 4256 abstractionem
1609 4193 1763 4254 dicit
1812 4192 1917 4254 hic
1962 4193 2095 4254 tolli
2147 4193 2392 4255 intelle·
2423 4194 2474 4255 D
2503 4193 2750 4254 stincte.
2795 4192 3035 4254 Idcirco
3085 4192 3457 4265 notandum,
3490 4192 3660 4273 quod
3709 4191 4010 4273 hyposta-

900 4301 1074 4355 ctum
1121 4310 1424 4373 personae,
1460 4298 1699 4353 remota
1748 4291 2062 4372 personali
2113 4291 2395 4372 proprie·
2439 4300 2452 4307 '

900 4398 1044 4452 tate.
1081 4391 1187 4452 Vel
1222 4391 1364 4452 ideo
1394 4390 1548 4451 dicit
1577 4390 1917 4451 essentiam
1958 4408 2284 4451 remanere
2327 4390 2390 4450 in

901 4488 1108 4572 prima
1148 4488 1255 4549 illa
1292 4488 1736 4561 abstractione,
1772 4496 2010 4548 remota
2051 4488 2394 4569 proprieta-

900 4595 983 4661 te,
1030 4588 1182 4669 quia
1225 4587 1431 4649 adhuc
1476 4593 1682 4668 potest
1725 4585 2013 4666 intelligi.

980 4686 1329 4749 Richardus
1380 4702 1633 4767 quoque
1678 4684 1847 4745 circa
1895 4683 2056 4745 hanc
2100 4683 2393 4764 quaestio-

899 4806 1047 4848 nem
1078 4793 1286 4848 narrat
1322 4793 1655 4865 utramque
1686 4783 2076 4864 opinionem,
2102 4789 2163 4843 et
2197 4781 2394 4861 magis

900 4884 1177 4947 declinat
1218 4884 1295 4947 ad
1342 4882 1527 4945 istam
1572 4901 1713 4963 quae
1757 4882 2011 4944 Thomae
2053 4888 2167 4941 est.

967 4984 1155 5046 Porro
1186 4984 1617 5045 Bonaventura
1646 4998 1761 5062 pro
1792 4987 1967 5061 parte
1998 4979 2219 5039 eadem
2251 4978 2400 5039 scri-

900 5080 995 5143 bit
1029 5099 1042 5142 :
1077 5082 1343 5163 Duplex,
1380 5079 1698 5161 inquiens,
1734 5078 1903 5140 circa
1942 5077 2062 5139 hoc
2102 5076 2227 5137 fuit
2264 5076 2398 5157 opi-

899 5180 1021 5243 nio.
1039 5180 1302 5253 Quidam
1334 5179 1505 5241 enim
1538 5176 2034 5259 dixerunt,quod
2062 5174 2398 5236 abstractis

901 5278 1417 5361 proprietatibus,
1453 5276 1850 5359 impossibile
1898 5281 1995 5337 est
2041 5272 2398 5353 intelligere

2503 4290 2590 4352 sis
2636 4310 2838 4372 quum
2887 4290 2970 4351 sit
3017 4289 3391 4359 substantia,
3445 4289 3789 4371 aliquando
3847 4290 4006 4352 dicit

2505 4408 2614 4451 seu
2646 4388 2967 4469 significat
3009 4406 3123 4469 per
3154 4387 3411 4448 modum
3455 4387 3828 4450 substantiae
3861 4406 4006 4469 pro-

2505 4487 2866 4560 nominalis,
2928 4488 3048 4549 hoc
3109 4495 3205 4548 est
3266 4485 3387 4546 sub
3450 4485 3754 4567 qualitate
3821 4486 4006 4548 inde-

2505 4587 2861 4659 terminata,
2900 4586 3066 4647 sicut
3114 4584 3469 4647 substantia
3513 4585 4002 4665 pronominalis.

2504 4686 2859 4767 Aliquando
2916 4684 3073 4745 dicit
3130 4702 3244 4766 per
3303 4682 3563 4745 modum
3625 4682 4006 4747 substantiae

2506 4783 2846 4846 nominalis
2878 4782 3239 4862 singularis,
3273 4789 3342 4843 ut
3383 4782 3668 4843 Socrates
3704 4798 3717 4841 ε
3751 4788 3815 4842 et
3845 4788 4006 4843 tunc

2506 4882 2661 4942 dicit
2691 4881 2810 4943 sub
2842 4881 3144 4962 qualitate
3183 4879 3601 4941 determinata
3628 4886 3692 4940 et
3731 4878 4009 4941 definita

2505 4980 2639 5041 sive
2700 4978 3032 5057 distincta3
3083 4986 3146 5039 et
3195 4977 3247 5038 si
3299 4985 3450 5037 tunc
3500 4976 3583 5038 sit
3637 4976 3810 5037 circa
3865 4996 4010 5039 rem

2507 5076 2830 5138 rationalis
2863 5084 3103 5138 naturae
3137 5075 3548 5155 singularem,
3581 5074 3831 5135 dicetur
3859 5092 4010 5137 esse

2509 5191 2795 5257 persona.
2833 5173 3166 5235 Abstracto
3208 5190 3358 5252 ergo
3405 5172 3626 5234 ordine
3675 5179 3922 5233 naturae
3973 5192 4014 5235 a

2507 5272 2767 5345 diviniS‚
2802 5271 2912 5352 qui
2943 5278 3040 5333 est
3076 5270 3428 5333 secundum
3464 5270 3616 5331 istas
3653 5269 4014 5351 proprieta-
