4359 6250
833 463 955 529 640
1744 480 1921 528 mnan
1961 480 1982 527 1
2022 480 2505 529 sunrmrrnux.
2551 497 2633 510 —
2671 481 2824 528 msr.
2870 481 3034 528 xtvu

836 674 1207 739 peccamus.
1260 656 1321 721 A
1368 656 1559 721 nobis
1614 656 1949 738 impletur,
1996 656 2261 739 quando
2313 656 2564 721 bonum
2611 656 2892 721 facimus
2933 677 2948 717 :
2992 656 3140 720 ideo
3199 657 3376 721 enim
3433 655 3736 736 facimuS‚
3789 657 3946 737 quia

838 775 1087 838 scimus
1126 774 1378 854 placere
1422 774 1583 837 Deo.
1620 773 1720 836 Ita
1762 773 1826 836 et
1869 773 1949 836 de
1996 772 2265 837 homine
2311 790 2571 854 semper
2619 773 2799 835 Deus
2837 771 3070 854 implet
3105 790 3296 837 suam
3331 772 3764 852 voluntatem,
3790 773 3950 853 quia

836 890 1006 953 nihil
1054 889 1211 952 facit
1260 889 1460 952 homo
1508 890 1591 953 de
1637 906 1769 970 quo
1818 889 1999 952 Deus
2048 905 2179 951 non
2231 890 2536 970 operetur
2588 887 2767 969 quod
2808 888 2972 951 vult.
3021 889 3170 952 Non
3219 889 3396 952 enim
3447 888 3592 951 vult
3647 888 3828 951 Deus
3873 890 3952 949 ut

836 1008 1062 1088 peccet
1108 1006 1308 1069 homo
1366 1005 1643 1087 quilibet
1693 1025 1707 1066 ε
1760 1004 1817 1067 si
1874 1006 2096 1068 autem
2154 1005 2545 1085 peccaverit,
2589 1004 2934 1085 poenitenti
2983 1005 3128 1068 vult
3177 1021 3440 1087 parcere
3489 1006 3562 1066 ut
3613 1003 3830 1084 vivat3
3878 1003 3950 1065 in

839 1124 1123 1205 peccatis
1161 1140 1315 1188 vero
1367 1125 1891 1205 perseverantem
1938 1124 2198 1204 punire,
2240 1125 2314 1186 ut
2353 1124 2634 1204 Justitiae
2681 1124 3044 1205 potentiam
3097 1124 3452 1187 contumax
3503 1139 3636 1185 non
3688 1121 3944 1184 evadat.

840 1240 1023 1304 Sicut
1061 1240 1226 1303 alios
1264 1239 1345 1302 ab
1383 1240 1625 1303 aeterno
1664 1239 2057 1320 praeparavit
2095 1238 2177 1301 ad
2214 1256 2502 1320 poenam,
2544 1239 2636 1302 ita
2673 1239 2840 1302 alios
2880 1239 3277 1321 praeparavit
3315 1239 3397 1303 ad
3433 1238 3736 1320 gloriam.

548 1382 815 1438 Augssnem-
972 1358 1058 1420 Et
1094 1357 1235 1420 haec
1280 1357 1435 1419 sunt
1483 1371 1720 1436 magna
1756 1372 1953 1436 opera
1998 1354 2295 1435 Domini,
2338 1355 2667 1435 exquisita
2704 1356 2774 1417 in
2813 1372 3043 1419 omnes
3074 1355 3447 1419 voluntates
3485 1354 3666 1436 ejus3
3707 1356 3772 1417 et
3807 1356 3946 1417 tam

548 1446 811 1560 '1⁵13’;‚⁰0'1¹‚‘32‘'J
842 1473 1169 1554 sapienter
1216 1471 1567 1553 exquisita,
1610 1473 1682 1534 ut
1725 1488 1931 1553 quum
1988 1471 2282 1552 angelica
2333 1472 2398 1535 et
2444 1471 2736 1535 humana
2790 1474 3086 1535 creatura
3133 1474 3489 1552 peccasset,
3531 1470 3600 1534 id
3647 1473 3770 1551 est,
3811 1487 3947 1533 non

843 1588 1021 1672 quod
1066 1589 1200 1670 ille,
1234 1589 1349 1653 sed
1396 1588 1575 1669 quod
1622 1587 1835 1651 voluit
1885 1588 2051 1669 ipsa,
2094 1587 2379 1669 fecisset,
2413 1588 2612 1651 etiam
2659 1605 2776 1669 per
2825 1588 3126 1652 eamdem
3177 1590 3488 1652 creaturae
3535 1587 3945 1650 voluntatem

842 1725 973 1789 qua
1020 1707 1267 1770 factum
1324 1707 1422 1769 est
1469 1704 1648 1785 quod
1698 1704 1965 1768 Creator
2006 1722 2136 1767 non
2190 1703 2424 1784 voluit,
2467 1703 2769 1784 impleret
2824 1705 2965 1786 ipse
3021 1704 3200 1786 quod
3252 1704 3486 1785 voluit,
3531 1704 3695 1767 bene
3751 1706 3948 1768 utens

842 1824 1040 1886 etiam
1092 1822 1283 1886 malis
1320 1824 1634 1903 tanquam
1680 1837 1940 1883 summe
1976 1819 2212 1900 bonus,
2254 1820 2337 1882 ad
2373 1837 2601 1883 eorum
2649 1820 3138 1885 damnationem
3183 1838 3353 1902 quos
3391 1820 3572 1902 juste
3606 1819 3950 1902 praedesti-

578 1958 597 1979 ·
617 1956 799 2014 ςιοήιω
842 1940 1026 2003 navit
1073 1939 1157 2003 ad
1202 1956 1487 2021 poenam,
1530 1939 1596 2001 et
1641 1938 1724 2000 ad
1770 1953 1997 2001 eorum
2046 1935 2328 2000 salutem
2375 1953 2543 2017 quos
2589 1936 2868 2018 benigne
2913 1937 3405 2019 praedestinavit
3454 1937 3538 2001 ad
3585 1937 3865 2019 gratiam
3891 1932 3940 1996 ·.

842 2056 1177 2129 Quantum
1232 2057 1411 2119 enim
1468 2056 1549 2117 ad
1606 2056 1788 2138 ipsos
1839 2054 2094 2133 attinet,
2149 2053 2329 2133 quod
2383 2053 2565 2117 Deus
2618 2053 2833 2117 noluit
2887 2054 3213 2134 fecerunt3
3272 2056 3590 2135 quantum
3650 2070 3803 2117 vero
3861 2053 3946 2115 ad

842 2171 1386 2254 omnipotentiam
1424 2172 1571 2252 Dei,
1602 2170 1784 2234 nullo
1826 2170 2022 2233 modo
2072 2169 2140 2231 id
2178 2168 2392 2233 facere
2435 2170 2803 2235 valuerunt.
2845 2171 2990 2234 Hoc
3035 2172 3280 2252 quippe
3317 2172 3463 2253 ipso
3501 2171 3678 2252 quod
3717 2171 3946 2233 contra

838 2288 984 2370 ejus
1014 2288 1419 2352 voluntatem
1459 2287 1774 2367 fecerunt,
1807 2287 1888 2350 de
1926 2285 2090 2367 ipsis
2128 2285 2301 2348 facta
2329 2288 2429 2349 est
2457 2285 2762 2349 voluntas
2799 2287 2964 2367 eJus.
3000 2286 3354 2369 Propterea
3388 2304 3673 2368 namque
3702 2302 3946 2367 magna

839 2422 1035 2486 opera
1070 2404 1341 2475 Domini
1379 2405 1535 2467 sunt
1571 2402 1901 2483 exquisita
1948 2402 2016 2464 in
2065 2418 2296 2465 omnes
2334 2401 2708 2465 voluntates
2756 2402 2922 2483 eJuS,
2955 2402 3030 2465 ut
3066 2402 3236 2465 miro
3273 2404 3339 2466 et
3376 2402 3689 2467 ineffabili
3739 2402 3942 2465 modo

838 2538 969 2585 non
1004 2522 1120 2585 fiat
1163 2522 1399 2602 praeter
1444 2520 1590 2601 ejus
1627 2518 2033 2582 voluntatem
2072 2517 2250 2599 quod
2297 2518 2496 2581 etiam
2533 2518 2608 2581 fit
2654 2520 2879 2582 contra
2916 2518 3061 2599 ejus
3098 2518 3505 2583 voluntatem
3547 2539 3562 2581 :
3603 2520 3761 2601 quia
3806 2535 3942 2582 non

836 2639 1042 2719 fieret,
1076 2637 1133 2701 si
1181 2655 1314 2701 non
1361 2637 1624 2701 sineret.
1658 2635 1795 2699 Nec
1838 2635 2067 2715 utique
2113 2633 2348 2698 nolens
2395 2634 2577 2715 sinit,
2619 2635 2736 2699 sed
2773 2635 3038 2717 volens;
3081 2653 3200 2700 nec
3247 2636 3491 2700 sineret
3538 2635 3752 2700 bonus
3796 2635 3940 2700 fieri

838 2755 1033 2837 male,
1074 2756 1203 2819 nisi
1257 2753 1675 2834 omnipotens
1723 2754 1787 2817 et
1834 2752 1915 2815 de
1960 2751 2137 2814 malo
2184 2752 2409 2833 posset
2459 2750 2670 2816 facere
2722 2752 2971 2816 bonum
3015 2750 3202 2816 bene.
3245 2786 3330 2799 —
3369 2752 3494 2816 His
3532 2751 3750 2817 verbis
3794 2754 3941 2818 evi-

837 2871 1065 2935 denter
1110 2872 1533 2949 monstratur,
1576 2869 1753 2951 quod
1791 2868 2096 2931 voluntas
2145 2868 2270 2931 Dei
2319 2869 2560 2932 aeterna
2605 2886 2866 2951 semper
2913 2868 3226 2950 impletur
3275 2870 3356 2934 de
3403 2870 3695 2949 homine,
3738 2870 3940 2934 etiam

836 2990 895 3051 si
948 2987 1144 3051 faciat
1187 2988 1387 3051 homo
1428 2987 1652 3051 contra
1698 2986 1820 3049 Dei
1867 2984 2298 3048 voluntatem.

970 3105 1099 3170 Sed
1144 3103 1611 3169 attendendum
1659 3103 1760 3166 est
1803 3102 2171 3183 diligenter,
2215 3101 2548 3184 quomodo
2599 3102 2668 3165 in
2717 3101 3167 3184 superioribus
3211 3103 3452 3168 dicitur
3497 3103 3640 3169 fieri
3686 3104 3941 3187 aliquid

837 3222 1063 3284 contra
1109 3221 1232 3284 Dei
1269 3220 1700 3299 voluntatem,
1741 3220 1920 3300 quod
1958 3221 2177 3282 tamen
2224 3235 2358 3281 non
2398 3219 2474 3282 fit
2510 3219 2748 3300 praeter
2784 3237 2967 3301 eam3
3009 3197 3074 3284 et
3110 3220 3393 3301 qualiter
3436 3220 3938 3302 intelligendum

838 3339 928 3401 sit
954 3337 1120 3400 illud
1154 3356 1169 3398 τ
1204 3336 1539 3410 Quantum
1576 3336 1660 3398 ad
1696 3353 1790 3416 se,
1824 3336 2119 3399 fecerunt
2145 3335 2326 3417 quod
2351 3336 2534 3400 Deus
2569 3335 2818 3418 noluit;
2849 3339 3173 3418 quantum
3212 3355 3366 3401 vero
3405 3337 3487 3401 ad
3526 3338 3942 3419 omnipoten-

836 3455 998 3518 tiam
1035 3453 1185 3534 Dei,
1216 3452 1400 3516 nullo
1439 3453 1636 3516 modo
1673 3452 1743 3515 id
1779 3453 1988 3516 facere
2019 3451 2389 3515 valuerunt.
2421 3451 2744 3517 Videntur
2781 3454 2957 3516 enim
2997 3453 3124 3517 ista
3159 3453 3609 3537 superioribus
3645 3454 3934 3535 obviare,

837 3571 953 3635 ubi
999 3571 1251 3635 dictum
1298 3571 1419 3650 est,
1460 3569 1783 3633 voluntati
1832 3569 1975 3650 ejus
2020 3569 2188 3631 nihil
2237 3569 2558 3633 resistere.

1028 3794 1104 3857 B.
1144 3797 1279 3858 Hic
1319 3795 1591 3870 aperit,
1634 3799 1881 3858 dicens
1917 3795 2232 3857 diversis
2267 3797 2507 3857 modis
2540 3809 2774 3869 supra
2815 3797 3058 3869 accipi
3092 3797 3225 3858 Dei
3261 3796 3739 3860 voluntatem.

602 4010 675 4068 Cr·
707 4011 812 4055 dist·
972 3999 1246 4080 Verum,
1278 4001 1581 4081 utsupra
1608 3999 1924 4078 diximus,
1957 3998 2265 4062 voluntas
2291 3998 2415 4062 Dei
2453 3998 2733 4063 diversis
2762 3999 2979 4064 modis
3015 3999 3333 4082 accipitur
3365 4020 3380 4062 ε
3413 4018 3562 4082 quae
3590 4000 3938 4064 diversitas

546 4087 641 4125 ω’
661 4075 809 4118 Pm'
837 4119 907 4181 in
954 4116 1286 4199 praedictis
1322 4115 1540 4181 verbis
1586 4116 1643 4179 si
1684 4114 2031 4196 diligenter
2075 4115 2362 4195 notetur,
2401 4114 2571 4178 nihil
2616 4116 3151 4180 contradictionis
3197 4118 3539 4198 reperitur.
3583 4117 3712 4182 Ubi
3759 4118 3936 4182 enim

836 4235 1019 4317 dicit,
1050 4251 1183 4297 non
1220 4233 1360 4298 fieri
1399 4235 1635 4315 praeter
1673 4233 1817 4314 ejus
1846 4232 2250 4296 voluntatem
2292 4233 2487 4296 etiam
2528 4233 2708 4313 quod
2743 4234 2818 4296 fit
2844 4235 3070 4298 contra
3105 4234 3250 4315 ejus
3277 4235 3710 4315 voluntatem,
3741 4235 3938 4298 dissi-

836 4353 1082 4416 militer
1127 4351 1378 4433 accepit
1417 4351 1849 4431 voluntatem,
1883 4351 1949 4415 et
1982 4366 2117 4413 non
2163 4351 2377 4431 ipsam
2423 4350 2828 4414 voluntatem
2875 4369 3024 4432 quae
3070 4353 3251 4416 Deus
3291 4353 3392 4417 est
3431 4353 3496 4415 et
3536 4352 3938 4433 sempiterna

836 4471 959 4550 est,
1000 4468 1117 4533 sed
1158 4469 1301 4549 ejus
1342 4468 1530 4550 signa
1565 4468 1898 4549 praedictis
1935 4466 2153 4530 verbis
2195 4466 2474 4548 intelligi
2513 4467 2745 4550 voluit,
2788 4469 2856 4531 id
2893 4469 2993 4532 est
3034 4467 3547 4549 prohibitionem
3581 4469 3725 4534 sive
3766 4487 3936 4550 prae-

835 4586 1205 4668 ceptionem
1250 4587 1315 4651 et
1358 4585 1886 4667 permissionem.

967 4702 1175 4766 Multa
1207 4701 1384 4766 enim
1420 4701 1590 4767 fiunt
1617 4701 1843 4764 contra
1877 4701 2000 4764 Dei
2030 4701 2435 4782 praeceptum
2463 4699 2568 4764 vel
2605 4699 3143 4782 prohibitionem,
3177 4718 3324 4782 quae
3355 4702 3572 4765 tamen
3603 4719 3738 4764 non
3767 4702 3936 4766 fiunt

832 4820 1070 4903 praeter
1099 4817 1243 4899 ejus
1271 4817 1797 4899 permissionem.
1832 4817 2052 4897 Ipsius
2088 4833 2376 4896 namque
2405 4815 2838 4898 permissione
2869 4817 3092 4880 omnia
3119 4817 3287 4880 fiunt
3313 4816 3508 4897 mala,
3534 4835 3684 4898 quae
3715 4820 3936 4882 tamen

832 4937 1070 5019 praeter
1124 4936 1270 5016 ejus
1325 4933 1731 4997 voluntatem
1795 4933 2268 5014 sempiternam
2323 4933 2512 5012 fiunt,
2571 4932 2743 4995 sicut
2797 4932 3212 5014 Augustinus
3265 4932 3426 4996 dicit
3480 4951 3679 5014 super
3745 4933 3936 4997 illum

556 5065 636 5110 1²⁸.
659 5071 806 5118 mi.
834 5053 1055 5116 locum
1096 5051 1347 5115 Psalmi
1382 5071 1395 5111 :
1431 5051 1521 5113 Ut
1554 5066 1689 5113 non
1727 5050 2034 5131 loquatur
2075 5066 2151 5114 os
2189 5066 2414 5113 meum
2463 5067 2658 5131 opera
2706 5050 3077 5112 hominum.
3119 5051 3334 5131 Opera
3371 5051 3546 5114 enim
3583 5051 3936 5114 hominum

541 5129 721 5242 ssffifn
734 5129 805 5174 ¹³⁵⁶
832 5169 995 5234 dicit
1034 5185 1111 5233 ea
1146 5185 1295 5250 quae
1333 5167 1507 5231 mala
1552 5169 1709 5231 sunt
1749 5187 1764 5229 ε
1808 5184 1955 5248 quae
1993 5168 2232 5248 praeter
2277 5167 2401 5231 Dei
2441 5167 2848 5230 voluntatem
2894 5167 3063 5230 fiunt
3099 5184 3246 5248 quae
3295 5167 3436 5248 ipse
3475 5169 3596 5247 est,
3637 5167 3754 5232 sed
3801 5184 3938 5230 non

830 5286 1070 5366 praeter
1104 5285 1249 5365 ejus
1289 5283 1816 5365 permissionem,
1858 5301 2005 5365 quae
2044 5283 2188 5365 ipse
2228 5300 2361 5347 non
2404 5284 2539 5364 est3
2590 5282 2956 5363 appellatur
2991 5283 3212 5346 tamen
3254 5282 3398 5365 ipsa
3437 5283 3561 5346 Dei
3599 5282 3930 5364 voluntas,
