4359 6250
570 1055 671 1098 dist.
684 1069 726 1106 v,
738 1067 780 1109 q.
796 1055 837 1096 2.

578 5120 731 5171 nitate,
768 5118 843 5164 lib.

860 457 981 523 280
1775 479 1950 526 mmm
1991 482 2012 525 1
2052 480 2535 526 SENTENTIARUM.
2580 499 2661 508 —
2700 481 2852 527 n1s‘r.
2899 481 3047 526 xxix

865 647 1233 728 paternitaS,
1288 649 1654 730 generati03
1705 657 1769 711 et
1822 668 1897 711 ex
1952 650 2196 730 origine
2248 669 2361 712 seu
2393 648 2444 710 A
2473 669 2585 712 seu
2636 649 2932 712 identitas
2980 658 3043 711 et
3092 649 3446 712 similitudo
3500 647 3755 710 realiter
3799 646 3964 708 idem

864 746 1270 826 generatione
1330 747 1741 829 consequitur
1792 765 2126 829 personam
2176 748 2363 829 origi-

866 852 1102 918 natam,
1154 847 1526 927 productam
1576 865 1687 908 seu
1735 847 2039 926 genitam,
2090 847 2360 927 genitori

866 962 1003 1006 esse
1045 944 1322 1006 similem
1362 953 1425 1006 et
1463 945 1794 1025 aequalem,
1828 945 1958 1007 imo
1998 953 2059 1006 et
2092 945 2361 1008 consub-

867 1043 1248 1116 stantialem,
1293 1043 1458 1104 sicut
1505 1050 1830 1104 ostensum
1879 1051 1992 1105 est.
2036 1079 2117 1088 —
2154 1045 2360 1116 Quum

867 1158 1019 1202 vero
1076 1141 1401 1222 objicitur,
1453 1141 1624 1223 quod
1685 1161 1883 1203 unum
1944 1161 2137 1223 super
2193 1142 2361 1223 quod

868 1238 1172 1301 fundatur
1201 1239 1575 1314 similitudo,
1609 1248 1705 1302 est
1734 1259 1934 1301 unum
1966 1241 2202 1322 specie,
2236 1257 2362 1302 non

868 1355 1136 1400 numero
1171 1355 1184 1399 :
1220 1337 1363 1400 dico
1405 1339 1574 1419 quod
1614 1357 1837 1400 verum
1878 1346 1973 1400 est
2014 1339 2079 1400 in
2124 1346 2364 1401 creatu-

869 1437 979 1510 riS‚
1016 1436 1079 1496 in
1125 1435 1360 1517 quibus
1406 1455 1605 1498 unum
1651 1454 1918 1498 numero
1962 1437 2184 1518 nequit
2225 1455 2362 1498 esse

870 1534 937 1596 in
970 1534 1301 1615 pluribus;
1335 1552 1462 1596 non
1491 1540 1703 1596 autem
1738 1534 1804 1595 in
1835 1534 2093 1608 divinis,
2128 1535 2194 1596 in
2225 1535 2364 1616 qui-

870 1633 990 1694 bus
1022 1651 1149 1694 una
1190 1650 1456 1694 numero
1495 1632 1769 1694 essentia
1808 1640 1901 1694 est
1943 1632 2009 1694 in
2040 1632 2364 1714 superglo-

870 1729 1053 1793 riosis
1102 1737 1167 1792 et
1221 1730 1769 1812 superbenedictis
1820 1730 2367 1812 superaltissimis-

2473 756 2641 821 sunt,
2677 748 2842 810 sicut
2872 747 3147 810 essentia
3178 756 3239 809 et
3273 764 3559 829 persona.
3593 746 3743 808 Ideo
3772 763 3965 827 penes

2473 846 2642 908 idem
2683 847 2750 908 in
2790 865 2858 908 re
2892 853 3100 929 potest
3134 853 3476 926 utrumque
3515 843 3780 917 attendi,
3813 844 3965 905 dum

2473 946 2627 1026 ipsae
2676 962 2961 1026 personae
3014 963 3285 1026 quarum
3343 962 3468 1005 una
3513 943 3718 1005 fertur
3760 943 3966 1022 imago

2471 1043 2753 1116 alteriuS‚
2807 1044 2888 1106 ab
2941 1044 3217 1106 invicem
3271 1042 3525 1104 realiter
3575 1040 3968 1122 distinguan-

2473 1149 2577 1203 tur
2633 1160 2647 1203 ε
2705 1141 2858 1222 quia
2918 1142 3079 1203 nihil
3143 1141 3399 1223 proprie
3457 1147 3554 1202 est
3608 1141 3710 1202 sui
3767 1139 3967 1222 ipsius

2474 1240 2700 1320 imago.

2511 1407 2517 1414 ,
2561 1338 2882 1400 Postremo
2945 1337 3252 1400 Henricus
3309 1336 3686 1411 Quodlibeto
3745 1342 3970 1418 quarto

2474 1442 2686 1497 movet
2716 1435 2878 1497 hanc
2917 1435 3359 1516 quaestionem,
3392 1454 3472 1497 an
3513 1434 3788 1516 Spiritus
3819 1434 3971 1496 San·

2474 1540 2614 1595 ctus
2660 1533 2858 1614 possit
2902 1533 3029 1595 dici
3071 1533 3277 1615 imago
3317 1534 3482 1596 sicut
3521 1541 3584 1594 et
3625 1532 3842 1594 Filius.
3878 1532 3972 1595 Ad

2476 1632 2645 1712 quod
2687 1631 3027 1713 respondet
3058 1651 3172 1714 per
3209 1631 3426 1694 omnia
3464 1630 3630 1692 sicut
3670 1629 3862 1692 modo
3895 1649 3972 1692 ex

2477 1728 2715 1790 Thoma
2755 1746 3132 1810 responsum
3173 1737 3288 1791 est.

869 1847 995 1910 que
1044 1828 1350 1910 personis.
1385 1828 1513 1890 Nec
1562 1828 1770 1890 unitas
1817 1828 1925 1890 illa
1969 1829 2224 1902 minuit,
2256 1829 2365 1890 sed
2403 1829 2450 1891 B
2557 1828 2892 1889 Durandus
2941 1845 3092 1890 vero
3143 1826 3248 1890 hic
3307 1826 3551 1901 scribit,
3603 1825 3776 1908 quod
3833 1845 3974 1889 esse

869 1936 1077 2007 auget,
1112 1927 1389 2007 complet
1437 1934 1500 1988 et
1552 1927 1806 2008 perficit
1856 1927 2160 1990 rationem
2212 1927 2366 1989 ima-

867 2025 1059 2104 giniS‚
1092 2024 1179 2086 ita
1208 2025 1375 2106 quod
1408 2025 1914 2087 eminentissime
1946 2026 2242 2088 convenit
2272 2025 2367 2088 Fi-

872 2121 979 2197 lio,
1033 2131 1222 2204 prout
1269 2112 1586 2196 Alber‘tuS,
1634 2123 1927 2198 ThomaS,
1978 2124 2221 2198 Petrus,
2265 2124 2367 2186 Ri-

872 2220 1137 2283 chardus
1167 2221 1563 2303 AEgidiusque
1596 2221 2365 2302 declarant.-—Quumque

869 2318 1192 2400 objicitur,
1208 2321 1376 2403 quod
1409 2319 1605 2382 Filius
1638 2321 1702 2382 in
1733 2321 2008 2382 essentia
2038 2328 2134 2382 est
2164 2339 2365 2381 unum

868 2425 932 2480 et
989 2419 1161 2480 idem
1221 2437 1367 2480 cum
1425 2419 1626 2493 Patre,
1678 2436 1827 2499 ergo
1879 2436 2006 2481 non
2067 2418 2298 2480 similis
2348 2436 2362 2479 :

867 2515 1012 2578 dico
1042 2517 1210 2598 quod
1242 2517 1535 2598 quamvis
1576 2517 1850 2579 essentia
1878 2517 1960 2578 sit
1992 2516 2056 2578 in
2088 2535 2155 2578 se
2189 2516 2365 2597 peni-

869 2621 970 2675 tus
1014 2633 1139 2676 una
1183 2622 1241 2676 et
1289 2616 1532 2690 eadem,
1576 2615 1743 2677 sicut
1789 2623 1853 2676 et
1904 2615 2233 2696 quodlibet
2276 2622 2364 2676 at—

870 2712 1207 2786 tributum,
1244 2721 1454 2775 tamen
1499 2714 1723 2775 modus
1767 2731 1895 2795 quo
1937 2721 2032 2774 est
2078 2713 2143 2774 in
2187 2714 2364 2775 Patre

868 2811 1285 2892 distinguitur
1326 2831 1364 2874 a
1406 2812 1595 2874 modo
1642 2830 1769 2893 quo
1817 2819 1913 2874 est
1958 2813 2025 2874 in
2070 2813 2250 2886 Filio,
2300 2811 2364 2873 in

869 2915 1182 2990 quantum
1230 2909 1409 2971 Pater
1457 2909 1648 2971 habet
1696 2925 1834 2970 eam
1884 2929 1921 2971 a
1969 2929 2036 2971 se
2088 2909 2249 2992 ipso,
2301 2911 2365 2972 id

2479 1925 2823 2006 imaginem
2869 1926 3167 1988 convenit
3215 1934 3344 1987 tam
3389 1925 3547 1987 Filio
3596 1944 3790 2007 quam
3839 1925 3976 2007 Spi-

2478 2023 2630 2085 ritui
2654 2023 2903 2098 Sanct0‚
2931 2024 3130 2105 magis
3162 2031 3374 2086 tamen
3406 2023 3586 2097 Filio,
3611 2042 3725 2106 per
3755 2041 3978 2105 appro-

2479 2121 2860 2204 priationem
2897 2140 2910 2183 ε
2945 2130 3008 2184 et
3060 2123 3122 2183 in
3174 2122 3294 2184 hoc
3340 2123 3591 2184 videtur
3639 2123 3974 2184 Durandus

2480 2219 2732 2283 Graecus
2783 2219 3072 2282 effectus.
3108 2220 3282 2282 Unde
3331 2228 3394 2282 et
3444 2221 3582 2302 ipse
3624 2220 3854 2301 allegat
3896 2221 3971 2282 ad

2477 2319 2596 2380 hoc
2639 2317 2999 2381 Graecorum
3038 2319 3345 2382 doctores.
3380 2318 3500 2380 Sed
3545 2327 3834 2381 nostrum
3881 2328 3972 2382 est

2477 2418 2656 2498 sequi
2690 2418 2977 2480 doctores
3009 2418 3286 2492 Latin08‚
3321 2437 3447 2480 non
3489 2426 3702 2480 tamen
3733 2425 3976 2481 contra-

2477 2516 2686 2577 dicere
2747 2515 2978 2578 Graecis
3038 2517 3103 2577 in
3161 2516 3398 2597 quibus
3459 2516 3767 2579 catholice
3825 2525 3975 2578 sunt

2479 2613 2692 2676 locuti.
2737 2650 2817 2658 —
2863 2614 3037 2687 Quod
3089 2632 3238 2676 vero
3287 2615 3622 2676 Durandus
3672 2615 3783 2688 ait,
3835 2633 3975 2678 esse

2478 2711 2819 2791 imaginem
2873 2711 3072 2792 magis
3123 2711 3462 2774 convenire
3508 2711 3667 2774 Filio
3712 2731 3827 2792 per
3869 2731 3976 2792 ap-

2479 2810 2998 2891 propriationem,
3023 2809 3151 2872 non
3181 2810 3436 2872 videtur
3467 2810 3587 2872 rite
3619 2811 3973 2892 prolatum:

2478 2909 2780 2990 quoniam
2831 2910 2884 2970 si
2935 2909 3144 2989 imago
3196 2908 3452 2990 proprie
3502 2916 3814 2984 sumatur,
3847 2926 3976 2970 non

870 3014 965 3068 est
1006 3006 1330 3069 fontaliter
1359 3015 1422 3068 et
1452 3025 1579 3069 non
1612 3008 1694 3069 ab
1731 3007 1879 3082 alio,
1914 3007 2111 3070 Filius
2150 3015 2364 3070 autem
2404 3012 2446 3075 C
2476 3014 2573 3068 est
2631 3025 2865 3069 nomen
2915 3007 3420 3089 appropriatum,
3473 3007 3584 3068 sed
3642 3007 3974 3088 proprium

868 3125 907 3168 a
967 3105 1144 3168 Patre
1178 3124 1195 3185 ;
1259 3113 1322 3167 et
1386 3105 1471 3168 ita
1539 3106 1790 3169 diversa
1860 3106 2366 3171 consideratione

872 3210 1021 3265 sunt
1065 3203 1129 3265 in
1176 3204 1451 3266 essentia
1490 3223 1691 3265 unum
1730 3211 1793 3265 et
1834 3204 2024 3277 idem,
2067 3212 2131 3265 et
2168 3206 2366 3267 Filius

872 3302 938 3363 in
984 3302 1127 3383 ipsa
1168 3302 1445 3365 essentia
1487 3302 1940 3365 attributaliter
1982 3302 2363 3383 significata,

872 3400 993 3463 hoc
1042 3408 1159 3477 est,
1200 3401 1268 3463 in
1317 3400 1647 3483 sapientia,
1700 3401 2052 3475 sanctitate,
2092 3402 2362 3483 justitia,

871 3506 969 3561 est
998 3498 1228 3562 similis
1268 3499 1451 3562 Patri.
1484 3500 1557 3562 In
1585 3498 1821 3563 divinis
1861 3519 2115 3582 quoquc
2154 3501 2365 3564 unitas

2477 3105 2657 3179 Filio,
2701 3104 2869 3169 sicut
2916 3112 2978 3168 et
3026 3106 3317 3181 verbum,
3365 3105 3718 3169 secundum
3767 3105 3977 3187 Augu-

2476 3205 2716 3266 stinum
2761 3213 2824 3267 et
2861 3206 3017 3267 alios
3058 3214 3308 3268 sanctos
3352 3205 3826 3286 catholicosque
3867 3205 3973 3267 do-

2477 3311 2698 3365 ctores.
2748 3304 2835 3366 De
2883 3304 3000 3366 hac
3050 3305 3308 3367 demum
3361 3304 3624 3367 materia
3669 3322 3748 3365 ex
3795 3302 3973 3365 Anti-

2476 3401 2823 3464 siodorensi
2885 3409 2946 3464 et
2996 3401 3334 3465 Guillelmo
3382 3401 3719 3465 Parisiensi
3779 3408 3970 3484 atque
4049 3399 4148 3442 ‘¹⁵⁵²-
4183 3412 4220 3445 1·
4276 3430 4277 3435 ¹

2477 3501 2767 3564 Udalrico
2811 3520 3004 3583 supra
3045 3501 3311 3583 allegata
3351 3509 3500 3564 sunt
3543 3500 3762 3563 multa.
3995 3462 4243 3575 Qfflli
4276 3494 4277 3557 Ϊ

1720 3941 2638 4055 DISTINCTIO
2751 3944 3135 4053 XXIX

926 4321 1007 4385 A.
1052 4326 1151 4385 De
1186 4280 1587 4399 principio,
1630 4329 1820 4400 quod
1858 4327 2173 4390 relative
2217 4328 2517 4401 dicitur,
2559 4328 2630 4389 et
2670 4329 3157 4402 multiplicem
3195 4328 3410 4392 notat
3445 4330 3919 4393 relationem.

1127 4687 1359 4759 pium.
1393 4682 1652 4746 Dicitur
1688 4683 1865 4746 enim
1903 4684 2301 4765 principium
2351 4700 2610 4766 semper
2651 4686 2734 4749 ad
2771 4687 3021 4767 aliquid
3063 4707 3076 4746 :
3120 4689 3186 4749 et
3216 4686 3458 4750 dicitur
3501 4686 3695 4751 Pater
3733 4688 3988 4769 princi-

880 4564 1207 4860 EST
1265 4567 1579 4646 praeterea
1638 4566 1819 4629 aliud
1874 4583 2114 4631 nomen
2166 4568 2601 4649 multiplicem
2659 4570 2894 4633 notans
2945 4570 3352 4651 relationem,
3401 4570 3651 4635 scilicet
3687 4575 3984 4647 princi-

1133 4800 1345 4880 pium,
1392 4800 1457 4862 et
1490 4799 1703 4863 Filius
1739 4801 2163 4882 principium,
2207 4802 2271 4865 et
2308 4802 2594 4882 Spiritus
2631 4804 2909 4866 Sanctus
2951 4803 3374 4885 principium,
3419 4804 3536 4867 sed
3581 4806 3982 4871 differenter.

875 4916 1045 4980 Nam
1076 4916 1272 4982 Pater
1299 4916 1541 4980 dicitur
1568 4917 1966 4998 principium
2006 4917 2088 4980 ad
2124 4918 2370 4981 Filium
2404 4920 2469 4981 et
2505 4920 2586 4980 ad
2615 4920 2934 4999 Spiritum
2973 4920 3307 4984 Sanctum.
3353 4921 3540 4986 Unde
3567 4921 3988 5003 Augustinus

581 5056 848 5114 Aug.de'rri-
875 5033 943 5095 in
974 5035 1205 5114 quarto
1238 5033 1406 5097 libro
1444 5034 1525 5097 de
1555 5033 1870 5096 Trinitate
1900 5034 1993 5097 ait
2026 5054 2040 5094 ε
2073 5034 2269 5099 Pater
2298 5036 2398 5097 est
2433 5034 2829 5115 principium
2869 5036 3074 5099 totius
3109 5036 3498 5118 divinitatiS‚
3520 5039 3625 5102 vel
3653 5039 3712 5102 si
3741 5039 3990 5105 melius

582 5184 790 5234 mmm,
875 5150 1136 5231 dicitur,
1187 5151 1497 5216 deitatis:
1533 5152 1689 5233 quia
1736 5152 1876 5233 ipse
1931 5169 1970 5214 a
2019 5151 2202 5215 nullo
2252 5154 2371 5214 est.
2423 5152 2570 5215 Non
2623 5152 2799 5215 enim
2849 5151 3046 5215 habet
3095 5152 3176 5217 de
3225 5170 3355 5233 quo
3402 5154 3513 5235 sit,
3553 5154 3658 5219 vel
3709 5154 3792 5219 de
3848 5174 3989 5237 quo

876 5268 1218 5349 procedat3
1258 5268 1374 5332 sed
1430 5267 1511 5331 ab
1558 5284 1635 5333 eo
1688 5269 1753 5333 et
1788 5268 2001 5332 Filius
2048 5268 2149 5331 est
2183 5267 2468 5349 genituS,
2515 5270 2578 5331 et
2629 5267 2914 5348 Spiritus
2959 5268 3237 5333 Sanctus
3286 5270 3598 5350 procedit.
3637 5270 3786 5333 Non
3825 5288 3988 5353 ergo
