4359 6250
913 513 998 563 AN
1041 513 1196 564 DEUS
1239 515 1694 564 Pnovmnxnau
1734 518 1981 565 HABEAT
2021 519 2451 568 UNIVERSORUM
2492 523 2567 568 ET
2607 523 2987 570 SINGULORUM
3382 505 3503 569 499

393 688 629 751 horum
677 688 877 770 aliqui
927 689 1170 762 dicunt,
1219 689 1508 752 omnium
1561 690 1898 771 providen—
1927 689 1978 753 A
2010 691 2178 772 quod
2216 699 2315 754 est
2357 700 2599 766 natura,
2634 702 2729 756 est
2766 694 2999 776 aliquis
3040 693 3271 774 gradus
3304 712 3319 756 ε
3354 693 3506 775 quia

393 787 547 848 tiam
591 785 924 868 aequaliter
966 806 1104 849 esse
1152 787 1218 848 in
1269 789 1394 850 Deo
1439 805 1454 850 t
1496 788 1606 869 qui
1652 807 1728 849 ex
1779 788 1898 849 hoc

391 885 690 946 incidunt
721 885 785 946 in
821 892 947 947 tres
983 904 1246 948 errores.
1283 886 1548 959 Quidam
1583 886 1754 948 enim
1791 906 1901 948 aes—

389 984 694 1045 timantes
743 984 1042 1046 similiter
1087 1003 1224 1046 esse
1275 985 1740 1066 providentiam
1791 984 1898 1047 bo-

391 1099 622 1144 norum
663 1089 727 1143 et
761 1082 1098 1156 malorum,
1133 1102 1333 1164 quum
1374 1083 1508 1146 haec
1547 1083 1694 1156 du0,
1730 1083 1898 1146 scili-

391 1187 496 1242 cet
541 1180 712 1243 bona
756 1189 820 1242 et
871 1181 1056 1254 mala,
1103 1189 1421 1263 nequeant
1469 1201 1608 1244 esse
1658 1182 1900 1244 intenta

391 1278 474 1340 ab
513 1297 644 1342 uno
678 1286 926 1359 agente,
961 1286 1312 1360 posuerunt
1340 1280 1500 1343 duos
1540 1281 1710 1348 deos,
1745 1298 1899 1362 quo-

395 1397 538 1440 rum
593 1399 761 1441 unus
797 1379 1126 1460 (videlicet
1169 1380 1325 1441 deus
1377 1379 1559 1452 luciS,
1601 1379 1900 1441 essentia·

395 1477 542 1538 liter
571 1475 808 1558 bonus)
839 1477 1201 1560 provideret
1240 1477 1425 1551 bona,
1459 1477 1621 1540 alius
1650 1478 1899 1559 (utpote

395 1575 552 1637 deus
617 1575 1044 1648 tenebrarum,
1108 1575 1610 1638 substantialiter
1668 1575 1902 1656 malus)

397 1674 764 1755 provideret
795 1674 980 1744 mala,
1012 1673 1194 1754 juxta
1224 1675 1514 1737 haeresim
1547 1674 1893 1736 Manichaei.

395 1773 670 1854 Haecque
729 1773 946 1854 opinio
994 1791 1031 1833 a
1078 1772 1324 1834 Sanctis
1380 1781 1442 1834 et
1501 1773 1899 1855 philosophis

2009 792 2432 871 quorumdam
2494 801 2717 855 natura
2776 793 3071 874 impediri
3122 810 3248 854 non
3298 799 3506 873 potest

2008 908 2045 950 a
2075 889 2174 952 sui
2208 891 2655 954 consecutione
2685 891 2954 954 effectus
2982 910 3056 953 ac
3084 891 3259 964 finis,
3292 900 3356 954 et
3387 891 3505 952 iste

2008 995 2103 1049 est
2136 988 2201 1048 in
2245 987 2372 1049 illis
2411 988 2597 1050 altior
2626 991 2855 1070 gradus
2891 1007 2906 1050 t
2940 990 3107 1050 sicut
3136 997 3231 1051 est
3263 989 3330 1050 in
3370 1006 3505 1050 cor-

2010 1085 2273 1166 poribus
2324 1086 2711 1161 coelestibu8‚
2760 1087 2823 1148 in
2870 1087 3106 1169 quibus
3153 1087 3316 1148 nihil
3364 1106 3508 1150 con-

2009 1183 2197 1264 tingit
2228 1202 2355 1247 non
2389 1185 2703 1247 intentum
2736 1205 2771 1247 a
2801 1186 2929 1248 Deo
2958 1203 3035 1247 ex
3066 1184 3317 1247 defectu
3351 1185 3512 1266 ipso-

2012 1302 2173 1343 rum.
2212 1283 2470 1364 Propter
2500 1285 2669 1365 quod
2709 1284 2933 1345 asserit
2962 1283 3305 1356 Avicenna,
3341 1283 3509 1364 quod

2012 1399 2205 1461 super
2234 1381 2653 1443 orbemelunae
2682 1398 2808 1443 non
2839 1389 2934 1442 est
2968 1381 3510 1463 malum,loquens

2011 1479 2089 1540 de
2141 1479 2307 1541 malo
2355 1489 2613 1542 naturae.
2648 1515 2727 1524 —
2763 1479 2942 1541 Alius
2992 1487 3231 1543 naturae
3278 1481 3509 1560 gradus

2011 1585 2127 1651 est,
2163 1586 2387 1659 potens
2422 1577 2697 1641 deficere
2726 1596 2799 1640 ac
2832 1578 3153 1661 impediri,
3190 1585 3259 1639 ut
3287 1587 3511 1640 natura

2010 1676 2473 1756 generabilium
2504 1685 2565 1739 et
2598 1677 3113 1760 corruptibilium
3150 1697 3163 1740 z
3197 1684 3261 1739 et
3289 1695 3508 1758 quam·

2010 1773 2108 1836 vis
2147 1783 2372 1836 natura
2412 1775 2521 1836 illa
2559 1775 2641 1837 sit
2682 1775 2745 1837 in
2786 1775 3067 1837 bonitate
3110 1774 3390 1848 inferior,
3423 1783 3510 1836 at-

395 1879 494 1933 est
525 1871 882 1952 reprobata,
915 1871 1066 1952 quia
1098 1871 1336 1932 malum
1372 1889 1498 1933 non
1535 1871 1724 1932 habet
1753 1891 1898 1933 cau·
1937 1873 1982 1934 B
2012 1879 2223 1935 tamen
2266 1873 2459 1934 etiam
2505 1873 2669 1935 bona
2709 1882 2826 1947 est,
2858 1881 2921 1934 et
2966 1873 3195 1936 melius
3236 1881 3330 1934 est
3372 1891 3510 1935 esse

397 1989 532 2030 sam
575 1968 994 2044 efficientem,
1028 1987 1145 2031 nec
1185 1977 1279 2031 est
1310 1987 1422 2051 per
1455 1988 1525 2031 se
1556 1969 1893 2031 intentum.

395 2067 524 2129 Alii
565 2067 954 2130 aestimantes
1000 2067 1168 2148 quod
1219 2067 1516 2130 similiter
1562 2067 1645 2129 sit
1696 2066 1902 2148 provi-

397 2167 617 2230 dentia
678 2168 1184 2248 contingentium
1248 2175 1311 2230 et
1373 2167 1898 2238 necessariorum,

398 2265 701 2326 dixerunt
751 2265 964 2327 omnia
1021 2265 1100 2326 de
1157 2266 1532 2327 necessitate
1589 2265 1898 2337 accidere,

401 2372 706 2445 negantes
751 2363 1106 2426 libertatem
1150 2364 1397 2426 arbitrii
1438 2371 1500 2425 et
1539 2363 1905 2444 contingen-

401 2463 559 2524 tiam
591 2481 804 2524 rerum
840 2479 855 2525 :
891 2462 1060 2544 quod
1089 2462 1168 2524 ad
1199 2481 1460 2524 sensum
1492 2469 1736 2525 constat
1764 2481 1903 2525 esse

403 2561 660 2623 falsum.
707 2561 830 2622 Alii
879 2561 1297 2642 imaginantes
1357 2561 1653 2623 similiter
1701 2561 1905 2643 provi-

401 2659 686 2721 dentiam
727 2678 864 2722 esse
904 2659 1307 2722 rationalium
1345 2667 1407 2722 et
1443 2658 1904 2722 irrationalium

403 2765 862 2831 creaturarum,
922 2758 1222 2820 dixerunt
1279 2757 1437 2820 nihil
1501 2759 1648 2820 mali
1711 2759 1904 2820 etiam

401 2856 612 2919 brutis
642 2855 952 2930 accidere,
974 2856 1145 2938 quod
1178 2875 1304 2918 non
1334 2857 1416 2918 sit
1447 2857 1539 2918 eis
1578 2857 1904 2938 provisum

403 2957 472 3017 in
505 2974 785 3038 poenam,
817 2963 927 3017 aut
958 2956 1023 3016 in
1056 2955 1317 3035 maj0ris
1354 2955 1597 3037 praemii
1631 2955 1904 3018 occasio-

2013 1979 2346 2053 utramque
2377 1990 2567 2052 quam
2604 1971 2866 2034 alteram
2900 1980 3167 2034 tantum.
3204 1971 3267 2033 Si
3296 1979 3509 2034 autem

2013 2067 2179 2129 Deus
2230 2070 2602 2132 contulisset
2647 2069 2797 2131 huic
2844 2077 3087 2132 naturae
3135 2069 3304 2150 quod
3354 2088 3514 2130 nun-

2011 2185 2204 2246 quam
2251 2175 2462 2248 posset
2500 2168 2799 2243 deficere,
2831 2168 2961 2249 jam
3005 2186 3131 2231 non
3174 2175 3341 2230 esset
3379 2167 3513 2228 haec

2012 2273 2255 2338 natura,
2317 2263 2425 2326 sed
2482 2267 2679 2329 altera
2730 2286 2745 2330 ε
2797 2267 2863 2328 in
2922 2285 3049 2348 quo
3106 2266 3515 2346 derogaretur

2012 2363 2391 2444 perfectioni
2434 2365 2625 2426 totius
2666 2365 2970 2426 universi.
3004 2365 3177 2426 Hanc
3217 2381 3368 2444 ergo
3407 2381 3517 2423 na-

2014 2471 2220 2525 turam
2282 2462 2566 2524 condidit
2624 2463 2809 2536 DeuS‚
2874 2481 3275 2544 praenoscens
3337 2460 3513 2524 defe-

2012 2571 2187 2624 ctum
2228 2562 2287 2624 ei
2329 2563 2823 2642 contingentem,
2857 2562 2968 2644 qui
3000 2569 3095 2623 est
3130 2561 3367 2623 malum
3412 2579 3515 2622 na-

2011 2669 2191 2735 turae,
2224 2663 2334 2724 sed
2378 2680 2502 2723 non
2549 2661 2881 2723 intendens
2922 2662 3039 2724 hoc
3081 2660 3319 2722 malum
3355 2678 3370 2723 ε
3404 2658 3515 2721 sed

2012 2759 2099 2821 ita
2150 2760 2447 2841 providit,
2493 2767 2564 2821 ut
2612 2759 2665 2821 si
2718 2760 2955 2821 malum
3002 2759 3397 2838 contingeret
3438 2775 3517 2819 ex

2012 2857 2264 2920 defectu
2297 2858 2570 2939 alicujus
2602 2866 2863 2930 naturae,
2887 2857 3287 2920 ordinaretur
3318 2855 3381 2918 in
3416 2855 3519 2918 bo-

2016 2974 2211 3034 num3
2248 2956 2416 3019 sicut
2445 2957 2737 3019 videmus
2765 2955 2937 3038 quod
2968 2955 3292 3037 corruptio
3322 2953 3516 3016 unius

403 3073 580 3116 nem.
613 3054 873 3137 Propter
915 3053 1086 3137 quod
1127 3053 1350 3115 dicunt
1393 3060 1724 3136 peccatum
1768 3073 1905 3116 esse
1941 3058 1984 3123 C
2015 3055 2339 3135 generatio
2378 3063 2472 3117 est
2509 3055 2791 3117 alteriuS.
2828 3054 2904 3116 Et
2945 3054 3063 3116 iste
3105 3054 3329 3116 modus
3375 3071 3518 3137 pro—

401 3154 698 3216 occidere
731 3153 1013 3227 brutum,
1045 3152 1212 3215 sicut
1243 3161 1304 3215 et.
1337 3152 1660 3215 hominem
1692 3172 1705 3215 :
1738 3154 1907 3235 quod

403 3260 468 3315 et
516 3252 780 3334 quidam
829 3252 1110 3315 haeretici
1169 3252 1367 3314 nostri
1417 3252 1721 3334 temporis
1769 3271 1908 3313 sen·

405 3357 651 3413 serunt.

490 3450 613 3512 Sed
644 3449 796 3531 quia
835 3449 967 3513 haec
997 3449 1212 3513 omnia
1245 3457 1394 3511 sunt
1423 3468 1460 3511 a
1490 3449 1619 3511 fide
1655 3449 1910 3531 penitus

406 3548 642 3621 aliena,
685 3547 1028 3610 dicendum
1079 3548 1248 3629 quod
1297 3547 1585 3611 omnium
1634 3555 1733 3609 est
1773 3565 1913 3629 pro-

405 3645 717 3720 videntia,
750 3646 861 3708 sed
903 3664 1031 3708 non
1075 3646 1264 3708 modo
1302 3646 1546 3709 eodem.
1582 3645 1914 3708 Providen-

405 3746 502 3806 tia
551 3744 724 3806 enim
774 3744 1257 3826 dispositionem
1313 3743 1602 3819 includit,
1656 3764 1798 3825 quae
1849 3744 1912 3805 in

411 3842 610 3905 rebus
651 3843 1032 3905 determinat
1072 3843 1361 3906 ordinem
1409 3844 1473 3905 in
1517 3843 1912 3905 diversarum

409 3950 786 4003 naturarum
819 3942 1016 4021 gradu
1047 3942 1379 4003 salvatum.
1409 3942 1742 4024 Quumque
1776 3960 1914 4023 pro-

405 4040 712 4103 videntiae
743 4058 869 4103 non
901 4041 984 4101 sit
1011 4040 1336 4103 destruere
1365 4039 1650 4103 ordinem
1682 4059 1910 4114 rerum,

406 4137 687 4201 effectus
727 4138 1142 4220 providentiae
1173 4139 1464 4221 expletur
1493 4139 1558 4201 in
1590 4139 1780 4201 rebus
1819 4158 1914 4201 se·

2016 3152 2316 3216 videntiae
2366 3154 2649 3216 extendit
2696 3173 2763 3215 se
2814 3173 3014 3236 usque
3060 3153 3139 3215 ad
3188 3153 3373 3214 bruta
3427 3152 3520 3214 in-

2019 3251 2284 3325 clusive,
2320 3271 2459 3333 quae
2501 3252 2712 3333 potius
2752 3261 3028 3333 aguntur
3065 3251 3373 3313 instinctu
3417 3270 3522 3311 na-

2018 3358 2168 3413 turae
2198 3369 2386 3433 quam
2417 3350 2749 3413 voluntatis
2778 3351 3097 3413 electione.
3114 3350 3260 3413 Ideo
3289 3349 3523 3411 malum

2021 3449 2191 3531 quod
2236 3449 2545 3530 contingit
2589 3449 2654 3510 in
2696 3449 2811 3523 eis,
2846 3457 3363 3529 recompensatur
3409 3466 3522 3528 per

2021 3546 2264 3609 bonum
2308 3555 2567 3621 na'turae,
2610 3564 2739 3609 non
2784 3565 2897 3628 per
2940 3546 3177 3608 bonum
3225 3544 3515 3626 praemii:

2021 3646 2190 3708 sicut
2220 3646 2388 3727 quod
2432 3664 2599 3708 mors
2641 3664 2875 3707 muscae
2905 3651 3001 3705 est
3030 3643 3212 3705 cibus
3250 3661 3512 3705 araneae.

2021 3780 2102 3789 —
2133 3745 2253 3807 Sed
2289 3744 2354 3806 in
2389 3743 2812 3806 nobilioribus
2853 3743 3158 3805 creaturis
3196 3740 3519 3804 invenitur

2023 3843 2197 3905 aliud
2244 3843 2635 3925 principium
2685 3849 2911 3923 praeter
2956 3848 3244 3903 naturam
3286 3857 3301 3903 ε
3345 3838 3515 3921 quod

2022 3951 2118 4005 est
2149 3941 2647 4015 voluntaS.Quod
2675 3950 2911 4022 quanto
2941 3939 3215 4003 vicinius
3242 3948 3338 4001 est
3369 3939 3513 4011 Dec,

2023 4048 2199 4103 tanto
2245 4059 2282 4102 a
2326 4040 2701 4102 necessitate
2752 4039 3135 4101 naturalium
3184 4055 3517 4100 causarum

2025 4140 2227 4220 magis
2257 4146 2352 4200 est
2384 4136 2658 4201 liberum
2690 4156 2705 4201 ε
2741 4138 2881 4200 ideo
2910 4156 2987 4199 ex
3016 4156 3129 4199 sua
3158 4136 3519 4199 conditione

405 4237 698 4299 cundum
730 4236 1240 4299 convenientiam
1272 4257 1508 4312 rerum,
1536 4247 1719 4319 prout
1755 4245 1916 4299 natae
1945 4241 1995 4301 D
2025 4244 2270 4299 rectum
2303 4236 2592 4299 ordinem
2628 4242 2837 4317 potest
2868 4243 3077 4297 tenere
3107 4233 3422 4296 tendendo
3452 4233 3521 4296 in

405 4343 568 4399 sunt
623 4336 927 4417 consequi
986 4334 1190 4397 finem
1251 4356 1458 4398 suum.
1514 4336 1690 4399 Sicut
1740 4335 1912 4398 enim

405 4442 636 4515 quarto
665 4432 946 4516 capitulo
971 4433 1050 4495 de
1082 4432 1326 4495 Divinis
1358 4432 1714 4496 nominibus
1746 4434 1804 4496 S.
1823 4434 1919 4496 Di-

405 4532 675 4615 onysius
705 4532 1028 4615 loquitur:
1063 4530 1199 4593 Non
1231 4540 1322 4593 est
1359 4531 1774 4613 providentiae
1805 4532 1916 4595 Dei

405 4638 705 4694 naturam
757 4632 850 4693 rei
899 4631 1247 4704 destruere,
1301 4631 1409 4692 sed
1459 4630 1723 4692 salvare.
1771 4631 1916 4693 Ideo

405 4731 584 4793 Deus
625 4730 930 4812 quasdam
977 4748 1078 4791 res
1120 4729 1208 4789 ita
1250 4728 1549 4801 instituit,
1584 4737 1656 4790 ut
1693 4747 1916 4791 secun-

404 4828 572 4891 dum
619 4847 800 4890 suam
853 4828 1283 4890 conditionem
1333 4834 1804 4909 consequantur
1844 4827 1920 4889 fi-

405 4946 566 4991 nem
604 4927 728 4989 sibi
771 4926 1131 5010 praefixum,
1167 4944 1281 5009 per
1317 4926 1708 5009 principium
1748 4926 1916 5009 quod

405 5034 514 5089 est
553 5032 778 5087 natura
818 5031 1086 5099 tantum,
1121 5025 1288 5088 sicut
1327 5024 1392 5087 in
1431 5024 1731 5088 omnibus
1770 5026 1920 5087 irra-

407 5122 801 5201 tionalibus3
836 5122 902 5184 in
941 5122 1084 5185 aliis
1127 5142 1320 5205 super
1358 5123 1479 5185 hoc
1527 5122 1917 5205 principium

407 5222 664 5285 addidit
693 5221 1108 5284 voluntatem.
1133 5254 1214 5265 —
1243 5221 1312 5282 In
1352 5221 1452 5283 his
1487 5238 1738 5302 quoque
1778 5240 1920 5303 quae

413 5326 904 5402 consequuntur
932 5316 1134 5379 finem
1164 5336 1352 5379 suum
1385 5336 1498 5401 per
1529 5316 1919 5399 principium

2025 4334 2249 4407 finem,
2282 4342 2346 4396 et
2386 4333 2539 4395 item
2578 4333 2875 4395 deficere.
2910 4332 2974 4394 Si
3010 4338 3223 4394 autem
3262 4330 3524 4393 inevita-
3610 4362 3621 4367 -

2027 4432 2242 4495 biliter
2296 4440 2413 4494 aut-
2453 4431 2923 4493 indeviabiliter
2979 4430 3264 4493 tenderet
3322 4429 3387 4491 in
3447 4429 3522 4491 fi-

2025 4550 2196 4605 nem,
2232 4550 2346 4613 per
2387 4530 2671 4593 divinam
2722 4529 3185 4611 providentiam
3232 4529 3364 4609 jam
3407 4530 3523 4591 tol-

2027 4628 2263 4691 leretur
2322 4628 2403 4690 ab
2462 4646 2537 4691 eo
2600 4627 2882 4691 conditio
2940 4648 3071 4690 suae
3132 4635 3391 4701 naturae,
3453 4635 3524 4689 ut

2028 4728 2086 4790 S.
2124 4728 2461 4811 Dionysius
2492 4734 2876 4809 protestatur
2906 4726 3017 4788 ubi
3048 4744 3255 4807 supra.
3281 4725 3523 4788 Idcirco

2026 4848 2063 4890 a
2093 4828 2221 4889 Deo
2258 4835 2352 4889 est
2392 4826 2602 4888 taliter
2640 4825 2950 4901 instituta,
2985 4832 3053 4886 ut
3090 4824 3283 4886 etiam
3323 4824 3525 4907 possit

2027 4925 2325 4999 deficere,
2362 4926 2447 4987 ita
2476 4933 2687 4986 tamen
2728 4924 2897 5005 quod
2938 4923 3005 4985 in
3043 4929 3350 5005 potestate
3378 4922 3519 5003 ejus

2028 5023 2110 5085 sit
2156 5022 2434 5085 deficere
2481 5030 2544 5083 et
2591 5039 2719 5084 non
2772 5021 3047 5084 deficere
3099 5041 3114 5085 ε
3165 5022 3333 5103 quod
3390 5039 3517 5084 non

2029 5120 2343 5201 contingit
2397 5120 2463 5181 in
2522 5118 2774 5182 defectu
2833 5118 3139 5181 naturalis
3195 5118 3515 5201 principii.

2032 5219 2108 5281 Et
2139 5219 2293 5281 istos
2331 5217 2617 5280 defectus
2649 5217 3045 5279 voluntatum
3086 5217 3521 5297 contingentes

2033 5324 2262 5401 praeter
2319 5316 2737 5379 intentionem
2794 5314 3027 5379 divinae
3081 5315 3518 5400 providentiae,
