4359 6250
865 459 942 523 18
1505 477 1568 522 ιΝ
1610 476 1831 521 mentm
1875 475 1894 518 1
1937 473 2418 520 SENTENTIARUM.
2464 489 2545 500 —
2586 472 2739 517 msr.
2786 473 2954 534 xvu3
2998 474 3220 529 QuAEsr.
3268 473 3311 518 11

859 646 1072 727 ipsum
1132 645 1406 728 perficit.
1455 645 1615 707 Hinc
1673 644 2020 708 Richardus
2074 663 2087 706 ε

860 744 1098 807 bonum
1145 751 1548 806 convertatur
1592 762 1740 804 cum
1779 749 1946 814 ente,
1985 741 2150 802 sicut
2194 740 2350 801 cari—

857 849 952 904 tas
991 850 1055 903 et
1099 842 1312 904 anima
1351 849 1799 922 comparantur
1840 839 1905 900 in
1945 839 2229 910 entitate,
2265 838 2351 898 ita

860 941 924 1002 in
976 940 1272 1003 bonitate.
1318 939 1776 1021 Comparantur
1823 945 2038 1000 autem
2083 937 2148 997 in
2194 937 2351 998 enti—

857 1044 982 1100 tate
1036 1058 1050 1101 ε
1101 1046 1165 1099 et
1211 1038 1513 1119 quoniam
1562 1037 1776 1098 anima
1821 1043 1917 1096 est
1969 1034 2346 1104 substantia,

857 1137 1084 1198 caritas
1115 1136 1431 1207 accidem,
1465 1135 1678 1196 anima
1716 1134 1861 1215 plus
1902 1132 2092 1196 habet
2130 1133 2209 1195 de
2245 1151 2350 1192 en-

857 1234 1032 1295 titate
1085 1253 1278 1315 quam
1341 1233 1610 1310 caritas;
1661 1241 1724 1294 et
1775 1251 1852 1293 ex
1908 1230 2345 1311 consequenti,

857 1332 1000 1412 plus
1049 1330 1239 1393 habet
1285 1331 1362 1392 de
1413 1331 1692 1392 bonitate
1733 1328 2078 1402 essentiali,
2122 1328 2349 1389 caritas

854 1447 1006 1491 vero
1045 1430 1190 1511 plus
1223 1429 1412 1491 habet
1443 1430 1520 1490 de
1551 1429 1830 1490 bonitate
1869 1427 2111 1489 morali.
2145 1463 2227 1471 —
2254 1426 2347 1487 Ad

855 1528 920 1588 id
950 1545 1100 1589 vero
1141 1528 1310 1609 quod
1352 1527 1668 1600 subditur,
1703 1527 1870 1607 quod
1903 1526 2112 1588 omnis
2143 1525 2349 1586 forma

855 1634 1065 1688 creata
1113 1634 1209 1687 est
1258 1626 1524 1698 vanitaS,
1571 1625 1990 1706 respondetur
2031 1623 2201 1706 quod
2251 1642 2350 1685 ca-

854 1724 1005 1786 ritas
1037 1742 1290 1805 quoque
1333 1724 1399 1785 in
1439 1731 1749 1804 quantum
1790 1742 1866 1784 ex
1907 1721 2109 1784 nihilo
2139 1729 2237 1783 est
2272 1740 2346 1782 ac

2140 643 2347 716 Quum
2379 641 2429 703 A

2904 762 3376 834 QUAESTIO
3435 763 3511 824 ΙΙ

2582 1033 2841 1095 Ecundo
2876 1032 3201 1113 quaeritur,
3235 1034 3363 1099 An
3394 1035 3687 1100 caritas
3716 1035 3827 1100 stt
3854 1050 3951 1100 ex

2607 1131 2941 1198 caritate
2984 1131 3416 1210 diligenda.

2537 1231 2801 1292 Videtur
2849 1230 3018 1311 quod
3069 1247 3213 1291 non.
3259 1230 3489 1304 Primo,
3533 1231 3684 1313 quia
3730 1249 3951 1294 secun-

2458 1329 2612 1390 dum
2660 1329 3086 1408 Augustinum
3128 1328 3293 1390 libro
3331 1329 3409 1390 de
3451 1329 3748 1391 Doctrina
3784 1329 3948 1390 chri-

2458 1428 2681 1500 stiana,
2716 1434 2988 1508 quatuor
3018 1435 3165 1488 sunt
3204 1445 3281 1488 ex
3317 1427 3577 1489 caritate
3606 1427 3944 1507 diligenda,

2460 1525 2756 1587 videlicet
2795 1526 2983 1596 DeuS‚
3026 1524 3286 1606 propria
3326 1525 3560 1598 anima,
3596 1526 3945 1606 proximuS,

2456 1631 2520 1684 et
2559 1622 2890 1704 proprium
2930 1641 3162 1704 corpus
3197 1640 3210 1683 :
3254 1640 3527 1703 quorum
3568 1623 3819 1684 nullum
3856 1632 3952 1685 est

2460 1722 2706 1783 caritas
2749 1757 2830 1766 —
2878 1721 3190 1794 Secundo,
3242 1721 3294 1782 si
3353 1722 3580 1784 caritas
3639 1721 3947 1803 diligitur,

853 1823 1240 1903 dependenS,
1270 1831 1464 1902 atque
1493 1841 1530 1882 a
1563 1839 1710 1884 vero
1740 1829 1803 1882 et
1833 1819 2346 1882 incommutabili
2384 1822 2430 1884 B
2460 1837 2610 1900 ergo
2665 1819 2880 1900 aliqua
2936 1818 3277 1881 dilectione
3336 1819 3625 1900 diligitur
3658 1837 3674 1897 ;
3722 1829 3787 1882 et
3845 1818 3950 1880 illa

851 1938 991 1982 esse
1032 1920 1362 1992 deficiens,
1411 1921 1539 1982 imo
1581 1927 1644 1980 et
1684 1918 2056 1981 amissibilis
2098 1937 2172 1979 ac
2216 1937 2347 1979 cor-

855 2017 1178 2098 ruptibilis
1244 2036 1360 2081 suo
1427 2018 1633 2090 mod0,
1696 2017 1992 2078 videlicet
2050 2016 2345 2077 desinens

852 2133 992 2177 esse
1041 2135 1156 2196 per
1205 2123 1536 2197 peccatum
1591 2115 1877 2187 mortale,
1930 2114 2194 2176 vanitati
2243 2115 2347 2175 ad-

853 2212 1050 2274 mixta
1079 2221 1195 2287 est,
1227 2221 1291 2274 et
1321 2231 1436 2275 suo
1468 2215 1658 2275 modo
1687 2213 1932 2275 vanitas
1962 2210 2341 2292 appellatur,

852 2319 922 2372 ut
958 2311 1312 2373 Alexander
1354 2319 1639 2373 testatur.
1675 2347 1756 2356 —
1783 2310 1876 2373 Ad
1917 2310 2217 2371 ultimum
2256 2328 2346 2370 re-

851 2408 1318 2489 spondendum,
1370 2410 1539 2491 quod
1592 2409 1819 2471 caritas
1873 2408 2084 2489 potius
2135 2416 2232 2468 est
2282 2407 2345 2468 id

849 2523 977 2586 quo
1025 2505 1312 2586 placetur
1361 2508 1510 2580 De0‚
1562 2525 1756 2587 quam
1805 2506 1867 2567 id
1918 2505 2086 2587 quod
2137 2505 2345 2585 placet

851 2603 1013 2682 Deo;
1045 2611 1267 2685 estque
1298 2605 1585 2666 ordinata
1615 2605 1693 2666 ad
1727 2603 2222 2665 intellectualem
2252 2621 2347 2664 es-

851 2703 1121 2764 sentiam
1173 2704 1383 2786 potius
1432 2723 1624 2785 quam
1671 2711 1944 2766 econtra.
1989 2702 2346 2764 Intellectu—

849 2800 966 2862 alis
1017 2801 1257 2882 quippe
1305 2809 1530 2863 natura
1590 2819 1702 2882 per
1759 2801 2084 2862 caritatem
2137 2799 2345 2880 placet

850 2899 999 2972 Deo,
1035 2899 1121 2960 ita
1149 2899 1320 2979 quod
1349 2900 1576 2960 caritas
1617 2907 1713 2960 est
1754 2899 2036 2960 medium
2069 2897 2345 2978 compla-

849 2996 1054 3058 cendi.
1099 2996 1272 3058 Unde
1325 2997 1386 3059 id
1428 2998 1597 3078 quod
1639 2997 1895 3078 proprie
1944 2997 2152 3077 placet
2191 2997 2339 3070 Deo,
2380 3007 2423 3068 C

847 3101 942 3156 est
983 3094 1429 3158 intellectualis
1470 3103 1757 3157 creatura
1799 3095 2056 3158 caritate
2100 3103 2337 3158 ornata.

847 3192 1005 3254 Nam
1066 3200 1129 3254 et
1189 3194 1486 3255 accidens
1547 3195 1626 3255 ad
1689 3194 2110 3256 substantiam
2179 3195 2344 3257 ordi-

848 3298 1054 3352 natur.

927 3488 1119 3551 Multa
1158 3489 1419 3550 demum
1469 3487 1771 3550 sublimia
1816 3488 2156 3569 pra-dicata
2198 3504 2343 3548 con-

845 3586 1112 3649 veniunt
1149 3587 1393 3648 caritati
1431 3606 1444 3649 :
1481 3596 1550 3647 ut
1591 3588 1760 3667 quod
1805 3586 2171 3647 immediate
2214 3586 2342 3647 Deo

846 3684 1198 3765 conjungit,
1252 3693 1314 3746 et
1366 3685 1826 3747 beatitudinem
1889 3685 1968 3745 de
2027 3683 2342 3763 condigno

846 3792 1147 3857 meretur,
1179 3792 1370 3864 atque
1416 3792 1666 3846 aeternae
1709 3783 2046 3864 aequivalet
2085 3782 2232 3844 vitae
2275 3782 2339 3843 in

844 3889 1153 3963 quant-um
1201 3882 1340 3962 ipsa
1381 3882 1606 3943 caritas
1654 3889 1868 3943 sancta
1907 3888 2003 3941 est
2044 3898 2343 3959 superna-

843 3979 1066 4041 turalis
1117 3980 1470 4042 similitudo
1519 3980 1780 4040 increati
1825 3979 2080 4050 amoriS,
2124 3977 2343 4038 videli-

845 4085 944 4137 cet
992 4078 1265 4159 Spiritus
1316 4078 1550 4150 Sancti,
1605 4085 1668 4137 et
1717 4078 1773 4137 ei
1832 4075 2341 4157 inseparabiliter

2458 1918 2716 1979 dilectio
2764 1917 3085 1998 diligenda
3133 1925 3229 1978 est
3278 1936 3497 1979 rursus
3540 1918 3663 1979 alia
3712 1918 3952 1980 dilecti-

2456 2033 2599 2088 one,
2634 2015 2853 2095 sicque
2896 2014 3093 2076 ibitur
3129 2015 3193 2076 in
3226 2014 3572 2077 infinitum.
3608 2051 3688 2061 —
3717 2016 3945 2088 Terti0,

2455 2112 2619 2174 fides
2650 2131 2777 2174 non
2808 2113 3110 2185 creditur,
3148 2133 3263 2174 nec
3302 2132 3447 2196 spes
3485 2122 3777 2196 speratur
3810 2133 3823 2176 :
3856 2133 3953 2175 er-

2456 2228 2535 2292 go
2578 2230 2695 2272 nec
2739 2211 2967 2272 caritas
3005 2210 3311 2291 diligitur.

2536 2310 2605 2371 In
2644 2310 3032 2372 contrarium
3074 2319 3169 2371 est
3206 2311 3547 2372 auctoritas
3585 2311 3945 2392 Augustini,

2456 2409 2567 2490 qui
2609 2409 2699 2470 ait
2739 2409 2805 2470 in
2848 2408 3055 2470 littera
3098 2424 3110 2468 :
3154 2409 3269 2482 Qui
3312 2409 3673 2490 proximum
3717 2410 3945 2491 diligit,

2456 2525 2851 2588 consequens
2900 2514 2996 2568 est
3048 2515 3115 2568 ut
3168 2515 3231 2569 et
3290 2507 3492 2588 ipsam
3542 2508 3947 2570 dilectionem

2458 2605 2777 2686 praecipue
2817 2605 3055 2684 diligat.
3105 2606 3223 2667 Sed
3266 2613 3330 2666 et
3367 2613 3591 2668 octavo
3630 2607 3707 2668 de
3753 2607 3950 2669 Trini-

2458 2711 2580 2764 tate
2618 2721 2630 2764 :
2665 2704 2864 2765 Nemo
2891 2703 3158 2784 (inquit)
3188 2704 3357 2765 dicat
3392 2723 3406 2768 :
3440 2704 3576 2766 Non
3610 2705 3757 2766 novi
3794 2705 3948 2786 quid

2454 2801 2735 2882 diligam.
2781 2801 3011 2881 Diligat
3056 2800 3341 2876 fratrem,
3384 2801 3604 2882 diligat
3640 2810 3705 2864 et
3746 2803 3948 2885 ipsam

2455 2899 2881 2962 dilectionem.

2534 3095 2626 3157 Ad
2659 3094 2779 3157 hoc
2809 3095 3249 3157 Bonaventura
3281 3095 3656 3177 respondet:
3684 3095 3947 3159 Sumen-

2454 3194 2535 3254 do
2591 3193 2999 3254 dilectionem
3060 3211 3176 3274 pro
3244 3193 3583 3256 dilectione
3645 3195 3945 3269 increata,

2452 3310 2595 3371 quae
2639 3292 2804 3353 Deus
2845 3299 2961 3364 est,
2996 3291 3088 3352 sic
3128 3310 3206 3352 ex
3249 3291 3508 3353 caritate
3550 3300 3647 3354 est
3686 3293 3951 3373 diligen-

2453 3388 2572 3466 da;
2622 3388 2931 3450 sumendo
2991 3406 3142 3450 vero
3198 3408 3338 3451 eam
3402 3407 3515 3470 pro
3574 3389 3797 3451 habitu
3847 3392 3947 3453 vel

2451 3494 2597 3548 actu
2637 3487 2935 3567 gratuit0,
2980 3495 3074 3548 est
3113 3487 3304 3548 etiam
3347 3487 3689 3569 diligenda,
3732 3508 3950 3570 quam-

2453 3586 2549 3646 vis
2592 3603 2719 3647 non
2760 3604 2953 3666 super
2991 3586 3225 3646 omnia.
3272 3585 3522 3647 Etenim
3575 3586 3803 3667 triplex
3854 3596 3948 3649 est

2451 3700 2651 3755 amor,
2686 3682 2981 3743 videlicet
3016 3700 3029 3744 :
3072 3683 3391 3757 amicitiae,
3427 3701 3554 3764 quo
3590 3685 3735 3764 quis
3774 3692 3951 3766 optat

2451 3780 2643 3842 alicui
2694 3780 2934 3842 bonum
2987 3788 3245 3862 propter
3296 3781 3550 3862 ipsum3
3601 3791 3664 3843 et
3722 3800 3949 3846 concu-

2456 3879 2802 3959 piscentiae,
2838 3896 2963 3960 quo
2993 3878 3136 3960 quis
3167 3878 3482 3941 desiderat
3522 3880 3645 3941 sibi
3688 3880 3810 3962 ipsi.
3844 3880 3949 3942 bo-

2454 3996 2609 4037 num
2644 3996 2755 4058 per
2786 3984 3143 4058 respectum
3174 3978 3252 4038 ad
3283 3978 3690 4039 commodum
3732 3998 3942 4059 suum.

2454 4074 2700 4135 Tertius
2739 4083 2835 4136 est
2872 4092 3049 4136 amor
3088 4074 3587 4156 complacentiae,
3631 4094 3759 4157 quo
3802 4078 3945 4158 quis

843 4175 1086 4255 juncta,
1134 4194 1206 4236 ac
1260 4176 1325 4236 in
1375 4174 1514 4254 ejus
1566 4174 1798 4235 virtute
1847 4192 2038 4254 agens
2089 4192 2160 4234 ac
2214 4190 2342 4235 mo-
2374 4183 2423 4244 D
2454 4174 2726 4254 quiescit
2762 4192 2835 4234 ac
2874 4173 3223 4234 delectatur
3263 4173 3329 4235 in
3372 4192 3439 4235 re
3483 4174 3836 4236 desiderata
3880 4177 3944 4237 in

847 4292 1002 4335 vens
1047 4290 1060 4336 ε
1105 4282 1382 4335 attamen
1429 4274 1722 4334 increatae
1763 4272 2162 4345 beatitudini,
2198 4292 2339 4353 quae

845 4380 942 4433 est
978 4373 1164 4445 DeuS,
1200 4390 1326 4433 non
1369 4371 1706 4452 aequivalet
1743 4370 2052 4440 absolute,
2089 4371 2218 4431 imo
2250 4371 2341 4432 in-

844 4469 1030 4531 finite
1060 4469 1382 4533 occumbit·
1415 4468 1494 4530 ab
1525 4488 1616 4530 ea.
1652 4469 1943 4531 Attamen
1984 4469 2336 4529 secundum

844 4568 1184 4648 quamdam
1234 4568 1734 4649 acceptationem
1779 4576 1842 4628 et
1882 4568 2114 4629 divinae
2164 4565 2339 4628 beni-

841 4665 1099 4746 gnitatis
1131 4665 1892 4738 aestimatione1n,dicitur
1915 4665 2107 4725 etiam
2138 4664 2337 4725 incre—

841 4771 958 4825 atae
1015 4763 1392 4825 beatitudini
1447 4764 1848 4844 aequivalere,
1904 4761 1968 4823 in
2022 4769 2334 4843 quantum

842 4862 1006 4922 Deus
1046 4861 1373 4941 piissimus
1415 4880 1528 4941 per
1557 4860 1884 4921 caritatem
1925 4861 2012 4921 ita
2049 4868 2337 4941 acceptat

843 4967 1198 5021 creaturam
1251 4958 1642 5026 rationalem,
1688 4959 1857 5038 quod
1901 4966 2152 5039 reputat
2194 4976 2335 5020 eam

845 5056 1118 5136 benigue
1158 5057 1414 5137 dignam
1457 5075 1572 5117 sua
1612 5055 1934 5128 fruitione,
1969 5076 2334 5138 quanquam

845 5174 882 5217 a
939 5164 1225 5217 creatura
1284 5155 1444 5217 nihil
1505 5155 1892 5234 condignum
1957 5155 2337 5236 simpliciter

849 5254 1047 5335 possit
1088 5255 1216 5316 Deo
1261 5254 1521 5335 rependi.
1565 5262 1674 5314 aut
1715 5252 2022 5315 exhiberi.

2452 4270 2593 4350 ejus
2627 4271 2978 4352 praesentia.
3015 4271 3253 4333 Caritas
3295 4272 3506 4353 itaque
3545 4290 3759 4335 amore
3789 4274 3945 4335 aini-

2453 4369 2617 4430 citioe
2647 4386 2772 4430 non
2803 4377 2897 4429 est
2928 4370 3217 4441 amanda,
3256 4370 3405 4450 quia
3446 4388 3575 4433 non
3615 4379 3711 4432 est
3749 4370 3943 4433 beati-

2450 4465 2727 4527 ficabilis
2758 4484 2874 4527 nec
2915 4466 3215 4528 beneficii
3256 4486 3493 4548 capax3
3535 4486 3750 4530 amore
3790 4486 3943 4531 vero

2450 4564 2982 4645 concupiscentiae
3031 4572 3126 4625 est
3172 4565 3466 4627 amabilis
3525 4585 3603 4627 ex
3657 4567 3939 4641 caritate,

2450 4664 2802 4725 secundum
2860 4663 3029 4744 quod
3086 4663 3357 4744 diligens
3425 4664 3701 4746 amplius
3764 4666 3944 4747 cupit

2449 4761 2712 4842 diligere
2750 4762 2828 4823 ad
2868 4780 3049 4823 suam
3090 4762 3401 4842 salutem3
3434 4781 3647 4826 amore
3688 4783 3942 4845 quoque

2450 4860 2947 4940 complacentiae,
2993 4877 3120 4940 quo
3162 4860 3408 4922 scilicet
3452 4861 3721 4941 diligens
3770 4880 3943 4923 acce-

2450 4966 2583 5039 ptat
2615 4958 2817 5039 ipsam
2858 4957 3265 5019 dilectionem
3305 4978 3433 5040 qua
3469 4959 3676 5039 diligit
3715 4961 3938 5032 Deum,

2449 5066 2751 5137 tanquam
2802 5055 2983 5117 valde
3040 5056 3431 5137 acceptabile
3485 5056 3725 5120 bonum
3782 5075 3795 5118 :
3849 5057 3941 5119 sie

2450 5154 2769 5234 diligenda
2824 5162 2920 5215 est
2977 5154 3203 5215 caritas
3264 5174 3403 5236 quae
3452 5154 3740 5217 habetur.
3794 5156 3939 5218 Haec

2450 5254 2907 5315 Bonaventura.
