4359 6250
1033 507 1118 552 AN
1158 494 1414 551 marus
1454 505 1798 562 Auamma,
1840 505 1914 549 ar
1953 505 2252 560 omn-run
2292 507 2583 561 Qufflusva
2626 507 2874 553 Acrlaus
3422 492 3500 554 33

405 676 606 750 Quam
656 675 1344 758 appropinquationem
1397 673 1603 737 efficit
1651 673 1898 746 caritas,
1933 673 1983 734 A
2014 681 2078 735 et
2108 674 2322 736 minus
2355 675 2583 748 inesse,
2619 684 2686 737 ut
2720 675 2946 738 albedo
2984 684 3046 737 et
3083 676 3337 738 sanitas.
3372 677 3502 739 Hoc

406 792 519 855 per
549 792 746 855 quam
791 791 971 835 mens
1011 773 1138 835 Deo
1179 773 1416 834 unitur.
1451 771 1611 834 Hinc
1644 772 1906 853 Aposto-

133 887 374 940 moran,
407 873 506 933 lus
537 872 872 934 caritatem
911 871 1198 934 nominat
1229 871 1399 933 viam
1436 888 1450 931 ε
1486 870 1904 932 Excellentio-

405 987 564 1044 rem,
610 971 932 1052 inquiens,
967 970 1134 1032 viam
1180 968 1360 1032 vobis
1408 968 1788 1030 demonstro.
1824 1002 1904 1013 —

403 1067 708 1130 Virtualis
757 1085 1012 1149 quoque
1060 1066 1380 1148 quantitas
1439 1066 1716 1128 caritatis
1774 1084 1902 1128 non

399 1166 612 1228 solum
643 1166 993 1228 attenditur
1021 1183 1216 1246 penes
1256 1183 1597 1227 numerum
1627 1163 1904 1244 objecto-

401 1284 548 1327 rum
597 1284 740 1346 quae.
783 1265 1042 1326 caritate
1090 1271 1404 1334 amantur,
1436 1281 1637 1343 quum
1679 1269 1741 1323 et
1787 1261 1902 1322 mi·

401 1364 580 1425 nima
633 1363 862 1424 caritas
913 1363 1134 1442 diligat
1184 1361 1400 1424 omnia
1454 1380 1595 1442 quae
1642 1361 1901 1422 caritate

398 1471 554 1524 sunt
594 1461 952 1542 diligenda3
985 1460 1096 1522 sed
1134 1460 1351 1531 etiam,
1386 1459 1515 1522 imo
1555 1458 1898 1540 praecipue,

396 1560 757 1621 secundum
789 1559 1212 1621 intensionem
1243 1565 1444 1630 actuS,
1469 1564 1538 1618 ut
1570 1557 1768 1636 magis
1799 1557 1900 1618 ve'l

399 1659 620 1721 minus
670 1657 915 1740 aliquid
973 1656 1275 1737 diligatur
1329 1675 1342 1718 :
1395 1656 1614 1737 sicque
1665 1655 1899 1716 virtua-

399 1756 480 1819 lis
530 1757 853 1839 quantitas
898 1756 1178 1818 caritatis
1226 1762 1512 1835 augetur.
1544 1788 1625 1799 —
1657 1753 1900 1815 Dicitur

2014 771 2254 853 quippe
2312 780 2409 834 est
2464 792 2569 834 eas
2628 774 2841 854 augeri
2895 775 3247 836 secundum
3294 792 3505 836 essen-

2015 870 2191 939 tiam,
2227 871 2527 952 quoniam
2567 871 2914 933 accidentis
2952 891 3090 933 esse
3129 880 3225 934 est
3274 872 3499 934 inesse.

2016 968 2211 1030 Secus
2260 977 2428 1030 esset
2477 970 2553 1031 de
2605 970 2809 1032 forma
2857 969 3263 1044 subsistente,
3311 979 3380 1032 ut
3428 971 3505 1031 de

2013 1067 2248 1140 anima,
2301 1087 2443 1148 quae
2500 1068 2713 1128 minus
2762 1068 2927 1129 inest
2975 1069 3253 1131 materiae
3312 1087 3505 1150 quam

2014 1162 2237 1228 forma}
2294 1164 2742 1228 substantiales
2800 1166 3063 1240 eductae,
3117 1185 3234 1227 nec
3294 1174 3503 1228 tamen

2014 1270 2110 1324 est
2151 1263 2359 1325 minor
2396 1283 2587 1344 quam
2630 1263 2769 1325 illae..
2817 1264 2918 1325 Sic
2957 1281 3105 1343 ergo
3145 1264 3371 1326 caritas
3410 1283 3503 1326 se·

2015 1363 2296 1423 cundum
2328 1362 2667 1423 essentiam
2706 1381 2887 1423 suam
2926 1369 3209 1442 augetur.
3246 1362 3505 1424 Verum-

2015 1466 2226 1520 tamen
2255 1458 2430 1520 aliud
2460 1467 2557 1520 est
2585 1459 2858 1521 formam
2890 1459 3087 1540 magis
3121 1459 3327 1521 inesse
3358 1459 3506 1521 sub-

2008 1556 2199 1635 jecto,
2235 1563 2298 1617 et
2327 1557 2498 1619 aliud
2532 1556 2787 1618 firmius
2820 1556 3023 1619 inesse
3055 1556 3365 1637 subjecto,
3400 1557 3501 1619 vel

2014 1654 2080 1716 in
2127 1653 2420 1734 subjecto
2469 1654 2732 1716 liberius
2793 1655 3038 1736 operari
3093 1675 3106 1718 :
3160 1655 3312 1736 quia
3368 1655 3501 1718 haec

2011 1753 2159 1827 duc,
2210 1753 2509 1815 videlicet
2555 1753 2809 1815 firmius
2862 1754 3067 1816 inesse
3114 1772 3187 1815 ac
3238 1752 3501 1816 liberius

395 1857 595 1918 etiam
635 1856 862 1918 caritas
902 1873 1154 1918 summa
1182 1855 1385 1916 virtus
1426 1861 1718 1934 respectu
1753 1852 1901 1913 alia·
1935 1854 1981 1917 B
2011 1852 2281 1932 operari,
2316 1853 2729 1914 attenduntur
2764 1853 3114 1914 secundum
3148 1852 3505 1934 dispositio-

397 1973 546 2016 rum
591 1955 926 2027 virtutum,
960 1961 1025 2015 et
1073 1953 1306 2015 dicitur
1345 1971 1484 2014 esse
1533 1951 1598 2012 in
1647 1967 1899 2013 summo

395 2072 478 2114 ex
527 2060 708 2134 parte
751 2052 1010 2133 objecti,
1045 2052 1214 2134 quod
1253 2052 1418 2113 Deus
1457 2057 1570 2111 est.
1607 2049 1900 2110 Attamen

398 2169 530 2214 non
562 2151 866 2233 quaelibet
896 2151 1124 2212 caritas
1165 2167 1416 2211 summa
1444 2157 1562 2220 est,
1595 2165 1802 2229 neque
1834 2148 1899 2209 in

395 2268 679 2324 summo,
722 2258 1039 2331 quantum
1081 2249 1159 2310 ad
1209 2246 1666 2329 perfectionem
1718 2265 1898 2308 suam

398 2351 468 2411 in
497 2369 591 2424 se,
623 2357 735 2410 aut
772 2356 1082 2430 quantum
1121 2346 1199 2408 ad
1241 2353 1418 2408 actus
1459 2346 1557 2407 sui
1599 2345 1900 2407 intensio-

395 2466 550 2509 nem
605 2465 620 2508 :
672 2449 806 2510 imo
854 2448 942 2509 ita
985 2452 1271 2527 augetur.
1313 2480 1394 2489 —
1435 2443 1702 2517 Quidam
1749 2461 1901 2506 vero

394 2544 701 2606 dixerunt
749 2544 1077 2606 caritatem
1135 2559 1260 2605 non
1319 2541 1536 2622 augeri
1587 2548 1899 2621 quantum

393 2641 478 2704 ad
521 2662 704 2706 suam
745 2642 1110 2716 essentiam,
1143 2641 1253 2702 sed
1297 2640 1506 2702 solum
1547 2638 1898 2700 secundum

395 2742 858 2804 radicationem
889 2759 1072 2802 suam
1104 2740 1171 2801 in
1203 2738 1513 2819 subjecto,
1547 2737 1648 2798 vel
1679 2755 1902 2798 secun-

393 2841 556 2902 dum
607 2839 945 2902 fervorem.
1001 2839 1121 2901 Sed
1181 2837 1246 2899 hi
1305 2836 1628 2918 propriam
1679 2853 1900 2897 vocem

395 2957 530 3001 non
589 2939 1061 3000 intellexerunt.
1114 2937 1319 3010 Quum
1377 2935 1550 2996 enim
1598 2933 1681 2995 sit
1737 2935 1901 2995 acci-

2013 1967 2124 2010 nes
2176 1951 2717 2028 concomitantes3
2768 1952 2878 2013 sed
2930 1951 3233 2032 primum,
3285 1960 3503 2033 utpote

2012 2048 2213 2129 magis
2255 2049 2483 2122 inesse,
2516 2049 2864 2111 attenditur
2902 2050 3253 2111 secundum
3292 2069 3504 2113 essen-

2010 2147 2165 2207 tiam
2196 2146 2436 2210 formae.
2471 2148 2629 2209 Hinc
2671 2147 2882 2209 dicere
2920 2148 3247 2209 caritatem
3286 2149 3503 2228 augeri

2010 2245 2363 2322 secundum
2406 2245 2715 2326 maiorem
2755 2246 3206 2308 radicationem
3246 2246 3311 2308 in
3353 2246 3502 2308 sub-

2006 2342 2178 2422 jecto
2226 2344 2324 2405 vel
2384 2344 2739 2406 secundum
2799 2345 3107 2424 majorem
3156 2344 3496 2418 fervorem,

2011 2458 2136 2502 non
2169 2449 2265 2503 est
2295 2442 2505 2504 dicere
2536 2443 2738 2523 ipsam
2770 2443 2984 2522 augeri
3021 2443 3375 2504 secundum
3405 2462 3501 2505 es-

2011 2540 2281 2601 sentiam
2315 2557 2331 2620 ;
2392 2541 2501 2602 sed
2563 2541 2767 2623 ipsam
2828 2541 3029 2622 magis
3090 2541 3318 2615 inesse,
3379 2542 3501 2604 hoc

2010 2638 2217 2700 solum
2266 2646 2362 2700 est
2409 2657 2550 2701 eam
2608 2640 2823 2719 augeri
2880 2640 3233 2701 secundum
3290 2657 3501 2702 essen-

2011 2736 2185 2798 tiam.
2221 2737 2415 2816 Magis
2452 2755 2603 2799 vero
2641 2737 2875 2798 dicitur
2914 2738 3119 2800 inesse
3148 2738 3500 2800 secundum

2010 2834 2178 2916 quod
2228 2835 2508 2916 potentia
2549 2835 2822 2915 subjecti
2874 2837 3072 2917 magis
3124 2837 3503 2898 terminatur

2010 2933 2132 2993 sub
2163 2941 2310 2994 actu
2342 2932 2561 2996 formae
2592 2941 2655 2994 et
2683 2934 2743 2995 ei
2774 2933 3133 3015 subjicitur.
3169 2935 3366 3016 Cujus
3398 2954 3504 2997 ex-

391 3037 582 3112 denS,
603 3055 746 3098 esse
774 3035 916 3116 ejus
945 3043 1042 3096 est
1073 3035 1278 3096 inesse
1312 3051 1326 3094 :
1360 3033 1504 3095 ideo
1533 3031 1705 3095 aliud
1738 3031 1898 3093 nihil
1937 3028 1981 3092 C
2011 3031 2298 3112 emplum
2336 3039 2432 3094 est
2472 3031 2538 3094 in
2576 3032 2729 3106 sole,
2771 3033 2957 3113 cujus
3005 3035 3283 3096 materiae
3326 3053 3507 3116 capa-

393 3145 496 3199 est
546 3136 878 3197 caritatem
923 3133 1278 3196 secundum
1324 3132 1666 3194 essentiam
1719 3150 1898 3193 suam

390 3235 644 3316 augeri,
681 3252 874 3316 quam
922 3251 1064 3295 eam
1109 3230 1308 3313 magis
1351 3230 1621 3293 radicari
1664 3230 1764 3292 vel
1810 3231 1900 3292 in-

389 3352 538 3395 esse
589 3331 900 3412 subject0.
939 3329 1380 3403 Conformiter,
1424 3348 1626 3410 quum
1673 3328 1900 3390 caritas

391 3433 484 3495 sit
511 3432 722 3495 virtus
761 3428 1182 3493 essentialiter
1218 3428 1505 3490 ordinata
1543 3427 1622 3489 ad
1659 3435 1896 3503 actum,

393 3532 574 3595 idem
615 3538 714 3593 est
763 3530 969 3612 ipsam
1015 3527 1231 3609 augeri
1281 3526 1638 3589 secundum
1687 3544 1900 3588 essen-

395 3632 580 3704 tiam,
613 3638 681 3691 et
716 3628 920 3710 ipsam
964 3626 1196 3713 habere
1239 3624 1599 3687 efficaciam
1641 3625 1720 3686 ad
1763 3642 1902 3705 pro—

391 3728 770 3791 ducendum
811 3734 1026 3787 actum
1068 3724 1470 3786 ferventioris
1518 3722 1896 3785 dilectionis

391 3828 638 3909 Sieque
667 3833 934 3906 augetur
971 3822 1324 3885 secundum
1363 3822 1723 3884 essentiam.
1758 3822 1901 3885 Haec

393 3928 470 3989 in
515 3926 781 3988 Summa
824 3921 1101 4005 prael'ata.

483 4021 885 4087 Concordant
931 4020 1152 4082 Petrus
1199 4026 1264 4079 et
1315 4018 1424 4079 alii
1473 4018 1756 4099 quidam,
1810 4017 1903 4079 di-

391 4131 622 4185 centes
676 4138 691 4181 ε
742 4118 1188 4199 Augmentatio
1246 4125 1309 4178 et
1363 4116 1704 4178 diminutio
1753 4124 1903 4178 sunt

2011 3130 2168 3193 citas
2218 3139 2347 3194 tota
2395 3132 2773 3194 'terminatur
2820 3133 2939 3196 sub
2986 3153 3099 3197 sua
3140 3135 3345 3196 forma
3389 3154 3401 3197 :
3444 3143 3507 3196 et

2013 3229 2098 3290 ita
2126 3238 2223 3291 est
2252 3231 2330 3292 de
2360 3231 2619 3292 caritate
2650 3233 2903 3313 quando
2940 3233 3018 3294 ad
3059 3252 3249 3295 suum
3288 3252 3509 3315 perve-

2011 3327 2107 3388 nit
2156 3329 2521 3391 terminum.
2568 3364 2649 3375 ——-
2694 3330 2837 3393 Haec
2890 3329 3000 3392 illi.
3053 3332 3334 3404 Quorum
3381 3333 3501 3395 hoc

2014 3426 2312 3488 ultimum
2381 3428 2624 3490 dictum
2684 3429 2934 3491 videtur
3000 3449 3037 3491 a
3096 3430 3309 3492 verbis
3378 3431 3504 3492 illis

2010 3525 2265 3589 Thomae
2296 3525 2661 3608 praehabitis
2696 3527 3073 3589 discordare.
3109 3529 3257 3600 Quae
3288 3536 3499 3590 tamen

2010 3625 2438 3687 discordantia
2485 3625 2737 3687 videtur
2795 3626 2861 3686 in
2918 3626 3170 3688 diverso
3218 3646 3336 3688 usu
3388 3645 3501 3688 seu

2011 3724 2378 3806 acceptione
2420 3723 2757 3786 verborum
2801 3731 2865 3784 et
2908 3724 2973 3785 in
3016 3724 3206 3786 modo
3246 3724 3505 3806 loquen-

2011 3823 2076 3884 di
2107 3823 2307 3903 magis
2339 3841 2529 3904 quam
2562 3824 2628 3884 in
2658 3841 2724 3884 re
2755 3823 2895 3904 ipsa
2927 3822 3271 3885 consistere
3310 3842 3323 3885 :
3358 3824 3501 3887 ideo

2014 3940 2207 4003 parva
2248 3929 2529 4003 apparet.

2091 4019 2323 4081 Positio
2370 4028 2583 4080 autem
2625 4018 2918 4082 Richardi
2967 4018 3305 4081 concordat
3344 4020 3501 4082 Tho-

2013 4137 2131 4179 mae
2190 4117 2256 4178 in
2311 4116 2610 4179 omnibus
2656 4115 2787 4195 jam
2840 4116 3158 4195 inductis3
3209 4117 3506 4180 similiter

391 4218 792 4283 mutationes
824 4217 994 4277 circa
1031 4232 1332 4295 magnum
1364 4221 1426 4275 et
1458 4232 1748 4295 parvum.
1785 4214 1904 4276 Un—
1933 4222 1982 4282 D
2014 4215 2245 4295 positio
2311 4213 2785 4277 Bonaventurae.
2849 4214 3287 4278 Communiter
3352 4234 3503 4278 vero

388 4321 482 4383 de
531 4316 889 4381 secundum
949 4314 1117 4395 quod
1175 4312 1419 4394 aliquid
1470 4330 1536 4374 se
1585 4312 1775 4374 habet
1823 4312 1900 4373 ad

389 4414 916 4498 magnitudinem
966 4411 1068 4474 vel
1118 4411 1518 4493 parvitatem,
1563 4410 1649 4471 ita
1687 4429 1754 4471 se
1798 4410 1903 4471 ha-

387 4518 512 4579 bet
551 4515 633 4577 ad
670 4518 1087 4594 augmentum
1125 4518 1190 4571 et
1231 4509 1744 4571 diminutionem.
1780 4508 1900 4569 Ma-

383 4613 676 4698 gnitudo
723 4611 984 4673 demum
1035 4617 1098 4671 et
1147 4607 1424 4689 parvitas
1467 4605 1902 4668 attribuuntur

383 4712 600 4777 alicui
649 4708 1010 4791 dupliciter.
1058 4707 1287 4780 Prim0‚
1331 4704 1683 4767 secundum
1731 4705 1900 4785 quod

385 4815 544 4895 ipsa
593 4808 900 4873 dicuntur
949 4823 1176 4885 magna
1221 4811 1331 4865 aut
1385 4820 1578 4884 parva
1631 4820 1645 4864 :
1697 4810 1761 4863 et
1808 4802 1899 4864 sic

381 4916 721 4991 augentur
747 4903 1119 4968 substantiae
1158 4920 1430 4984 quarum
1466 4908 1564 4963 est
1595 4919 1734 4963 esse
1775 4920 1902 4963 ma-

381 5026 604 5092 gnum
642 5004 746 5067 vel
787 5019 1058 5085 parvum
1092 4999 1448 5061 secundum
1482 5000 1899 5081 quantitatem

385 5106 592 5171 molis
635 5103 739 5165 vel
788 5099 1066 5163 virtutiS.
1113 5098 1426 5172 Secundo,
1470 5106 1658 5180 prout
1701 5098 1900 5179 magis

385 5207 497 5270 vel
553 5202 772 5266 minus
826 5200 1047 5262 insunt
1097 5215 1112 5260 ε
1165 5198 1386 5280 sicque
1443 5198 1744 5259 dicuntur
1796 5216 1902 5259 au-

375 5306 532 5389 geri
571 5310 636 5366 et
677 5298 887 5363 minui
938 5296 1158 5360 formae
1198 5317 1339 5379 quae
1389 5305 1652 5379 possunt
1703 5297 1899 5377 magis

645 5436 712 5489 Τ.
750 5434 835 5485 20.

2009 4320 2200 4393 atque
2250 4311 2647 4373 concorditer
2691 4310 2971 4374 fatentur
3017 4314 3303 4376 doctores
3348 4315 3505 4377 cari-

2009 4418 2205 4473 tatem
2236 4410 2495 4491 augeri3
2528 4410 2638 4472 sed
2680 4410 2745 4471 in
2787 4411 2974 4474 modo
3006 4414 3304 4492 ponendi,
3340 4414 3503 4476 mul-

2010 4509 2316 4591 tipliciter
2374 4507 2794 4571 diversificari
2854 4517 2917 4571 et
2978 4512 3349 4573 contrariari
3410 4513 3501 4575 vi-

2009 4609 2259 4671 dentur.
2648 4684 2657 4693 ¹
2894 4670 2897 4675 ,

2075 4708 2265 4770 Porro
2293 4706 2575 4787 AEgidius
2605 4706 2897 4788 quamvis
2929 4707 3255 4769 caritatem
3283 4710 3501 4790 augeri

2010 4806 2337 4879 concedat,
2389 4812 2575 4886 negat
2622 4812 2835 4866 tamen
2881 4824 3020 4867 eam
3077 4808 3499 4869 essentialiter

2010 4921 2195 4985 posse
2235 4902 2452 4984 augeri
2497 4920 2510 4963 :
2554 4902 2685 4964 imo
2731 4902 2973 4964 nullam
3021 4904 3321 4966 virtutem
3363 4907 3501 4968 nul-

2011 5002 2263 5083 lamque
2294 5000 2568 5064 formam
2597 5000 3051 5062 accidentalem
3092 5001 3247 5063 dicit
3278 5006 3495 5083 augeri

2010 5119 2122 5162 seu
2170 5094 2414 5164 intendi
2457 5099 2560 5161 vel
2608 5098 2845 5160 remitti
2895 5099 3245 5161 secundum
3290 5118 3501 5164 essen—

2010 5199 2187 5273 tiam,
2222 5216 2421 5279 quum
2454 5196 2728 5259 essentia
2766 5195 2857 5257 rei
2897 5195 2963 5256 in
3001 5195 3379 5260 indivisibili
3419 5202 3501 5263 sit

2012 5297 2385 5369 consistens,
2438 5302 2501 5357 et
2546 5294 2790 5376 species
2840 5313 3052 5355 rerum
3112 5295 3384 5359 habeant
3432 5318 3499 5361 se

3224 5432 3251 5481 3
