4359 6250
796 504 884 549 AN
925 504 1186 559 ALIQUOD
1227 504 1435 549 NOMEN
1477 503 1818 550 CONVENIAT
1859 504 1976 549 1)ss0
2019 503 2275 549 Pnormss
2320 502 2391 547 ET
2432 502 2554 547 NON
2595 501 3011 547 TRANSLA'I'IVE

3334 478 3452 543 139

379 693 504 735 rum
552 675 720 755 quod
771 674 1014 737 dictum
1059 683 1176 749 est,
1211 676 1378 757 quod
1424 674 1684 737 nomina
1731 673 1849 734 ista
1880 672 1930 734 A
1959 673 2107 746 Deo,
2142 681 2204 735 et
2250 692 2363 755 per
2409 674 2721 755 posterius
2766 674 2829 734 in
2872 672 3199 746 creaturiS,
3235 679 3303 732 ut
3342 670 3450 733 bo-

377 773 574 835 divina
601 773 967 853 significant
1006 774 1253 835 divinas
1297 773 1718 855 perfectiones
1755 790 1846 833 se-

373 874 634 934 cundum
684 874 854 954 quod
906 873 1367 954 participantur
1412 874 1474 934 in
1520 871 1844 933 creaturis,

375 972 648 1044 Quaedam
680 990 954 1052 namque
986 979 1133 1032 sunt
1164 971 1423 1033 nomina
1453 970 1850 1051 designantia

374 1069 524 1129 nude
555 1069 837 1130 divinam
868 1069 1208 1130 essentiam
1251 1069 1491 1150 absque
1522 1067 1698 1129 omni
1730 1067 1849 1128 cir-

376 1167 864 1238 cumvestitione,
911 1167 1282 1229 habitudine
1327 1176 1390 1229 et
1436 1173 1726 1247 respectu
1771 1166 1846 1227 ad

376 1274 696 1336 creaturas,
750 1266 1286 1347 quemadmodum
1347 1264 1544 1327 Rabbi
1608 1266 1845 1346 Moyses

374 1362 590 1443 aliique
647 1365 891 1427 Hebraei
951 1385 1023 1426 ac
1082 1366 1338 1447 quidam
1403 1364 1612 1426 Sancti
1670 1362 1844 1425 affir-

376 1470 530 1522 mant
563 1464 640 1524 de
679 1464 797 1524 boc
834 1464 1094 1525 nomine
1131 1471 1700 1545 tetragrammaton.
1737 1463 1846 1523 De-

377 1559 550 1639 nique
581 1561 934 1622 secundum
976 1562 1343 1642 praehabita,
1374 1563 1554 1641 juxta
1586 1562 1844 1623 modum

375 1676 488 1737 quo
527 1659 724 1720 Deum
765 1660 1230 1741 cognoscimuS,
1267 1661 1480 1742 ipsum
1520 1661 1846 1722 nominare

375 1756 660 1819 valemus.
695 1758 900 1831 Quum
942 1777 1090 1839 ergo
1131 1759 1408 1821 sciamus
1451 1760 1648 1821 Deum
1685 1759 1747 1819 in
1781 1778 1847 1819 se

1958 772 2144 844 nitaS,
2195 773 2525 853 sapientia,
2570 774 2871 854 potentia,
2918 772 3285 854 paternitaS,
3328 778 3447 832 etc.

1959 870 2034 931 Et
2085 872 2219 933 ha‘c
2272 872 2469 951 magis
2522 873 2777 953 proprie
2826 873 2903 933 de
2954 872 3081 933 Deo
3131 890 3321 951 quam
3373 870 3451 931 de

1959 969 2265 1031 creaturis
2295 970 2613 1031 dicuntur.
2650 972 2941 1045 Quendam
2975 971 3275 1033 translata
3304 977 3453 1031 sunt

1959 1075 2217 1129 econtra
2268 1069 2343 1129 de
2396 1070 2700 1131 creaturis
2749 1070 2825 1131 ad
2878 1070 3257 1136 Creatorem,
3311 1086 3453 1149 quae

1961 1166 2207 1226 scilicet
2247 1165 2615 1245 significant
2648 1185 2748 1227 res
2785 1186 3055 1248 quarum
3086 1166 3317 1228 veritas
3358 1173 3455 1225 est

1964 1263 2026 1323 in
2075 1265 2380 1325 creaturis
2428 1272 2694 1336 tantum,
2728 1272 2789 1325 et
2837 1264 3051 1346 aliqua
3099 1263 3455 1325 similitudo

1965 1360 2028 1421 in
2063 1361 2374 1434 Creatore,
2410 1370 2479 1422 ut
2512 1363 2630 1432 leo,
2659 1382 2857 1443 agnus
2893 1381 2906 1423 :
2941 1370 3003 1424 et
3035 1362 3167 1425 haec
3201 1360 3454 1442 proprie

1963 1460 2264 1521 dicuntur
2296 1462 2553 1523 nomina
2587 1461 2969 1533 translativa,
3006 1461 3155 1542 quia
3195 1460 3455 1521 transla-

1965 1557 2050 1619 tio
2081 1557 2157 1618 fit
2189 1560 2539 1620 secundum
2578 1560 3065 1621 similitudinem
3097 1558 3451 1639 quamdam.

1963 1655 2257 1728 Qua¹dam
2303 1676 2452 1719 vero
2499 1658 2675 1719 nullo
2724 1658 2952 1719 horum
3008 1657 3337 1718 modorum
3388 1676 3455 1717 se

1963 1753 2221 1822 habent,
2260 1762 2473 1835 utpote
2516 1776 2655 1836 quae
2695 1755 3063 1835 significant
3104 1774 3237 1816 rem
3270 1755 3454 1835 cujus

376 1856 498 1936 ipso
545 1876 768 1938 puram
813 1867 876 1919 et
920 1857 1242 1920 infinitam
1287 1878 1424 1921 esse
1475 1858 1844 1931 bonitatem,
1886 1852 1934 1915 B
1962 1852 2195 1915 veritas
2236 1861 2332 1913 est
2378 1854 2442 1915 in
2488 1855 2615 1916 Deo
2658 1855 2812 1927 solo,
2847 1862 2909 1916 et
2960 1851 3344 1915 contrarium
3389 1853 3455 1914 in

373 1956 731 2035 sapientiam
789 1957 1268 2029 subsistentem,
1321 1967 1384 2019 et
1433 1976 1546 2019 ens
1603 1957 1850 2018 univer-

371 2054 570 2116 saliter
617 2054 1122 2138 simpliciterque
1172 2056 1548 2137 perfectum,
1602 2056 1848 2117 secluso

372 2152 530 2213 omni
591 2162 880 2234 respectu
930 2162 992 2215 et
1043 2154 1418 2216 habitudine
1478 2156 1556 2215 ad
1617 2161 1844 2226 creata,

371 2269 507 2330 ergo
546 2268 882 2332 possumus
923 2252 1178 2314 nomina
1219 2253 1549 2315 instituere
1590 2273 1730 2334 quae
1764 2261 1848 2314 ta-

375 2347 504 2409 liter
543 2349 912 2430 significent
956 2351 1174 2412 Deum.
1225 2352 1397 2413 Unde
1441 2359 1504 2413 et
1547 2351 1849 2413 Platonici

373 2466 681 2509 summum
724 2450 926 2511 Deum
971 2449 1379 2511 nominarunt
1421 2451 1847 2523 Autobonum,

374 2545 430 2607 id
474 2556 566 2608 est
610 2566 724 2628 per
767 2568 833 2609 se
878 2547 1140 2619 bonum,
1177 2555 1246 2608 ut
1293 2554 1463 2629 patet
1505 2548 1567 2609 in
1609 2548 1842 2610 Proclo.

369 2646 778 2727 -Quidquid
828 2654 1042 2707 autem
1091 2646 1168 2706 ad
1220 2646 1339 2707 ista
1388 2645 1850 2716 dicatur‚.con-

371 2743 625 2807 clusioni
681 2744 830 2805 huic
884 2764 922 2805 a
971 2744 1208 2805 Thoma
1263 2744 1536 2806 inductae
1587 2762 1849 2806 consen—

371 2842 468 2913 tio,
528 2844 693 2923 quod
754 2843 998 2904 scilicet
1065 2842 1326 2905 nomina
1383 2844 1672 2923 quaedam
1739 2862 1851 2923 per

371 2940 532 3019 prius
563 2959 634 3001 ac
675 2941 928 3021 proprie
970 2947 1344 3021 competunt
1376 2941 1503 3002 Deo
1535 2949 1846 3021 quantum

1963 1952 2291 2022 creaturis,
2346 1952 2513 2013 sicut
2570 1960 2865 2025 aeternus,
2924 1953 3273 2013 immensus
3326 1970 3340 2012 :
3392 1960 3455 2011 et

1964 2050 2084 2112 ista
2128 2070 2254 2113 non
2303 2050 2771 2113 transferuntur
2811 2053 2887 2113 de
2928 2053 3055 2113 Deo
3094 2052 3171 2113 ad
3216 2057 3455 2112 creatu-

1962 2168 2120 2223 ram,
2155 2169 2272 2211 nec
2322 2151 2697 2224 econtrario,
2732 2151 2853 2212 nisi
2905 2150 3314 2212 translatione
3358 2168 3455 2211 so-

1964 2248 2086 2309 lius
2131 2250 2305 2311 vocis
2352 2249 2449 2311 vel
2496 2250 2837 2330 aequivoce.
2889 2250 3031 2311 Haec
3073 2250 3309 2311 Petrus.

2041 2348 2109 2409 ln
2163 2348 2348 2427 cujus
2400 2348 2612 2410 verbis
2662 2349 2853 2410 etiam
2913 2348 3153 2429 aliquid
3206 2348 3456 2409 videtur

1961 2466 2102 2509 esse
2133 2446 2501 2515 obscurum,
2536 2448 2701 2509 sicut
2742 2448 2908 2528 quod
2950 2448 3036 2507 ait
3066 2448 3235 2529 quod
3265 2464 3454 2509 omne

1962 2563 2193 2607 nomen
2240 2544 2529 2607 divinum
2572 2546 2775 2626 quoad
2818 2564 3037 2607 vocem
3080 2545 3452 2607 translatum

1961 2652 2053 2705 est
2104 2661 2140 2704 a
2185 2644 2490 2705 creaturis
2535 2646 2611 2705 ad
2662 2646 2884 2717 Deum,
2920 2645 3220 2724 quoniam
3266 2662 3453 2705 voces

1962 2742 2173 2822 primo
2220 2743 2523 2803 creaturis
2573 2743 2884 2824 impositae
2930 2750 3098 2815 sunt,
3132 2752 3195 2803 et
3238 2750 3455 2823 postea

1960 2840 2036 2900 ad
2097 2840 2314 2903 divina
2374 2841 2707 2903 translata).
2770 2843 2943 2904 Istud
3006 2842 3259 2903 videtur
3322 2842 3452 2922 pati

1962 2936 2350 3011 instantiam,
2404 2939 2703 3019 quoniam
2765 2941 3054 3021 quaedam
3106 2958 3289 3002 voces
3340 2958 3451 3000 seu

367 3045 554 3099 estex
585 3046 808 3100 natura
837 3039 924 3100 rei
970 3039 1314 3119 designatae
1354 3058 1467 3119 per
1497 3057 1591 3108 ea,
1627 3058 1848 3120 quam·
1888 3030 1930 3091 C
1961 3036 2271 3097 dictiones
2324 3037 2529 3117 primo
2590 3037 2903 3119 impositae
2952 3046 3100 3100 sunt
3152 3038 3449 3113 Creatori,

371 3138 456 3198 vis
497 3156 620 3201 non
665 3155 740 3200 eo
785 3139 971 3200 modo
1015 3157 1141 3220 quo
1187 3156 1300 3200 nos
1345 3157 1418 3200 ea
1463 3139 1524 3199 in
1577 3139 1695 3200 hac
1745 3139 1850 3200 via

369 3238 688 3320 concipere
737 3247 846 3300 aut
907 3237 1260 3318 intelligere
1323 3256 1682 3320 possumuS,
1737 3240 1848 3301 sed

371 3355 475 3415 per
505 3337 758 3399 modum
792 3336 856 3398 in
899 3337 1227 3398 infinitum
1268 3337 1753 3399 eminentiorem
1786 3346 1848 3398 et

373 3435 819 3512 perfectiorem.
859 3437 934 3498 Et
985 3437 1104 3498 hoc
1148 3444 1243 3498 est
1287 3437 1454 3517 quod
1507 3437 1571 3498 iu
1625 3437 1849 3518 praein-

371 3531 564 3594 ductis
607 3535 1090 3596 auctoritatibus
1129 3535 1190 3596 S.
1228 3534 1562 3616 Dionysius
1609 3535 1848 3597 insinu-

369 3649 464 3692 are
513 3631 802 3705 intendit,
853 3641 1046 3714 atque
1105 3652 1218 3714 per
1265 3634 1385 3696 hoc
1439 3634 1691 3714 objecta
1741 3633 1848 3695 illa

367 3727 704 3792 solvuntur.

441 3829 736 3892 Praeterea
765 3829 1020 3892 Thomae
1053 3832 1439 3892 concordans
1475 3831 1692 3892 Pet-rus
1721 3831 1846 3891 :De

369 3927 762 3990 translatione
791 3929 936 4007 (ait)
977 3928 1310 3990 nominum
1350 3949 1388 3990 a
1427 3928 1733 3990 creaturis
1769 3929 1846 3988 ad

371 4024 712 4088 Creatorem
757 4027 1068 4106 contingit
1117 4027 1286 4108 loqui
1329 4026 1684 4109 tripliciter.
1721 4027 1847 4088 Pri-

375 4142 486 4196 m0‚
520 4133 826 4204 quantum
867 4125 946 4186 ad
987 4143 1206 4186 vocem
1245 4143 1257 4186 :
1291 4133 1352 4187 et
1389 4125 1479 4186 sic
1521 4143 1710 4187 omne
1738 4143 1848 4186 no-

1960 3155 2078 3197 nec
2109 3138 2500 3199 conveniunt
2531 3157 2736 3220 neque
2768 3139 3079 3220 imposita»,
3110 3147 3257 3200 sunt
3289 3157 3456 3201 crea-

1963 3235 2141 3308 turis,
2177 3255 2295 3296 nec
2327 3235 2407 3297 ab
2437 3237 2527 3298 eis
2569 3237 2884 3300 translatae
2927 3246 3073 3299 sunt
3104 3239 3181 3299 ad
3212 3236 3450 3310 divina,

1964 3341 2030 3394 ut
2071 3334 2527 3416 independenS,
2561 3345 2853 3408 aeternus,
2901 3336 3217 3410 infinituS‚
3251 3338 3453 3412 omni-

1961 3434 2184 3514 potens
2220 3451 2234 3494 ε
2270 3435 2345 3495 de
2389 3434 2622 3515 quibus
2664 3435 2933 3516 ipsemet
2973 3436 3189 3497 Petrus
3224 3436 3454 3496 fatetur

1959 3533 2128 3614 quod
2161 3531 2397 3594 habent
2437 3552 2502 3592 se
2545 3541 2769 3594 neutro
2810 3535 3017 3606 mod0,
3054 3553 3170 3594 nec
3204 3553 3349 3595 vera
3378 3553 3452 3595 ac

1959 3631 2217 3711 propria
2275 3629 2742 3710 significatione
2786 3639 3160 3712 *competere
3210 3639 3453 3712 queunt

1958 3728 2148 3790 alicui
2184 3729 2304 3790 nisi
2339 3729 2488 3802 Deo,
2522 3729 2813 3809 quamvis
2853 3730 3048 3810 aliqui
3080 3749 3154 3790 ea
3188 3747 3451 3791 erronee

1957 3827 2384 3889 attribuerunt
2428 3828 2674 3889 creatis

2041 3926 2323 4007 Denique
2354 3928 2431 3988 fid
2473 3926 2955 4006 intelligendum
2999 3927 3131 3988 haec
3172 3926 3445 4008 pleniuS,

1958 4025 2339 4086 advertenda
2388 4034 2535 4088 sunt
2584 4025 2777 4086 verba
2830 4025 3303 4098 Bonaventurae,
3357 4025 3449 4086 di-

1959 4124 2161 4184 centis
2208 4142 2221 4184 :
2264 4125 2527 4196 Quidam
2579 4125 2897 4198 dixerunt,
2941 4125 3107 4206 quod
3160 4125 3447 4205 quaedam

377 4240 506 4282 men
548 4223 832 4285 divinum
881 4223 1252 4284 translatum
1299 4231 1394 4285 cst
1438 4243 1474 4285 a
1517 4223 1844 4296 creaturis,
1879 4223 1925 4283 D
1959 4229 2108 4282 sunt
2171 4222 2429 4285 nomina
2492 4244 2631 4304 quse
2698 4224 2863 4285 Deus
2926 4223 3049 4285 sibi
3119 4223 3444 4305 imposuit,

373 4320 514 4400 quia
551 4322 825 4402 cognitio
863 4329 925 4384 et
967 4323 1317 4385 nominatio
1357 4332 1570 4385 nostra
1608 4323 1684 4384 de
1721 4324 1847 4385 Deo

373 4417 590 4500 incipit
635 4439 670 4481 a
711 4421 960 4482 creatis,
1006 4421 1204 4482 Voces
1255 4421 1494 4502 quippe
1544 4421 1846 4482 creaturis

377 4517 570 4596 primo
613 4518 924 4601 impositae
964 4527 1132 4589 sunt..
1172 4527 1234 4581 et
1275 4528 1490 4600 postea
1535 4520 1847 4582 translatae

374 4623 510 4676 sunt
537 4616 614 4678 ad
645 4616 876 4679 divina.
912 4617 1222 4690 Secund0,
1255 4618 1462 4698 quoad
1496 4637 1626 4679 rem
1661 4617 1850 4698 signi-

375 4711 616 4776 ficatam
663 4733 678 4776 ε
723 4723 786 4776 et
833 4715 927 4776 sic
977 4716 1224 4777 nullum
1275 4733 1507 4778 nomen
1557 4716 1846 4777 divinum

375 4813 730 4874 translatum
771 4821 868 4875 est
907 4833 942 4874 a
984 4814 1310 4886 creatum,
1347 4813 1648 4895 quoniam
1684 4815 1848 4876 Deus

375 4909 524 4970 nihil
554 4911 716 4972 reale
746 4912 944 4972 sumit
973 4931 1009 4973 a
1040 4919 1343 4973 creatura.
1380 4912 1608 4984 Terti0,
1643 4913 1847 4994 quoad

373 5007 914 5088 significationem,
935 5029 1044 5071 seu
1081 5010 1386 5072 rationem
1420 5010 1508 5072 rei
1540 5010 1850 5090 significa-

375 5112 446 5168 ιω
478 5124 492 5168 :
525 5108 738 5190 sicque
781 5109 1074 5190 quaedam
1114 5109 1413 5170 translata
1443 5109 1743 5170 dicuntur
1772 5109 1849 5170 de

377 5202 650 5268 Creatore
677 5208 754 5269 ad
791 5213 1168 5278 creaturam,
1203 5226 1344 5288 quae
1386 5205 1629 5268 scilicet
1659 5207 1851 5288 signi-

381 5299 570 5364 ficant
599 5324 690 5367 res
729 5323 1002 5387 quarum
1034 5303 1264 5366 veritas
1307 5323 1418 5386 per
1447 5305 1626 5387 prius
1661 5313 1756 5366 est
1786 5304 1850 5367 in

1961 4338 2157 4399 quum
2194 4321 2328 4402 ipse
2360 4341 2425 4382 se
2465 4322 2719 4403 proprie
2749 4342 2822 4384 ac
2864 4323 3048 4404 plene
3084 4322 3396 4404 intelligat
3430 4341 3443 4383 :

1959 4425 2023 4478 et
2079 4419 2231 4480 talia
2288 4429 2455 4494 sunt,
2508 4422 2751 4483 Bonum
2811 4430 2873 4484 et
2931 4422 3047 4496 Qui
3106 4431 3219 4484 est.
3274 4423 3448 4484 Unde

1961 4517 2020 4578 S.
2056 4517 2391 4599 Dionysius
2423 4519 2657 4581 sentire
2689 4520 2961 4593 videtur,
2996 4523 3163 4602 quod
3196 4522 3315 4584 hoc
3346 4539 3451 4583 no-

1963 4635 2130 4687 men,
2165 4616 2431 4688 Bonum,
2467 4617 2549 4677 sit-
2593 4618 2925 4699 proprium
2974 4639 3046 4680 ac
3097 4621 3447 4702 principale

1959 4731 2030 4773 ac
2064 4713 2343 4793 primum
2376 4715 2485 4776 Dei
2520 4734 2783 4794 nomen3
2818 4718 3243 4779 Damascenus
3274 4737 3444 4792 vero,

1961 4812 2128 4892 quod
2169 4812 2287 4886 Qui
2326 4820 2440 4873 est.
2480 4813 2554 4874 Et.
2594 4815 2651 4875 S.
2690 4815 3027 4896 Dionysius
3070 4816 3339 4878 attendit
3383 4817 3447 4877 in

1961 4910 2220 4972 nomine
2279 4911 2759 4992 perfectionem,
2818 4914 3241 4976 Damascenus
3300 4932 3450 4977 vero

1959 5008 2446 5079 absolutionem,
2484 5019 2746 5091 uterque
2786 5029 2934 5073 vero
2976 5013 3445 5092 proprietatem.

1961 5107 2125 5168 Deus
2167 5125 2315 5168 vero
2357 5107 2590 5168 dicitur
2629 5108 2854 5181 bonuS,
2892 5107 3130 5170 ratione
3172 5127 3453 5170 commu-

1965 5205 2379 5267 nicabilitatis
2423 5214 2481 5268 et
2529 5206 2915 5268 diffusionis.
2955 5206 3197 5267 Dicitur
3238 5215 3450 5269 autem

1967 5304 2116 5366 Esse
2159 5323 2272 5366 seu
2305 5304 2420 5377 Qui
2462 5311 2578 5378 est,
2610 5323 2723 5387 per
2751 5304 3181 5368 omnimodam
3215 5304 3454 5368 abstra-

3506 4545 3567 4588 De
3596 4545 3737 4589 Divin.

3476 4621 3593 4651 nom.
3648 4621 3741 4662 cap.

3477 4685 3533 4714 w.
