4359 6250
790 443 914 508 592

1448 461 1512 508 m
1553 461 1774 510 LIBRUM
1817 464 1839 509 1
1879 461 2361 510 SENTENTIARUM.
2410 480 2489 492 —·
2528 461 2681 510 DIST.
2726 462 2908 528 xuv3
2952 463 3176 520 QUAEST.
3224 462 3245 511 1

793 638 1091 712 tanquam
1126 631 1633 712 pulcherrimum
1665 653 1919 695 carmen
1950 635 2293 696 decurrens
2324 633 2377 695 A
2470 631 2562 693 Ad
2595 634 3003 714 quaestionem
3029 651 3177 697 vero
3205 653 3329 716 qua
3359 633 3917 714 quaeritur‚utrum

790 728 1143 791 secundum
1177 733 1619 793 consonantias
1648 732 1945 814 optimas,
1970 731 2112 794 aliis
2144 750 2296 812 prae-

789 826 1090 890 euntibus
1150 835 1214 889 et
1271 829 1414 890 aliis
1475 829 1990 903 succedentibuS,
2052 847 2291 912 quous-

790 943 912 1006 que
945 945 1043 988 res
1075 926 1356 1008 perfecte
1385 928 1761 990 ordinentur
1792 929 1858 990 in
1891 927 2112 990 finem.
2147 928 2291 990 Haec

789 1022 980 1084 idem.

868 1121 1217 1185 Concordat
1247 1123 1554 1203 AEgidiuS‚
1590 1124 1666 1185 de
1698 1124 1798 1185 his
1829 1122 2115 1186 scribens
2150 1141 2291 1204 pro-

677 1229 681 1232 ’
789 1219 912 1280 lixe
948 1238 962 1283 :
995 1221 1065 1282 In
1110 1221 1526 1302 productione
1556 1221 1912 1304 (inquiens)
1943 1221 2292 1303 cujuslibet

786 1319 880 1378 rei
928 1325 1021 1379 est
1065 1318 1186 1381 tria
1235 1319 1653 1393 considerare,
1697 1319 2016 1392 videlicet,
2060 1319 2293 1400 produ-

787 1417 1337 1489 centem,modum
1371 1417 1784 1497 producendi,
1800 1424 1862 1478 et
1895 1417 2285 1499 productum

789 1514 1006 1595 ltaque
1043 1533 1176 1575 rem
1214 1532 1341 1576 non
1383 1532 1567 1596 posse
1604 1513 1745 1575 fieri
1791 1514 2144 1587 meliorem,
2181 1531 2291 1596 po-

789 1618 912 1673 test
955 1631 1032 1674 ex
1077 1612 1314 1693 triplici
1358 1631 1546 1674 causa
1590 1612 1894 1674 accidere.
1939 1613 2169 1685 Primo,
2214 1630 2291 1673 ex

790 1717 968 1791 parte
1010 1711 1418 1791 producentis
1453 1729 1466 1772 ε
1502 1718 1563 1772 et
1606 1711 1726 1773 hoc
1768 1710 2128 1793 dupliciter.
2165 1710 2291 1772 Pri-

2405 731 2799 812 Deus.potuit
2826 733 3196 794 universum
3224 731 3430 794 facere
3458 731 3687 793 melius
3714 749 3914 812 quam

2404 828 2577 902 fecit,
2620 829 3009 912 respondens
3045 847 3059 891 ε
3098 830 3501 903 Universum,
3543 829 3652 900 ait,
3698 827 3917 909 accipi

2403 933 2612 1006 potest
2674 927 3029 1010 tripliciter.
3093 929 3326 1000 Prim0‚
3389 935 3579 1009 prout
3638 925 3922 988 includit

2402 1041 2591 1085 omne
2630 1042 2765 1098 enS,
2800 1031 2926 1087 tam
2968 1033 3249 1086 creatum
3287 1044 3479 1106 quam
3525 1025 3913 1096 increatum,

2402 1127 2465 1182 et
2510 1123 2678 1204 quod
2718 1129 2864 1184 actu
2912 1103 3111 1185 esset
3154 1123 3323 1205 quod
3368 1122 3435 1184 in
3478 1122 3811 1204 potentia:
3846 1128 3921 1182 et

2404 1227 2649 1281 constat
2680 1221 2849 1302 quod
2888 1221 3190 1283 universo
3220 1221 3312 1283 sic
3343 1229 3602 1302 sumpto
3633 1238 3757 1283 non
3796 1237 3917 1301 po-

2402 1323 2526 1378 test
2568 1317 2721 1398 quid
2768 1319 2998 1381 melius
3042 1337 3201 1381 esse.
3238 1319 3550 1392 Secundo,
3583 1326 3769 1400 prout
3816 1317 3919 1378 in-

2402 1414 2602 1476 cludit
2628 1435 2817 1478 omne
2842 1435 2955 1478 ens
2984 1425 3149 1490 actu,
3164 1425 3291 1479 tam
3328 1417 3677 1479 increatum
3711 1435 3915 1497 quam

2403 1520 2703 1575 creatum.
2741 1514 3099 1596 Dicuntque
3140 1515 3337 1596 aliqui
3388 1515 3557 1596 quod
3607 1513 3918 1576 universo

2402 1611 2494 1673 sic
2538 1621 2796 1694 sumpto
2840 1633 2965 1676 non
3012 1621 3218 1695 potest
3258 1614 3499 1694 aliquid
3544 1612 3773 1674 melius
3812 1631 3920 1674 es-

2402 1729 2491 1782 se,
2527 1711 2676 1792 quia
2725 1711 2791 1772 in
2840 1730 2915 1774 eo
2964 1711 3317 1773 includitur
3363 1713 3553 1785 DeuS‚
3592 1710 3703 1793 qui
3750 1729 3913 1772 cum

791 1827 916 1882 mo,
953 1809 1252 1891 quoniam
1297 1809 1426 1891 agit
1463 1829 1540 1871 ex
1580 1809 1952 1872 necessitate
1995 1816 2283 1871 naturae:
2326 1807 2373 1868 B
2406 1809 2579 1871 mille
2631 1810 2887 1871 mundis
2938 1818 3002 1872 et
3050 1829 3198 1872 cum
3258 1811 3498 1872 mundo
3550 1810 3911 1882 meliorato,

789 1915 1012 1969 natura
1068 1908 1242 1970 enim
1303 1908 1762 1970 determinatur
1819 1909 1896 1971 ad
1956 1928 2179 1982 unum,
2228 1915 2290 1968 et

787 2005 917 2086 agit
955 2006 1306 2068 secundum
1340 2013 1540 2069 totum
1587 2024 1770 2088 posse
1809 2026 2019 2068 suum.
2057 2006 2289 2068 Secun-

789 2104 890 2178 do,
924 2103 1226 2185 quoniam
1272 2112 1400 2167 tota
1451 2104 1696 2167 bonitas
1740 2103 2149 2186 producentis
2191 2122 2288 2166 re-

791 2201 960 2264 lucet
999 2202 1065 2263 in
1106 2203 1432 2284 producto.
1470 2203 1558 2264 Ex
1601 2210 1775 2284 parte
1817 2220 2070 2284 quoque
2116 2201 2286 2264 modi

791 2300 1183 2381 producendi
1223 2307 1427 2382 potest
1458 2301 1579 2362 hoc
1608 2299 1952 2381 dupliciter
1978 2299 2235 2362 evenire
2270 2317 2285 2362 ε

791 2397 1024 2478 primo,
1056 2399 1210 2459 dum
1241 2416 1432 2479 agens
1463 2398 1899 2480 praesupponit
1930 2398 2289 2480 suscipiens

792 2503 1212 2578 praeparatum
1245 2515 1357 2558 seu
1391 2497 1718 2586 materiam
1751 2497 2162 2579 dispositam3
2194 2515 2292 2558 se-

792 2595 1022 2669 cund0,
1071 2595 1372 2678 quoniam
1425 2596 1562 2676 ipsa
1611 2594 1869 2657 materia
1917 2613 2113 2676 capax
2161 2613 2287 2656 non

791 2699 887 2754 est
927 2692 1149 2755 formae
1199 2692 1548 2756 nobilioris.
1591 2693 1746 2754 Item
1796 2711 1872 2754 ex
1922 2700 2098 2773 parte
2146 2711 2287 2774 pro-

791 2793 963 2853 ducti
1023 2792 1364 2874 dupliciter
1417 2810 1430 2855 :
1484 2792 1714 2873 primo,
1769 2791 1920 2873 quia
1977 2797 2288 2872 repugnat

789 2889 1052 2952 effectui
1102 2890 1518 2972 simpliciter3
1559 2891 1861 2964 secundo,
1904 2889 2055 2970 quia
2102 2908 2289 2970 repu-

2402 1924 2529 1969 non
2569 1914 2665 1968 est
2698 1908 2924 1970 melior
2962 1927 3029 1970 se
3060 1909 3215 1982 sol0‚
3250 1908 3788 1990 quemadmodum
3833 1907 3915 1968 li-

2400 2024 2520 2068 nea
2577 2025 2723 2067 curn
2784 2014 3043 2087 punct0,
3094 2025 3223 2069 non
3281 2015 3377 2070 est
3434 2007 3661 2068 melior
3708 2025 3913 2087 quam

2400 2103 2568 2166 linea
2616 2104 2766 2166 sola.
2814 2104 2933 2166 Sed
2984 2105 3104 2170 hoc
3146 2105 3399 2168 videtur
3444 2104 3759 2178 mirabile,
3805 2113 3913 2166 ut-

2401 2212 2547 2285 pote
2607 2204 2775 2286 quod
2839 2203 3025 2285 plura
3082 2203 3249 2266 bona
3304 2222 3433 2266 non
3490 2205 3619 2266 sint
3674 2204 3909 2267 saltem

2400 2302 2725 2366 extensive
2754 2301 2997 2384 aliquid
3028 2302 3258 2364 melius
3290 2321 3480 2384 quam
3514 2322 3737 2377 unum,
3770 2322 3917 2365 ma-

2401 2399 2573 2461 xime
2603 2401 2859 2482 quando
2889 2419 3089 2462 unum
3130 2417 3256 2461 non
3294 2400 3642 2462 includitur
3670 2400 3917 2463 forma-

2403 2498 2547 2559 liter
2580 2498 2645 2559 in
2674 2498 2962 2561 ali0.Nec
2992 2505 3089 2560 est
3117 2498 3321 2560 simile
3352 2499 3429 2560 de
3459 2498 3629 2561 linea
3654 2506 3716 2560 et
3746 2517 3915 2580 pun·

2401 2604 2519 2670 cto,
2551 2597 2852 2678 quoniam
2896 2604 3173 2678 punctus
3214 2615 3341 2659 non
3377 2604 3473 2659 est
3508 2615 3605 2658 res
3638 2605 3905 2678 quanta,

2400 2695 2590 2756 etiam
2626 2695 2770 2757 dato
2799 2695 2969 2776 quod
3007 2694 3086 2756 sit
3118 2694 3359 2776 aliquid
3399 2694 3767 2776 positivum,
3791 2703 3913 2756 aut

2398 2800 2495 2855 est
2536 2793 2668 2855 sola
2715 2792 2988 2874 privatio
3036 2793 3357 2856 ulterioris
3405 2792 3910 2856 continuationis

2399 2891 2465 2952 in
2508 2891 2693 2953 linea.

789 2995 939 3069 gnat
968 2989 1118 3051 huic
1148 2988 1746 3061 effectui—Quum
1781 3006 1931 3068 ergo
1960 2988 2126 3049 Deus
2157 3005 2285 3051 non
2325 2993 2368 3056 C
2492 2990 2702 3052 Tertio
2760 2990 3134 3052 universum
3190 2989 3505 3072 accipitur
3558 2997 3746 3072 prout
3807 2991 3909 3053 in-

789 3095 930 3169 agat
959 3106 1036 3149 ex
1067 3087 1440 3150 necessitate
1480 3093 1741 3161 naturae,
1775 3094 1838 3149 et
1871 3087 2081 3150 omnis
2121 3105 2287 3151 crea-

790 3193 932 3247 tura
959 3204 997 3247 a
1026 3186 1214 3268 plena
1241 3206 1370 3249 suae
1401 3186 1700 3248 bonitatis
1735 3187 2287 3268 repraesentatione

791 3283 1048 3347 deficiat
1107 3284 1382 3357 infinite,
1445 3302 1562 3346 nec
1623 3284 1687 3346 in
1748 3285 1991 3365 agendo
2044 3285 2287 3366 aliquid

791 3390 1261 3465 praesupponat‚
1306 3383 1436 3444 imo
1482 3391 1544 3445 et
1594 3383 2004 3465 capacitatem
2052 3383 2143 3445 rei
2188 3403 2290 3446 va-

791 3481 914 3543 leat
952 3482 1296 3563 ampliare3
1337 3489 1582 3544 constat
1623 3482 1793 3563 quod
1841 3500 1958 3543 nec
1996 3500 2073 3544 ex
2111 3490 2289 3563 parte

791 3580 901 3641 Dei
952 3580 1362 3661 producentis
1409 3598 1527 3642 nec
1575 3599 1651 3642 ex
1700 3586 1876 3661 parte
1927 3580 2097 3642 modi
2159 3576 2289 3643 suai

790 3678 1226 3759 productionis
1259 3678 1342 3739 sit
1369 3678 1654 3741 defectus
1683 3678 1838 3760 quin
1872 3685 2158 3740 creatura
2187 3695 2293 3759 po·

787 3776 982 3838 tuerit
1019 3776 1244 3839 melior
1280 3776 1444 3839 fieri.
1480 3776 1720 3839 Idcirco
1757 3777 1810 3837 si
1843 3776 2127 3838 desectus
2165 3776 2290 3838 fuit

789 3881 896 3935 aut
939 3881 1054 3949 est,
1089 3874 1198 3937 ille
1250 3875 1374 3936 fuit
1424 3874 1572 3956 quia
1621 3873 1882 3936 effectui
1933 3874 2286 3936 secundum

789 3991 856 4033 se
894 3981 1225 4053 repugnat,
1260 3972 1361 4035 vel
1403 3973 1552 4055 quia
1595 3980 1904 4053 repugnat
1945 3971 2096 4033 huic
2135 3972 2290 4035 esse-

790 4071 941 4133 ctui.
977 4071 1115 4133 Non
1155 4078 1369 4133 autem
1415 4077 1725 4153 repugnat
1762 4070 2020 4132 effectui
2063 4088 2288 4132 secun-

2401 3088 2602 3150 cludit
2644 3106 2832 3151 omne
2880 3107 2994 3151 ens
3037 3096 3320 3151 creatum
3370 3096 3513 3152 actu
3560 3087 3901 3151 exsistens,

2401 3187 2632 3269 Sicque
2672 3188 2939 3270 quaestio
2977 3188 3247 3271 intelligi
3286 3195 3493 3271 potest
3532 3188 3903 3270 dupliciter.

2401 3285 2632 3359 Primo,
2665 3295 2880 3348 utrum
2926 3287 3092 3348 Deus
3137 3287 3487 3369 producere
3526 3287 3723 3368 possit
3761 3288 3911 3349 uni-

2401 3402 2657 3445 versum
2716 3384 2889 3446 aliud
2952 3385 3303 3447 secundum
3364 3386 3665 3467 speciem,
3726 3386 3903 3467 quod

2403 3482 2521 3545 isto
2552 3482 2635 3543 sit
2666 3482 2915 3545 melius.
2953 3484 3263 3557 Secundo,
3296 3492 3513 3546 utrum
3550 3485 3715 3546 Deus
3754 3502 3907 3565 pos—

2401 3580 2482 3642 sit
2526 3581 2895 3643 universum
2946 3583 3116 3663 quod
3163 3601 3336 3644 nunc
3384 3591 3499 3655 est,
3536 3582 3764 3644 melius
3807 3583 3909 3645 fa-

2400 3700 2542 3743 cere
2573 3700 2764 3762 quam
2798 3680 3237 3744 est.—Primo
3267 3683 3458 3744 modo
3488 3682 3909 3763 intelligendo

2401 3780 2839 3860 quaestionem,
2891 3778 3233 3841 dicendum
3283 3780 3453 3861 quod
3502 3798 3629 3843 non
3680 3798 3696 3842 ε
3749 3781 3911 3862 quia

2401 3896 2825 3959 quaecumque
2882 3878 3173 3939 incidunt
3233 3879 3297 3939 in
3332 3866 3557 3941 ⁴unum
3606 3878 3905 3941 ordinem

2400 3994 2514 4056 per
2560 3994 2650 4049 se,
2693 3975 3014 4056 pertinent
3055 3976 3131 4038 ad
3183 3996 3382 4038 unum
3435 3984 3497 4038 et
3539 3976 3706 4039 idem
3757 3978 3909 4038 uni-

2398 4092 2672 4136 versum.
2690 4074 3065 4136 Universum
3100 4074 3340 4156 quippe
3364 4074 3519 4136 dicit
3548 4094 3747 4136 unum
3782 4094 3911 4156 per

788 4170 942 4230 dum
995 4189 1084 4244 se,
1136 4170 1286 4252 quia
1333 4168 1593 4231 effectui
1655 4169 2006 4230 secundum
2057 4187 2123 4230 se
2172 4187 2286 4230 seu
2318 4172 2369 4233 D
2398 4172 2903 4251 aggregationem
2937 4171 3229 4233 omnium
3271 4170 3641 4233 habentium
3684 4190 3799 4252 per
3830 4192 3905 4235 se

789 4267 1169 4349 simpliciter
1227 4287 1356 4331 non
1414 4275 1721 4349 repugnat
1767 4268 1893 4329 nisi
1945 4268 2112 4349 quod
2172 4268 2289 4329 im-

791 4365 985 4447 plicat
1015 4366 1634 4447 possibilitatemque
1665 4366 1848 4428 tollit.
1868 4367 2102 4428 Verum
2135 4366 2286 4428 huic

789 4462 1050 4525 effectui
1088 4464 1152 4525 id
1187 4473 1497 4545 repugnat
1530 4465 1698 4547 quod
1739 4471 1834 4525 est
1867 4464 2104 4526 directe
2144 4482 2288 4526 con-

789 4570 885 4623 tra
915 4562 1222 4623 rationem
1257 4562 1481 4644 ipsius,
1515 4570 1586 4625 ut
1615 4563 2016 4625 essentialem
2052 4561 2291 4624 bonita-

787 4667 916 4721 tem
949 4659 1180 4723 habere
1211 4662 1378 4724 ultra
1404 4662 1668 4742 gradum
1702 4680 1832 4724 suae
1863 4669 2120 4724 naturae.
2143 4662 2290 4723 Ideo

786 4767 1098 4840 quantum
1156 4760 1233 4821 ad
1293 4760 1822 4833 meliorationem,
1877 4760 1944 4822 in
1991 4760 2290 4822 essentia-

788 4858 958 4920 libus
996 4876 1124 4921 non
1164 4865 1454 4941 poterant
1493 4878 1594 4921 res
1637 4858 1782 4920 l'ieri
1827 4859 2143 4932 melioreS‚
2177 4858 2288 4920 sed

786 4956 950 5019 bene
989 4956 1053 5018 in
1094 4957 1616 5031 accidentalibus,
1650 4964 1768 5018 etc.
1804 4956 1947 5019 Haec
1979 4957 2284 5037 AEgidius.

865 5056 1169 5119 Praeterea
1200 5057 1533 5120 Durandus
1564 5054 2006 5138 respondendo
2035 5054 2111 5115 ad
2144 5055 2286 5129 hoc,

785 5172 864 5215 an
914 5154 1079 5217 Deus
1137 5156 1346 5237 potuit
1403 5162 1754 5216 creaturam
1817 5153 2024 5215 facere
2075 5153 2291 5216 melio-

784 5270 944 5327 rem,
979 5262 1280 5317 consonat
1323 5253 1719 5339 introductis,

2398 4276 2462 4331 et
2493 4269 2658 4331 inter
2688 4288 2754 4331 se
2785 4269 3094 4331 ordinem.
3130 4269 3363 4332 Omnes
3398 4276 3611 4331 autem
3648 4270 3905 4351 species

2398 4368 2773 4429 exsistentes
2831 4375 2939 4429 aut
2990 4367 3349 4448 possibiles,
3402 4367 3567 4428 inter
3612 4387 3680 4430 se
3727 4368 3907 4429 ordi-

2400 4486 2545 4528 nem
2596 4466 2831 4527 habent
2876 4485 2890 4529 :
2938 4466 3088 4546 quia
3134 4484 3201 4527 se
3250 4465 3485 4527 habent
3533 4474 3603 4527 ut
3648 4466 3905 4548 species

2399 4581 2835 4626 numerorum.
2870 4564 2961 4625 Ex
3002 4582 3126 4645 quo
3166 4571 3359 4645 patet,
3392 4565 3562 4645 quod
3601 4566 3907 4647 quamvis

2399 4663 2566 4724 Deus
2600 4661 2800 4744 possit
2830 4662 3178 4743 producere
3209 4662 3425 4743 plures
3460 4664 3733 4725 mundos
3760 4664 3909 4727 solo

2400 4778 2670 4823 numero
2724 4759 3118 4835 differenteS,
3170 4778 3297 4822 non
3345 4768 3558 4823 tamen
3608 4762 3827 4843 specie
3884 4782 3900 4827 ε

2402 4858 2700 4941 quoniam
2746 4877 2969 4921 omnes
3017 4858 3262 4939 speeies
3307 4860 3374 4920 in
3416 4878 3619 4921 unum
3664 4860 3909 4923 coinci-

2399 4958 2559 5019 dunt
2601 4956 2910 5018 ordinem.

2489 5056 2677 5117 Porro
2734 5055 2787 5117 si
2845 5055 3111 5137 quaestio
3171 5054 3562 5137 intelligatur
3616 5058 3908 5120 secundo

2402 5156 2611 5229 modo,
2635 5154 2954 5229 videlicet,
2980 5173 3059 5216 an
3090 5154 3257 5217 Deus
3287 5154 3489 5237 possit
3518 5156 3901 5220 universum

2404 5254 2575 5336 quod
2623 5271 2793 5315 nunc
2842 5261 2959 5327 est,
3002 5252 3211 5317 iacere
3256 5253 3487 5315 melius
3530 5273 3723 5336 quam
3774 5264 3901 5334 est,
