4359 6250
808 471 927 536 204

1446 493 1519 537 'IN
1560 493 1781 538 LIBRUM
1824 493 1843 536 Ι
1886 492 2368 537 8ΕΝΤΕΝΤΙΑΒΙΙΜ.
2415 509 2496 518 -
2537 493 2689 536 DIST.
2736 493 2922 554 XXVI3
2966 493 3189 548 QUAEST.
3237 495 3256 538 1

888 661 1133 742 Scripta
1163 662 1419 724 demum
1451 661 1691 723 Alberti
1722 661 2020 723 videntur
2059 661 2298 742 praeha-
2330 661 2381 722 A
2411 660 2539 722 Deo
2570 661 2811 723 ratione
2843 662 3201 742 specierum
3243 681 3525 734 suarum,
3560 670 3627 722 ut
3656 680 3731 722 ea
3757 680 3915 742 quae

804 758 954 820 bitis
1013 777 1379 833 consonare,
1432 759 1725 841 quamvis
1783 760 1849 821 in
1896 759 2109 821 verbis
2158 759 2300 838 ejus

804 875 1005 918 unum
1036 858 1326 919 videatur
1356 877 1493 919 esse
1528 857 1891 919 obscurum.
1928 858 2029 920 Sic
2062 857 2300 919 etenim

804 955 1085 1036 loquitur
1119 957 1317 1019 :Dico
1360 957 1695 1019 relationes
1742 975 1879 1018 esse
1925 957 1989 1018 in
2038 956 2297 1030 diviniS,

805 1060 867 1116 et
912 1054 1136 1136 loquor
1180 1056 1256 1117 de
1306 1055 1721 1118 relationibus
1772 1075 1912 1136 quae
1960 1063 2110 1116 sunt
2158 1073 2300 1136 per-

807 1168 976 1214 sonae
1032 1162 1095 1215 et
1153 1153 1217 1214 in
1277 1154 1563 1235 personis
1624 1141 1976 1215 secundum
2040 1153 2299 1215 modum

808 1251 1203 1332 intelligendi
1247 1270 1261 1314 :
1302 1251 1455 1333 quia
1495 1252 1644 1313 licet
1686 1252 1939 1314 realiter
1981 1252 2300 1333 loquendo

808 1349 1027 1413 relatio
1066 1351 1228 1412 nihil
1273 1351 1354 1412 sit
1398 1351 1462 1412 in
1506 1367 1774 1432 persona
1815 1351 1880 1412 in
1921 1350 2177 1424 diviniS,
2206 1357 2303 1412 'ta-

808 1467 955 1509 men
1014 1450 1364 1511 secundum
1424 1449 1685 1511 modum
1744 1448 2160 1529 intelligendi,
2212 1448 2302 1510 di-

806 1547 1134 1627 stinguens
1192 1555 1289 1609 est
1346 1547 1410 1609 in
1468 1548 1789 1621 distincte,
1851 1554 1914 1608 et
1972 1546 2302 1628 supposita

806 1663 1095 1726 persona,
1148 1662 1273 1707 non
1323 1645 1705 1726 supponitur
1753 1645 1973 1707 relatio
2020 1664 2033 1708 :
2080 1645 2300 1725 sicque

807 1744 1104 1825 ponimus
1133 1744 1199 1805 in
1232 1763 1357 1804 una
1388 1761 1655 1824 persona
1694 1743 1909 1825 plures
1940 1741 2293 1804 relationes,

2410 760 2732 840 pertinent
2779 760 2856 820 ad
2919 760 3482 841 praedicamentum
3531 759 3914 841 quantitatis

2409 866 2472 918 et
2519 858 2866 939 qualitatis,
2916 858 3026 920 sed
3075 860 3266 920 etiam
3317 860 3670 921 secundum
3719 859 3916 920 ratio-

2410 975 2556 1018 nem
2595 957 2845 1036 generis
2885 958 3006 1031 sui,
3037 958 3206 1039 quod
3237 965 3334 1020 est
3363 961 3450 1018 ad
3479 959 3739 1036 aliquid
3766 957 3916 1018 sive

2410 1054 2632 1117 relatio
2665 1073 2678 1116 :
2714 1056 3016 1136 quoniam
3056 1055 3318 1118 relativa
3349 1056 3469 1118 ista
3503 1056 3568 1118 in
3599 1055 3725 1117 Deo
3753 1063 3916 1116 sunt

2413 1160 2480 1214 ut
2510 1152 2875 1215 distinctiva
2905 1171 3352 1235 personarum;
3386 1154 3771 1234 distinguere
3803 1173 3916 1215 ve-

2410 1269 2480 1314 ro
2521 1251 2802 1314 relativis
2848 1269 2974 1314 non
3019 1253 3316 1316 convenit
3365 1253 3490 1315 nisi
3533 1261 3600 1334 ut
3643 1253 3910 1333 quidam

2410 1358 2735 1432 respectus
2793 1357 2942 1412 sunt
2999 1350 3234 1432 quibus
3292 1369 3366 1413 ea
3422 1370 3565 1432 quae
3623 1357 3770 1411 sunt
3826 1351 3914 1412 ad

2409 1448 2652 1529 aliquid
2698 1457 3147 1530 comparantur
3188 1450 3265 1511 ad
3308 1449 3454 1521 alia,
3497 1449 3560 1511 id
3603 1456 3718 1522 est,
3758 1448 3916 1510 talis

2411 1555 2736 1629 respectus
2771 1555 2867 1609 est
2901 1548 3157 1629 proprie
3199 1549 3336 1629 ipsa
3375 1546 3614 1609 relatio.
3647 1547 3920 1609 Verum-

2411 1655 2622 1708 tamen
2673 1664 2798 1708 non
2846 1647 2958 1720 sic,
3006 1648 3175 1728 quod
3222 1666 3422 1728 genus
3471 1646 3792 1709 relationis
3841 1655 3918 1708 ut

2411 1763 2611 1826 genus
2664 1744 2747 1806 sit
2799 1745 2864 1806 in
2918 1745 3068 1818 De0,
3122 1745 3307 1826 cujus
3352 1744 3602 1826 generis
3659 1745 3920 1826 species

887 1842 955 1902 ln
994 1841 1205 1903 verbis
1244 1842 1343 1903 his
1382 1841 1624 1903 Alberti
1663 1841 1916 1902 videtur
1952 1840 2298 1905 obscurum
2339 1839 2384 1900 B
2415 1843 2540 1904 sint
2571 1843 2750 1905 Pater
2778 1851 2840 1903 et
2865 1843 3093 1921 Filius3
3120 1843 3230 1906 sed
3261 1844 3430 1924 quod
3461 1860 3693 1906 nomen
3723 1861 3924 1923 gene-

806 1940 975 2022 quod
1020 1940 1107 2002 ait
1142 1957 1155 2001 ε
1188 1939 1461 2002 Realiter
1504 1939 1823 2020 loquendo
1866 1938 2087 2001 relatio
2135 1939 2297 1999 nihil

804 2044 901 2098 est
932 2037 997 2097 in
1040 2053 1307 2117 persona
1347 2036 1411 2098 in
1443 2035 1696 2097 divinis.
1732 2035 2075 2097 Paternitas
2117 2035 2299 2116 quip-

806 2153 885 2216 pe
925 2135 1178 2196 realiter
1214 2141 1312 2195 est
1350 2135 1414 2196 in
1460 2135 1659 2208 Patre,
1704 2133 2057 2215 filiatioque
2100 2133 2164 2195 in
2209 2133 2302 2194 Fi-

805 2232 910 2294 lio.
928 2233 1003 2293 Et
1032 2233 1085 2294 si
1116 2233 1338 2294 relatio
1366 2250 1493 2294 non
1525 2241 1621 2294 est
1650 2233 1903 2294 realiter
1935 2233 1999 2293 in
2033 2251 2302 2313 persona

805 2331 1042 2405 divina,
1083 2349 1233 2412 ergo
1278 2330 1499 2393 relatio
1540 2349 1667 2392 non
1720 2330 2105 2411 multiplicat
2146 2330 2304 2392 divi-

806 2449 918 2491 nas
968 2447 1289 2511 personaS,
1333 2437 1403 2490 ut
1446 2429 1669 2491 scribit
1708 2429 1985 2502 Boetius,
2030 2446 2147 2490 nec
2189 2446 2304 2510 per

806 2528 1140 2590 relationes
1198 2528 1278 2590 ab
1330 2527 1606 2590 invicem
1655 2527 2151 2606 distinguuntur.
2208 2526 2300 2587 ld-

805 2627 975 2689 circo
1013 2627 1309 2690 Albertus
1338 2627 1438 2707 (ut
1476 2626 1659 2707 puto)
1687 2626 1824 2689 vult
1865 2625 2097 2699 dicere,
2131 2625 2301 2705 quod

806 2743 920 2806 pro
959 2733 1133 2787 tanto
1174 2725 1394 2787 relatio
1434 2723 1688 2786 realiter
1727 2722 1887 2784 nihil
1923 2731 2020 2784 est
2058 2723 2121 2783 in
2167 2741 2303 2803 per-

805 2841 979 2898 sona,
1013 2823 1163 2904 quia
1193 2841 1311 2885 nec
1345 2823 1597 2884 realiter
1627 2822 1870 2902 aliquid
1908 2821 2297 2902 superaddit,

804 2940 922 2982 nec
979 2920 1456 2983 accidentaliter
1515 2920 1697 2981 inest.
1751 2919 1909 2982 Nam
1967 2928 2029 2981 et
2085 2927 2302 3000 postea

2414 1940 2499 2001 ris
2540 1940 2732 2020 hujus
2772 1958 3111 2002 commune
3147 1941 3228 2002 sit
3261 1941 3537 2004 Creatori
3571 1949 3636 2002 et
3665 1949 3919 2003 creatu-

2413 2038 2500 2100 ris
2532 2039 2988 2100 communitate
3017 2039 3343 2118 analogiae,
3368 2039 3920 2120 quemadmodum

2413 2144 2474 2198 et
2507 2137 2585 2199 de
2626 2136 3117 2218 praedicamento
3157 2137 3526 2201 substantia}
3565 2138 3870 2200 diximus,

2492 2234 2826 2297 Distinctio
2873 2243 3087 2296 autern
3138 2236 3204 2297 in
3247 2235 3481 2297 divinis
3525 2253 3652 2297 non
3701 2243 3922 2316 potest

2412 2349 2550 2392 esse
2582 2349 2695 2412 per
2733 2332 3023 2394 absoluta
3058 2349 3071 2394 :
3106 2333 3410 2415 quoniam
3449 2333 3737 2394 absoluta
3774 2351 3922 2394 om-

2413 2429 2519 2491 nia
2557 2429 2778 2491 dicunt
2817 2430 3238 2492 substantiam
3283 2431 3348 2492 in
3387 2431 3644 2504 divinis,
3678 2439 3746 2492 ut
3783 2431 3922 2494 Au-

2412 2528 2704 2608 gustinus
2757 2529 3137 2610 Boetiusque
3184 2537 3532 2606 testantur3
3581 2548 3920 2611 quumque

2413 2645 2486 2688 ea
2526 2645 2668 2708 quae
2709 2627 2980 2688 aliorum
3027 2636 3176 2688 sunt
3219 2628 3584 2690 distinctiva
3624 2636 3920 2709 oporteat

2413 2742 2551 2786 esse
2601 2725 2921 2799 distincta,
2970 2733 3290 2806 oporteret
3339 2726 3404 2786 in
3453 2727 3582 2788 Deo
3629 2745 3766 2788 esse
3815 2727 3920 2788 di-

2413 2823 2820 2885 stinctionem
2888 2823 3278 2897 substantiae,
3337 2824 3392 2885 si
3453 2843 3566 2906 per
3620 2824 3922 2886 absoluta

2415 2929 2580 2982 esset
2629 2921 2954 2983 distinctio
3015 2939 3449 3002 personarum.
3502 2922 3644 2985 Haec
3693 2930 3918 2985 autem

805 3017 1070 3079 subdit:
1114 3017 1469 3078 Relationes
1513 3017 1697 3078 aliter
1741 3025 1888 3077 sunt
1932 3015 1997 3076 in
2042 3015 2298 3087 diviniS‚
2341 3013 2384 3077 C
2417 3019 2741 3082 distinctio
2783 3029 2879 3081 est
2930 3019 3362 3101 perfectionis,
3403 3029 3466 3082 et
3509 3039 3634 3083 non
3681 3020 3922 3083 dividit

806 3121 868 3177 et
906 3114 1089 3177 aliter
1139 3114 1204 3175 in
1255 3113 1684 3177 inferioribus
1730 3114 1799 3176 In
1843 3113 2075 3176 divinis
2127 3132 2302 3175 nam-

808 3232 931 3295 que
982 3213 1317 3275 relationes
1367 3222 1516 3275 sunt
1563 3211 1947 3275 exsistentiae
1997 3212 2192 3285 modi,
2237 3212 2300 3275 in

809 3311 1218 3374 inferioribus
1249 3329 1400 3374 vero
1440 3319 1781 3372 causantur
1810 3329 1886 3372 ex
1918 3310 2303 3373 exsistentiae

808 3410 1012 3472 modis
1057 3427 1070 3471 :
1114 3416 1178 3471 et
1226 3409 1345 3471 hoc
1396 3410 1556 3483 ideo,
1598 3409 1900 3491 quoniam
1952 3408 2015 3469 in
2066 3408 2302 3470 divinis

808 3508 1142 3571 relationes
1209 3515 1357 3569 sunt
1414 3507 1897 3587 distinguente5‚
1958 3514 2149 3587 atque
2207 3524 2301 3568 se-

808 3608 1088 3670 cundum
1150 3606 1542 3668 intellectum
1600 3614 1745 3668 ante
1793 3605 2072 3667 relativa.
2127 3605 2302 3667 Unde

807 3716 870 3769 et
910 3707 1141 3768 iterum
1192 3712 1408 3787 postea
1455 3704 1678 3767 scribit
1720 3722 1734 3766 :
1778 3706 1846 3766 In
1898 3722 2160 3765 numero
2203 3722 2304 3784 ge-

806 3824 1032 3867 nerum
1079 3803 1238 3865 nihil
1280 3804 1367 3865 ita
1406 3803 1710 3884 competit
1750 3804 1814 3864 in
1857 3801 2095 3865 divinis
2138 3802 2305 3863 sicut

2415 3117 2698 3181 divinam
2743 3118 3103 3180 essentiam.
3140 3118 3371 3200 Sicque
3412 3119 3546 3183 haec
3588 3119 3714 3181 duo
3756 3140 3924 3201 prae-

2417 3216 2794 3290 dicamenta,
2829 3217 3126 3279 videlicet
3169 3216 3524 3279 substantia
3560 3226 3624 3280 et
3664 3218 3917 3292 relatio,

2417 3322 2562 3376 sunt
2625 3313 2689 3376 in
2746 3314 2981 3377 divinis
3046 3314 3183 3376 sine
3243 3316 3718 3397 compositione.
3781 3317 3924 3379 Hoc

2415 3431 2690 3493 namque
2744 3412 3307 3492 praedicamentum
3351 3416 3440 3473 ad
3479 3414 3764 3493 aliquid,
3801 3414 3924 3476 ali-

2416 3529 2524 3571 um
2583 3509 2775 3571 habet
2825 3510 3083 3571 modurn
3131 3510 3413 3572 entitatis
3462 3530 3654 3592 quarn
3703 3520 3922 3575 cetera

2415 3627 2646 3688 genera
2690 3627 2703 3670 :
2748 3628 2890 3689 quae
2939 3626 3014 3669 ex
3061 3625 3136 3670 eo
3182 3609 3354 3689 quod
3403 3609 3624 3671 dicunt
3667 3610 3920 3691 aliquid

2414 3707 2800 3779 absolutum,
2834 3707 3140 3767 essentias
3180 3707 3416 3769 habent
3447 3715 3806 3770 constantes
3851 3710 3918 3771 in

2415 3804 2547 3866 suis
2593 3804 2928 3885 principiis
2971 3803 3211 3885 absque
3255 3804 3588 3886 principiis
3631 3806 3728 3867 sui
3767 3807 3924 3869 sub-

806 3903 1048 3976 relati0‚
1081 3909 1144 3963 et
1183 3902 1249 3964 in
1290 3902 1626 3984 speciebus
1668 3901 1993 3963 relationis
2034 3900 2195 3961 nihil
2237 3901 2302 3961 in
2411 3900 2603 3981 jecti3
2645 3904 2732 3961 ad
2769 3903 3032 3980 aliquid
3078 3920 3230 3964 vero
3271 3919 3398 3964 non
3445 3903 3602 3965 dicit
3650 3904 3772 3965 nisi
3825 3924 3926 3967 re-

806 4002 1041 4064 divinis
1084 4000 1175 4063 sic
1216 4000 1515 4063 convenit
1552 4000 1717 4061 sicut
1756 4000 1976 4061 relatio
2013 3998 2297 4079 originis.

808 4099 985 4173 Quod
1032 4098 1327 4161 Albertus
1384 4096 1667 4158 affirmat
1723 4097 1802 4158 ad
1852 4096 2300 4158 declarandum

2415 4008 2730 4080 spectum,
2777 3984 2862 4060 ita
2904 4000 3074 4080 quod
3126 4008 3454 4081 respectus
3503 4001 3778 4082 subjecti
3821 4012 3924 4065 est

2415 4097 2538 4160 sibi
2597 4098 2827 4159 entitas
2875 4106 2939 4159 et
2988 4098 3310 4179 quidditas
3370 4118 3505 4173 sua,
3556 4109 3746 4181 atque
3795 4101 3922 4165 hoc

807 4198 978 4280 quod
1024 4196 1158 4259 sola
1205 4196 1426 4257 relatio
1474 4194 1857 4276 multiplicat
1905 4195 2298 4267 Trinitatem,
2335 4195 2382 4254 D
2415 4197 2628 4277 ipsum
2677 4196 2847 4276 quod
2897 4204 3014 4270 est,
3055 4196 3316 4259 alterius
3363 4206 3478 4259 est.
3533 4199 3655 4262 Iste
3699 4208 3918 4263 autem

808 4303 997 4378 prout
1038 4294 1157 4357 hoc
1201 4294 1368 4356 infra
1413 4292 1610 4373 magis
1656 4292 2050 4355 tractabitur.

888 4394 996 4456 His
1036 4400 1383 4456 consonant
1424 4392 1661 4473 scripta
1701 4390 1973 4453 Udalrici
2019 4391 2084 4453 in
2125 4391 2304 4454 Sum-

812 4513 915 4556 ma
953 4511 1087 4565 sua,
1121 4492 1307 4553 tertio
1338 4490 1523 4563 libro,
1556 4490 1826 4552 dicentis
1860 4508 1875 4552 :
1908 4492 2019 4552 Ad
2045 4490 2307 4569 aliquid

810 4599 907 4655 est
956 4592 1021 4653 in
1080 4589 1315 4652 divinis
1360 4606 1529 4661 vere,
1582 4606 1709 4651 non
1768 4588 2234 4669 transumptive
2287 4606 2301 4649 :

812 4691 963 4773 quia
1003 4689 1330 4770 Scriptura
1373 4687 1554 4749 docet
1601 4687 1845 4748 Patrem
1891 4704 2030 4748 esse
2068 4687 2307 4748 veraci-

814 4800 911 4852 ter
948 4795 1379 4870 generantem,
1410 4795 1473 4848 et
1512 4785 1745 4847 Filium
1788 4785 2161 4847 naturaliter
2205 4805 2307 4867 ge-

816 4889 1045 4961 nitum,
1088 4904 1163 4947 ac
1214 4884 1523 4967 Spiritum
1572 4884 1873 4947 Sanctum
1912 4883 1992 4945 ab
2043 4891 2309 4966 utroque

814 5007 963 5051 vere
1012 5005 1151 5049 esse
1194 4985 1524 5067 spiratum.
1565 4985 1682 5047 Per
1721 5002 1863 5066 quae
1907 4985 2165 5046 nomina
2213 4985 2314 5046 de-

817 5086 1102 5166 signatur
1131 5102 1281 5145 vera
1318 5082 1479 5145 ratio
1517 5099 1738 5145 eorum
1776 5100 1919 5163 quae
1955 5083 2034 5144 ad
2072 5081 2313 5164 aliquid

821 5190 990 5255 sunt,
1032 5179 1269 5262 quibus
1320 5180 1440 5241 hoc
1489 5178 1699 5259 ipsum
1743 5184 1839 5239 est
1880 5196 2042 5252 esse,
2082 5178 2160 5240 ad
2208 5177 2318 5239 ali-

826 5278 982 5361 quid
1030 5297 1095 5341 se
1146 5278 1397 5341 habere.
1448 5276 1576 5339 Nec
1624 5275 1831 5339 solum
1890 5283 2039 5340 sunt
2086 5276 2206 5339 ista
2253 5275 2318 5338 in

2415 4301 2744 4375 respectus
2804 4293 2994 4355 habet
3055 4295 3181 4356 duo
3230 4295 3294 4356 in
3356 4313 3445 4370 se,
3498 4304 3718 4378 utpote
3774 4316 3920 4360 esse

2415 4412 2604 4455 suum
2655 4393 2824 4474 quod
2867 4400 2964 4454 est
3013 4394 3080 4454 in
3124 4394 3526 4457 concretione
3574 4397 3654 4457 ad
3701 4396 3922 4478 subje—

2417 4499 2613 4562 ctum,
2657 4499 2721 4551 et
2763 4492 3072 4553 rationem
3126 4499 3449 4573 respectus
3494 4494 3556 4555 in
3603 4503 3919 4576 quantum

2418 4589 2789 4669 hujusmodi
2827 4597 2940 4651 est.
2975 4590 3185 4652 Primo
3226 4590 3414 4654 modo
3442 4594 3531 4652 ad
3559 4596 3822 4673 aliquid
3853 4595 3918 4656 in

2420 4688 2724 4749 creaturis
2772 4695 2869 4749 est
2918 4687 3212 4750 accidens
3266 4708 3280 4752 ε
3327 4708 3656 4772 quumque
3703 4693 3926 4755 omnia

2420 4786 2680 4848 nomina
2717 4785 3144 4848 accidentium
3185 4787 3353 4849 dicta
3391 4788 3469 4849 de
3507 4788 3634 4851 Deo
3673 4790 3802 4852 sint.
3832 4792 3930 4854 di-

2421 4886 2570 4948 vina
2633 4884 3007 4959 substantia,
3068 4884 3261 4947 etiam
3325 4887 3585 4949 relativa
3646 4888 3768 4950 ista
3828 4891 3928 4952 sie

2423 4990 2698 5064 sumpta,
2733 4992 2882 5043 sunt
2925 4983 3092 5045 idem
3135 4984 3304 5064 quod
3351 4983 3568 5046 divina
3609 4988 3926 5067 essentia;

2423 5099 2542 5142 nec
2583 5081 2724 5161 ipso
2754 5082 2842 5139 ad
2870 5083 3132 5159 aliquid
3161 5089 3233 5142 ut
3273 5082 3364 5143 sic
3405 5091 3664 5165 sumpto
3702 5084 3934 5149 distin-

2425 5186 2708 5259 guuntur
2741 5195 3045 5258 personae,
3080 5180 3189 5242 sed
3227 5181 3508 5242 secundo
3539 5182 3749 5253 modo,
3784 5203 3934 5265 pro-

2431 5283 2502 5337 ut
2560 5282 2710 5338 sunt
2766 5284 3090 5357 respectus
3147 5278 3410 5358 quidam
3469 5279 3546 5341 ad
3603 5279 3728 5342 alia
3783 5282 3933 5347 sine
