4359 6250
869 487 991 556 586
1789 515 1962 562 mmm
2003 515 2026 562 1
2066 516 2550 564 suumn-uinum.
2593 535 2674 546 —
2712 517 2867 565 msr.
2912 518 3052 565 xuv

1695 941 2614 1052 DISTINCTIO
2742 943 3115 1052 XLIV

1309 1305 1389 1368 A.
1440 1309 1550 1370 An
1599 1311 1787 1368 Deus
1827 1307 2060 1380 posset
2103 1307 2358 1378 facer-e
2404 1309 2688 1383 aliquid
2734 1311 2999 1371 melius
3044 1323 3269 1383 quam
3310 1308 3517 1380 facit.

1144 1639 1320 1702 facit.
1355 1640 1581 1704 Solent
1617 1640 1795 1703 enim
1833 1637 1930 1702 illi
1970 1641 2365 1702 scrutatores
2402 1639 2639 1717 dicere,
2672 1639 2851 1718 quod
2881 1655 2956 1702 ea
2984 1657 3131 1720 quae
3161 1638 3319 1701 facit
3348 1639 3550 1718 DeuS,
3584 1655 3717 1701 non
3745 1640 3975 1719 potest

1142 1756 1416 1819 meliora
1460 1755 1670 1818 facere
1714 1775 1727 1815 ε
1771 1755 1926 1836 quia
1969 1754 2025 1817 si
2073 1755 2297 1834 posset
2342 1755 2551 1817 facere
2600 1755 2665 1817 et
2710 1771 2843 1817 non
2889 1753 3149 1834 faceret,
3190 1755 3457 1817 invidus
3492 1756 3687 1833 esset,
3726 1756 3792 1817 et
3826 1771 3975 1816 non

865 1887 1126 1934 summe
1180 1871 1416 1934 bonus,
1475 1872 1562 1934 Et
1615 1871 1741 1934 hoc
1797 1889 1880 1934 ex
1934 1870 2141 1934 simili
2206 1870 2540 1933 adstruere
2604 1872 2943 1934 conantur.
3003 1871 3117 1932 Ait
3182 1871 3358 1934 enim
3415 1870 3827 1951 Augustinus
3892 1872 3973 1933 in

620 2007 728 2060 Aug.
763 2006 838 2049 nb.
865 1985 1032 2049 libro
1071 1987 1425 2050 LXXXIII
1471 1987 1929 2062 Quaestionum
1971 2007 1985 2047 :
2029 1986 2209 2049 Deus
2256 2003 2450 2066 quem
2501 1987 2750 2066 genuit,
2784 1987 3097 2068 quoniam
3146 1986 3487 2049 meliorem
3534 2003 3605 2048 se
3653 2003 3973 2066 generare

570 2067 841 2186 (¹325ssss
865 2118 996 2164 non
1032 2103 1250 2182 potuit
1279 2102 1474 2184 (nihil
1503 2103 1678 2166 enim
1710 2103 1848 2166 Deo
1887 2101 2173 2183 melius),
2201 2119 2507 2182 generare
2545 2101 2771 2164 debuit
2800 2102 3145 2182 aequalem.
3180 2102 3249 2165 Si
3280 2103 3457 2165 enim
3496 2101 3705 2164 voluit
3735 2103 3799 2164 et
3825 2119 3971 2164 non

862 2217 1103 2297 potuit,
1155 2217 1458 2281 infirmus
1509 2219 1642 2298 est3
1698 2218 1756 2280 si
1802 2219 2019 2297 potuit
2075 2219 2139 2280 et
2188 2216 2424 2296 noluit,
2473 2216 2757 2280 invidus.
2810 2217 2907 2278 Ex
2965 2233 3097 2297 quo
3147 2217 3592 2296 confirmatur,
3634 2215 3971 2298 aequalem

860 2333 1166 2413 genuisse
1203 2333 1472 2396 Filium.
1516 2333 1575 2396 A
1611 2333 1815 2396 simili
1853 2333 2086 2396 volunt
2123 2334 2360 2412 dicere,
2403 2333 2580 2413 quod
2622 2332 2682 2394 si
2718 2334 2935 2413 potest
2971 2332 3151 2395 Deus
3187 2350 3326 2396 rem
3366 2332 3707 2396 meliorem
3746 2332 3969 2394 facere

858 2467 1058 2530 quam
1110 2450 1289 2529 facit,
1332 2450 1596 2513 invidus
1644 2451 1764 2513 est.
1807 2448 1936 2513 Sed
1981 2467 2113 2512 non
2161 2448 2336 2512 valet
2380 2449 2584 2529 hujus
2630 2448 3087 2512 similitudinis
3142 2448 3461 2527 inductio,
3504 2449 3661 2529 quia
3708 2447 3969 2510 Filium

854 2566 1083 2644 genuit
1137 2565 1218 2628 de
1270 2565 1636 2628 substantia
1686 2581 1806 2628 sua
1857 2585 1872 2625 ε
1925 2565 2203 2644 ideoque
2256 2565 2312 2626 si
2370 2565 2594 2644 posset
2646 2563 2911 2644 gignere
2966 2563 3287 2644 aequalem
3336 2565 3401 2627 et
3454 2581 3585 2626 non
3634 2563 3963 2644 gigneret,

853 2681 1120 2745 invidus
1170 2682 1363 2746 esset.
1406 2681 1556 2744 Alia
1605 2699 1784 2759 ver0,
1827 2699 1974 2761 quae
2025 2697 2158 2743 non
2204 2681 2286 2743 de
2326 2679 2693 2743 substantia
2742 2697 2859 2742 sua
2914 2680 3091 2760 facit,
3132 2679 3405 2744 meliora
3452 2680 3663 2744 facere
3709 2680 3961 2760 potest.

867 1517 1290 1818 NUNC
1336 1523 1500 1587 illud
1557 1525 1757 1586 restat
1803 1522 2315 1602 discutiendum,
2359 1524 2581 1585 utrum
2638 1521 2877 1586 melius
2931 1522 3182 1603 aliquid
3236 1522 3449 1604 possit
3502 1522 3713 1586 facere
3760 1539 3972 1602 quam

1763 2913 1838 2976 Β.
1900 2916 2207 2981 Quaestio
2256 2930 2401 2990 qua
2450 2917 2567 2975 illi
2614 2914 3037 2976 arctantur.

980 3116 1228 3181 Verum
1259 3115 1366 3179 hic
1397 3115 1479 3179 ab
1516 3116 1612 3181 eis
1641 3116 2019 3198 responderi
2057 3116 2365 3197 deposco,
2399 3134 2515 3179 cur
2550 3115 2771 3179 dicant
2799 3134 2935 3180 rem
2968 3115 3281 3197 aliquam,
3316 3117 3456 3182 sive
3494 3118 3692 3181 etiam
3730 3136 3961 3183 rerum

849 3233 1370 3311 universitatem,
1412 3232 1481 3294 in
1526 3250 1657 3312 qua
1701 3232 1914 3313 major
1961 3232 2443 3296 consummatio
2494 3250 2803 3313 expressa
2840 3234 2960 3311 est,
3001 3250 3135 3296 non
3180 3250 3375 3313 posse
3418 3252 3561 3298 esse
3608 3234 3961 3299 meliorem

850 3366 1048 3430 quam
1088 3349 1186 3411 est
1219 3369 1232 3409 ε
1268 3348 1407 3411 sive
1446 3348 1592 3415 ideo
1642 3348 1800 3429 quia
1849 3364 2108 3411 summe
2155 3347 2327 3411 bona
2365 3350 2486 3424 est,
2529 3349 2620 3411 ita
2668 3350 2742 3410 ut
2788 3348 2969 3411 nulla
3013 3340 3281 3411 omnino
3320 3349 3477 3412 boni
3523 3350 3836 3431 perfectio
3890 3353 3957 3413 ei

852 3466 1057 3547 desit3
1111 3466 1250 3527 sive
1289 3464 1435 3527 ideo
1485 3464 1642 3546 quia
1677 3464 1894 3545 maJus
1943 3464 2191 3527 bonum
2231 3465 2408 3545 quod
2447 3464 2507 3527 ei
2554 3465 2759 3543 deest,
2802 3482 3031 3545 capere
3069 3465 3212 3546 ipsa
3256 3482 3389 3528 non
3436 3466 3669 3529 valeat.
3716 3466 3844 3530 Sed
3892 3468 3957 3529 si

849 3584 942 3646 ita
996 3599 1257 3645 summe
1308 3580 1480 3643 bona
1535 3581 1796 3660 dicitur,
1848 3583 1922 3643 ut
1971 3580 2152 3642 nulla
2201 3582 2261 3643 ei
2314 3580 2628 3661 perfectio
2674 3580 2829 3644 boni
2887 3582 3079 3663 desit,
3123 3581 3263 3662 jam
3316 3583 3611 3645 creatura
3658 3582 3959 3645 Creatori

849 3700 1168 3780 aequatur.
1201 3698 1272 3763 Si
1317 3715 1468 3761 vero
1509 3698 1655 3761 ideo
1694 3714 1824 3760 non
1865 3699 2081 3778 potest
2122 3698 2357 3761 melior
2395 3715 2560 3777 esse,
2595 3698 2751 3778 quia
2790 3698 3039 3761 bonum
3077 3699 3387 3779 ampliuS,
3420 3699 3598 3780 quod
3636 3700 3697 3762 ei
3736 3699 3955 3779 deest,

851 3832 1078 3896 capere
1116 3814 1260 3895 ipsa
1305 3831 1437 3877 non
1477 3813 1672 3893 valet,
1708 3813 1845 3893 Jam
1890 3813 2014 3875 hoc
2063 3814 2283 3893 ipsum
2330 3830 2460 3875 non
2510 3831 2727 3895 posse,
2769 3814 3155 3877 defectionis
3192 3815 3312 3895 est,
3354 3833 3486 3878 non
3533 3830 3961 3879 consumma-

851 3932 1090 4012 tionis3
1123 3933 1186 3994 et
1221 3932 1438 4011 potest
1477 3948 1619 3993 esse
1669 3929 1923 4008 melior,
1957 3930 2013 3992 si
2047 3930 2162 3993 fiat
2200 3947 2405 4010 capax
2442 3930 2735 3993 melioris
2771 3929 2953 4009 boni,
2995 3930 3173 4012 quod
3210 3931 3353 4012 ipse
3398 3932 3613 4012 potest
3650 3932 3763 4013 qui
3798 3948 3955 3995 eam

854 4047 1027 4110 fecit.
1063 4047 1289 4109 Potest
1335 4062 1487 4125 ergo
1535 4046 1716 4108 Deus
1761 4044 2104 4107 meliorem
2152 4062 2291 4107 rem
2342 4046 2550 4108 facere
2597 4062 2795 4125 quam
2847 4045 3024 4107 facit.
3068 4046 3255 4110 Unde
3292 4046 3705 4128 Augustinus
3750 4065 3962 4127 super

599 4184 660 4227 ld.
681 4186 829 4230 ‹1000-
852 4162 1164 4226 Genesim
1198 4181 1212 4221 ε
1245 4160 1468 4224 Talem
1499 4160 1716 4241 potuit
1745 4160 1925 4223 Deus
1961 4160 2300 4223 hominem
2335 4160 2585 4239 fecisse,
2619 4160 2732 4240 qui
2763 4177 2881 4223 nec
2910 4178 3177 4242 peccare
3214 4164 3436 4243 posset
3472 4180 3591 4225 nec
3621 4162 3837 4226 vellet.
3864 4164 3964 4225 Et

558 4248 723 4363 {3³:⁵ss
727 4249 827 4355 ,1¹¹3
853 4279 910 4340 si
950 4277 1145 4340 talem
1184 4276 1466 4354 fecisset,
1500 4276 1650 4356 quis
1687 4275 1943 4338 dubitat
1981 4293 2133 4338 eum
2171 4276 2514 4339 meliorem
2554 4275 2803 4339 fuisse?
2832 4310 2919 4321 —
2957 4276 3059 4339 Ex
3096 4277 3429 4357 praedictis
3466 4280 3743 4357 constat,
3770 4278 3959 4358 quod

854 4394 1072 4475 potest
1112 4393 1292 4457 Deus
1329 4393 1395 4456 et
1431 4392 1558 4455 alia
1607 4392 1816 4455 facere
1857 4408 2055 4471 quam
2097 4391 2275 4469 facit,
2318 4393 2382 4453 et
2418 4408 2565 4472 quae
2610 4391 2788 4472 facit,
2824 4391 3097 4454 meliora
3134 4409 3211 4455 ea
3260 4392 3471 4457 facere
3518 4411 3715 4475 quam
3765 4393 3953 4455 facit.

1179 4624 1250 4687 C.
1300 4627 1560 4688 Utrum
1606 4627 1758 4687 alio
1808 4628 1922 4686 vel
1967 4628 2271 4687 meliori
2315 4628 2528 4686 modo
2572 4625 2807 4697 possit
2847 4624 3102 4696 facere
3146 4640 3374 4701 quam
3414 4626 3622 4698 facit.

827 4902 835 4909 ,
982 4829 1144 4892 Post
1188 4828 1330 4891 haec
1378 4826 1919 4889 considerandum
1965 4827 2086 4903 est,
2129 4826 2351 4887 utrum
2396 4824 2527 4887 alio
2575 4826 2771 4887 modo
2812 4826 2915 4890 vel
2962 4826 3218 4890 meliori
3263 4844 3462 4908 quam
3513 4828 3689 4909 facit,
3730 4834 3947 4913 possit

847 4964 925 5010 ea
963 4946 1172 5009 facere
1210 4960 1358 5024 quae
1398 4942 1573 5005 facit.
1608 4942 1676 5005 Si
1709 4940 1948 5004 modus
1978 4940 2377 5021 operationis
2409 4940 2491 5002 ad
2528 4942 2917 5021 sapientiam
2958 4942 3214 5022 opificis
3250 4943 3587 5024 referatur,
3620 4964 3740 5011 nec
3768 4948 3946 5013 alius

846 5080 967 5126 nec
1016 5061 1252 5124 melior
1297 5058 1535 5121 modus
1581 5076 1724 5121 esse
1774 5058 2013 5137 potest.
2051 5056 2203 5118 Non
2254 5056 2433 5119 enim
2481 5057 2698 5137 potest
2749 5056 2957 5120 facere
3006 5057 3258 5138 aliquid
3310 5059 3499 5123 aliter
3546 5061 3653 5123 vel
3700 5063 3945 5129 melius

845 5195 1045 5259 quam
1087 5176 1263 5255 facit,
1305 5175 1372 5237 id
1409 5175 1510 5237 est
1544 5172 1674 5235 alia
1709 5172 2032 5253 sapientia
2047 5172 2172 5234 ‘vel
2220 5172 2453 5252 majori
2494 5172 2815 5253 sapientia
2847 5193 2862 5234 ε
2896 5173 3063 5235 nihil
3101 5174 3277 5237 enim
3323 5176 3688 5256 sapientius
3724 5182 3947 5260 potest

845 5295 1056 5359 facere
1093 5308 1294 5375 quam
1332 5290 1509 5354 facit.
1538 5290 1609 5355 Si
1637 5306 1790 5353 vero
1821 5288 2139 5353 referatur
2176 5288 2414 5352 modus
2450 5287 2533 5351 ad
2568 5304 2709 5351 rem
2749 5288 2960 5370 ipsam
2988 5306 3185 5370 quam
3228 5289 3385 5353 facit
3420 5292 3623 5374 DeuS‚
3652 5294 3945 5363 dicimus
