4359 6250
1289 505 1490 551 unum
1533 503 1808 552 ANGELUS
1850 505 1942 552 sn·
1984 505 2048 552 {N
2089 505 2237 552 Loco
2279 503 2625 553 bammum

3388 485 3502 553 451

405 673 666 738 minata.
703 674 824 738 Sed
863 676 982 738 ista
1016 684 1112 739 est
1149 677 1335 739 valde
1369 677 1545 739 rudis
1586 676 1897 758 probatio,
1931 674 1982 737 A
2095 677 2267 738 Hanc
2317 677 2683 759 opinionem
2734 685 3033 760 tanquam
3078 678 3508 742 rationabilio-

399 775 554 855 quia
583 775 872 856 procedit
898 793 973 836 ex
1004 776 1496 857 aequivocatione
1529 775 1717 837 finiti.
1743 776 1903 837 Dum

400 873 578 934 enim
627 874 904 936 essentia
949 874 1153 956 angeli
1207 874 1411 937 fertur
1455 873 1661 949 finita,
1709 874 1904 936 sumi-

401 978 508 1032 tur
538 970 688 1033 finis
729 990 844 1053 pro
885 973 1156 1036 termino
1195 974 1486 1036 essentiae
1516 993 1590 1035 ac
1620 973 1897 1047 virtutiS,

399 1077 587 1150 prout
631 1069 928 1133 definitio
960 1071 1270 1134 terminus
1311 1080 1740 1155 nuncupatur,
1773 1090 1900 1134 non

399 1186 520 1250 pro
559 1166 694 1230 fine
738 1169 1207 1250 dimensionis3
1255 1171 1430 1234 locus
1472 1189 1624 1234 vero
1666 1171 1904 1234 dicitur

397 1265 640 1328 finiens
707 1267 808 1329 vel
877 1267 1104 1330 finitus
1173 1270 1525 1331 secundum
1594 1270 1900 1332 'terminos

395 1365 773 1446 quantitatis
821 1366 1194 1430 dimensivae
1240 1384 1254 1430 ε
1304 1376 1368 1429 61
1414 1367 1581 1430 fines
1633 1376 1757 1430 tam
1810 1369 1901 1430 di-

398 1463 762 1527 versimode
802 1466 1066 1548 sumpti,
1110 1466 1796 1530 commensurationem
1839 1475 1904 1528 et

400 1563 878 1644 proportionem
929 1582 1056 1626 non
1107 1563 1363 1626 habent.
1417 1565 1564 1628 Ideo
1615 1565 1784 1647 quod
1836 1565 1901 1626 in

397 1660 680 1722 essentia
721 1669 819 1723 est
862 1661 1147 1734 finit-um,
1195 1681 1321 1724 non
1365 1671 1610 1745 oportet
1655 1664 1731 1725 ad
1780 1670 1900 1724 ter-

399 1758 612 1820 minos
657 1758 777 1821 loci
822 1758 1022 1822 finiri.

2014 794 2146 837 rem
2175 777 2515 858 sequendO,
2540 777 2681 839 dico
2712 778 2881 859 quod
2911 777 3171 858 angelus
3202 776 3507 839 effectum

2013 873 2458 956 multipliciter
2500 875 2653 936 facit
2698 876 2761 938 in
2816 893 3097 959 corpore.
3145 875 3509 938 Substantia

2011 973 2184 1035 enim
2230 974 2581 1056 spiritualis
2631 974 2876 1037 confert
2921 975 3165 1057 aliquid
3213 975 3509 1057 superad-

2012 1071 2218 1133 ditum
2252 1071 2373 1154 ipsi
2406 1090 2544 1134 esse
2571 1090 2585 1134 :
2608 1080 2668 1134 et
2701 1071 2793 1134 sic
2824 1079 2918 1135 est
2952 1073 3013 1134 in
3048 1072 3186 1134 loco
3218 1073 3283 1133 in
3315 1091 3509 1154 quan-

2012 1176 2151 1231 tum
2206 1177 2504 1252 operatur
2558 1171 2729 1233 circa
2787 1189 3017 1252 corpus
3077 1170 3351 1233 locatum
3404 1171 3504 1232 vel

2015 1277 2282 1343 motum,
2320 1268 2421 1330 vel
2468 1268 2683 1332 lumen
2726 1268 3073 1351 corporale,
3116 1275 3223 1330 aut
3264 1268 3505 1350 aliquid

2015 1367 2158 1442 tale,
2194 1368 2297 1430 cui
2332 1375 2541 1430 tamen
2574 1386 2711 1430 esse
2750 1386 2876 1430 non
2909 1367 3171 1430 confert.
3206 1367 3507 1449 Aliquan-

2013 1467 2094 1528 do
2140 1484 2292 1528 vero
2340 1466 2697 1528 substantia
2739 1465 3089 1547 spiritualis
3132 1485 3248 1548 per
3289 1483 3506 1547 opera·

2015 1564 2251 1626 tionem
2293 1583 2471 1626 suam
2504 1565 2610 1627 dat
2650 1565 2899 1646 corpori
2940 1582 3099 1638 esse,
3134 1582 3261 1626 non
3293 1582 3503 1637 suum,

2013 1662 2123 1722 sed
2174 1662 2344 1724 aliud
2401 1679 2414 1723 z
2468 1663 2689 1744 sicque
2737 1663 2902 1725 Deus
2950 1671 3045 1724 est
3093 1663 3159 1723 in
3208 1661 3507 1724 omnibus

2015 1760 2340 1822 creaturis,
2374 1762 2697 1824 Interdum
2737 1770 2947 1824 autem
2982 1762 3087 1823 dat
3126 1759 3374 1842 corpori
3406 1780 3509 1822 su-

481 1857 809 1930 Praeterea‚
843 1859 1013 1939 quod
1051 1858 1293 1940 aliquid
1335 1859 1794 1921 determinetur
1823 1859 1901 1921 ad
1937 1864 1984 1926 Β
2017 1877 2124 1919 um
2165 1877 2304 1920 esse
2340 1877 2353 1922 :
2389 1859 2557 1941 quod
2598 1860 2908 1940 contingit
2948 1859 3311 1941 dupliciter,
3354 1877 3509 1940 quo-

396 1955 680 2036 aliquem
727 1955 961 2028 locum,
1004 1975 1130 2019 non
1173 1964 1268 2018 est
1313 1957 1436 2019 nisi
1482 1958 1545 2018 in
1591 1966 1901 2039 quantum

399 2073 520 2134 per
556 2053 838 2136 aliquem
881 2055 1140 2117 modum
1177 2055 1537 2137 applicatur
1569 2056 1646 2117 ad
1692 2056 1900 2119 locum

401 2151 612 2225 illum,
661 2170 788 2214 non
833 2153 911 2214 ad
960 2153 1158 2215 alium
1209 2153 1418 2216 locum
1461 2173 1474 2217 :
1514 2174 1656 2236 quae
1704 2156 1904 2236 appli-

401 2251 570 2313 catio
613 2250 996 2332 intelligitur
1037 2253 1390 2314 secundum
1433 2253 1649 2328 situm,
1693 2261 1906 2316 conta-

402 2356 604 2423 ctum,
628 2351 901 2412 formam
932 2351 1446 2432 operationemve
1475 2351 1777 2434 aliquam.
1805 2353 1906 2415 Se-

403 2449 689 2511 cundum
734 2448 1028 2523 formam,
1061 2449 1228 2511 sicut
1267 2449 1480 2511 anima
1523 2457 1618 2512 est
1663 2450 1727 2512 in
1772 2470 1906 2514 cor-

401 2565 558 2630 pore
603 2567 618 2611 :
659 2555 723 2610 et
771 2547 866 2609 sic
913 2548 1176 2628 angelus
1225 2565 1350 2609 non
1401 2555 1606 2630 potest
1650 2567 1788 2612 esse
1839 2549 1903 2612 in

403 2647 564 2720 1060,
602 2645 754 2727 quia
791 2645 1034 2708 nullius
1075 2646 1358 2728 corporis
1398 2647 1601 2709 forma
1641 2657 1757 2722 est,
1799 2667 1904 2711 ne·

402 2763 532 2828 que
571 2753 752 2807 actus
797 2742 1084 2808 formalis
1127 2745 1565 2808 substantialis
1611 2745 1905 2809 intrinse-

401 2863 538 2905 cus.
573 2843 940 2905 Secundum
970 2842 1186 2916 situm,
1211 2843 1373 2905 sicut
1407 2851 1681 2925 punctus
1713 2853 1806 2907 est
1843 2845 1906 2907 in

405 2941 574 3004 linea
602 2961 796 3023 quam
837 2941 1214 3003 determinat
1251 2960 1266 3005 :
1301 2943 1391 3004 sic
1431 2961 1684 3025 quoque
1719 2963 1906 3026 ange-

2016 1957 2187 2018 niam
2234 1957 2444 2039 ipsum
2488 1977 2625 2020 6556
2668 1967 2762 2020 651
2804 1966 2982 2021 actus
3026 1958 3268 2033 formae,
3309 1966 3367 2020 et
3413 1963 3509 2019 est

2013 2063 2193 2117 actus
2236 2056 2613 2138 hypostasis,
2652 2057 2811 2119 Hinc
2854 2056 3212 2118 substantia
3253 2056 3510 2139 spiritu-

2014 2153 2132 2215 alis
2176 2161 2383 2237 potest
2429 2155 2516 2216 rei
2563 2154 2872 2236 corporali
2924 2154 3213 2217 conferre
3256 2173 3395 2216 6556
3445 2153 3509 2215 in

2016 2260 2326 2333 quantum
2358 2271 2497 2314 esse
2526 2260 2617 2313 est
2652 2261 2829 2314 actus
2869 2252 3110 2326 formae,
3146 2259 3215 2314 ut
3254 2251 3344 2314 sic
3387 2251 3511 2314 for-

2017 2369 2120 2412 ma
2166 2351 2367 2432 ipsius
2410 2350 2752 2424 efficiat-ur,
2786 2352 3005 2432 sicque
3048 2351 3260 2413 anima
3304 2358 3395 2412 est
3446 2351 3510 2412 10

2017 2466 2320 2532 corpore3
2362 2457 2471 2511 aut
2509 2449 2860 2511 secundum
2901 2450 3071 2531 quod
3108 2467 3247 2512 esse
3281 2457 3374 2511 est
3414 2468 3512 2511 ac-

2016 2556 2118 2610 tus
2162 2547 2520 2630 hypostasis
2563 2555 2627 2608 et
2671 2565 2796 2609 non
2848 2546 3069 2610 formae
3104 2565 3117 2609 :
3152 2555 3213 2609 et
3258 2547 3350 2609 sic
3394 2546 3509 2609 hu-

2017 2665 2205 2708 mana
2248 2653 2472 2707 natura
2512 2646 2577 2707 in
2623 2646 2871 2709 Christo
2919 2653 3015 2707 est
3062 2651 3388 2727 assumpta
3432 2646 3509 2708 ad

2015 2763 2154 2807 esse
2214 2744 2445 2806 divinae
2495 2761 2799 2825 personae,
2852 2745 3151 2825 quoniam
3203 2744 3367 2806 facta
3416 2752 3512 2806 est

2018 2843 2171 2906 unio
2216 2844 2280 2906 in
2324 2843 2645 2925 hypostasi
2701 2861 2813 2905 560
2858 2861 3148 2924 persona,
3195 2861 3319 2906 non
3367 2860 3513 2905 con-

2019 2940 2189 3004 fusio
2234 2942 2299 3003 in
2343 2948 2584 3003 natura.
2620 2977 2699 2986 —
2740 2942 2881 3004 Haec
2924 2941 3194 3004 Thomas
3237 2941 3303 3005 in
3347 2942 3511 3004 Scri-

405 3041 510 3102 lus
547 3057 676 3102 non
719 3047 816 3102 est
859 3039 924 3101 in
970 3039 1131 3113 1060,
1175 3040 1328 3123 quia
1371 3040 1510 3121 ejus
1553 3043 1829 3105 essentia
1871 3063 1908 3106 a
1943 3043 1987 3106 C
2020 3047 2150 3121 pto,
2198 3039 2472 3123 qualiter
2512 3039 2775 3121 angelus
2819 3040 2902 3102 sit
2944 3039 3007 3102 in
3054 3040 3211 3102 1060.

403 3140 537 3201 5110
587 3146 684 3201 651
739 3139 1046 3202 absoluta.
1101 3140 1466 3202 Secundum
1519 3150 1904 3216 contactum,

405 3238 577 3299 sicut
623 3254 856 3319 corpus
899 3247 996 3301 est
1045 3238 1108 3299 in
1156 3237 1314 3301 loco.
1371 3239 1707 3302 Contactus
1758 3260 1908 3305 vero

405 3342 508 3397 est
536 3335 795 3417 duplex,
829 3335 1128 3398 videlicet
1158 3336 1414 3418 proprie
1445 3338 1654 3400 dictus
1684 3347 1744 3400 et
1778 3359 1906 3401 me-

408 3432 799 3514 taphoricus.
834 3433 1090 3515 Proprie
1135 3440 1409 3514 tangere,
1444 3442 1537 3497 est
1572 3435 1794 3498 ultima
1825 3436 1906 3498 si-

407 3532 548 3593 mul
588 3532 824 3595 habere
867 3548 881 3593 ε
924 3532 1096 3613 quod
1135 3532 1359 3613 angelo
1399 3535 1739 3597 convenire
1781 3553 1906 3598 000

407 3630 598 3692 valet.
647 3630 875 3691 Tactus
920 3647 1073 3691 vero
1117 3631 1610 3711 metaphoricus,
1656 3641 1747 3695 est
1796 3654 1910 3716 per

407 3727 873 3809 operationem,
907 3728 1071 3791 sicut
1103 3728 1482 3791 contristans
1513 3730 1749 3793 dicitur
1783 3740 1912 3793 tan-

405 3842 560 3905 gere
591 3824 1033 3888 contristatum
1060 3844 1074 3887 :
1100 3825 1210 3907 qui
1242 3832 1446 3888 tactus
1477 3829 1776 3891 convenit
1806 3849 1913 3892 an-

406 3922 574 4003 gelo.
631 3958 712 3968 —
763 3924 1166 4005 Relinquitur
1217 3942 1366 4006 ergo
1425 3926 1594 4007 quod
1649 3928 1910 4008 angelus

409 4020 675 4083 definiri
713 4039 824 4083 seu
865 4021 1274 4084 determinari
1319 4041 1446 4085 non
1481 4030 1685 4105 potest
1714 4026 1790 4086 ad
1824 4026 1912 4087 lo-

411 4139 587 4193 cum,
636 4120 758 4183 nisi
805 4139 919 4203 per
958 4120 1276 4182 actionem
1321 4140 1502 4183 suam
1547 4123 1646 4185 vel
1692 4141 1911 4206 opera-

2098 3140 2382 3221 Denique
2426 3137 2492 3200 in
2538 3138 2744 3221 prima
2785 3146 2959 3220 parte
3003 3140 3302 3214 Summae,
3345 3158 3513 3221 quae-

2018 3239 2223 3302 stione
2266 3237 2791 3319 quinquagesima
2830 3239 3126 3313 secunda,
3161 3258 3355 3321 super
3393 3239 3513 3302 hoc

2017 3336 2243 3400 scribit
2276 3356 2289 3399 :
2322 3336 2599 3417 Angelus
2638 3343 2698 3397 et
2740 3353 2970 3417 corpus
3000 3338 3325 3419 aequivoce
3366 3345 3515 3400 sunt

2020 3436 2086 3498 in
2131 3435 2269 3498 1060
2304 3454 2318 3497 :
2353 3434 2651 3517 quoniam
2702 3451 2929 3515 corpus
2972 3443 3067 3497 est
3110 3435 3174 3497 in
3220 3436 3358 3499 loco
3400 3454 3515 3518 per

2019 3528 2512 3615 applicationem
2542 3532 2620 3593 ad
2653 3532 2860 3594 locum
2893 3534 3244 3595 secundum
3276 3541 3514 3596 tactum

2021 3631 2393 3714 quantitatis
2451 3630 2844 3703 dimensivae,
2907 3650 3032 3711 qua
3087 3633 3349 3712 angelus
3410 3650 3515 3693 ca-

2021 3748 2190 3802 rem,
2238 3736 2333 3791 est
2382 3729 2447 3791 in
2493 3728 2631 3790 loco
2681 3746 2793 3810 per
2841 3728 3333 3811 applicationem
3383 3748 3513 3792 suae

2023 3828 2395 3910 quantitatis
2438 3826 2747 3888 virtualiS.
2794 3826 2940 3888 Ideo
2984 3844 3110 3889 non
3154 3835 3401 3909 oportet
3442 3835 3515 3889 ut

2025 3926 2162 3988 loco
2204 3931 2772 3998 commensuretur,
2807 3924 2904 3986 vel
2942 3924 3215 3987 situetur
3244 3925 3309 3986 in
3351 3925 3512 3999 1060,

2023 4024 2123 4085 vel
2177 4043 2215 4085 a
2268 4023 2407 4085 1060
2464 4021 2880 4084 contineatur.
2935 4022 3298 4085 Substantia
3347 4023 3519 4085 enim

2025 4121 2399 4203 incorporea
2464 4138 2599 4181 rem
2669 4137 3036 4202 corpoream
3104 4139 3218 4181 sua
3282 4118 3517 4181 virtute

413 4217 679 4281 tionem.
713 4218 866 4280 Dico
908 4225 1119 4279 autem
1163 4218 1595 4299 operationem
1631 4238 1915 4284 commu·
1945 4230 1994 4291 D
2025 4220 2421 4300 contingens,
2474 4218 2755 4280 continet
2805 4218 3002 4291 illam,
3056 4235 3182 4280 non
3238 4218 3518 4281 contine—

413 4317 606 4388 niter‚
657 4317 1013 4379 secundum
1060 4316 1230 4397 quod
1279 4318 1541 4398 angelus
1601 4336 1668 4381 se
1724 4320 1915 4381 habet

409 4414 493 4477 ad
535 4432 766 4496 corpus
807 4420 1176 4477 contentum
1219 4414 1283 4476 in
1321 4414 1458 4478 loco
1498 4435 1612 4498 per
1653 4418 1914 4480 modum

413 4512 816 4594 praesidentis
875 4513 977 4575 vel
1041 4512 1482 4589 ministrantiS,
1535 4523 1644 4577 aut
1701 4516 1916 4597 aliquo

415 4610 608 4673 modo
636 4610 880 4691 agentis
912 4628 1025 4672 560
1056 4611 1374 4693 patientiS.
1411 4612 1484 4673 Et
1517 4612 1636 4675 ista
1664 4622 1760 4675 est
1789 4614 1918 4695 opi-

413 4709 528 4771 nio
553 4708 761 4783 tertia,
795 4728 939 4790 quae
971 4709 1149 4790 ponit
1179 4710 1476 4791 angelum
1507 4730 1646 4773 6556
1680 4712 1742 4773 10
1778 4711 1916 4774 1060

419 4806 486 4869 10
535 4816 846 4889 quantum
898 4827 1013 4889 per
1061 4809 1494 4889 operationem
1541 4808 1678 4872 loco
1725 4809 1917 4872 alicui

417 4906 794 4989 applicatur.
830 4906 908 4968 Et
935 4906 1058 4969 hoc
1089 4906 1508 4969 confirmatur
1546 4908 1920 4970 auctoritate

419 5004 701 5085 Gregorii
747 5004 1038 5087 Nysseni,
1084 5005 1194 5086 qui
1239 5024 1536 5087 expresse
1581 5006 1698 5068 hoc
1741 5007 1914 5068 dicit.

421 5102 596 5165 Unde
637 5113 702 5166 et
743 5103 917 5165 addit
953 5123 967 5167 :
1012 5103 1218 5176 Quum
1263 5104 1474 5166 dicere
1517 5104 1917 5180 deberemus,

420 5202 696 5283 Angelus
729 5202 834 5264 hic
863 5209 1194 5284 operatur3
1227 5201 1491 5265 abusive
1523 5202 1778 5277 dicitur,
1801 5203 1924 5265 An·-

419 5300 598 5384 gelus
640 5301 746 5363 hic
788 5308 906 5364 est.

2025 4326 2128 4380 tur
2169 4317 2249 4381 ab
2293 4336 2367 4379 ea
2401 4334 2414 4379 :
2460 4336 2608 4379 nam
2650 4325 2711 4378 et
2754 4316 2969 4379 anima
3008 4324 3103 4379 est
3147 4317 3213 4379 in
3257 4334 3519 4399 corpore

3602 3356 3684 3397 ut.

2027 4425 2096 4479 ut
2153 4415 2507 4491 6001106115,
2564 4433 2691 4478 000
2757 4423 2826 4477 01
2880 4423 3193 4479 contenta.
3253 4416 3397 4479 Haec
3454 4416 3519 4477 in
3618 4486 3623 4491 ,

2027 4516 2305 4579 Summa.
2360 4556 2363 4559 -
2486 4576 2498 4588 ‚

2104 4614 2407 4676 Praeterea
2438 4613 2515 4675 de
2546 4614 2687 4687 1106,
2722 4612 2815 4675 Αο
2847 4613 3109 4693 angelus
3142 4612 3338 4694 possit
3382 4630 3519 4674 esse

2027 4711 2220 4774 simul
2252 4711 2317 4773 in
2349 4710 2644 4794 pluribus
2677 4710 2855 4784 10615,
2891 4711 2997 4773 1116
3033 4710 3255 4772 scribit
3290 4729 3304 4773 :
3341 4710 3521 4773 Circa

2028 4809 2146 4871 hoc
2179 4816 2327 4870 sunt
2356 4809 2621 4871 diversae
2650 4808 3002 4890 opiniones
3038 4808 3304 4881 Quidam
3344 4808 3519 4870 enim

2027 4906 2324 4968 dixerunt
2352 4906 2649 4987 angelum
2680 4906 2871 4967 simul
2903 4924 3040 4967 esse
3072 4923 3257 4987 posse
3291 4906 3354 4967 in
3386 4906 3523 4987 plu-

2029 5005 2207 5066 ribus
2248 5004 2423 5078 10615,
2458 5021 2584 5065 000
2621 5011 2835 5065 tamen
2877 5003 3133 5085 ubique.
3171 5004 3290 5066 Sed
3329 5003 3448 5065 1106
3487 5022 3524 5064 a

2029 5103 2394 5166 doctoribus
2438 5102 2832 5184 reprobatur,
2878 5102 3181 5183 quoniam
3226 5119 3524 5182 sequere-

2029 5210 2152 5276 tur,
2197 5202 2364 5283 quod
2407 5199 2667 5279 angelus
2712 5219 2828 5262 nec
2872 5199 3203 5261 definitive
3247 5218 3365 5263 066
3408 5200 3527 5262 611·-

2033 5298 2485 5381 cumscriptive
2526 5305 2691 5361 esset
2724 5299 2788 5359 10
2823 5298 2977 5361 1060.
3012 5334 3091 5343 -
3119 5298 3243 5361 Α111
3275 5298 3521 5377 dicunt,

3713 3355 3752 3397 ¹.
