4359 6250
567 2770 835 2826 AugAEnchi-

570 2833 651 2877 rid.
663 2846 703 2878 c.
723 2836 793 2878 1⁰¹
803 2864 815 2878 .

850 474 972 539 648
1739 494 1915 540 mmm
1956 495 1977 539 1
2020 494 2502 541 anrnNriAnuu.
2548 514 2629 523 —
2667 495 2822 540 msr.
2867 496 3053 542 xnvm

851 664 1174 745 rali‚quod
1204 673 1418 727 tamen
1446 683 1573 727 non
1605 664 1796 727 habet
1823 664 2133 726 rationem
2165 663 2343 726 voliti
2373 664 2424 725 A
2453 664 2623 745 quod
2662 663 2818 727 dicit
2855 663 2921 725 in
2961 664 3295 747 praeceptis
3336 663 3574 727 divinis
3611 664 3944 728 fictionem

852 763 1204 825 secundum
1234 764 1489 845 plenam
1519 762 2091 825 considerationem
2122 761 2340 845 ipsiuS,
2456 762 2654 824 fuisse
2701 770 2810 823 aut
2858 780 3018 835 esse,
3063 762 3186 825 nisi
3237 763 3403 825 Deus
3450 762 3645 824 vellet
3689 761 3831 825 sieri
3882 762 3950 824 id

851 860 1152 923 videlicet
1194 861 1400 943 quoad
1446 880 1666 924 omnes
1710 861 2128 935 conditioneS,
2159 860 2347 923 actio·
2456 861 2626 942 quod
2652 859 2858 941 jubet,
2876 866 2986 921 aut
3014 860 3160 922 fieri
3190 860 3388 924 nollet
3417 861 3586 943 quod
3619 860 3947 943 prohibet:

851 978 966 1021 nes
1022 967 1086 1021 et
1142 946 1651 1021 circumstantias
1707 960 1868 1039 ejus.
1927 959 2002 1020 Et
2058 959 2194 1021 haec
2249 977 2345 1021 se·
2459 958 2643 1039 cujus
2705 958 3070 1041 oppositum
3131 959 3518 1021 declaratum
3577 966 3674 1023 est
3733 979 3950 1042 supra.

854 1058 1061 1121 cunda
1099 1057 1331 1141 positio
1368 1058 1578 1121 verior
1615 1076 1753 1121 esse
1782 1057 2054 1130 videtur,
2087 1058 2347 1140 dempto
2457 1057 2602 1119 Haec
2643 1056 2994 1119 DuranduS.

1638 1484 2548 1596 DISTINCTIO
2660 1484 3165 1596 XLVIII

855 1831 936 1896 A.
970 1835 1167 1901 Quod
1202 1836 1603 1908 aliquando
1628 1835 1842 1894 homo
1882 1834 2071 1894 bona
2106 1831 2484 1894 voluntate
2521 1835 2730 1895 aliud
2757 1833 2912 1894 vult
2940 1848 3167 1907 quam
3204 1833 3416 1909 Deus,
3450 1835 3520 1913 et
3549 1836 3950 1909 aliquando

1566 1951 1773 2011 mala
1822 1950 1897 2009 id
1939 1952 2130 2023 quod
2175 1948 2366 2011 Deus
2403 1950 2593 2012 bona
2641 1948 3017 2012 voluntate
3063 1950 3240 2011 vult.

1122 2283 1403 2347 volentis
1434 2284 1613 2365 quod
1646 2284 1829 2347 Deus
1866 2284 2010 2347 vult
2048 2284 2215 2363 fieri,
2257 2286 2321 2349 et
2368 2284 2718 2365 aliquando
2761 2284 2934 2347 bona
2962 2286 3063 2348 est
3097 2285 3403 2349 voluntas
3440 2286 3731 2350 hominis
3777 2286 3958 2350 aliud

1119 2399 1401 2463 volentis
1450 2417 1649 2482 quam
1686 2401 1888 2464 Deus.
1923 2401 2013 2461 Ut
2058 2401 2234 2463 enim
2272 2400 2443 2464 bona
2487 2401 2576 2464 sit
2623 2400 2916 2464 hominis
2952 2400 3280 2481 voluntas»,
3321 2403 3578 2483 oportet
3627 2404 3958 2466 attendere

860 2519 1020 2602 quid
1059 2520 1373 2599 congruat
1415 2518 1477 2581 ei
1515 2517 1706 2598 velle,
1740 2520 1805 2579 et
1846 2534 1977 2598 quo
2017 2518 2167 2581 fine.
2203 2518 2484 2581 Tantum
2535 2518 2711 2582 enim
2759 2518 3031 2582 interest
3076 2518 3245 2581 inter
3291 2518 3698 2582 voluntatem
3733 2520 3859 2583 Dei
3896 2521 3960 2583 et

862 2635 1264 2699 voluntatem
1298 2634 1612 2713 hominis,
1645 2634 1813 2695 utin
1852 2634 2244 2713 quibusdam
2285 2635 2465 2698 aliud
2501 2636 2818 2715 congruat
2852 2636 2992 2698 Deo
3022 2634 3213 2716 velle,
3239 2635 3420 2698 aliud
3458 2635 3736 2697 homini.
3771 2636 3957 2699 Unde

862 2753 1277 2833 Augustinus
1332 2751 1401 2813 in
1449 2750 1828 2813 Enchiridio
1864 2770 1879 2811 ε
1914 2750 2314 2831 Aliquando,
2366 2752 2604 2831 inquit,
2653 2751 2826 2814 bona
2877 2752 3212 2817 voluntate
3267 2753 3466 2815 homo
3516 2751 3662 2816 vult
3707 2752 3957 2833 aliquid

863 2868 1041 2949 quod
1086 2869 1267 2932 Deus
1313 2883 1448 2929 non
1486 2866 1629 2927 vult
1677 2865 1850 2929 bona
1899 2866 2110 2930 multo
2157 2866 2445 2948 amplius
2495 2866 2838 2948 multoque
2886 2868 3126 2931 certius
3171 2868 3506 2931 voluntate
3545 2865 3726 2952 (nam
3777 2868 3959 2931 illius

864 2983 1037 3047 mala
1074 2983 1381 3045 voluntas
1420 2999 1561 3045 esse
1602 2998 1941 3062 nunquam
1979 2980 2222 3063 potest)
2264 3001 2278 3043 :
2323 2984 2633 3062 tanquam
2673 2983 2731 3045 si
2775 2981 2986 3045 bonus
3016 2983 3194 3047 filius
3224 2984 3478 3064 patrem
3515 2982 3676 3045 velit
3711 2983 3954 3063 vivere,

864 3116 1063 3181 quem
1117 3099 1298 3163 Deus
1344 3098 1517 3162 bona
1563 3096 1898 3161 voluntate
1947 3097 2092 3161 vult
2146 3098 2336 3162 mori.
2379 3099 2464 3162 Et
2508 3116 2738 3163 rursus
2785 3098 2927 3163 fieri
2984 3101 3202 3181 potest
3253 3101 3326 3163 ut
3374 3100 3500 3162 hoc
3554 3099 3714 3163 velit
3757 3099 3958 3164 homo

864 3216 1199 3279 voluntate
1228 3214 1425 3294 mala,
1466 3213 1644 3294 quod
1680 3215 1861 3278 Deus
1890 3215 2033 3278 vult
2061 3215 2235 3278 bona
2275 3236 2290 3277 :
2328 3217 2510 3279 velut
2536 3215 2594 3278 si
2623 3216 2840 3279 malus
2875 3216 3054 3280 filius
3090 3216 3250 3281 velit
3279 3217 3446 3279 mori
3484 3219 3761 3298 patrem,
3803 3217 3964 3281 velit

864 3332 1065 3396 etiam
1093 3333 1221 3395 hoc
1248 3331 1451 3395 Deus.
1484 3331 1737 3411 Nempe
1766 3330 1877 3393 ille
1906 3330 2050 3394 vult
2077 3332 2256 3412 quod
2293 3350 2426 3395 non
2454 3331 2599 3395 vult
2633 3333 2838 3412 DeuS,
2871 3332 2994 3395 iste
3032 3349 3187 3395 vero
3218 3332 3287 3394 id
3323 3331 3468 3395 vult
3503 3333 3680 3414 quod
3717 3333 3864 3396 vult
3901 3334 3965 3396 et

860 3450 1041 3512 Deus
1084 3468 1099 3510 t
1141 3449 1207 3510 et
1248 3449 1469 3510 tamen
1515 3446 1705 3510 bonae
1760 3447 1883 3510 Dei
1921 3448 2246 3511 voluntati
2289 3449 2500 3530 pietas
2548 3429 2731 3511 illius⁴
2777 3449 3000 3529 potius
3050 3449 3386 3526 consonat,
3433 3449 3739 3528 quamvis
3783 3449 3965 3512 aliud

865 3565 1170 3644 volentis,
1221 3581 1418 3646 quam
1470 3563 1671 3644 hujus
1731 3562 1902 3626 idem
1967 3563 2252 3628 volentis
2306 3565 2632 3645 impietas.
2683 3547 2970 3627 Multum
3016 3565 3194 3627 enim
3255 3564 3527 3626 interest
3580 3564 3741 3644 quid
3797 3565 3964 3628 velle

863 3681 1145 3760 homini,
1191 3680 1353 3762 quid
1399 3680 1565 3744 velle
1611 3682 1752 3744 Deo
1804 3682 2142 3761 congruat,
2186 3683 2250 3744 et
2301 3681 2383 3743 ad
2427 3697 2624 3760 quem
2663 3682 2862 3745 finem
2900 3697 3092 3743 suam
3130 3681 3411 3761 quisque
3457 3681 3696 3745 referat
3733 3681 3964 3743 volun-

863 3798 1091 3877 tatem,
1132 3798 1207 3859 ut
1248 3795 1645 3878 approbetur
1681 3796 1786 3860 vel
1824 3797 2252 3878 improbetur.
2290 3797 2518 3860 Potest
2559 3799 2736 3860 enim
2775 3797 2942 3860 velle
2987 3799 3234 3861 bonum
3273 3798 3451 3879 quod
3491 3815 3624 3861 non
3661 3798 3963 3879 congruit

864 3914 925 3978 ei
962 3913 1155 3994 velle,
1198 3915 1262 3976 et
1307 3915 1525 3994 potest
1561 3912 1729 3976 velle
1775 3913 2023 3975 bonum
2071 3915 2249 3994 quod
2291 3914 2614 3995 congruit,
2656 3915 2771 3977 sed
2811 3932 2944 3977 non
2982 3913 3182 3978 refert
3221 3915 3302 3977 ad
3344 3915 3544 3978 finem
3587 3916 3866 3994 rectum,
3897 3915 3962 3977 et

865 4029 1015 4094 ideo
1063 4046 1197 4092 non
1243 4031 1343 4093 est
1386 4029 1557 4093 bona
1605 4029 1930 4092 voluntas.

880 2139 1479 2471 SCIENDUM
1535 2184 1797 2250 quoque
1854 2169 1974 2246 est,
2031 2168 2210 2248 quod
2263 2168 2615 2248 aliquando
2681 2169 2856 2231 mala
2911 2170 3010 2231 est
3065 2169 3370 2233 voluntas
3429 2170 3720 2234 hominis
3780 2171 3956 2235 idem

864 4263 941 4326 B.
989 4265 1187 4330 Quod
1220 4265 1409 4326 bona
1449 4265 1581 4324 Dei
1616 4263 1959 4326 voluntas
1994 4267 2204 4326 mala
2243 4267 2623 4327 hominum
2661 4264 3036 4326 voluntate
3084 4263 3438 4338 impletur
3474 4283 3501 4323 .·
3537 4265 3620 4326 ut
3665 4267 3746 4328 in
3782 4282 3960 4341 pas-

996 4381 1203 4441 sione
1238 4379 1509 4441 Christi
1544 4379 1877 4455 conttqit,
1908 4383 2037 4442 ubi
2077 4384 2428 4457 quiddam
2468 4381 2751 4453 factum
2787 4382 2897 4443 est
2941 4387 3131 4456 quod
3168 4384 3357 4444 Deus
3394 4383 3584 4445 bona
3623 4383 3695 4444 et
3725 4386 3963 4448 Judoei

997 4498 1206 4557 mala
1262 4496 1637 4558 voluntate
1686 4499 2126 4575 voluerunt,·
2172 4498 2565 4560 voluerunt
2609 4498 2862 4561 tamen
2911 4499 2981 4559 et
3022 4500 3308 4572 aliquia
3359 4505 3548 4574 quod
3589 4501 3776 4562 Deus
3815 4515 3963 4564 non

998 4613 1251 4675 voluit.

996 4822 1173 4886 Illud
1208 4839 1471 4905 quoque
1515 4840 1647 4886 non
1690 4825 1790 4887 est
1833 4823 2494 4905 praetermittendum,
2536 4824 2712 4906 quod
2749 4826 3099 4906 aliquando
3135 4824 3259 4888 Dei
3299 4824 3605 4888 voluntas
3641 4825 3816 4890 bona
3851 4845 3964 4909 per

864 4940 1108 5005 malam
1144 4940 1439 5004 hominis
1482 4939 1891 5003 voluntatem
1929 4940 2244 5022 impletur
2276 4961 2290 5002 :
2323 4941 2399 5003 ut
2434 4941 2502 5002 in
2552 4941 2972 5004 crucifixione
3009 4940 3253 5004 Christi
3302 4941 3550 5004 factum
3597 4943 3719 5022 est,
3765 4961 3962 5024 quem

865 5058 1047 5122 Deus
1084 5057 1257 5122 bona
1294 5057 1630 5122 voluntate
1667 5058 1837 5121 mori
1874 5058 2109 5137 voluit,
2153 5055 2369 5120 Judaei
2413 5073 2566 5119 vero
2615 5055 2824 5137 impia
2871 5055 3205 5118 voluntate
3260 5073 3413 5118 eum
3473 5056 3958 5120 crucifixerunt.

866 5169 951 5234 Et
1000 5170 1306 5236 volebant
1348 5173 1565 5236 Judaei
1620 5173 1795 5236 mala
1848 5171 2184 5235 voluntate
2238 5171 2552 5251 quiddam
2606 5171 2785 5250 quod
2839 5170 3020 5233 Deus
3065 5169 3237 5233 hona
3288 5170 3625 5235 voluntate
3675 5155 3959 5253 vblehat,

868 5287 1118 5351 scilicet
1152 5289 1227 5351 ut
1272 5289 1573 5352 Christus
1606 5290 1937 5369 pateretur
1974 5288 2037 5352 et
2084 5289 2486 5369 moreretur;
2525 5286 2640 5350 sed
2679 5285 2985 5350 volebant
3021 5280 3220 5350 etiam
3269 5286 3522 5368 aliquid
3559 5287 3741 5350 aliud
3786 5289 3964 5369 quod
