4359 6250
576 501 874 559 QUALITER
914 504 989 551 ET
1032 503 1095 551 IN
1136 505 1349 561 omncs
1393 504 1595 551 Possrr
1635 504 1945 551 VOLUNTAS
1986 504 2248 551 HUMANA
2290 503 2516 550 mvtNAE
2558 503 2894 551 VOLUNTATI
2935 504 3322 551 CONFORMAm
3379 484 3500 549 655

404 673 562 755 quid
618 682 831 737 autem
892 676 1199 738 indirecte
1251 683 1561 749 tenemur,
1614 676 1781 736 sicut
1824 675 1900 736 ad
1931 676 1982 737 A
2012 656 2241 737 nost'rae
2285 674 2350 735 in
2394 674 2657 749 bonum,
2691 693 2816 738 non
2860 676 2938 737 de
2983 675 3303 738 voluntate
3353 691 3500 736 con-

406 770 764 834 habendam
819 774 1085 855 gratiam
1140 794 1153 838 :
1208 776 1375 855 quod
1434 773 1787 835 secundum
1836 790 1901 833 se

404 870 471 930 in
522 880 737 933 nostra
793 880 1098 953 potestate
1148 890 1277 935 non
1326 879 1465 950 est3
1518 872 1627 934 sed
1678 872 1741 933 in
1793 888 1902 933 no-

404 976 533 1029 stra
581 977 891 1049 potestate
945 979 1042 1033 est
1091 970 1299 1032 facere
1348 969 1590 1051 aliquid
1634 981 1759 1050 quo
1817 968 1903 1029 fa-

404 1072 506 1127 cto
544 1066 980 1130 obtinebimus
1010 1068 1273 1149 gratiam
1311 1086 1323 1131 :
1360 1068 1579 1149 sicque
1610 1075 1903 1128 tenemur

402 1164 597 1225 ctiam
644 1166 721 1226 ad
778 1165 951 1227 illam
996 1165 1339 1227 voluntatis
1390 1164 1899 1227 conformitatem

402 1280 545 1342 quae
590 1271 687 1323 est
733 1266 1083 1325 secundum
1129 1264 1394 1327 formam
1446 1283 1557 1325 seu
1610 1263 1897 1324 habitum

402 1360 702 1423 caritatis.

479 1458 713 1521 Verum
764 1459 864 1522 his
907 1459 1103 1541 objici
1156 1468 1361 1543 potest
1405 1460 1636 1542 primo,
1675 1458 1899 1541 quoni-

400 1576 503 1618 am
536 1575 663 1619 non
695 1566 987 1621 tenemur
1018 1559 1412 1621 intellectum
1445 1566 1729 1621 nostrum
1760 1576 1902 1619 con-

400 1655 676 1717 formare
742 1656 1091 1719 intellectui
1151 1657 1369 1720 divino
1426 1656 1617 1737 (alias
1682 1656 1897 1718 nullus

398 1752 641 1815 habens
686 1754 911 1815 falsam
951 1755 1319 1836 opinionem
1361 1763 1570 1837 posset
1616 1754 1893 1835 salvari),

2011 780 2334 853 sequente.

2088 871 2411 934 Postremo
2467 872 2544 934 ad
2602 872 2688 945 id,
2741 880 2956 934 utrum
3017 880 3346 934 teneamur
3401 889 3508 933 vo-

2014 968 2320 1031 luntatem
2383 977 2662 1032 nostram
2713 969 3109 1032 conformare
3159 970 3392 1032 divinae
3441 969 3506 1030 in

2009 1067 2227 1139 volito,
2281 1069 2618 1149 respondet
2673 1088 2686 1131 :
2739 1069 2904 1130 Deus
2954 1069 3093 1130 vult
3141 1068 3352 1149 aliqua
3401 1086 3507 1129 vo-

2012 1163 2251 1228 luntate
2291 1166 2741 1241 antecedente3
2776 1186 2891 1228 nec
2932 1166 3201 1228 dubium
3242 1166 3399 1247 quin
3440 1166 3503 1227 in

2012 1262 2117 1323 tali
2168 1263 2365 1325 volito
2410 1270 2740 1325 teneamur
2783 1264 3175 1327 voluntatem
3225 1272 3502 1326 nostram

2008 1360 2240 1424 divinae
2272 1362 2580 1424 voluntati
2623 1362 3041 1435 conformare,
3077 1363 3226 1445 quia
3265 1363 3341 1425 ad
3385 1363 3502 1425 hoc

2008 1460 2276 1522 volitum
2322 1461 2610 1523 or'dinata
2653 1470 2750 1523 est
2794 1462 3100 1524 divinitus
3143 1470 3356 1524 nostra
3399 1480 3504 1525 vo-

2009 1558 2237 1619 luntas,
2272 1594 2352 1603 —
2389 1558 2646 1641 Aliquid
2697 1578 2950 1642 quoque
2997 1560 3133 1621 vult
3182 1561 3348 1622 Deus
3394 1578 3500 1623 vo-

2008 1655 2248 1717 luntate
2291 1666 2754 1738 consequente;
2797 1666 2859 1719 et
2901 1658 3020 1720 tale
3061 1659 3331 1721 volitum
3372 1678 3499 1721 non

2006 1772 2260 1836 semper
2298 1763 2520 1818 notum
2554 1764 2650 1817 est
2682 1756 2887 1830 nobis,
2921 1758 3045 1819 nisi
3089 1758 3154 1820 in
3189 1766 3499 1838 quantum

401 1870 549 1932 ergo
593 1871 711 1914 nec
751 1853 1138 1916 voluntate-m
1180 1854 1489 1916 voluntati
1532 1853 1783 1915 divinae.
1816 1890 1897 1897 —
1929 1848 1976 1910 B
2006 1852 2086 1913 ab
2118 1852 2257 1933 ipso
2291 1853 2749 1916 manifestatur.
2788 1855 3061 1937 Taleque
3093 1855 3358 1918 volitum
3399 1857 3503 1918 ad-

400 1949 713 2025 Secundo,
748 1950 1050 2013 obstinati
1086 1970 1211 2014 non
1254 1959 1519 2033 possunt
1550 1970 1617 2013 se
1648 1952 1895 2014 confor-

402 2065 575 2108 mare
607 2048 915 2109 voluntati
947 2048 1201 2121 divinae,
1227 2069 1426 2131 quum
1459 2050 1586 2111 sint
1619 2049 1893 2111 indurati

402 2144 465 2205 in
529 2145 713 2206 malis
766 2164 779 2209 :
834 2164 959 2208 non
1020 2165 1169 2227 ergo
1228 2155 1525 2209 tenentur
1581 2148 1658 2209 ad
1718 2147 1891 2209 illam

398 2242 988 2318 comminationem,
1023 2263 1221 2326 quum
1255 2253 1464 2306 tamen
1502 2246 1761 2327 quidam
1793 2264 1894 2308 eo-

399 2360 542 2403 rum
574 2341 701 2403 sint
732 2342 1021 2405 viatoreS.
1041 2378 1117 2389 —-
1140 2344 1695 2425 Terti0,quidquid
1729 2345 1893 2407 Deus

396 2440 532 2501 vult
592 2439 759 2511 fieri,
816 2440 891 2502 fit
942 2458 955 2502 :
1009 2459 1159 2521 ergo
1219 2442 1531 2523 quidquid
1584 2443 1721 2504 vult
1778 2461 1893 2505 nos

396 2539 583 2611 velle,
617 2538 738 2601 hoc
768 2538 1083 2601 volumus.
1122 2540 1241 2601 Sed
1286 2539 1432 2601 mali
1474 2548 1736 2621 peccant
1779 2560 1896 2622 per

396 2655 721 2698 recessum
781 2636 921 2717 ejus
979 2637 1056 2699 ad
1106 2637 1276 2719 quod
1326 2645 1623 2699 tenentur
1676 2656 1689 2699 :
1744 2657 1892 2719 ergo

396 2734 647 2796 videtur
686 2736 856 2816 quod
897 2754 1023 2798 non
1066 2742 1401 2798 teneantur
1436 2736 1516 2798 ad
1549 2736 1890 2799 volendum

395 2833 555 2895 illud
603 2835 773 2915 quod
833 2835 995 2896 Deus
1046 2835 1183 2896 vult
1230 2853 1337 2897 eos
1388 2835 1586 2914 velle3
1639 2835 1703 2897 in
1764 2854 1891 2916 quo

395 2940 604 2993 tamen
644 2931 1055 2995 conformitas
1093 2933 1435 2995 voluntatis
1475 2934 1880 2995 consistebat.

2004 1950 2097 2011 dit
2124 1951 2368 2031 aliquid
2409 1951 2708 2014 bonitatis
2737 1953 2814 2015 ad
2849 1972 3005 2027 rem,
3041 1962 3110 2015 ut
3139 1954 3333 2016 volita
3363 1972 3500 2016 esse

2006 2048 2206 2129 possit
2248 2067 2324 2111 eo
2367 2051 2534 2130 quod
2582 2051 2747 2113 Deus
2791 2071 2929 2113 eam
2976 2052 3148 2114 velit.
3194 2053 3500 2126 Quemad-

2006 2147 2265 2208 modum
2307 2149 2480 2209 enim
2523 2149 2767 2230 aliquid
2813 2150 3000 2211 habet
3044 2150 3110 2212 in
3155 2170 3221 2213 se
3262 2150 3502 2212 bonita-

2003 2252 2153 2318 tem,
2201 2252 2268 2305 ut
2314 2245 2553 2307 bonum
2605 2265 2681 2308 ex
2731 2266 2981 2328 genere,
3027 2248 3189 2309 sicut
3235 2248 3502 2311 eleemo-

2002 2362 2224 2425 synam
2254 2343 2501 2422 facere3
2543 2352 2604 2406 et
2636 2352 2846 2407 tamen
2891 2345 3148 2407 advenit
3187 2346 3247 2407 ei
3286 2346 3501 2427 aliqua

2002 2440 2161 2502 ratio
2207 2440 2507 2503 bonitatis
2546 2460 2623 2503 ex
2665 2441 2797 2504 fine
2833 2460 2846 2504 :
2884 2444 2967 2504 ita
3006 2444 3196 2504 etiam
3240 2444 3500 2505 advenit

2000 2538 2125 2600 sibi
2160 2537 2374 2619 aliqua
2413 2540 2571 2601 ratio
2607 2540 2905 2602 bonitatis
2937 2560 3012 2603 ex
3047 2540 3167 2604 hoc
3203 2542 3370 2623 quod
3402 2550 3500 2604 est

2003 2637 2270 2699 volitum
2311 2644 2374 2699 et
2405 2638 2766 2700 ordinatum
2797 2658 2834 2699 a
2863 2639 3009 2701 Deo.
3044 2639 3200 2701 Nam
3241 2657 3316 2701 eo
3357 2640 3497 2722 ipso

1999 2735 2169 2816 quod
2214 2735 2457 2815 aliquid
2499 2736 2998 2817 apprehenditur
3039 2744 3108 2798 ut
3148 2737 3417 2799 volitum
3459 2757 3498 2800 a

2000 2833 2148 2905 Deo,
2202 2835 2702 2915 apprehenditur
2752 2843 2821 2897 ut
2870 2836 3130 2899 bonum.
3183 2837 3344 2899 Hinc
3392 2855 3498 2899 vo-

1999 2930 2210 2993 luntas
2243 2932 2432 2994 talem
2465 2953 2736 3016 sequens
2767 2935 3352 3016 apprehensionem,
3371 2944 3499 2997 ten-

469 3030 824 3092 Dicendum
864 3031 942 3091 ad
984 3030 1287 3111 primum,
1322 3032 1491 3113 quod
1528 3049 1655 3093 non
1685 3039 1781 3093 est
1810 3032 1888 3093 si·
1919 3032 1963 3095 C
1996 3030 2147 3093 dere
2195 3039 2443 3094 tenetur
2487 3032 2553 3094 in
2597 3032 2776 3095 illud.

390 3128 541 3191 mile
585 3130 663 3191 de
709 3129 1033 3191 intellectu
1076 3138 1139 3192 et
1183 3130 1508 3192 voluntate
1542 3150 1555 3194 :
1593 3132 1742 3212 quia
1785 3133 1887 3194 de-

388 3226 593 3289 fectus
634 3227 995 3290 intellectus
1035 3246 1147 3290 seu
1188 3247 1365 3291 error
1398 3229 1715 3291 interdum
1758 3248 1883 3293 non

386 3333 482 3387 est
512 3326 579 3388 in
610 3334 822 3389 nostra
854 3333 1182 3408 potestate,
1216 3346 1293 3390 eo
1323 3327 1493 3409 quod
1526 3328 1883 3391 intellectus

389 3425 525 3504 cogi
580 3425 777 3507 possit
821 3425 1142 3486 evidentia
1189 3425 1768 3498 demonstrationiS‚
1816 3434 1884 3487 ut

390 3523 615 3602 quinto
644 3523 1085 3605 Metaphysicae
1115 3522 1337 3597 fertur,
1374 3541 1499 3586 non
1531 3531 1741 3586 autem
1776 3543 1883 3587 vo-

389 3619 615 3682 luntas
654 3621 1104 3683 Verumtamen
1152 3621 1215 3683 in
1261 3621 1358 3683 his
1402 3641 1543 3703 quae
1587 3630 1734 3684 sunt
1776 3643 1880 3685 ne-

388 3719 659 3780 cessaria
708 3718 785 3779 ad
835 3719 1127 3793 salutem,
1182 3719 1575 3782 intellectum
1627 3739 1881 3803 quoque

386 3825 675 3879 nostrum
707 3817 1067 3898 obligamur
1098 3817 1451 3880 intellectui
1485 3819 1881 3883 conformare

386 3917 605 3979 divino
640 3916 839 3998 :quia
892 3916 954 3977 in
1006 3916 1239 3978 talibus
1290 3935 1415 3979 non
1462 3918 1637 3980 deest
1686 3919 1879 3981 alicui

386 4015 679 4076 divinum
730 4014 1065 4088 auxilium,
1108 4014 1161 4076 si
1210 4017 1378 4096 quod
1429 4015 1491 4078 in
1544 4035 1610 4078 se
1655 4024 1748 4078 est
1796 4017 1880 4078 fe-

386 4111 561 4174 cerit.
606 4147 687 4156 ——
734 4111 827 4173 Ad
887 4112 1261 4187 secundum,
1315 4115 1482 4194 quod
1532 4113 1685 4175 dum
1735 4115 1880 4195 quis

2076 3131 2525 3193 Verumtamen
2571 3151 2770 3214 quum
2814 3132 3047 3195 diversi
3095 3135 3223 3196 sint
3260 3134 3492 3214 gradus

1992 3229 2316 3309 appetitus
2347 3238 2805 3312 consequentes
2836 3231 3118 3294 diversas
3147 3234 3494 3315 apprehen-

1992 3326 2226 3400 sioneS‚
2281 3329 2494 3390 nullus
2542 3329 2862 3410 appetitus
2913 3337 3164 3392 tenetur
3212 3332 3278 3394 in
3331 3331 3488 3394 illud

1990 3425 2253 3486 tendere
2284 3425 2523 3489 bonum
2557 3428 2742 3506 cujus
2771 3427 3082 3490 rationem
3113 3447 3240 3491 non
3271 3449 3490 3512 appre-

1992 3523 2261 3586 hendit:
2305 3525 2471 3586 sicut
2510 3533 2606 3587 est
2649 3525 2714 3586 in
2757 3525 2941 3588 nobis
2983 3527 3304 3609 appetitus
3349 3547 3488 3590 sen-

1991 3621 2240 3696 sitivus,
2274 3623 2384 3703 qui
2431 3641 2556 3685 non
2605 3624 3026 3704 apprehendit
3070 3624 3306 3688 bonum
3358 3627 3485 3708 spi-

1991 3718 2239 3792 rituale,
2275 3721 2383 3782 sed
2423 3719 2744 3782 sensibile.
2783 3721 2890 3783 Est
2918 3739 3172 3803 quoque
3204 3723 3268 3784 in
3299 3724 3484 3787 nobis

1990 3818 2278 3899 quaedam
2312 3819 2614 3881 naturalis
2646 3819 2936 3882 voluntas
2967 3840 3092 3901 qua
3121 3823 3484 3903 appetimus

1992 3916 2052 3978 id
2095 3917 2265 3998 quod
2310 3917 2661 3979 secundum
2712 3936 2779 3979 se
2821 3918 3060 3980 bonum
3100 3927 3197 3981 est
3237 3921 3481 3983 homini

1989 4014 2055 4076 in
2103 4022 2413 4095 quantum
2463 4022 2560 4077 est
2608 4016 2797 4078 homo
2841 4034 2854 4077 ε
2898 4024 2962 4078 et
3010 4017 3114 4078 hic
3162 4019 3482 4099 appetitus

1989 4112 2279 4192 sequitur
2335 4113 2904 4194 apprehensionem
2969 4115 3231 4178 rationis
3295 4124 3483 4197 prout

386 4209 743 4272 obstinatus
773 4216 889 4283 est,
910 4210 1102 4272 simul
1133 4211 1365 4273 divinae
1396 4212 1703 4274 voluntati
1737 4231 1881 4275 con·
1910 4212 1960 4273 D
1989 4219 2085 4272 est
2112 4210 2353 4291 aliquid
2386 4211 2674 4274 absolute·
2705 4212 3148 4293 considerans;
3181 4213 3345 4276 sicut
3376 4215 3482 4278 ho-

386 4305 611 4367 formis
658 4325 797 4368 esse
856 4325 981 4369 non
1032 4308 1198 4370 valet
1252 4328 1265 4372 :
1320 4316 1528 4371 tamen
1589 4310 1654 4371 in
1714 4318 1878 4372 statu

386 4404 505 4466 viae
554 4423 743 4466 nemo
793 4413 885 4466 est
935 4407 1045 4487 qui
1109 4408 1341 4469 mentis
1388 4407 1880 4472 obstinationem

386 4520 514 4564 non
556 4503 757 4583 possit
793 4503 1093 4583 abjicere,
1128 4506 1345 4586 sicque
1387 4506 1693 4568 voluntati
1736 4526 1881 4570 con-

387 4599 648 4661 formari
689 4600 939 4663 divinae.
976 4602 1296 4664 Damnatis
1329 4621 1479 4665 vero
1520 4603 1583 4664 in
1626 4624 1879 4686 poenam

386 4697 709 4759 inflictum
762 4705 852 4759 est
904 4699 1074 4780 quod
1122 4699 1201 4760 ab
1251 4701 1675 4764 obstinatione
1724 4723 1883 4765 nun-

384 4815 579 4876 quam
628 4797 981 4860 recedunt:
1017 4816 1142 4859 non
1188 4806 1399 4860 tamen
1450 4801 1877 4873 demerentur,

383 4895 535 4975 quia
565 4911 693 4957 non
724 4902 867 4956 sunt
904 4895 966 4957 in
998 4896 1121 4958 via.
1145 4933 1226 4940 —
1250 4898 1341 4958 Ad
1375 4899 1654 4972 tertium,
1681 4919 1879 4980 quum

382 4992 619 5054 dicitur
650 4991 1160 5056 conformitatem
1191 4995 1431 5057 attendi
1465 4996 1530 5057 in
1562 4997 1882 5078 boc‚quod

382 5090 684 5152 volumus
725 5091 787 5152 id
832 5094 1001 5173 quod
1044 5093 1209 5155 Deus
1248 5093 1387 5155 vult
1417 5111 1531 5156 nos
1570 5094 1754 5167 velle,
1791 5095 1882 5156 in-

383 5187 802 5269 telligendum
846 5197 943 5250 est
985 5191 1063 5253 de
1106 5191 1431 5253 voluntate
1473 5191 1584 5253 Dei
1631 5198 1879 5253 antece-

386 5287 598 5360 dente,
632 5286 817 5367 cujus
856 5287 1127 5351 effectus
1167 5297 1261 5350 est
1294 5289 1606 5352 ordinatio
1642 5297 1881 5354 naturae

1995 4327 2099 4371 mo
2127 4309 2262 4371 vult
2300 4309 2654 4384 scientiam,
2689 4311 2989 4373 virtutem
3025 4319 3085 4374 et
3122 4313 3476 4376 sanitatem.

1991 4407 2100 4468 Est
2164 4407 2356 4468 etiam
2425 4408 2715 4489 quaedam
2777 4410 3066 4472 voluntas
3136 4411 3482 4474 deliberata

1991 4523 2387 4586 consequens
2421 4513 2632 4567 actum
2671 4507 2932 4570 rationis
2962 4508 3374 4572 deliberantis
3404 4511 3482 4572 de

1990 4603 2121 4664 fine
2154 4604 2780 4686 circumstantiisque
2819 4607 3087 4668 diversis
3121 4626 3134 4670 :
3169 4615 3232 4669 et
3261 4626 3485 4669 secun-

1990 4702 2143 4763 dum
2185 4703 2348 4763 hanc
2378 4702 2699 4764 tendimus
2743 4704 2804 4764 in
2851 4705 2910 4765 id
2953 4705 3121 4785 quod
3163 4705 3352 4768 habet
3392 4725 3483 4768 ra-

1992 4801 2228 4863 tionem
2279 4800 2577 4863 bonitatis
2627 4820 2703 4863 ex
2755 4802 2884 4864 fine
2933 4811 3042 4864 aut
3085 4822 3162 4864 ex
3210 4803 3481 4865 circum-

1989 4899 2217 4960 stantia
2270 4899 2501 4980 aliqua.
2555 4901 2618 4961 Si
2677 4919 2826 4981 ergo
2882 4901 2966 4961 sit
3011 4901 3254 4982 aliquid
3312 4903 3480 4983 quod

1988 4995 2217 5058 habeat
2253 5015 2474 5059 omnes
2516 4996 2789 5059 rationes
2830 4998 2943 5060 has
2988 4998 3309 5072 bonitat.iS‚
3342 4999 3481 5081 qui-

1992 5094 2145 5156 libet
2172 5095 2514 5177 appetituS‚
2549 5095 2602 5156 si
2633 5094 2714 5156 sit
2743 5103 2974 5170 rectus,
3009 5097 3210 5158 tendit
3241 5097 3306 5158 in
3338 5098 3476 5160 hoc.

1990 5193 2053 5255 Si
2097 5201 2310 5255 autem
2351 5192 2514 5255 desit
2550 5193 2764 5275 aliqua
2807 5194 2966 5256 ratio
3004 5195 3360 5258 bonitatum
3406 5197 3484 5258 is-

1992 5299 2219 5366 tarum,
2267 5311 2526 5354 necesse
2575 5299 2670 5355 est
2718 5293 3074 5375 appetitum
3123 5294 3227 5356 cui
3276 5312 3481 5357 corre-
