4359 6250
846 451 926 516 56
1481 471 1545 517 ΙΝ
1585 471 1808 516 LIBRUM
1851 473 1870 517 1
1915 471 2399 518 SENTENTIARUM.
2446 489 2526 500 —
2568 471 2720 518 DIST.
2768 469 2935 532 xvu3
2980 470 3203 526 QUAEST.
3251 471 3313 516 tx

847 640 1094 703 veniale
1133 649 1230 702 est
1270 641 1604 724 dispositio
1645 643 1723 705 ad
1770 643 2033 705 mortale
2070 659 2083 702 :
2117 642 2339 723 sicque
2369 641 2419 703 A
2449 649 2569 716 cat,
2605 642 2869 722 dignum
2900 650 2998 704 est
3028 649 3097 703 ut
3124 641 3183 703 ei
3217 641 3327 703 Dei
3362 639 3588 702 caritas
3619 638 3949 702 subtraha-

846 759 961 822 per
1001 738 1275 801 venialia
1312 740 1672 822 disponitur
1712 742 1902 805 homo
1941 722 2036 804 ad·
2059 740 2339 803 caritatis

845 838 1275 901 amissionem.
1338 839 1498 902 Hinc
1556 840 1782 903 caritas
1839 840 2074 902 dicitur
2133 837 2339 901 minui

847 945 1156 1019 quantum
1186 937 1263 999 ad
1295 938 1747 1001 radicationem
1776 947 1967 1021 atque
1995 938 2336 1012 fervorem,

847 1054 975 1099 non
1018 1044 1327 1117 quantum
1370 1037 1446 1098 ad
1491 1056 1671 1099 suam
1719 1038 2058 1100 essentiam
2096 1055 2109 1099 ε
2143 1056 2342 1118 quan-

849 1142 984 1197 tum
1028 1134 1104 1197 ad
1151 1135 1625 1210 radicationem‚
1659 1138 2012 1199 secundum
2052 1137 2223 1218 quod
2262 1135 2342 1197 fit

848 1233 1182 1316 dispositio
1227 1235 1305 1296 ad
1356 1235 1766 1308 contrarium,
1812 1235 1978 1298 unde
2029 1234 2343 1297 minuitur

848 1333 1042 1395 firma
1088 1333 1366 1395 caritatis
1412 1333 2096 1412 inhaesi03secund11m
2141 1333 2343 1396 fervo-

849 1450 984 1492 rem
1035 1449 1308 1512 quoque,
1347 1440 1536 1514 prout
1585 1433 1930 1513 impeditur
1979 1432 2343 1496 obedientia

850 1529 1084 1591 virium
1135 1529 1508 1592 inferiorum
1558 1531 1635 1592 ad
1681 1531 2060 1613 superioreS‚
2096 1551 2172 1592 ex
2217 1550 2343 1613 qua

849 1627 1212 1691 obedientia
1260 1627 1471 1691 fervor
1519 1636 1831 1690 causatur.
1874 1629 2017 1692 Haec
2071 1629 2341 1691 Thomas

847 1726 916 1788 in
959 1727 1225 1808 Scripto.

2450 746 2571 802 tur.
2610 741 2729 804 Sed
2762 759 2876 824 per
2904 740 3152 802 veniale
3194 748 3526 822 peccatum
3568 739 3795 801 caritas
3828 757 3949 800 nec

2449 838 2746 902 effective
2789 858 2907 902 nec
2948 839 3271 902 meritorie
3312 837 3645 900 minuitur.
3680 837 3818 900 Non
3858 835 3949 898 ef-

2450 937 2703 1014 fective,
2738 939 2889 1020 quia
2936 939 3015 1000 ad
3068 938 3395 1000 caritatem
3438 954 3567 999 non
3615 935 3941 1018 pertingit.

2451 1037 2688 1099 Caritas
2731 1037 2971 1118 quippe
3013 1044 3109 1098 est
3152 1036 3323 1097 circa
3365 1035 3664 1097 ultimum
3709 1033 3945 1113 finem;

2450 1135 2697 1198 veniale
2728 1153 2878 1198 vero
2908 1141 3241 1215 peccatum
3280 1141 3377 1195 est
3416 1131 3800 1195 inordinatio
3829 1130 3949 1194 cir-

2452 1253 2524 1296 ca
2554 1234 2780 1296 media.
2812 1234 2951 1297 Non
2990 1242 3201 1296 autem
3246 1233 3557 1296 minuitur
3586 1249 3762 1294 amor
3790 1231 3947 1292 finis

2452 1352 2528 1394 ex
2567 1332 3030 1395 inordinatione
3068 1332 3236 1394 circa
3272 1330 3481 1394 media
3512 1349 3655 1411 quae
3688 1331 3943 1392 suntad

2454 1431 2653 1494 finem
2689 1449 2703 1493 :
2738 1432 2905 1494 sicut
2936 1431 3256 1494 interdum
3290 1430 3599 1510 contingit
3637 1430 3807 1511 quod
3836 1429 3947 1491 ali—

2452 1530 2563 1612 qui
2615 1529 2859 1591 infirmi
2908 1529 3244 1591 sanitatem
3304 1528 3576 1591 multum
3636 1535 3943 1600 amanteS‚

2457 1629 2811 1692 inordinate
2861 1637 3073 1691 tamen
3118 1648 3187 1690 se
3235 1627 3468 1690 habent
3521 1627 3688 1689 circa
3736 1626 3949 1689 obser-

2455 1728 2774 1791 vationem
2818 1728 3037 1792 diaetae.
3075 1727 3177 1790 Sic
3220 1735 3284 1788 et
3324 1726 3571 1789 veniale
3614 1733 3947 1808 peccatum

931 1825 1216 1906 Denique
1248 1825 1314 1886 in
1343 1826 1622 1887 secunda
1652 1826 1968 1900 secundae,
1992 1826 2339 1907 quaestione
2379 1827 2426 1889 B
2457 1844 2582 1889 non
2634 1833 2913 1887 meretur
2959 1825 3237 1888 caritatis
3285 1824 3796 1887 diminutionem.
3851 1823 3953 1884 Et-

849 1923 1154 1986 vicesima
1182 1932 1426 2005 quarta,
1451 1924 1750 1986 disseruit
1785 1943 1798 1986 :
1833 1925 2157 1997 Quantitas
2190 1924 2343 1986 cari-

851 2023 996 2084 tatis
1035 2041 1226 2104 quam
1269 2021 1460 2084 habet
1499 2041 1612 2104 per
1643 2031 2003 2104 respectum
2043 2024 2120 2086 ad
2153 2042 2341 2084 suum

851 2119 1198 2200 objectum,
1231 2138 1350 2182 nec
1383 2120 1586 2181 minui
1618 2128 1826 2202 potest
1865 2139 2071 2202 neque
2101 2121 2337 2201 augeri.

850 2219 1093 2282 Idcirco
1150 2237 1351 2300 quum
1409 2227 1712 2299 augeatur
1767 2239 1880 2301 per
1933 2220 2345 2301 comparatio-

855 2337 1000 2380 nem
1031 2317 1107 2378 ad
1141 2336 1328 2378 suum
1359 2317 2107 2397 subjectum,videndum
2138 2326 2235 2380 est
2262 2337 2343 2380 an

853 2417 1044 2478 etiam
1088 2435 1164 2477 ex
1209 2415 1326 2477 hac
1370 2423 1547 2497 parte
1592 2417 1790 2498 possit.
1839 2416 2132 2479 diminui.
2171 2417 2247 2478 Et
2290 2417 2344 2478 si

854 2516 940 2577 ita
988 2513 1403 2588 diminuatur,
1437 2509 1690 2596 oportet
1731 2515 1852 2579 hoc
1899 2535 2038 2578 esse
2082 2515 2183 2577 vel
2233 2535 2347 2598 per

852 2614 1133 2696 aliquem
1162 2621 1397 2687 actum,
1418 2613 1518 2675 vel
1551 2632 1666 2695 per
1695 2614 1893 2677 solam
1925 2614 2344 2676 cessationem

851 2712 932 2775 ab
981 2720 1146 2774 actu.
1181 2713 1294 2774 Per
1341 2731 1532 2792 quam
1583 2712 2000 2775 cessationem
2051 2703 2347 2775 minuun-

851 2821 956 2873 tur
985 2811 1146 2892 (imo
1184 2818 1247 2872 et
1283 2811 1627 2892 aliquando
1667 2812 2191 2894 corrumpuntur)
2226 2811 2349 2874 vir-

854 2918 1020 2972 tutes
1059 2909 1405 2991 acquisitae.
1441 2909 1700 2990 Propter
1740 2910 1908 2990 quod
1949 2909 2026 2971 de
2065 2909 2349 2972 amicitia

2455 1925 2628 1987 enim
2672 1924 2827 1986 dum
2870 1924 3187 2005 delinquit
3233 1922 3378 2005 quis
3421 1922 3489 1985 in
3535 1922 3790 1997 minori,
3822 1940 3949 1985 non

2454 2031 2551 2085 est
2581 2023 2944 2105 puniendus
2976 2022 3043 2085 in
3076 2022 3320 2103 majori.
3341 2023 3507 2084 Deus
3536 2038 3791 2103 quoque
3823 2038 3949 2083 non

2456 2121 2600 2202 plus
2633 2139 2700 2183 se
2731 2121 2959 2182 avertit
2986 2120 3067 2182 ab
3098 2121 3379 2194 homine,
3412 2138 3604 2201 quam
3638 2119 3831 2182 homo
3866 2120 3949 2181 ab

2456 2221 2613 2303 ipsc.
2650 2220 2823 2283 Unde
2872 2221 2981 2301 qui
3035 2220 3388 2283 inordinate
3438 2237 3505 2280 se
3548 2218 3739 2282 habet
3782 2219 3949 2281 circa

2454 2338 2529 2381 ea
2558 2338 2700 2401 quae
2730 2326 2879 2380 sunt
2908 2319 2986 2380 ad
3027 2319 3249 2391 finem,
3283 2335 3411 2380 non
3452 2325 3731 2380 meretur
3759 2317 3949 2379 detri-

2458 2425 2743 2479 mentum
2778 2417 2905 2498 pati
2940 2417 3006 2479 in
3038 2417 3317 2479 caritate.
3351 2415 3511 2477 Hinc
3552 2415 3779 2477 caritas
3814 2415 3951 2477 nul-

2458 2517 2518 2578 lo
2560 2516 2746 2578 modo
2784 2516 3056 2577 diminui
3098 2523 3306 2598 potest
3344 2515 3601 2576 directe.
3638 2515 3949 2578 Indirecte

2456 2623 2669 2677 tamen
2712 2613 3056 2676 diminutio
3096 2613 3375 2675 caritatis
3417 2612 3541 2675 dici
3583 2619 3791 2695 potest
3829 2613 3953 2675 dis-

2458 2712 2690 2794 positio
2746 2712 2824 2774 ad
2883 2711 3356 2793 corruptionem
3416 2711 3618 2793 ipsius
3676 2729 3792 2793 per
3847 2730 3953 2773 ve-

2458 2812 2673 2886 nialia,
2724 2812 2825 2874 vel
2875 2831 2990 2893 per
3038 2810 3455 2874 cessationem
3501 2809 3583 2872 ab
3631 2811 3952 2873 exercitiis

2459 2911 2758 2973 caritatis
2806 2910 2949 2973 Haec
2992 2909 3058 2971 in
3104 2911 3383 2972 Summa.

853 3008 1011 3070 dicit
1040 3005 1459 3089 Philosophus
1489 3014 1713 3069 octavo
1751 3007 2142 3082 Ethicorum,
2175 3008 2346 3089 quod
2384 3008 2428 3071 C
2538 3009 2647 3072 His
2697 3010 2915 3072 Petrus
2962 3009 3343 3091 compendio
3385 3017 3689 3072 consonat
3728 3027 3742 3070 ε
3788 3008 3953 3071 Cari-

857 3107 1088 3169 multas
1116 3105 1430 3168 amicitias
1463 3105 1874 3188 inappella'tio
1913 3106 2122 3181 solvit,
2158 3107 2219 3169 id
2252 3115 2347 3170 est

855 3223 984 3268 non
1014 3204 1334 3287 appellare
1372 3204 1673 3279 amicum,
1706 3223 1823 3266 nec
1856 3205 2028 3287 loqui
2070 3224 2217 3267 cum
2248 3224 2342 3267 eo.

858 3304 934 3365 Et
963 3304 1082 3366 hoc
1123 3303 1265 3365 ideo
1292 3311 1409 3376 est,
1443 3303 1746 3384 quoniam
1787 3303 2181 3366 conservatio
2213 3304 2350 3366 uni-

858 3402 1248 3484 uscujusque
1293 3420 1370 3462 ex
1421 3421 1535 3463 sua
1583 3420 1771 3464 causa
1817 3402 2149 3483 dependet.
2205 3403 2350 3464 Ideo

857 3500 1025 3563 sicut
1065 3500 1332 3563 virtutes
1375 3500 1702 3582 acquisita}
1745 3520 1820 3563 ex
1861 3501 2158 3563 humanis
2200 3501 2351 3563 acti-

858 3599 978 3661 bus
1026 3606 1428 3679 generantur,
1463 3598 1550 3661 ita
1598 3618 1713 3681 per
1752 3607 2012 3661 actuum
2059 3600 2350 3663 cessatio-

857 3718 1004 3761 nem
1035 3698 1502 3771 diminuuntur,
1521 3700 1905 3781 tandemque
1937 3717 2351 3781 corrumpun-

855 3805 976 3858 tur.
1031 3798 1364 3879 Quumque
1419 3797 1647 3859 caritas
1705 3798 1912 3860 solum
1971 3806 2267 3861 causetur
2314 3818 2349 3859 a

855 3897 1004 3969 Deo,
1036 3914 1162 3958 non
1207 3894 1518 3958 minuitur
1557 3915 1764 3978 neque
1805 3896 2238 3978 corrumpitur
2272 3915 2347 3957 ex

851 4002 1111 4057 actuum
1142 3994 1513 4067 cessatione,
1546 3995 1893 4058 dummodo
1931 3995 2095 4056 desit
2133 4014 2350 4076 pecca-

852 4102 991 4155 tum
1042 4111 1154 4155 seu
1203 4092 1392 4174 culpa
1433 4092 1799 4156 omissionis
1842 4093 1909 4156 in
1961 4094 2099 4175 ipsa
2147 4113 2349 4157 cessa-

854 4192 1045 4254 tione.
1100 4226 1180 4236 —
1227 4190 1580 4253 Diminutio
1632 4191 1827 4272 igitur
1883 4192 2163 4255 caritatis
2223 4211 2347 4256 non
2380 4196 2607 4258 Dnem
2664 4193 2729 4255 in
2781 4192 3071 4273 subjecto

856 4297 1066 4372 potest
1102 4306 1240 4351 esse
1284 4288 1406 4350 nisi
1447 4290 1549 4351 vel
1591 4308 1628 4351 a
1669 4291 1819 4365 Deo,
1853 4291 1952 4353 vel
1992 4310 2029 4352 a
2065 4298 2344 4372 peccato.

857 4390 1046 4452 Porro
1075 4406 1112 4449 a
1141 4387 1269 4449 Deo
1300 4405 1426 4450 non
1469 4396 1764 4449 causatur
1801 4388 2032 4470 aliquis
2063 4388 2349 4450 defectus

858 4487 926 4550 in
975 4485 1181 4561 nobiS‚
1215 4485 1339 4547 nisi
1389 4504 1506 4567 per
1554 4485 1812 4549 modum
1865 4505 2088 4568 poenae,
2129 4506 2351 4549 secun-

857 4586 1011 4647 dum
1063 4585 1231 4666 quod
1279 4584 1595 4647 subtrahit
1652 4585 1919 4667 gratiam
1979 4586 2044 4648 in
2093 4604 2347 4667 poenam

857 4683 1121 4766 peccati.
1165 4682 1302 4746 Non
1346 4702 1496 4765 ergo
1541 4685 1604 4746 in
1656 4683 1839 4747 nobis
1891 4685 2215 4747 caritatem
2261 4686 2349 4747 di-

859 4781 1113 4855 minuit,
1158 4781 1282 4843 nisi
1328 4781 1410 4845 ob
1453 4782 1727 4864 primam
1770 4782 2024 4864 culpam
2068 4791 2348 4847 nostram

857 4900 998 4963 quae
1050 4880 1151 4943 vel
1199 4879 1497 4943 effective
1543 4881 1642 4942 vel
1694 4881 2014 4944 meritorie
2069 4882 2151 4943 sit
2209 4900 2350 4943 cau-

857 4999 927 5041 sa
956 4977 1403 5040 diminutionis
1442 4977 1738 5041 caritatis,
1774 4980 2105 5055 Peccatum
2135 4988 2347 5042 autem

858 5078 1121 5141 mortale
1171 5076 1496 5138 caritatem
1546 5077 1808 5140 omnino
1855 5078 2253 5160 corrumpit:
2288 5086 2350 5141 et

855 5175 1174 5250 effective,
1200 5175 1350 5257 quia
1380 5175 1622 5238 caritati
1656 5176 2105 5255 contrariatur3
2133 5186 2195 5239 et
2229 5196 2353 5240 me-

857 5274 1094 5348 ritorie,
1128 5274 1280 5356 quia
1309 5274 1416 5356 qui
1451 5283 1668 5337 contra
1698 5276 2020 5338 caritatem
2062 5276 2170 5337 Dei
2206 5295 2349 5358 pec-

2458 3118 2575 3183 taS‚
2612 3108 2929 3191 inquienS‚
2960 3107 3165 3171 minui
3205 3107 3429 3190 nequit
3466 3107 3821 3171 secundum
3860 3128 3953 3171 es-

2460 3209 2753 3281 sentiam,
2787 3226 2993 3290 neque
3023 3225 3099 3270 ex
3140 3214 3318 3289 parte
3354 3207 3621 3287 agentiS,
3654 3206 3953 3270 videlicet

2458 3306 2570 3369 Dei
2604 3305 3019 3379 infundentis,
3052 3325 3253 3388 quum
3284 3306 3366 3367 sit
3397 3324 3586 3367 causa
3614 3305 3953 3387 proficien-

2460 3406 2547 3479 di,
2586 3424 2712 3468 non
2758 3404 3139 3483 deficiendi3
3186 3423 3304 3466 nec
3346 3424 3422 3466 ex
3466 3412 3645 3487 parte
3688 3404 3956 3487 suscipi-

2458 3504 2624 3567 entis
2679 3521 2692 3565 ε
2746 3503 2897 3585 quia
2946 3522 3062 3565 nec
3122 3521 3237 3584 per
3284 3502 3701 3565 cessationem
3750 3511 3950 3577 actuS,

2459 3622 2660 3686 quum
2701 3619 2829 3664 non
2872 3609 3211 3681 generetur
3248 3620 3325 3663 ex
3367 3601 3652 3679 actibus3
3684 3620 3804 3665 nec
3841 3621 3956 3684 per

2461 3700 2997 3764 inordinationem
3046 3708 3245 3774 actuS,
3280 3699 3432 3780 quia
3480 3698 3589 3761 illa
3634 3708 3745 3761 aut
3790 3700 3955 3763 tollit

2462 3800 2684 3873 finem,
2717 3807 2779 3861 et
2811 3798 2902 3860 sic
2934 3798 3204 3860 destruit
3234 3798 3582 3871 caritatem,
3615 3806 3725 3860 aut
3760 3805 3856 3861 est
3888 3799 3955 3861 in

2460 3898 2559 3960 his
2592 3918 2733 3980 quae
2764 3904 2913 3959 sunt
2952 3898 3030 3958 ad
3060 3896 3284 3971 finem,
3319 3904 3383 3958 et
3422 3896 3531 3958 illa
3572 3896 3955 3959 inordinatio

2461 4015 2590 4060 non
2639 3996 2893 4077 attingit
2942 3996 3289 4068 caritatem.
3342 3995 3551 4058 Potest
3602 4001 3814 4057 tamen
3863 4014 3958 4057 se-

2461 4096 2741 4158 cundum
2786 4093 3081 4157 accidens
3125 4094 3329 4156 minui
3372 4094 3579 4175 quoad
3626 4093 3957 4157 radicatio-

3124 4209 3138 4253 :
3188 4200 3252 4254 et
3304 4192 3424 4254 hoc
3474 4211 3590 4275 per
3640 4192 3957 4256 inordina-

2460 4293 2699 4355 tionem
2758 4300 2957 4363 actus‚
3016 4290 3082 4352 in
3140 4298 3451 4372 quantum
3512 4310 3624 4373 per
3679 4292 3957 4354 venialia

2459 4397 2798 4472 generatur
2850 4389 3184 4471 dispositio
3237 4389 3594 4468 contraria3
3646 4398 3710 4451 et
3758 4389 3955 4451 etiam

2461 4496 2770 4570 quantum
2810 4488 2886 4549 ad
2931 4486 3247 4549 fervorem
3280 4474 3405 4569 'per
3442 4496 3619 4550 actus
3660 4488 3953 4550 cessatio-

2460 4605 2631 4661 nem,
2666 4586 2730 4648 in
2775 4594 3085 4667 quantum
3128 4605 3204 4647 ex
3246 4586 3685 4649 dissuetudine
3725 4586 3958 4648 minui-

2461 4693 2563 4747 tur
2592 4683 2955 4747 obedientia
2986 4684 3219 4745 virium
3256 4683 3630 4747 inferiorum
3662 4684 3739 4746 ad
3771 4704 3957 4766 supe-

2462 4783 2677 4845 riores,
2724 4783 2869 4845 Haec
2911 4783 3148 4845 PetruS.

2540 4882 2712 4944 Idem
2744 4881 3113 4944 Richardus.
3148 4880 3264 4954 Qui
3295 4881 3373 4943 de
3411 4880 3531 4942 hac
3561 4898 3627 4942 re
3666 4898 3830 4963 pene
3860 4880 3954 4942 nil

2461 4980 2685 5043 scribit
2714 4980 2837 5041 nisi
2868 4979 3036 5061 quod
3080 4980 3147 5041 in
3176 4978 3541 5060 praehabitis
3579 4978 3768 5040 dictis
3798 4978 3955 5043 Tho-

2462 5099 2579 5141 mae
2611 5078 2988 5143 continetur.
3014 5077 3238 5159 Tangi-t
3266 5088 3479 5140 tamen
3508 5084 3573 5139 et
3600 5076 3790 5139 aliam
3821 5078 3954 5159 opi-

2460 5178 2717 5240 nionem
2772 5176 3045 5258 qualiter
3097 5176 3298 5259 possit
3355 5174 3605 5251 salvari,
3659 5183 3728 5237 ut
3786 5174 3954 5238 infra
4010 5196 4227 5251 pean:

2462 5277 2720 5359 patebit.
2755 5312 2835 5323 —
2861 5276 3144 5357 AEgidius
3187 5294 3439 5359 quoque
3482 5275 3838 5340 concordat.
