<?xml version="1.0" encoding="UTF-8"?>
<!DOCTYPE html PUBLIC "-//W3C//DTD XHTML 1.0 Transitional//EN"
    "http://www.w3.org/TR/xhtml1/DTD/xhtml1-transitional.dtd">
<html xmlns="http://www.w3.org/1999/xhtml" xml:lang="en" lang="en">
 <head>
  <title>
</title>
<meta http-equiv="Content-Type" content="text/html;charset=utf-8" />
  <meta name='ocr-system' content='tesseract 3.04.00' />
  <meta name='ocr-capabilities' content='ocr_page ocr_carea ocr_par ocr_line ocrx_word'/>
</head>
<body>
  <div class='ocr_page' id='page_1' title='image "./doctorisecstati11unkngoog_0518.png"; bbox 0 0 4359 6250; ppageno 0'>
   <div class='ocr_carea' id='block_1_1' title="bbox 848 473 970 540">
    <p class='ocr_par' dir='ltr' id='par_1_1' title="bbox 848 473 970 540">
     <span class='ocr_line' id='line_1_1' title="bbox 848 473 970 540; baseline 0 0"><span class='ocrx_word' id='word_1_1' title='bbox 848 473 970 540; x_wconf 76' lang='lat'><strong>506</strong></span> 
     </span>
    </p>
   </div>
   <div class='ocr_carea' id='block_1_2' title="bbox 619 1175 769 1216">
    <p class='ocr_par' dir='ltr' id='par_1_2' title="bbox 619 1175 769 1216">
     <span class='ocr_line' id='line_1_2' title="bbox 619 1175 769 1216; baseline 0 -1"><span class='ocrx_word' id='word_1_2' title='bbox 619 1175 702 1215; x_wconf 76' lang='lat' dir='ltr'><strong>art.</strong></span> <span class='ocrx_word' id='word_1_3' title='bbox 729 1175 769 1216; x_wconf 77' lang='grc'><strong>3.</strong></span> 
     </span>
    </p>
   </div>
   <div class='ocr_carea' id='block_1_3' title="bbox 611 3848 760 3889">
    <p class='ocr_par' dir='ltr' id='par_1_3' title="bbox 611 3848 760 3889">
     <span class='ocr_line' id='line_1_3' title="bbox 611 3848 760 3889; baseline 0 0"><span class='ocrx_word' id='word_1_4' title='bbox 611 3848 694 3889; x_wconf 83' lang='lat' dir='ltr'><strong>art.</strong></span> <span class='ocrx_word' id='word_1_5' title='bbox 721 3848 760 3889; x_wconf 69' lang='lat' dir='ltr'><strong>t.</strong></span> 
     </span>
    </p>
   </div>
   <div class='ocr_carea' id='block_1_4' title="bbox 545 4432 818 4489">
    <p class='ocr_par' dir='ltr' id='par_1_4' title="bbox 545 4432 818 4489">
     <span class='ocr_line' id='line_1_4' title="bbox 545 4432 818 4489; baseline 0.004 -13"><span class='ocrx_word' id='word_1_6' title='bbox 545 4432 661 4489; x_wconf 78' lang='lat' dir='ltr'><strong>Cf-p.</strong></span> <span class='ocrx_word' id='word_1_7' title='bbox 672 4435 749 4476; x_wconf 79' lang='lat'><strong>5⁰³</strong></span> <span class='ocrx_word' id='word_1_8' title='bbox 761 4433 818 4477; x_wconf 83' lang='lat' dir='ltr'><strong>C&#39;.</strong></span> 
     </span>
    </p>
   </div>
   <div class='ocr_carea' id='block_1_5' title="bbox 1458 494 3347 560">
    <p class='ocr_par' dir='ltr' id='par_1_5' title="bbox 1458 494 3347 560">
     <span class='ocr_line' id='line_1_5' title="bbox 1458 494 3347 560; baseline -0.001 -18"><span class='ocrx_word' id='word_1_9' title='bbox 1458 495 1522 544; x_wconf 80' lang='lat' dir='ltr'><strong>IN</strong></span> <span class='ocrx_word' id='word_1_10' title='bbox 1562 495 1784 542; x_wconf 72' lang='lat' dir='ltr'><strong>LIBRUM</strong></span> <span class='ocrx_word' id='word_1_11' title='bbox 1825 496 1846 541; x_wconf 95' lang='lat'>1</span> <span class='ocrx_word' id='word_1_12' title='bbox 1887 495 2368 542; x_wconf 78' lang='lat' dir='ltr'><strong>SENTENTIARUM.</strong></span> <span class='ocrx_word' id='word_1_13' title='bbox 2415 511 2495 524; x_wconf 80' lang='lat'><strong>--</strong></span> <span class='ocrx_word' id='word_1_14' title='bbox 2535 494 2687 542; x_wconf 78' lang='lat' dir='ltr'><strong>Dls&#39;r.</strong></span> <span class='ocrx_word' id='word_1_15' title='bbox 2734 495 2964 560; x_wconf 80' lang='lat' dir='ltr'><strong>xxxlx;</strong></span> <span class='ocrx_word' id='word_1_16' title='bbox 3008 495 3231 552; x_wconf 78' lang='lat' dir='ltr'><strong>QUAEST.</strong></span> <span class='ocrx_word' id='word_1_17' title='bbox 3279 496 3347 541; x_wconf 86' lang='lat'><strong>111</strong></span> 
     </span>
    </p>
   </div>
   <div class='ocr_carea' id='block_1_6' title="bbox 849 663 3963 747">
    <p class='ocr_par' dir='ltr' id='par_1_6' title="bbox 849 663 3963 747">
     <span class='ocr_line' id='line_1_6' title="bbox 849 663 3963 747; baseline 0.002 -21"><span class='ocrx_word' id='word_1_18' title='bbox 849 663 1072 747; x_wconf 87' lang='lat' dir='ltr'><strong>sicque</strong></span> <span class='ocrx_word' id='word_1_19' title='bbox 1103 664 1340 728; x_wconf 85' lang='lat' dir='ltr'><strong>dicitur</strong></span> <span class='ocrx_word' id='word_1_20' title='bbox 1369 685 1568 728; x_wconf 91' lang='lat' dir='ltr'><strong>unum</strong></span> <span class='ocrx_word' id='word_1_21' title='bbox 1602 665 1824 729; x_wconf 89' lang='lat' dir='ltr'><strong>fatum.</strong></span> <span class='ocrx_word' id='word_1_22' title='bbox 1861 667 1926 730; x_wconf 91' lang='lat' dir='ltr'><strong>Si</strong></span> <span class='ocrx_word' id='word_1_23' title='bbox 1956 673 2168 729; x_wconf 86' lang='lat' dir='ltr'><strong>autem</strong></span> <span class='ocrx_word' id='word_1_24' title='bbox 2203 683 2349 728; x_wconf 87' lang='lat' dir='ltr'><strong>con·</strong></span> <span class='ocrx_word' id='word_1_25' title='bbox 2378 663 2429 728; x_wconf 84' lang='lat' dir='ltr'>A</span> <span class='ocrx_word' id='word_1_26' title='bbox 2458 667 2766 730; x_wconf 90' lang='lat' dir='ltr'><strong>utendum</strong></span> <span class='ocrx_word' id='word_1_27' title='bbox 2821 667 3079 732; x_wconf 89' lang='lat' dir='ltr'><strong>nomine</strong></span> <span class='ocrx_word' id='word_1_28' title='bbox 3129 668 3264 744; x_wconf 87' lang='lat' dir='ltr'><strong>fati,</strong></span> <span class='ocrx_word' id='word_1_29' title='bbox 3313 687 3395 732; x_wconf 88' lang='lat' dir='ltr'><strong>ne</strong></span> <span class='ocrx_word' id='word_1_30' title='bbox 3443 669 3543 732; x_wconf 90' lang='lat' dir='ltr'><strong>his</strong></span> <span class='ocrx_word' id='word_1_31' title='bbox 3592 667 3963 732; x_wconf 84' lang='lat' dir='ltr'><strong>consentire</strong></span> 
     </span>
    </p>
   </div>
   <div class='ocr_carea' id='block_1_7' title="bbox 850 763 2349 1125">
    <p class='ocr_par' dir='ltr' id='par_1_7' title="bbox 850 763 2349 1125">
     <span class='ocr_line' id='line_1_7' title="bbox 851 763 2347 847; baseline 0.001 -23"><span class='ocrx_word' id='word_1_32' title='bbox 851 763 1166 826; x_wconf 88' lang='lat' dir='ltr'><strong>sideretur</strong></span> <span class='ocrx_word' id='word_1_33' title='bbox 1206 783 1320 846; x_wconf 86' lang='lat' dir='ltr'><strong>per</strong></span> <span class='ocrx_word' id='word_1_34' title='bbox 1362 764 1900 847; x_wconf 87' lang='lat' dir='ltr'><strong>comparationem</strong></span> <span class='ocrx_word' id='word_1_35' title='bbox 1949 765 2027 827; x_wconf 90' lang='lat' dir='ltr'><strong>ad</strong></span> <span class='ocrx_word' id='word_1_36' title='bbox 2076 764 2347 828; x_wconf 88' lang='lat' dir='ltr'><strong>effectus</strong></span> 
     </span>
     <span class='ocr_line' id='line_1_8' title="bbox 851 862 2349 944; baseline 0.001 -20"><span class='ocrx_word' id='word_1_37' title='bbox 851 862 962 944; x_wconf 83' lang='lat' dir='ltr'><strong>qui</strong></span> <span class='ocrx_word' id='word_1_38' title='bbox 1009 863 1242 925; x_wconf 90' lang='lat' dir='ltr'><strong>cadunt</strong></span> <span class='ocrx_word' id='word_1_39' title='bbox 1286 863 1406 926; x_wconf 90' lang='lat' dir='ltr'><strong>sub</strong></span> <span class='ocrx_word' id='word_1_40' title='bbox 1450 863 1601 939; x_wconf 89' lang='lat' dir='ltr'><strong>fato,</strong></span> <span class='ocrx_word' id='word_1_41' title='bbox 1645 864 1778 927; x_wconf 85' lang='lat' dir='ltr'><strong>sive</strong></span> <span class='ocrx_word' id='word_1_42' title='bbox 1826 865 1903 926; x_wconf 89' lang='lat' dir='ltr'><strong>ad</strong></span> <span class='ocrx_word' id='word_1_43' title='bbox 1949 883 2170 927; x_wconf 83' lang='lat' dir='ltr'><strong>causas</strong></span> <span class='ocrx_word' id='word_1_44' title='bbox 2224 882 2349 926; x_wconf 91' lang='lat' dir='ltr'><strong>me-</strong></span> 
     </span>
     <span class='ocr_line' id='line_1_9' title="bbox 850 961 2347 1046; baseline 0.003 -24"><span class='ocrx_word' id='word_1_45' title='bbox 850 961 988 1026; x_wconf 90' lang='lat' dir='ltr'><strong>dias</strong></span> <span class='ocrx_word' id='word_1_46' title='bbox 1029 981 1102 1025; x_wconf 90' lang='lat' dir='ltr'><strong>ac</strong></span> <span class='ocrx_word' id='word_1_47' title='bbox 1145 971 1405 1038; x_wconf 79' lang='lat' dir='ltr'><strong>creatas,</strong></span> <span class='ocrx_word' id='word_1_48' title='bbox 1442 963 1923 1046; x_wconf 80' lang='lat' dir='ltr'><strong>multiplicatur,</strong></span> <span class='ocrx_word' id='word_1_49' title='bbox 1958 964 2139 1045; x_wconf 86' lang='lat' dir='ltr'><strong>juxta</strong></span> <span class='ocrx_word' id='word_1_50' title='bbox 2190 964 2347 1026; x_wconf 90' lang='lat' dir='ltr'><strong>illud</strong></span> 
     </span>
     <span class='ocr_line' id='line_1_10' title="bbox 851 1061 2282 1125; baseline 0.001 -3"><span class='ocrx_word' id='word_1_51' title='bbox 851 1061 1053 1124; x_wconf 83' lang='lat' dir='ltr'><strong>Poetae</strong></span> <span class='ocrx_word' id='word_1_52' title='bbox 1087 1079 1102 1124; x_wconf 73' lang='grc' dir='ltr'><strong>ε</strong></span> <span class='ocrx_word' id='word_1_53' title='bbox 1136 1062 1219 1124; x_wconf 88' lang='lat' dir='ltr'><strong>Te</strong></span> <span class='ocrx_word' id='word_1_54' title='bbox 1265 1069 1372 1124; x_wconf 90' lang='lat' dir='ltr'><strong>tua</strong></span> <span class='ocrx_word' id='word_1_55' title='bbox 1413 1061 1542 1124; x_wconf 86' lang='lat' dir='ltr'><strong>fata</strong></span> <span class='ocrx_word' id='word_1_56' title='bbox 1581 1063 1859 1125; x_wconf 89' lang='lat' dir='ltr'><strong>trahunt.</strong></span> <span class='ocrx_word' id='word_1_57' title='bbox 1906 1063 2050 1124; x_wconf 82' lang='lat' dir='ltr'><strong>Haec</strong></span> <span class='ocrx_word' id='word_1_58' title='bbox 2093 1062 2282 1124; x_wconf 92' lang='lat' dir='ltr'><strong>idem.</strong></span> 
     </span>
    </p>
   </div>
   <div class='ocr_carea' id='block_1_8' title="bbox 837 1159 2347 1244">
    <p class='ocr_par' dir='ltr' id='par_1_8' title="bbox 837 1159 2347 1244">
     <span class='ocr_line' id='line_1_11' title="bbox 837 1159 2347 1244; baseline 0 -22"><span class='ocrx_word' id='word_1_59' title='bbox 837 1236 840 1240; x_wconf 84' lang='lat'>.</span> <span class='ocrx_word' id='word_1_60' title='bbox 933 1161 1025 1222; x_wconf 86' lang='lat' dir='ltr'><strong>Ad</strong></span> <span class='ocrx_word' id='word_1_61' title='bbox 1066 1159 1479 1243; x_wconf 81' lang='lat' dir='ltr'><strong>quaestionem</strong></span> <span class='ocrx_word' id='word_1_62' title='bbox 1523 1179 1777 1243; x_wconf 90' lang='lat' dir='ltr'><strong>quoque</strong></span> <span class='ocrx_word' id='word_1_63' title='bbox 1815 1180 1941 1243; x_wconf 90' lang='lat' dir='ltr'><strong>qua</strong></span> <span class='ocrx_word' id='word_1_64' title='bbox 1978 1162 2228 1244; x_wconf 84' lang='lat' dir='ltr'><strong>quaerit,</strong></span> <span class='ocrx_word' id='word_1_65' title='bbox 2266 1181 2347 1223; x_wconf 90' lang='lat' dir='ltr'><strong>an</strong></span> 
     </span>
    </p>
   </div>
   <div class='ocr_carea' id='block_1_9' title="bbox 847 1258 2350 1836">
    <p class='ocr_par' dir='ltr' id='par_1_9' title="bbox 847 1258 2350 1836">
     <span class='ocr_line' id='line_1_12' title="bbox 850 1258 2350 1342; baseline 0 -21"><span class='ocrx_word' id='word_1_66' title='bbox 850 1258 1054 1321; x_wconf 88' lang='lat' dir='ltr'><strong>fatum</strong></span> <span class='ocrx_word' id='word_1_67' title='bbox 1085 1259 1169 1320; x_wconf 91' lang='lat' dir='ltr'><strong>sit</strong></span> <span class='ocrx_word' id='word_1_68' title='bbox 1198 1259 1550 1335; x_wconf 78' lang='lat' dir='ltr'><strong>immobile,</strong></span> <span class='ocrx_word' id='word_1_69' title='bbox 1585 1260 1677 1322; x_wconf 90' lang='lat' dir='ltr'><strong>sic</strong></span> <span class='ocrx_word' id='word_1_70' title='bbox 1713 1260 2052 1342; x_wconf 81' lang='lat' dir='ltr'><strong>respondet</strong></span> <span class='ocrx_word' id='word_1_71' title='bbox 2077 1279 2090 1323; x_wconf 91' lang='lat'>:</span> <span class='ocrx_word' id='word_1_72' title='bbox 2115 1260 2350 1323; x_wconf 90' lang='lat' dir='ltr'><strong>Secun-</strong></span> 
     </span>
     <span class='ocr_line' id='line_1_13' title="bbox 850 1357 2346 1441; baseline 0 -21"><span class='ocrx_word' id='word_1_73' title='bbox 850 1358 1075 1420; x_wconf 89' lang='lat' dir='ltr'><strong>darum</strong></span> <span class='ocrx_word' id='word_1_74' title='bbox 1133 1357 1469 1440; x_wconf 84' lang='lat' dir='ltr'><strong>dispositio</strong></span> <span class='ocrx_word' id='word_1_75' title='bbox 1526 1378 1884 1433; x_wconf 88' lang='lat' dir='ltr'><strong>causarum,</strong></span> <span class='ocrx_word' id='word_1_76' title='bbox 1941 1378 2082 1441; x_wconf 84' lang='lat' dir='ltr'><strong>quae</strong></span> <span class='ocrx_word' id='word_1_77' title='bbox 2143 1358 2346 1421; x_wconf 90' lang='lat' dir='ltr'><strong>fatum</strong></span> 
     </span>
     <span class='ocr_line' id='line_1_14' title="bbox 849 1457 2343 1541; baseline 0.001 -22"><span class='ocrx_word' id='word_1_78' title='bbox 849 1464 1131 1530; x_wconf 86' lang='lat' dir='ltr'><strong>vocatur,</strong></span> <span class='ocrx_word' id='word_1_79' title='bbox 1181 1457 1527 1539; x_wconf 78' lang='lat' dir='ltr'><strong>dupliciter</strong></span> <span class='ocrx_word' id='word_1_80' title='bbox 1575 1458 2012 1520; x_wconf 83' lang='lat' dir='ltr'><strong>consideratur</strong></span> <span class='ocrx_word' id='word_1_81' title='bbox 2053 1475 2068 1520; x_wconf 73' lang='grc' dir='ltr'><strong>ε</strong></span> <span class='ocrx_word' id='word_1_82' title='bbox 2111 1458 2343 1541; x_wconf 82' lang='lat' dir='ltr'><strong>prime,</strong></span> 
     </span>
     <span class='ocr_line' id='line_1_15' title="bbox 849 1556 2345 1639; baseline 0.001 -20"><span class='ocrx_word' id='word_1_83' title='bbox 849 1557 1204 1620; x_wconf 90' lang='lat' dir='ltr'><strong>secundum</strong></span> <span class='ocrx_word' id='word_1_84' title='bbox 1248 1556 1417 1638; x_wconf 91' lang='lat' dir='ltr'><strong>ipsas</strong></span> <span class='ocrx_word' id='word_1_85' title='bbox 1458 1575 1676 1620; x_wconf 82' lang='lat' dir='ltr'><strong>causas</strong></span> <span class='ocrx_word' id='word_1_86' title='bbox 1721 1556 2030 1620; x_wconf 85' lang='lat' dir='ltr'><strong>secundas</strong></span> <span class='ocrx_word' id='word_1_87' title='bbox 2072 1569 2215 1639; x_wconf 73' lang='lat' dir='ltr'><strong>quae</strong></span> <span class='ocrx_word' id='word_1_88' title='bbox 2252 1557 2345 1620; x_wconf 88' lang='lat' dir='ltr'><strong>sic</strong></span> 
     </span>
     <span class='ocr_line' id='line_1_16' title="bbox 848 1654 2342 1736; baseline 0.001 -20"><span class='ocrx_word' id='word_1_89' title='bbox 848 1654 1276 1736; x_wconf 89' lang='lat' dir='ltr'><strong>disponuntur</strong></span> <span class='ocrx_word' id='word_1_90' title='bbox 1323 1674 1435 1717; x_wconf 91' lang='lat' dir='ltr'><strong>seu</strong></span> <span class='ocrx_word' id='word_1_91' title='bbox 1485 1655 1904 1734; x_wconf 83' lang='lat' dir='ltr'><strong>ordinantur3</strong></span> <span class='ocrx_word' id='word_1_92' title='bbox 1952 1656 2078 1718; x_wconf 91' lang='lat' dir='ltr'><strong>alio</strong></span> <span class='ocrx_word' id='word_1_93' title='bbox 2132 1656 2342 1728; x_wconf 90' lang='lat' dir='ltr'><strong>modo,</strong></span> 
     </span>
     <span class='ocr_line' id='line_1_17' title="bbox 847 1752 2348 1836; baseline 0.001 -22"><span class='ocrx_word' id='word_1_94' title='bbox 847 1771 962 1834; x_wconf 86' lang='lat' dir='ltr'><strong>per</strong></span> <span class='ocrx_word' id='word_1_95' title='bbox 1006 1753 1373 1815; x_wconf 83' lang='lat' dir='ltr'><strong>relationem</strong></span> <span class='ocrx_word' id='word_1_96' title='bbox 1415 1755 1493 1816; x_wconf 90' lang='lat' dir='ltr'><strong>ad</strong></span> <span class='ocrx_word' id='word_1_97' title='bbox 1536 1753 1816 1836; x_wconf 89' lang='lat' dir='ltr'><strong>primum</strong></span> <span class='ocrx_word' id='word_1_98' title='bbox 1855 1752 2274 1835; x_wconf 90' lang='lat' dir='ltr'><strong>principium,</strong></span> <span class='ocrx_word' id='word_1_99' title='bbox 2309 1772 2348 1815; x_wconf 89' lang='lat' dir='ltr'><strong>a</strong></span> 
     </span>
    </p>
   </div>
   <div class='ocr_carea' id='block_1_10' title="bbox 2456 767 3971 1838">
    <p class='ocr_par' dir='ltr' id='par_1_10' title="bbox 2456 767 3969 1524">
     <span class='ocr_line' id='line_1_18' title="bbox 2456 767 3966 851; baseline 0.001 -21"><span class='ocrx_word' id='word_1_100' title='bbox 2456 767 2789 830; x_wconf 85' lang='lat' dir='ltr'><strong>videamur</strong></span> <span class='ocrx_word' id='word_1_101' title='bbox 2817 768 2929 851; x_wconf 87' lang='lat' dir='ltr'><strong>qui</strong></span> <span class='ocrx_word' id='word_1_102' title='bbox 2960 769 3125 832; x_wconf 89' lang='lat' dir='ltr'><strong>male</strong></span> <span class='ocrx_word' id='word_1_103' title='bbox 3155 776 3491 831; x_wconf 87' lang='lat' dir='ltr'><strong>senscrunt</strong></span> <span class='ocrx_word' id='word_1_104' title='bbox 3520 769 3597 832; x_wconf 90' lang='lat' dir='ltr'><strong>de</strong></span> <span class='ocrx_word' id='word_1_105' title='bbox 3636 769 3788 844; x_wconf 79' lang='lat' dir='ltr'><strong>fato,</strong></span> <span class='ocrx_word' id='word_1_106' title='bbox 3820 787 3966 832; x_wconf 91' lang='lat' dir='ltr'><strong>om-</strong></span> 
     </span>
     <span class='ocr_line' id='line_1_19' title="bbox 2459 866 3967 931; baseline 0 -2"><span class='ocrx_word' id='word_1_107' title='bbox 2459 867 2565 929; x_wconf 88' lang='lat' dir='ltr'><strong>nia</strong></span> <span class='ocrx_word' id='word_1_108' title='bbox 2613 867 2733 928; x_wconf 89' lang='lat' dir='ltr'><strong>ista</strong></span> <span class='ocrx_word' id='word_1_109' title='bbox 2783 866 3087 931; x_wconf 88' lang='lat' dir='ltr'><strong>inferiora</strong></span> <span class='ocrx_word' id='word_1_110' title='bbox 3136 867 3493 930; x_wconf 82' lang='lat' dir='ltr'><strong>influentiis</strong></span> <span class='ocrx_word' id='word_1_111' title='bbox 3545 868 3828 930; x_wconf 88' lang='lat' dir='ltr'><strong>siderum</strong></span> <span class='ocrx_word' id='word_1_112' title='bbox 3880 868 3967 929; x_wconf 86' lang='lat' dir='ltr'><strong>de</strong></span> 
     </span>
     <span class='ocr_line' id='line_1_20' title="bbox 2460 966 3969 1048; baseline -0.001 -19"><span class='ocrx_word' id='word_1_113' title='bbox 2460 966 2835 1029; x_wconf 77' lang='lat' dir='ltr'><strong>necessitate</strong></span> <span class='ocrx_word' id='word_1_114' title='bbox 2894 985 3033 1029; x_wconf 89' lang='lat' dir='ltr'><strong>esse</strong></span> <span class='ocrx_word' id='word_1_115' title='bbox 3095 966 3387 1048; x_wconf 88' lang='lat' dir='ltr'><strong>subjecta</strong></span> <span class='ocrx_word' id='word_1_116' title='bbox 3446 967 3750 1030; x_wconf 89' lang='lat' dir='ltr'><strong>dicentes.</strong></span> <span class='ocrx_word' id='word_1_117' title='bbox 3812 967 3969 1029; x_wconf 74' lang='lat' dir='ltr'><strong>Haec</strong></span> 
     </span>
     <span class='ocr_line' id='line_1_21' title="bbox 2460 1064 3967 1148; baseline 0 -22"><span class='ocrx_word' id='word_1_118' title='bbox 2460 1064 2571 1128; x_wconf 90' lang='lat' dir='ltr'><strong>ibi.</strong></span> <span class='ocrx_word' id='word_1_119' title='bbox 2604 1102 2685 1111; x_wconf 93' lang='lat'><strong>—-</strong></span> <span class='ocrx_word' id='word_1_120' title='bbox 2713 1066 3187 1138; x_wconf 74' lang='lat' dir='ltr'><strong>Verumtamen,</strong></span> <span class='ocrx_word' id='word_1_121' title='bbox 3222 1066 3276 1128; x_wconf 91' lang='lat' dir='ltr'><strong>si</strong></span> <span class='ocrx_word' id='word_1_122' title='bbox 3314 1065 3461 1148; x_wconf 91' lang='lat' dir='ltr'><strong>quis</strong></span> <span class='ocrx_word' id='word_1_123' title='bbox 3490 1065 3601 1127; x_wconf 89' lang='lat' dir='ltr'><strong>fati</strong></span> <span class='ocrx_word' id='word_1_124' title='bbox 3644 1065 3967 1128; x_wconf 88' lang='lat' dir='ltr'><strong>rationem</strong></span> 
     </span>
     <span class='ocr_line' id='line_1_22' title="bbox 2460 1163 3968 1246; baseline -0.001 -20"><span class='ocrx_word' id='word_1_125' title='bbox 2460 1171 2753 1246; x_wconf 89' lang='lat' dir='ltr'><strong>exponat,</strong></span> <span class='ocrx_word' id='word_1_126' title='bbox 2789 1171 2853 1226; x_wconf 88' lang='lat' dir='ltr'><strong>ut</strong></span> <span class='ocrx_word' id='word_1_127' title='bbox 2900 1164 3029 1246; x_wconf 85' lang='lat' dir='ltr'><strong>egit</strong></span> <span class='ocrx_word' id='word_1_128' title='bbox 3064 1163 3343 1238; x_wconf 81' lang='lat' dir='ltr'><strong>BoetiuS,</strong></span> <span class='ocrx_word' id='word_1_129' title='bbox 3386 1181 3512 1226; x_wconf 90' lang='lat' dir='ltr'><strong>non</strong></span> <span class='ocrx_word' id='word_1_130' title='bbox 3550 1163 3807 1226; x_wconf 88' lang='lat' dir='ltr'><strong>videtur</strong></span> <span class='ocrx_word' id='word_1_131' title='bbox 3850 1182 3968 1245; x_wconf 87' lang='lat' dir='ltr'><strong>pe-</strong></span> 
     </span>
     <span class='ocr_line' id='line_1_23' title="bbox 2459 1262 3968 1336; baseline 0 -12"><span class='ocrx_word' id='word_1_132' title='bbox 2459 1263 2807 1325; x_wconf 89' lang='lat' dir='ltr'><strong>riculosum</strong></span> <span class='ocrx_word' id='word_1_133' title='bbox 2868 1263 2961 1325; x_wconf 89' lang='lat' dir='ltr'><strong>uti</strong></span> <span class='ocrx_word' id='word_1_134' title='bbox 3018 1263 3265 1336; x_wconf 89' lang='lat' dir='ltr'><strong>eodem,</strong></span> <span class='ocrx_word' id='word_1_135' title='bbox 3321 1262 3488 1324; x_wconf 89' lang='lat' dir='ltr'><strong>sicut</strong></span> <span class='ocrx_word' id='word_1_136' title='bbox 3543 1262 3801 1326; x_wconf 83' lang='lat' dir='ltr'><strong>Boetius</strong></span> <span class='ocrx_word' id='word_1_137' title='bbox 3860 1262 3968 1324; x_wconf 89' lang='lat' dir='ltr'><strong>vir</strong></span> 
     </span>
     <span class='ocr_line' id='line_1_24' title="bbox 2460 1360 3967 1443; baseline -0.001 -20"><span class='ocrx_word' id='word_1_138' title='bbox 2460 1369 2715 1424; x_wconf 89' lang='lat' dir='ltr'><strong>sanctus</strong></span> <span class='ocrx_word' id='word_1_139' title='bbox 2745 1369 2935 1443; x_wconf 86' lang='lat' dir='ltr'><strong>atque</strong></span> <span class='ocrx_word' id='word_1_140' title='bbox 2965 1360 3315 1424; x_wconf 90' lang='lat' dir='ltr'><strong>catholicus</strong></span> <span class='ocrx_word' id='word_1_141' title='bbox 3348 1381 3500 1423; x_wconf 92' lang='lat' dir='ltr'><strong>usus</strong></span> <span class='ocrx_word' id='word_1_142' title='bbox 3534 1369 3650 1435; x_wconf 86' lang='lat' dir='ltr'><strong>est,</strong></span> <span class='ocrx_word' id='word_1_143' title='bbox 3676 1368 3738 1424; x_wconf 88' lang='lat' dir='ltr'><strong>et</strong></span> <span class='ocrx_word' id='word_1_144' title='bbox 3770 1361 3967 1424; x_wconf 87' lang='lat' dir='ltr'><strong>multi</strong></span> 
     </span>
     <span class='ocr_line' id='line_1_25' title="bbox 2459 1461 2767 1524; baseline 0 -2"><span class='ocrx_word' id='word_1_145' title='bbox 2459 1461 2767 1524; x_wconf 89' lang='lat' dir='ltr'><strong>doctores.</strong></span> 
     </span>
    </p>

    <p class='ocr_par' dir='ltr' id='par_1_11' title="bbox 2458 1558 3971 1838">
     <span class='ocr_line' id='line_1_26' title="bbox 2538 1558 3971 1632; baseline 0.001 -12"><span class='ocrx_word' id='word_1_146' title='bbox 2538 1558 2649 1622; x_wconf 90' lang='lat' dir='ltr'><strong>His</strong></span> <span class='ocrx_word' id='word_1_147' title='bbox 2692 1559 3081 1622; x_wconf 87' lang='lat' dir='ltr'><strong>concordans</strong></span> <span class='ocrx_word' id='word_1_148' title='bbox 3126 1558 3459 1621; x_wconf 87' lang='lat' dir='ltr'><strong>Durandus</strong></span> <span class='ocrx_word' id='word_1_149' title='bbox 3495 1576 3513 1621; x_wconf 73' lang='grc' dir='ltr'>ι</span> <span class='ocrx_word' id='word_1_150' title='bbox 3544 1559 3971 1632; x_wconf 89' lang='lat' dir='ltr'><strong>Quemadmo-</strong></span> 
     </span>
     <span class='ocr_line' id='line_1_27' title="bbox 2458 1657 3967 1739; baseline 0 -19"><span class='ocrx_word' id='word_1_151' title='bbox 2458 1659 2613 1720; x_wconf 91' lang='lat' dir='ltr'><strong>dum</strong></span> <span class='ocrx_word' id='word_1_152' title='bbox 2643 1657 2910 1739; x_wconf 89' lang='lat' dir='ltr'><strong>(inquit)</strong></span> <span class='ocrx_word' id='word_1_153' title='bbox 2939 1657 3209 1720; x_wconf 90' lang='lat' dir='ltr'><strong>verbum</strong></span> <span class='ocrx_word' id='word_1_154' title='bbox 3240 1657 3457 1720; x_wconf 82' lang='lat' dir='ltr'><strong>vocale</strong></span> <span class='ocrx_word' id='word_1_155' title='bbox 3488 1665 3584 1719; x_wconf 89' lang='lat' dir='ltr'><strong>est</strong></span> <span class='ocrx_word' id='word_1_156' title='bbox 3617 1657 3967 1720; x_wconf 83' lang='lat' dir='ltr'><strong>effativum</strong></span> 
     </span>
     <span class='ocr_line' id='line_1_28' title="bbox 2460 1755 3969 1838; baseline 0.001 -19"><span class='ocrx_word' id='word_1_157' title='bbox 2460 1756 2781 1820; x_wconf 88' lang='lat' dir='ltr'><strong>interioris</strong></span> <span class='ocrx_word' id='word_1_158' title='bbox 2838 1763 3231 1838; x_wconf 85' lang='lat' dir='ltr'><strong>conceptus3</strong></span> <span class='ocrx_word' id='word_1_159' title='bbox 3284 1756 3377 1818; x_wconf 91' lang='lat' dir='ltr'><strong>sic</strong></span> <span class='ocrx_word' id='word_1_160' title='bbox 3436 1755 3663 1830; x_wconf 85' lang='lat' dir='ltr'><strong>fatum,</strong></span> <span class='ocrx_word' id='word_1_161' title='bbox 3722 1756 3969 1820; x_wconf 82' lang='lat' dir='ltr'><strong>divinae</strong></span> 
     </span>
    </p>
   </div>
   <div class='ocr_carea' id='block_1_11' title="bbox 846 1850 3969 1938">
    <p class='ocr_par' dir='ltr' id='par_1_12' title="bbox 846 1850 3969 1938">
     <span class='ocr_line' id='line_1_29' title="bbox 846 1850 3969 1938; baseline 0.001 -25"><span class='ocrx_word' id='word_1_162' title='bbox 846 1869 974 1934; x_wconf 88' lang='lat' dir='ltr'><strong>quo</strong></span> <span class='ocrx_word' id='word_1_163' title='bbox 1003 1850 1397 1926; x_wconf 88' lang='lat' dir='ltr'><strong>ordinantur,</strong></span> <span class='ocrx_word' id='word_1_164' title='bbox 1431 1852 1678 1915; x_wconf 89' lang='lat' dir='ltr'><strong>scilicet</strong></span> <span class='ocrx_word' id='word_1_165' title='bbox 1707 1854 1928 1915; x_wconf 92' lang='lat' dir='ltr'><strong>Deum.</strong></span> <span class='ocrx_word' id='word_1_166' title='bbox 1954 1852 2221 1926; x_wconf 87' lang='lat' dir='ltr'><strong>Quidam</strong></span> <span class='ocrx_word' id='word_1_167' title='bbox 2252 1871 2345 1914; x_wconf 90' lang='lat' dir='ltr'><strong>er-</strong></span> <span class='ocrx_word' id='word_1_168' title='bbox 2382 1853 2431 1917; x_wconf 93' lang='lat' dir='ltr'><strong>B</strong></span> <span class='ocrx_word' id='word_1_169' title='bbox 2460 1855 2877 1938; x_wconf 85' lang='lat' dir='ltr'><strong>providentiae</strong></span> <span class='ocrx_word' id='word_1_170' title='bbox 2924 1872 2937 1916; x_wconf 77' lang='grc' dir='ltr'><strong>ε</strong></span> <span class='ocrx_word' id='word_1_171' title='bbox 2986 1855 3287 1937; x_wconf 87' lang='lat' dir='ltr'><strong>quoniam</strong></span> <span class='ocrx_word' id='word_1_172' title='bbox 3339 1854 3509 1936; x_wconf 88' lang='lat' dir='ltr'><strong>quod</strong></span> <span class='ocrx_word' id='word_1_173' title='bbox 3559 1854 3969 1936; x_wconf 73' lang='lat' dir='ltr'><strong>praescientia</strong></span> 
     </span>
    </p>
   </div>
   <div class='ocr_carea' id='block_1_12' title="bbox 841 1949 2345 3020">
    <p class='ocr_par' dir='ltr' id='par_1_13' title="bbox 841 1949 2345 3020">
     <span class='ocr_line' id='line_1_30' title="bbox 843 1949 2345 2033; baseline 0.001 -22"><span class='ocrx_word' id='word_1_174' title='bbox 843 1967 926 2031; x_wconf 77' lang='lat' dir='ltr'><strong>go</strong></span> <span class='ocrx_word' id='word_1_175' title='bbox 955 1949 1273 2025; x_wconf 89' lang='lat' dir='ltr'><strong>dixerunt,</strong></span> <span class='ocrx_word' id='word_1_176' title='bbox 1307 1950 1538 2014; x_wconf 89' lang='lat' dir='ltr'><strong>seriem</strong></span> <span class='ocrx_word' id='word_1_177' title='bbox 1579 1970 1692 2013; x_wconf 90' lang='lat' dir='ltr'><strong>seu</strong></span> <span class='ocrx_word' id='word_1_178' title='bbox 1733 1950 2218 2033; x_wconf 83' lang='lat' dir='ltr'><strong>dispositionem</strong></span> <span class='ocrx_word' id='word_1_179' title='bbox 2250 1969 2345 2032; x_wconf 69' lang='lat' dir='ltr'><strong>se7</strong></span> 
     </span>
     <span class='ocr_line' id='line_1_31' title="bbox 847 2049 2344 2112; baseline 0.001 -2"><span class='ocrx_word' id='word_1_180' title='bbox 847 2049 1202 2110; x_wconf 89' lang='lat' dir='ltr'><strong>cundarum</strong></span> <span class='ocrx_word' id='word_1_181' title='bbox 1247 2068 1580 2112; x_wconf 89' lang='lat' dir='ltr'><strong>causarum</strong></span> <span class='ocrx_word' id='word_1_182' title='bbox 1625 2049 1973 2112; x_wconf 88' lang='lat' dir='ltr'><strong>secundum</strong></span> <span class='ocrx_word' id='word_1_183' title='bbox 2021 2069 2088 2111; x_wconf 91' lang='lat' dir='ltr'><strong>se</strong></span> <span class='ocrx_word' id='word_1_184' title='bbox 2127 2067 2344 2111; x_wconf 89' lang='lat' dir='ltr'><strong>neccs-</strong></span> 
     </span>
     <span class='ocr_line' id='line_1_32' title="bbox 847 2146 2344 2230; baseline 0.001 -22"><span class='ocrx_word' id='word_1_185' title='bbox 847 2146 1078 2209; x_wconf 90' lang='lat' dir='ltr'><strong>sariam</strong></span> <span class='ocrx_word' id='word_1_186' title='bbox 1109 2147 1372 2222; x_wconf 84' lang='lat' dir='ltr'><strong>esse‚ita</strong></span> <span class='ocrx_word' id='word_1_187' title='bbox 1401 2148 1567 2230; x_wconf 90' lang='lat' dir='ltr'><strong>quod</strong></span> <span class='ocrx_word' id='word_1_188' title='bbox 1603 2155 1832 2210; x_wconf 90' lang='lat' dir='ltr'><strong>cuncta</strong></span> <span class='ocrx_word' id='word_1_189' title='bbox 1860 2148 1938 2210; x_wconf 92' lang='lat' dir='ltr'><strong>de</strong></span> <span class='ocrx_word' id='word_1_190' title='bbox 1969 2147 2344 2210; x_wconf 82' lang='lat' dir='ltr'><strong>necessitate</strong></span> 
     </span>
     <span class='ocr_line' id='line_1_33' title="bbox 847 2245 2345 2329; baseline 0 -22"><span class='ocrx_word' id='word_1_191' title='bbox 847 2245 1307 2326; x_wconf 85' lang='lat' dir='ltr'><strong>contingerent,</strong></span> <span class='ocrx_word' id='word_1_192' title='bbox 1340 2264 1416 2308; x_wconf 92' lang='lat' dir='ltr'><strong>eo</strong></span> <span class='ocrx_word' id='word_1_193' title='bbox 1449 2247 1618 2328; x_wconf 89' lang='lat' dir='ltr'><strong>quod</strong></span> <span class='ocrx_word' id='word_1_194' title='bbox 1660 2246 2164 2329; x_wconf 88' lang='lat' dir='ltr'><strong>unumquodque</strong></span> <span class='ocrx_word' id='word_1_195' title='bbox 2200 2265 2345 2308; x_wconf 89' lang='lat' dir='ltr'><strong>cau-</strong></span> 
     </span>
     <span class='ocr_line' id='line_1_34' title="bbox 847 2345 2342 2427; baseline 0.001 -21"><span class='ocrx_word' id='word_1_196' title='bbox 847 2353 1052 2408; x_wconf 87' lang='lat' dir='ltr'><strong>satum</strong></span> <span class='ocrx_word' id='word_1_197' title='bbox 1085 2363 1262 2406; x_wconf 88' lang='lat' dir='ltr'><strong>suam</strong></span> <span class='ocrx_word' id='word_1_198' title='bbox 1304 2345 1532 2407; x_wconf 90' lang='lat' dir='ltr'><strong>habeat</strong></span> <span class='ocrx_word' id='word_1_199' title='bbox 1571 2364 1848 2420; x_wconf 91' lang='lat' dir='ltr'><strong>causam,</strong></span> <span class='ocrx_word' id='word_1_200' title='bbox 1884 2364 2201 2427; x_wconf 87' lang='lat' dir='ltr'><strong>causaque</strong></span> <span class='ocrx_word' id='word_1_201' title='bbox 2234 2364 2342 2427; x_wconf 93' lang='lat' dir='ltr'><strong>po-</strong></span> 
     </span>
     <span class='ocr_line' id='line_1_35' title="bbox 845 2443 2343 2526; baseline 0.001 -21"><span class='ocrx_word' id='word_1_202' title='bbox 845 2445 986 2517; x_wconf 89' lang='lat' dir='ltr'><strong>sita,</strong></span> <span class='ocrx_word' id='word_1_203' title='bbox 1029 2462 1289 2507; x_wconf 89' lang='lat' dir='ltr'><strong>necesse</strong></span> <span class='ocrx_word' id='word_1_204' title='bbox 1337 2444 1418 2506; x_wconf 92' lang='lat' dir='ltr'><strong>sit</strong></span> <span class='ocrx_word' id='word_1_205' title='bbox 1467 2444 1619 2526; x_wconf 91' lang='lat' dir='ltr'><strong>poni</strong></span> <span class='ocrx_word' id='word_1_206' title='bbox 1669 2443 1995 2506; x_wconf 86' lang='lat' dir='ltr'><strong>effectum.</strong></span> <span class='ocrx_word' id='word_1_207' title='bbox 2041 2444 2217 2517; x_wconf 88' lang='lat' dir='ltr'><strong>Quod</strong></span> <span class='ocrx_word' id='word_1_208' title='bbox 2266 2463 2343 2506; x_wconf 89' lang='lat' dir='ltr'><strong>ex</strong></span> 
     </span>
     <span class='ocr_line' id='line_1_36' title="bbox 846 2541 2342 2624; baseline 0 -20"><span class='ocrx_word' id='word_1_209' title='bbox 846 2542 1214 2624; x_wconf 81' lang='lat' dir='ltr'><strong>praehabitis</strong></span> <span class='ocrx_word' id='word_1_210' title='bbox 1283 2550 1528 2605; x_wconf 89' lang='lat' dir='ltr'><strong>constat</strong></span> <span class='ocrx_word' id='word_1_211' title='bbox 1588 2561 1727 2605; x_wconf 90' lang='lat' dir='ltr'><strong>esse</strong></span> <span class='ocrx_word' id='word_1_212' title='bbox 1793 2559 2151 2604; x_wconf 88' lang='lat' dir='ltr'><strong>erroneum.</strong></span> <span class='ocrx_word' id='word_1_213' title='bbox 2217 2541 2342 2604; x_wconf 83' lang='lat' dir='ltr'><strong>Alii</strong></span> 
     </span>
     <span class='ocr_line' id='line_1_37' title="bbox 843 2639 2342 2716; baseline -0.001 -12"><span class='ocrx_word' id='word_1_214' title='bbox 843 2641 1198 2705; x_wconf 88' lang='lat' dir='ltr'><strong>econtrario</strong></span> <span class='ocrx_word' id='word_1_215' title='bbox 1260 2643 1580 2716; x_wconf 85' lang='lat' dir='ltr'><strong>dixerunt,</strong></span> <span class='ocrx_word' id='word_1_216' title='bbox 1641 2640 1843 2703; x_wconf 89' lang='lat' dir='ltr'><strong>fatum</strong></span> <span class='ocrx_word' id='word_1_217' title='bbox 1901 2660 2040 2704; x_wconf 89' lang='lat' dir='ltr'><strong>esse</strong></span> <span class='ocrx_word' id='word_1_218' title='bbox 2105 2639 2342 2704; x_wconf 88' lang='lat' dir='ltr'><strong>mobile</strong></span> 
     </span>
     <span class='ocr_line' id='line_1_38' title="bbox 843 2739 2342 2822; baseline -0.002 -19"><span class='ocrx_word' id='word_1_219' title='bbox 843 2741 1036 2804; x_wconf 90' lang='lat' dir='ltr'><strong>etiam</strong></span> <span class='ocrx_word' id='word_1_220' title='bbox 1087 2741 1438 2803; x_wconf 90' lang='lat' dir='ltr'><strong>secundum</strong></span> <span class='ocrx_word' id='word_1_221' title='bbox 1485 2741 1654 2822; x_wconf 90' lang='lat' dir='ltr'><strong>quod</strong></span> <span class='ocrx_word' id='word_1_222' title='bbox 1702 2759 1740 2802; x_wconf 91' lang='lat' dir='ltr'><strong>a</strong></span> <span class='ocrx_word' id='word_1_223' title='bbox 1791 2739 2189 2821; x_wconf 88' lang='lat' dir='ltr'><strong>providentia</strong></span> <span class='ocrx_word' id='word_1_224' title='bbox 2237 2739 2342 2818; x_wconf 84' lang='lat' dir='ltr'><strong>de-</strong></span> 
     </span>
     <span class='ocr_line' id='line_1_39' title="bbox 842 2838 2345 2923; baseline -0.002 -21"><span class='ocrx_word' id='word_1_225' title='bbox 842 2840 1078 2923; x_wconf 89' lang='lat' dir='ltr'><strong>pendet</strong></span> <span class='ocrx_word' id='word_1_226' title='bbox 1107 2839 1342 2902; x_wconf 89' lang='lat' dir='ltr'><strong>divina.</strong></span> <span class='ocrx_word' id='word_1_227' title='bbox 1377 2839 1552 2902; x_wconf 91' lang='lat' dir='ltr'><strong>Unde</strong></span> <span class='ocrx_word' id='word_1_228' title='bbox 1584 2839 1920 2920; x_wconf 73' lang='lat' dir='ltr'><strong>Gregorius</strong></span> <span class='ocrx_word' id='word_1_229' title='bbox 1950 2846 2161 2900; x_wconf 90' lang='lat' dir='ltr'><strong>narrat</strong></span> <span class='ocrx_word' id='word_1_230' title='bbox 2192 2838 2345 2921; x_wconf 85' lang='lat' dir='ltr'><strong>Nys-</strong></span> 
     </span>
     <span class='ocr_line' id='line_1_40' title="bbox 841 2936 2343 3020; baseline -0.001 -20"><span class='ocrx_word' id='word_1_231' title='bbox 841 2957 1056 3010; x_wconf 82' lang='lat' dir='ltr'><strong>senuS‚</strong></span> <span class='ocrx_word' id='word_1_232' title='bbox 1109 2938 1277 3020; x_wconf 91' lang='lat' dir='ltr'><strong>quod</strong></span> <span class='ocrx_word' id='word_1_233' title='bbox 1338 2939 1597 3019; x_wconf 86' lang='lat' dir='ltr'><strong>quidam</strong></span> <span class='ocrx_word' id='word_1_234' title='bbox 1643 2936 1916 3019; x_wconf 82' lang='lat' dir='ltr'><strong>AEgyptii</strong></span> <span class='ocrx_word' id='word_1_235' title='bbox 1975 2937 2343 2999; x_wconf 88' lang='lat' dir='ltr'><strong>asserebant</strong></span> 
     </span>
    </p>
   </div>
   <div class='ocr_carea' id='block_1_13' title="bbox 2456 1953 3969 3022">
    <p class='ocr_par' dir='ltr' id='par_1_14' title="bbox 2456 1953 3969 3022">
     <span class='ocr_line' id='line_1_41' title="bbox 2458 1953 3965 2036; baseline 0 -20"><span class='ocrx_word' id='word_1_236' title='bbox 2458 1954 2676 2016; x_wconf 90' lang='lat' dir='ltr'><strong>divina</strong></span> <span class='ocrx_word' id='word_1_237' title='bbox 2722 1953 3083 2016; x_wconf 90' lang='lat' dir='ltr'><strong>ordinatum</strong></span> <span class='ocrx_word' id='word_1_238' title='bbox 3134 1962 3249 2028; x_wconf 90' lang='lat' dir='ltr'><strong>est,</strong></span> <span class='ocrx_word' id='word_1_239' title='bbox 3297 1953 3569 2036; x_wconf 90' lang='lat' dir='ltr'><strong>quadam</strong></span> <span class='ocrx_word' id='word_1_240' title='bbox 3619 1972 3965 2016; x_wconf 85' lang='lat' dir='ltr'><strong>causarum</strong></span> 
     </span>
     <span class='ocr_line' id='line_1_42' title="bbox 2460 2050 3963 2132; baseline 0 -18"><span class='ocrx_word' id='word_1_241' title='bbox 2460 2053 2855 2115; x_wconf 86' lang='lat' dir='ltr'><strong>connexione</strong></span> <span class='ocrx_word' id='word_1_242' title='bbox 2884 2050 3138 2114; x_wconf 80' lang='lat' dir='ltr'><strong>effatur.</strong></span> <span class='ocrx_word' id='word_1_243' title='bbox 3163 2050 3567 2114; x_wconf 85' lang='lat' dir='ltr'><strong>Providentia</strong></span> <span class='ocrx_word' id='word_1_244' title='bbox 3593 2069 3743 2132; x_wconf 82' lang='lat' dir='ltr'><strong>ergo</strong></span> <span class='ocrx_word' id='word_1_245' title='bbox 3770 2058 3831 2114; x_wconf 89' lang='lat' dir='ltr'><strong>et</strong></span> <span class='ocrx_word' id='word_1_246' title='bbox 3866 2051 3963 2114; x_wconf 90' lang='lat' dir='ltr'><strong>fa-</strong></span> 
     </span>
     <span class='ocr_line' id='line_1_43' title="bbox 2458 2149 3965 2231; baseline 0.001 -18"><span class='ocrx_word' id='word_1_247' title='bbox 2458 2159 2595 2214; x_wconf 91' lang='lat' dir='ltr'><strong>tum</strong></span> <span class='ocrx_word' id='word_1_248' title='bbox 2654 2150 3138 2231; x_wconf 85' lang='lat' dir='ltr'><strong>distinguuntur</strong></span> <span class='ocrx_word' id='word_1_249' title='bbox 3196 2150 3261 2212; x_wconf 91' lang='lat' dir='ltr'><strong>in</strong></span> <span class='ocrx_word' id='word_1_250' title='bbox 3322 2149 3559 2212; x_wconf 89' lang='lat' dir='ltr'><strong>multis.</strong></span> <span class='ocrx_word' id='word_1_251' title='bbox 3612 2150 3821 2213; x_wconf 88' lang='lat' dir='ltr'><strong>Primo</strong></span> <span class='ocrx_word' id='word_1_252' title='bbox 3880 2170 3965 2214; x_wconf 83' lang='lat' dir='ltr'><strong>ex</strong></span> 
     </span>
     <span class='ocr_line' id='line_1_44' title="bbox 2458 2248 3965 2333; baseline -0.001 -20"><span class='ocrx_word' id='word_1_253' title='bbox 2458 2259 2635 2333; x_wconf 89' lang='lat' dir='ltr'><strong>parte</strong></span> <span class='ocrx_word' id='word_1_254' title='bbox 2694 2249 2968 2330; x_wconf 87' lang='lat' dir='ltr'><strong>subjecti</strong></span> <span class='ocrx_word' id='word_1_255' title='bbox 3023 2265 3037 2311; x_wconf 92' lang='lat'><strong>:</strong></span> <span class='ocrx_word' id='word_1_256' title='bbox 3096 2248 3497 2330; x_wconf 88' lang='lat' dir='ltr'><strong>providentia</strong></span> <span class='ocrx_word' id='word_1_257' title='bbox 3553 2267 3827 2331; x_wconf 88' lang='lat' dir='ltr'><strong>namque</strong></span> <span class='ocrx_word' id='word_1_258' title='bbox 3894 2251 3965 2312; x_wconf 87' lang='lat' dir='ltr'><strong>in</strong></span> 
     </span>
     <span class='ocr_line' id='line_1_45' title="bbox 2458 2347 3963 2420; baseline 0.001 -10"><span class='ocrx_word' id='word_1_259' title='bbox 2458 2356 2669 2411; x_wconf 89' lang='lat' dir='ltr'><strong>mente</strong></span> <span class='ocrx_word' id='word_1_260' title='bbox 2716 2357 2813 2411; x_wconf 92' lang='lat' dir='ltr'><strong>est</strong></span> <span class='ocrx_word' id='word_1_261' title='bbox 2863 2347 3194 2420; x_wconf 80' lang='lat' dir='ltr'><strong>CreatoriS,</strong></span> <span class='ocrx_word' id='word_1_262' title='bbox 3234 2347 3437 2410; x_wconf 90' lang='lat' dir='ltr'><strong>fatum</strong></span> <span class='ocrx_word' id='word_1_263' title='bbox 3488 2347 3553 2409; x_wconf 91' lang='lat' dir='ltr'><strong>in</strong></span> <span class='ocrx_word' id='word_1_264' title='bbox 3602 2348 3809 2410; x_wconf 88' lang='lat' dir='ltr'><strong>causis</strong></span> <span class='ocrx_word' id='word_1_265' title='bbox 3862 2369 3963 2412; x_wconf 86' lang='lat' dir='ltr'><strong>se-</strong></span> 
     </span>
     <span class='ocr_line' id='line_1_46' title="bbox 2457 2446 3969 2528; baseline 0 -18"><span class='ocrx_word' id='word_1_266' title='bbox 2457 2447 2705 2520; x_wconf 83' lang='lat' dir='ltr'><strong>cundiS‚</strong></span> <span class='ocrx_word' id='word_1_267' title='bbox 2739 2466 2939 2528; x_wconf 88' lang='lat' dir='ltr'><strong>quum</strong></span> <span class='ocrx_word' id='word_1_268' title='bbox 2973 2446 3055 2508; x_wconf 89' lang='lat' dir='ltr'><strong>sit</strong></span> <span class='ocrx_word' id='word_1_269' title='bbox 3096 2447 3519 2509; x_wconf 90' lang='lat' dir='ltr'><strong>secundarum</strong></span> <span class='ocrx_word' id='word_1_270' title='bbox 3557 2446 3713 2510; x_wconf 91' lang='lat' dir='ltr'><strong>ordo</strong></span> <span class='ocrx_word' id='word_1_271' title='bbox 3742 2465 3969 2510; x_wconf 87' lang='lat' dir='ltr'><strong>causa-</strong></span> 
     </span>
     <span class='ocr_line' id='line_1_47' title="bbox 2456 2544 3962 2627; baseline 0 -19"><span class='ocrx_word' id='word_1_272' title='bbox 2456 2566 2598 2608; x_wconf 89' lang='lat' dir='ltr'><strong>rum</strong></span> <span class='ocrx_word' id='word_1_273' title='bbox 2632 2546 2929 2608; x_wconf 90' lang='lat' dir='ltr'><strong>reductus</strong></span> <span class='ocrx_word' id='word_1_274' title='bbox 2961 2545 3028 2608; x_wconf 88' lang='lat' dir='ltr'><strong>in</strong></span> <span class='ocrx_word' id='word_1_275' title='bbox 3057 2545 3279 2608; x_wconf 89' lang='lat' dir='ltr'><strong>Deum.</strong></span> <span class='ocrx_word' id='word_1_276' title='bbox 3304 2545 3617 2618; x_wconf 87' lang='lat' dir='ltr'><strong>Secundo,</strong></span> <span class='ocrx_word' id='word_1_277' title='bbox 3649 2544 3962 2627; x_wconf 86' lang='lat' dir='ltr'><strong>quoniam</strong></span> 
     </span>
     <span class='ocr_line' id='line_1_48' title="bbox 2459 2643 3965 2726; baseline 0.001 -20"><span class='ocrx_word' id='word_1_278' title='bbox 2459 2645 2660 2707; x_wconf 89' lang='lat' dir='ltr'><strong>fatum</strong></span> <span class='ocrx_word' id='word_1_279' title='bbox 2718 2651 2814 2706; x_wconf 90' lang='lat' dir='ltr'><strong>est</strong></span> <span class='ocrx_word' id='word_1_280' title='bbox 2863 2643 3017 2726; x_wconf 86' lang='lat' dir='ltr'><strong>quid</strong></span> <span class='ocrx_word' id='word_1_281' title='bbox 3069 2651 3375 2716; x_wconf 88' lang='lat' dir='ltr'><strong>creatum,</strong></span> <span class='ocrx_word' id='word_1_282' title='bbox 3426 2663 3505 2706; x_wconf 86' lang='lat' dir='ltr'><strong>ex</strong></span> <span class='ocrx_word' id='word_1_283' title='bbox 3556 2643 3965 2726; x_wconf 81' lang='lat' dir='ltr'><strong>providentia</strong></span> 
     </span>
     <span class='ocr_line' id='line_1_49' title="bbox 2456 2741 3959 2824; baseline 0.001 -19"><span class='ocrx_word' id='word_1_284' title='bbox 2456 2743 2624 2806; x_wconf 90' lang='lat' dir='ltr'><strong>sicut</strong></span> <span class='ocrx_word' id='word_1_285' title='bbox 2652 2763 2729 2805; x_wconf 86' lang='lat' dir='ltr'><strong>ex</strong></span> <span class='ocrx_word' id='word_1_286' title='bbox 2762 2743 3039 2805; x_wconf 88' lang='lat' dir='ltr'><strong>increata</strong></span> <span class='ocrx_word' id='word_1_287' title='bbox 3070 2761 3261 2804; x_wconf 88' lang='lat' dir='ltr'><strong>causa</strong></span> <span class='ocrx_word' id='word_1_288' title='bbox 3298 2741 3683 2824; x_wconf 86' lang='lat' dir='ltr'><strong>dependens.</strong></span> <span class='ocrx_word' id='word_1_289' title='bbox 3720 2742 3959 2816; x_wconf 86' lang='lat' dir='ltr'><strong>Terti0‚</strong></span> 
     </span>
     <span class='ocr_line' id='line_1_50' title="bbox 2456 2838 3965 2923; baseline 0.001 -21"><span class='ocrx_word' id='word_1_290' title='bbox 2456 2841 2606 2923; x_wconf 86' lang='lat' dir='ltr'><strong>quia</strong></span> <span class='ocrx_word' id='word_1_291' title='bbox 2654 2839 3055 2922; x_wconf 88' lang='lat' dir='ltr'><strong>providentia</strong></span> <span class='ocrx_word' id='word_1_292' title='bbox 3101 2847 3197 2902; x_wconf 89' lang='lat' dir='ltr'><strong>est</strong></span> <span class='ocrx_word' id='word_1_293' title='bbox 3244 2847 3498 2914; x_wconf 85' lang='lat' dir='ltr'><strong>aeterna,</strong></span> <span class='ocrx_word' id='word_1_294' title='bbox 3544 2838 3747 2902; x_wconf 89' lang='lat' dir='ltr'><strong>fatum</strong></span> <span class='ocrx_word' id='word_1_295' title='bbox 3796 2848 3965 2904; x_wconf 86' lang='lat' dir='ltr'><strong>tem-</strong></span> 
     </span>
     <span class='ocr_line' id='line_1_51' title="bbox 2456 2937 3961 3022; baseline -0.001 -21"><span class='ocrx_word' id='word_1_296' title='bbox 2456 2940 2668 3022; x_wconf 87' lang='lat' dir='ltr'><strong>porale</strong></span> <span class='ocrx_word' id='word_1_297' title='bbox 2704 2957 2717 3001; x_wconf 92' lang='lat'>:</span> <span class='ocrx_word' id='word_1_298' title='bbox 2752 2939 2921 3021; x_wconf 90' lang='lat' dir='ltr'><strong>quod</strong></span> <span class='ocrx_word' id='word_1_299' title='bbox 2952 2939 3125 3000; x_wconf 90' lang='lat' dir='ltr'><strong>enim</strong></span> <span class='ocrx_word' id='word_1_300' title='bbox 3159 2939 3323 3000; x_wconf 91' lang='lat' dir='ltr'><strong>Deus</strong></span> <span class='ocrx_word' id='word_1_301' title='bbox 3353 2937 3435 3000; x_wconf 90' lang='lat' dir='ltr'><strong>ab</strong></span> <span class='ocrx_word' id='word_1_302' title='bbox 3473 2945 3711 3002; x_wconf 78' lang='lat' dir='ltr'><strong>aeterno</strong></span> <span class='ocrx_word' id='word_1_303' title='bbox 3740 2939 3961 3022; x_wconf 89' lang='lat' dir='ltr'><strong>dispo-</strong></span> 
     </span>
    </p>
   </div>
   <div class='ocr_carea' id='block_1_14' title="bbox 847 3032 3967 3119">
    <p class='ocr_par' dir='ltr' id='par_1_15' title="bbox 847 3032 3967 3119">
     <span class='ocr_line' id='line_1_52' title="bbox 847 3032 3967 3119; baseline 0.001 -21"><span class='ocrx_word' id='word_1_304' title='bbox 847 3036 1047 3098; x_wconf 88' lang='lat' dir='ltr'><strong>fatum</strong></span> <span class='ocrx_word' id='word_1_305' title='bbox 1079 3035 1461 3117; x_wconf 89' lang='lat' dir='ltr'><strong>quibusdam</strong></span> <span class='ocrx_word' id='word_1_306' title='bbox 1494 3034 1830 3097; x_wconf 80' lang='lat' dir='ltr'><strong>sacrificiis</strong></span> <span class='ocrx_word' id='word_1_307' title='bbox 1863 3053 2050 3116; x_wconf 86' lang='lat' dir='ltr'><strong>posse</strong></span> <span class='ocrx_word' id='word_1_308' title='bbox 2083 3035 2335 3097; x_wconf 89' lang='lat' dir='ltr'><strong>mutari.</strong></span> <span class='ocrx_word' id='word_1_309' title='bbox 2380 3032 2423 3095; x_wconf 89' lang='lat' dir='ltr'>C</span> <span class='ocrx_word' id='word_1_310' title='bbox 2454 3039 2582 3101; x_wconf 93' lang='lat' dir='ltr'><strong>suit</strong></span> <span class='ocrx_word' id='word_1_311' title='bbox 2611 3046 2674 3100; x_wconf 90' lang='lat' dir='ltr'><strong>et</strong></span> <span class='ocrx_word' id='word_1_312' title='bbox 2706 3037 3003 3119; x_wconf 83' lang='lat' dir='ltr'><strong>providit,</strong></span> <span class='ocrx_word' id='word_1_313' title='bbox 3020 3035 3223 3098; x_wconf 89' lang='lat' dir='ltr'><strong>fatum</strong></span> <span class='ocrx_word' id='word_1_314' title='bbox 3254 3037 3691 3117; x_wconf 87' lang='lat' dir='ltr'><strong>temporaliter</strong></span> <span class='ocrx_word' id='word_1_315' title='bbox 3718 3036 3967 3100; x_wconf 83' lang='lat' dir='ltr'><strong>submi·</strong></span> 
     </span>
    </p>
   </div>
   <div class='ocr_carea' id='block_1_15' title="bbox 843 3134 2344 4198">
    <p class='ocr_par' dir='ltr' id='par_1_16' title="bbox 843 3134 2344 3799">
     <span class='ocr_line' id='line_1_53' title="bbox 843 3134 2342 3216; baseline -0.002 -18"><span class='ocrx_word' id='word_1_316' title='bbox 843 3136 963 3198; x_wconf 90' lang='lat' dir='ltr'><strong>Sed</strong></span> <span class='ocrx_word' id='word_1_317' title='bbox 1006 3135 1125 3198; x_wconf 88' lang='lat' dir='ltr'><strong>hoc</strong></span> <span class='ocrx_word' id='word_1_318' title='bbox 1165 3134 1598 3197; x_wconf 88' lang='lat' dir='ltr'><strong>immobilitati</strong></span> <span class='ocrx_word' id='word_1_319' title='bbox 1649 3142 1957 3215; x_wconf 83' lang='lat' dir='ltr'><strong>repugnat</strong></span> <span class='ocrx_word' id='word_1_320' title='bbox 2005 3134 2342 3216; x_wconf 89' lang='lat' dir='ltr'><strong>providen-</strong></span> 
     </span>
     <span class='ocr_line' id='line_1_54' title="bbox 844 3232 2340 3314; baseline -0.002 -18"><span class='ocrx_word' id='word_1_321' title='bbox 844 3234 947 3296; x_wconf 80' lang='lat' dir='ltr'><strong>tiae</strong></span> <span class='ocrx_word' id='word_1_322' title='bbox 977 3232 1108 3295; x_wconf 87' lang='lat' dir='ltr'><strong>Dei.</strong></span> <span class='ocrx_word' id='word_1_323' title='bbox 1143 3269 1224 3278; x_wconf 93' lang='lat'><strong>—-</strong></span> <span class='ocrx_word' id='word_1_324' title='bbox 1253 3233 1494 3295; x_wconf 86' lang='lat' dir='ltr'><strong>Idcirco</strong></span> <span class='ocrx_word' id='word_1_325' title='bbox 1525 3232 1890 3307; x_wconf 91' lang='lat' dir='ltr'><strong>dicendum,</strong></span> <span class='ocrx_word' id='word_1_326' title='bbox 1926 3232 2094 3314; x_wconf 90' lang='lat' dir='ltr'><strong>quod</strong></span> <span class='ocrx_word' id='word_1_327' title='bbox 2137 3232 2340 3295; x_wconf 83' lang='lat' dir='ltr'><strong>fatum</strong></span> 
     </span>
     <span class='ocr_line' id='line_1_55' title="bbox 845 3330 2339 3414; baseline -0.001 -20"><span class='ocrx_word' id='word_1_328' title='bbox 845 3338 1155 3414; x_wconf 89' lang='lat' dir='ltr'><strong>quantum</strong></span> <span class='ocrx_word' id='word_1_329' title='bbox 1187 3332 1264 3393; x_wconf 90' lang='lat' dir='ltr'><strong>ad</strong></span> <span class='ocrx_word' id='word_1_330' title='bbox 1307 3350 1526 3392; x_wconf 89' lang='lat' dir='ltr'><strong>causas</strong></span> <span class='ocrx_word' id='word_1_331' title='bbox 1565 3331 1896 3403; x_wconf 83' lang='lat' dir='ltr'><strong>secundaS‚</strong></span> <span class='ocrx_word' id='word_1_332' title='bbox 1929 3337 2025 3393; x_wconf 91' lang='lat' dir='ltr'><strong>est</strong></span> <span class='ocrx_word' id='word_1_333' title='bbox 2067 3330 2339 3407; x_wconf 83' lang='lat' dir='ltr'><strong>mobile3</strong></span> 
     </span>
     <span class='ocr_line' id='line_1_56' title="bbox 844 3428 2344 3514; baseline -0.003 -21"><span class='ocrx_word' id='word_1_334' title='bbox 844 3432 954 3493; x_wconf 92' lang='lat' dir='ltr'><strong>sed</strong></span> <span class='ocrx_word' id='word_1_335' title='bbox 987 3439 1174 3514; x_wconf 90' lang='lat' dir='ltr'><strong>prout</strong></span> <span class='ocrx_word' id='word_1_336' title='bbox 1205 3430 1423 3492; x_wconf 90' lang='lat' dir='ltr'><strong>subest</strong></span> <span class='ocrx_word' id='word_1_337' title='bbox 1454 3428 1868 3511; x_wconf 85' lang='lat' dir='ltr'><strong>providentiae</strong></span> <span class='ocrx_word' id='word_1_338' title='bbox 1908 3449 2195 3503; x_wconf 84' lang='lat' dir='ltr'><strong>summae,</strong></span> <span class='ocrx_word' id='word_1_339' title='bbox 2230 3429 2344 3490; x_wconf 89' lang='lat' dir='ltr'><strong>im-</strong></span> 
     </span>
     <span class='ocr_line' id='line_1_57' title="bbox 844 3528 2341 3591; baseline -0.003 0"><span class='ocrx_word' id='word_1_340' title='bbox 844 3528 1266 3591; x_wconf 85' lang='lat' dir='ltr'><strong>mobilitatem</strong></span> <span class='ocrx_word' id='word_1_341' title='bbox 1312 3528 1574 3590; x_wconf 89' lang='lat' dir='ltr'><strong>sortitur</strong></span> <span class='ocrx_word' id='word_1_342' title='bbox 1609 3534 1672 3590; x_wconf 89' lang='lat' dir='ltr'><strong>ct</strong></span> <span class='ocrx_word' id='word_1_343' title='bbox 1710 3528 2152 3589; x_wconf 86' lang='lat' dir='ltr'><strong>necessitatem</strong></span> <span class='ocrx_word' id='word_1_344' title='bbox 2196 3545 2341 3589; x_wconf 90' lang='lat' dir='ltr'><strong>con-</strong></span> 
     </span>
     <span class='ocr_line' id='line_1_58' title="bbox 843 3626 2341 3709; baseline -0.002 -19"><span class='ocrx_word' id='word_1_345' title='bbox 843 3627 1240 3701; x_wconf 89' lang='lat' dir='ltr'><strong>ditionatam,</strong></span> <span class='ocrx_word' id='word_1_346' title='bbox 1273 3633 1514 3709; x_wconf 87' lang='lat' dir='ltr'><strong>utpote,</strong></span> <span class='ocrx_word' id='word_1_347' title='bbox 1548 3626 1600 3688; x_wconf 91' lang='lat' dir='ltr'><strong>si</strong></span> <span class='ocrx_word' id='word_1_348' title='bbox 1641 3626 1762 3688; x_wconf 91' lang='lat' dir='ltr'><strong>hoc</strong></span> <span class='ocrx_word' id='word_1_349' title='bbox 1792 3634 1902 3688; x_wconf 89' lang='lat' dir='ltr'><strong>aut</strong></span> <span class='ocrx_word' id='word_1_350' title='bbox 1939 3626 2096 3688; x_wconf 92' lang='lat' dir='ltr'><strong>illud</strong></span> <span class='ocrx_word' id='word_1_351' title='bbox 2133 3626 2341 3707; x_wconf 90' lang='lat' dir='ltr'><strong>provi-</strong></span> 
     </span>
     <span class='ocr_line' id='line_1_59' title="bbox 844 3722 2335 3799; baseline -0.003 -10"><span class='ocrx_word' id='word_1_352' title='bbox 844 3745 988 3789; x_wconf 92' lang='lat' dir='ltr'><strong>sum</strong></span> <span class='ocrx_word' id='word_1_353' title='bbox 1027 3745 1064 3788; x_wconf 91' lang='lat' dir='ltr'><strong>a</strong></span> <span class='ocrx_word' id='word_1_354' title='bbox 1104 3726 1229 3788; x_wconf 89' lang='lat' dir='ltr'><strong>Deo</strong></span> <span class='ocrx_word' id='word_1_355' title='bbox 1267 3722 1383 3799; x_wconf 85' lang='lat' dir='ltr'><strong>est,</strong></span> <span class='ocrx_word' id='word_1_356' title='bbox 1418 3724 1551 3787; x_wconf 88' lang='lat' dir='ltr'><strong>fiet.</strong></span> <span class='ocrx_word' id='word_1_357' title='bbox 1586 3724 1729 3787; x_wconf 81' lang='lat' dir='ltr'><strong>Haec</strong></span> <span class='ocrx_word' id='word_1_358' title='bbox 1764 3724 2033 3787; x_wconf 87' lang='lat' dir='ltr'><strong>Thomas</strong></span> <span class='ocrx_word' id='word_1_359' title='bbox 2075 3723 2335 3785; x_wconf 90' lang='lat' dir='ltr'><strong>ibidem.</strong></span> 
     </span>
    </p>

    <p class='ocr_par' dir='ltr' id='par_1_17' title="bbox 845 3821 2340 4102">
     <span class='ocr_line' id='line_1_60' title="bbox 942 3821 2340 3904; baseline -0.002 -19"><span class='ocrx_word' id='word_1_360' title='bbox 942 3825 1058 3898; x_wconf 88' lang='lat' dir='ltr'><strong>Qui</strong></span> <span class='ocrx_word' id='word_1_361' title='bbox 1127 3824 1320 3887; x_wconf 89' lang='lat' dir='ltr'><strong>etiam</strong></span> <span class='ocrx_word' id='word_1_362' title='bbox 1387 3824 1465 3885; x_wconf 90' lang='lat' dir='ltr'><strong>ad</strong></span> <span class='ocrx_word' id='word_1_363' title='bbox 1529 3822 1945 3904; x_wconf 82' lang='lat' dir='ltr'><strong>quaestionem</strong></span> <span class='ocrx_word' id='word_1_364' title='bbox 2006 3821 2199 3894; x_wconf 91' lang='lat' dir='ltr'><strong>hanc,</strong></span> <span class='ocrx_word' id='word_1_365' title='bbox 2260 3840 2340 3883; x_wconf 90' lang='lat' dir='ltr'><strong>an</strong></span> 
     </span>
     <span class='ocr_line' id='line_1_61' title="bbox 845 3919 2340 4003; baseline -0.003 -17"><span class='ocrx_word' id='word_1_366' title='bbox 845 3923 1061 3987; x_wconf 91' lang='lat' dir='ltr'><strong>omnia</strong></span> <span class='ocrx_word' id='word_1_367' title='bbox 1098 3921 1228 3985; x_wconf 88' lang='lat' dir='ltr'><strong>fato</strong></span> <span class='ocrx_word' id='word_1_368' title='bbox 1267 3921 1640 3995; x_wconf 83' lang='lat' dir='ltr'><strong>subdantur,</strong></span> <span class='ocrx_word' id='word_1_369' title='bbox 1676 3921 2012 4003; x_wconf 88' lang='lat' dir='ltr'><strong>respondet</strong></span> <span class='ocrx_word' id='word_1_370' title='bbox 2058 3919 2224 3982; x_wconf 89' lang='lat' dir='ltr'><strong>sicut</strong></span> <span class='ocrx_word' id='word_1_371' title='bbox 2265 3939 2340 3982; x_wconf 89' lang='lat' dir='ltr'><strong>ex</strong></span> 
     </span>
     <span class='ocr_line' id='line_1_62' title="bbox 845 4022 1779 4102; baseline -0.001 -20"><span class='ocrx_word' id='word_1_372' title='bbox 845 4022 1200 4083; x_wconf 89' lang='lat' dir='ltr'><strong>Alexandro</strong></span> <span class='ocrx_word' id='word_1_373' title='bbox 1244 4039 1619 4102; x_wconf 89' lang='lat' dir='ltr'><strong>responsum</strong></span> <span class='ocrx_word' id='word_1_374' title='bbox 1665 4026 1779 4082; x_wconf 85' lang='lat' dir='ltr'><strong>est..</strong></span> 
     </span>
    </p>

    <p class='ocr_par' dir='ltr' id='par_1_18' title="bbox 926 4118 2341 4198">
     <span class='ocr_line' id='line_1_63' title="bbox 926 4118 2341 4198; baseline -0.003 -16"><span class='ocrx_word' id='word_1_375' title='bbox 926 4120 1085 4183; x_wconf 87' lang='lat' dir='ltr'><strong>Cum</strong></span> <span class='ocrx_word' id='word_1_376' title='bbox 1126 4118 1225 4180; x_wconf 90' lang='lat' dir='ltr'><strong>his</strong></span> <span class='ocrx_word' id='word_1_377' title='bbox 1266 4118 1632 4181; x_wconf 85' lang='lat' dir='ltr'><strong>coincidunt</strong></span> <span class='ocrx_word' id='word_1_378' title='bbox 1673 4125 1738 4179; x_wconf 88' lang='lat' dir='ltr'><strong>et</strong></span> <span class='ocrx_word' id='word_1_379' title='bbox 1777 4118 2161 4180; x_wconf 88' lang='lat' dir='ltr'><strong>concordant</strong></span> <span class='ocrx_word' id='word_1_380' title='bbox 2200 4137 2341 4198; x_wconf 81' lang='lat' dir='ltr'><strong>quae</strong></span> 
     </span>
    </p>
   </div>
   <div class='ocr_carea' id='block_1_16' title="bbox 2452 3136 3966 4201">
    <p class='ocr_par' dir='ltr' id='par_1_19' title="bbox 2452 3136 3966 3613">
     <span class='ocr_line' id='line_1_64' title="bbox 2454 3136 3965 3217; baseline 0 -17"><span class='ocrx_word' id='word_1_381' title='bbox 2454 3138 2697 3200; x_wconf 89' lang='lat' dir='ltr'><strong>nistrat.</strong></span> <span class='ocrx_word' id='word_1_382' title='bbox 2733 3137 2984 3210; x_wconf 86' lang='lat' dir='ltr'><strong>Quarto,</strong></span> <span class='ocrx_word' id='word_1_383' title='bbox 3009 3136 3161 3217; x_wconf 88' lang='lat' dir='ltr'><strong>quia</strong></span> <span class='ocrx_word' id='word_1_384' title='bbox 3189 3153 3317 3198; x_wconf 90' lang='lat' dir='ltr'><strong>non</strong></span> <span class='ocrx_word' id='word_1_385' title='bbox 3346 3136 3564 3199; x_wconf 90' lang='lat' dir='ltr'><strong>omnia</strong></span> <span class='ocrx_word' id='word_1_386' title='bbox 3592 3137 3965 3200; x_wconf 86' lang='lat' dir='ltr'><strong>subduntur</strong></span> 
     </span>
     <span class='ocr_line' id='line_1_65' title="bbox 2452 3234 3961 3319; baseline -0.001 -20"><span class='ocrx_word' id='word_1_387' title='bbox 2452 3236 2604 3311; x_wconf 88' lang='lat' dir='ltr'><strong>fato,</strong></span> <span class='ocrx_word' id='word_1_388' title='bbox 2639 3236 2805 3298; x_wconf 89' lang='lat' dir='ltr'><strong>sicut</strong></span> <span class='ocrx_word' id='word_1_389' title='bbox 2845 3234 3281 3317; x_wconf 84' lang='lat' dir='ltr'><strong>providentiae‚</strong></span> <span class='ocrx_word' id='word_1_390' title='bbox 3316 3242 3507 3318; x_wconf 90' lang='lat' dir='ltr'><strong>prout</strong></span> <span class='ocrx_word' id='word_1_391' title='bbox 3540 3236 3674 3317; x_wconf 88' lang='lat' dir='ltr'><strong>jam</strong></span> <span class='ocrx_word' id='word_1_392' title='bbox 3706 3237 3961 3319; x_wconf 89' lang='lat' dir='ltr'><strong>patuit;</strong></span> 
     </span>
     <span class='ocr_line' id='line_1_66' title="bbox 2454 3332 3963 3416; baseline 0.001 -21"><span class='ocrx_word' id='word_1_393' title='bbox 2454 3341 2517 3395; x_wconf 87' lang='lat' dir='ltr'><strong>et</strong></span> <span class='ocrx_word' id='word_1_394' title='bbox 2545 3333 2924 3416; x_wconf 82' lang='lat' dir='ltr'><strong>generaliter</strong></span> <span class='ocrx_word' id='word_1_395' title='bbox 2951 3340 3191 3414; x_wconf 87' lang='lat' dir='ltr'><strong>quanto</strong></span> <span class='ocrx_word' id='word_1_396' title='bbox 3220 3332 3434 3414; x_wconf 89' lang='lat' dir='ltr'><strong>aliqua</strong></span> <span class='ocrx_word' id='word_1_397' title='bbox 3463 3333 3777 3397; x_wconf 83' lang='lat' dir='ltr'><strong>viciniora</strong></span> <span class='ocrx_word' id='word_1_398' title='bbox 3804 3344 3963 3397; x_wconf 90' lang='lat' dir='ltr'><strong>sunt</strong></span> 
     </span>
     <span class='ocr_line' id='line_1_67' title="bbox 2455 3431 3966 3506; baseline 0.001 -12"><span class='ocrx_word' id='word_1_399' title='bbox 2455 3434 2605 3506; x_wconf 84' lang='lat' dir='ltr'><strong>Dec,</strong></span> <span class='ocrx_word' id='word_1_400' title='bbox 2642 3439 2812 3494; x_wconf 86' lang='lat' dir='ltr'><strong>tanto</strong></span> <span class='ocrx_word' id='word_1_401' title='bbox 2846 3432 3058 3494; x_wconf 89' lang='lat' dir='ltr'><strong>minus</strong></span> <span class='ocrx_word' id='word_1_402' title='bbox 3090 3432 3451 3494; x_wconf 90' lang='lat' dir='ltr'><strong>subduntur</strong></span> <span class='ocrx_word' id='word_1_403' title='bbox 3479 3431 3626 3494; x_wconf 87' lang='lat' dir='ltr'><strong>fato.</strong></span> <span class='ocrx_word' id='word_1_404' title='bbox 3662 3432 3804 3497; x_wconf 78' lang='lat' dir='ltr'><strong>Haec</strong></span> <span class='ocrx_word' id='word_1_405' title='bbox 3836 3434 3966 3495; x_wconf 86' lang='lat' dir='ltr'><strong>Du·</strong></span> 
     </span>
     <span class='ocr_line' id='line_1_68' title="bbox 2454 3530 3959 3613; baseline 0.001 -19"><span class='ocrx_word' id='word_1_406' title='bbox 2454 3532 2707 3594; x_wconf 81' lang='lat' dir='ltr'><strong>randuS.</strong></span> <span class='ocrx_word' id='word_1_407' title='bbox 2722 3567 2803 3576; x_wconf 92' lang='lat'>—</span> <span class='ocrx_word' id='word_1_408' title='bbox 2819 3530 3169 3593; x_wconf 80' lang='lat' dir='ltr'><strong>concordat</strong></span> <span class='ocrx_word' id='word_1_409' title='bbox 3188 3531 3457 3594; x_wconf 87' lang='lat' dir='ltr'><strong>Thomas</strong></span> <span class='ocrx_word' id='word_1_410' title='bbox 3488 3532 3565 3593; x_wconf 90' lang='lat' dir='ltr'><strong>de</strong></span> <span class='ocrx_word' id='word_1_411' title='bbox 3592 3531 3959 3613; x_wconf 82' lang='lat' dir='ltr'><strong>Argentina.</strong></span> 
     </span>
    </p>

    <p class='ocr_par' dir='ltr' id='par_1_20' title="bbox 2453 3627 3965 4201">
     <span class='ocr_line' id='line_1_69' title="bbox 2532 3627 3961 3710; baseline 0.001 -18"><span class='ocrx_word' id='word_1_412' title='bbox 2532 3629 2815 3710; x_wconf 83' lang='lat' dir='ltr'><strong>AEgidius</strong></span> <span class='ocrx_word' id='word_1_413' title='bbox 2865 3646 3017 3690; x_wconf 82' lang='lat' dir='ltr'><strong>vero</strong></span> <span class='ocrx_word' id='word_1_414' title='bbox 3066 3627 3435 3709; x_wconf 88' lang='lat' dir='ltr'><strong>superaddit</strong></span> <span class='ocrx_word' id='word_1_415' title='bbox 3482 3629 3789 3710; x_wconf 86' lang='lat' dir='ltr'><strong>quasdam</strong></span> <span class='ocrx_word' id='word_1_416' title='bbox 3840 3629 3961 3694; x_wconf 89' lang='lat' dir='ltr'><strong>fati</strong></span> 
     </span>
     <span class='ocr_line' id='line_1_70' title="bbox 2453 3726 3964 3810; baseline 0 -19"><span class='ocrx_word' id='word_1_417' title='bbox 2453 3728 2877 3810; x_wconf 77' lang='lat' dir='ltr'><strong>acceptioneS,</strong></span> <span class='ocrx_word' id='word_1_418' title='bbox 2910 3746 3051 3807; x_wconf 81' lang='lat' dir='ltr'><strong>quae</strong></span> <span class='ocrx_word' id='word_1_419' title='bbox 3090 3727 3167 3788; x_wconf 88' lang='lat' dir='ltr'><strong>ad</strong></span> <span class='ocrx_word' id='word_1_420' title='bbox 3211 3726 3503 3808; x_wconf 86' lang='lat' dir='ltr'><strong>praefatas</strong></span> <span class='ocrx_word' id='word_1_421' title='bbox 3542 3727 3815 3790; x_wconf 80' lang='lat' dir='ltr'><strong>faciliter</strong></span> <span class='ocrx_word' id='word_1_422' title='bbox 3860 3748 3964 3791; x_wconf 87' lang='lat' dir='ltr'><strong>re-</strong></span> 
     </span>
     <span class='ocr_line' id='line_1_71' title="bbox 2454 3823 3965 3906; baseline -0.001 -19"><span class='ocrx_word' id='word_1_423' title='bbox 2454 3826 2795 3887; x_wconf 89' lang='lat' dir='ltr'><strong>ducuntur.</strong></span> <span class='ocrx_word' id='word_1_424' title='bbox 2817 3824 3033 3887; x_wconf 87' lang='lat' dir='ltr'><strong>Plures</strong></span> <span class='ocrx_word' id='word_1_425' title='bbox 3063 3842 3317 3906; x_wconf 88' lang='lat' dir='ltr'><strong>quoque</strong></span> <span class='ocrx_word' id='word_1_426' title='bbox 3350 3824 3529 3906; x_wconf 89' lang='lat' dir='ltr'><strong>ponit</strong></span> <span class='ocrx_word' id='word_1_427' title='bbox 3558 3823 3965 3887; x_wconf 87' lang='lat' dir='ltr'><strong>differentias</strong></span> 
     </span>
     <span class='ocr_line' id='line_1_72' title="bbox 2458 3921 3964 4005; baseline 0 -20"><span class='ocrx_word' id='word_1_428' title='bbox 2458 3924 2623 3986; x_wconf 86' lang='lat' dir='ltr'><strong>inter</strong></span> <span class='ocrx_word' id='word_1_429' title='bbox 2661 3922 3125 4005; x_wconf 88' lang='lat' dir='ltr'><strong>providentiam</strong></span> <span class='ocrx_word' id='word_1_430' title='bbox 3167 3922 3279 3984; x_wconf 89' lang='lat' dir='ltr'><strong>Dei</strong></span> <span class='ocrx_word' id='word_1_431' title='bbox 3318 3931 3383 3985; x_wconf 85' lang='lat' dir='ltr'><strong>et.</strong></span> <span class='ocrx_word' id='word_1_432' title='bbox 3422 3921 3646 3997; x_wconf 87' lang='lat' dir='ltr'><strong>fatum,</strong></span> <span class='ocrx_word' id='word_1_433' title='bbox 3680 3942 3837 4005; x_wconf 89' lang='lat' dir='ltr'><strong>quas</strong></span> <span class='ocrx_word' id='word_1_434' title='bbox 3878 3941 3964 3985; x_wconf 86' lang='lat' dir='ltr'><strong>ex</strong></span> 
     </span>
     <span class='ocr_line' id='line_1_73' title="bbox 2454 4020 3962 4103; baseline -0.001 -18"><span class='ocrx_word' id='word_1_435' title='bbox 2454 4022 2668 4085; x_wconf 88' lang='lat' dir='ltr'><strong>verbis</strong></span> <span class='ocrx_word' id='word_1_436' title='bbox 2708 4022 2901 4083; x_wconf 88' lang='lat' dir='ltr'><strong>trahit</strong></span> <span class='ocrx_word' id='word_1_437' title='bbox 2938 4020 3160 4094; x_wconf 89' lang='lat' dir='ltr'><strong>Boetii,</strong></span> <span class='ocrx_word' id='word_1_438' title='bbox 3194 4040 3336 4102; x_wconf 80' lang='lat' dir='ltr'><strong>quae</strong></span> <span class='ocrx_word' id='word_1_439' title='bbox 3374 4028 3437 4083; x_wconf 88' lang='lat' dir='ltr'><strong>et</strong></span> <span class='ocrx_word' id='word_1_440' title='bbox 3477 4020 3598 4083; x_wconf 91' lang='lat' dir='ltr'><strong>sub</strong></span> <span class='ocrx_word' id='word_1_441' title='bbox 3638 4023 3962 4103; x_wconf 80' lang='lat' dir='ltr'><strong>praetactis</strong></span> 
     </span>
     <span class='ocr_line' id='line_1_74' title="bbox 2455 4118 3964 4201; baseline -0.001 -17"><span class='ocrx_word' id='word_1_442' title='bbox 2455 4121 2881 4192; x_wconf 87' lang='lat' dir='ltr'><strong>continentur,</strong></span> <span class='ocrx_word' id='word_1_443' title='bbox 2922 4118 3219 4181; x_wconf 89' lang='lat' dir='ltr'><strong>videlicet</strong></span> <span class='ocrx_word' id='word_1_444' title='bbox 3270 4136 3285 4181; x_wconf 75' lang='grc' dir='ltr'><strong>ε</strong></span> <span class='ocrx_word' id='word_1_445' title='bbox 3334 4120 3505 4201; x_wconf 86' lang='lat' dir='ltr'><strong>quod</strong></span> <span class='ocrx_word' id='word_1_446' title='bbox 3557 4118 3964 4201; x_wconf 75' lang='lat' dir='ltr'><strong>providentia</strong></span> 
     </span>
    </p>
   </div>
   <div class='ocr_carea' id='block_1_17' title="bbox 844 4216 3959 4301">
    <p class='ocr_par' dir='ltr' id='par_1_21' title="bbox 844 4216 3959 4301">
     <span class='ocr_line' id='line_1_75' title="bbox 844 4216 3959 4301; baseline 0 -22"><span class='ocrx_word' id='word_1_447' title='bbox 844 4218 922 4279; x_wconf 89' lang='lat' dir='ltr'><strong>de</strong></span> <span class='ocrx_word' id='word_1_448' title='bbox 953 4217 1082 4280; x_wconf 90' lang='lat' dir='ltr'><strong>fato</strong></span> <span class='ocrx_word' id='word_1_449' title='bbox 1122 4216 1343 4279; x_wconf 88' lang='lat' dir='ltr'><strong>scribit</strong></span> <span class='ocrx_word' id='word_1_450' title='bbox 1383 4216 1490 4278; x_wconf 91' lang='lat' dir='ltr'><strong>hic</strong></span> <span class='ocrx_word' id='word_1_451' title='bbox 1528 4217 1757 4278; x_wconf 88' lang='lat' dir='ltr'><strong>Doctor</strong></span> <span class='ocrx_word' id='word_1_452' title='bbox 1799 4216 1862 4277; x_wconf 92' lang='lat' dir='ltr'><strong>in</strong></span> <span class='ocrx_word' id='word_1_453' title='bbox 1902 4216 2162 4279; x_wconf 90' lang='lat' dir='ltr'><strong>Summa</strong></span> <span class='ocrx_word' id='word_1_454' title='bbox 2193 4232 2341 4277; x_wconf 90' lang='lat' dir='ltr'><strong>con·</strong></span> <span class='ocrx_word' id='word_1_455' title='bbox 2374 4219 2423 4280; x_wconf 91' lang='lat' dir='ltr'>D</span> <span class='ocrx_word' id='word_1_456' title='bbox 2454 4226 2552 4281; x_wconf 89' lang='lat' dir='ltr'><strong>est</strong></span> <span class='ocrx_word' id='word_1_457' title='bbox 2581 4219 2855 4301; x_wconf 89' lang='lat' dir='ltr'><strong>simplex</strong></span> <span class='ocrx_word' id='word_1_458' title='bbox 2886 4225 2948 4280; x_wconf 89' lang='lat' dir='ltr'><strong>et</strong></span> <span class='ocrx_word' id='word_1_459' title='bbox 2979 4235 3127 4291; x_wconf 91' lang='lat' dir='ltr'><strong>una,</strong></span> <span class='ocrx_word' id='word_1_460' title='bbox 3163 4217 3365 4280; x_wconf 89' lang='lat' dir='ltr'><strong>fatum</strong></span> <span class='ocrx_word' id='word_1_461' title='bbox 3399 4217 3735 4299; x_wconf 86' lang='lat' dir='ltr'><strong>multiplex</strong></span> <span class='ocrx_word' id='word_1_462' title='bbox 3765 4225 3829 4280; x_wconf 90' lang='lat' dir='ltr'><strong>ct</strong></span> <span class='ocrx_word' id='word_1_463' title='bbox 3858 4217 3959 4280; x_wconf 91' lang='lat' dir='ltr'><strong>di-</strong></span> 
     </span>
    </p>
   </div>
   <div class='ocr_carea' id='block_1_18' title="bbox 842 4313 2345 5383">
    <p class='ocr_par' dir='ltr' id='par_1_22' title="bbox 842 4313 2345 5383">
     <span class='ocr_line' id='line_1_76' title="bbox 845 4313 2339 4397; baseline -0.003 -19"><span class='ocrx_word' id='word_1_464' title='bbox 845 4324 941 4379; x_wconf 89' lang='lat' dir='ltr'><strong>tra</strong></span> <span class='ocrx_word' id='word_1_465' title='bbox 977 4315 1268 4397; x_wconf 81' lang='lat' dir='ltr'><strong>gentiles,</strong></span> <span class='ocrx_word' id='word_1_466' title='bbox 1312 4314 1496 4376; x_wconf 88' lang='lat' dir='ltr'><strong>tertio</strong></span> <span class='ocrx_word' id='word_1_467' title='bbox 1537 4314 1720 4386; x_wconf 76' lang='lat' dir='ltr'><strong>libro,</strong></span> <span class='ocrx_word' id='word_1_468' title='bbox 1764 4313 1874 4376; x_wconf 91' lang='lat' dir='ltr'><strong>ubi</strong></span> <span class='ocrx_word' id='word_1_469' title='bbox 1913 4321 1974 4375; x_wconf 93' lang='lat' dir='ltr'><strong>et</strong></span> <span class='ocrx_word' id='word_1_470' title='bbox 2013 4313 2188 4375; x_wconf 90' lang='lat' dir='ltr'><strong>addit</strong></span> <span class='ocrx_word' id='word_1_471' title='bbox 2222 4330 2235 4373; x_wconf 77' lang='grc' dir='ltr'><strong>ε</strong></span> <span class='ocrx_word' id='word_1_472' title='bbox 2270 4314 2339 4375; x_wconf 89' lang='lat' dir='ltr'><strong>ln</strong></span> 
     </span>
     <span class='ocr_line' id='line_1_77' title="bbox 845 4411 2339 4495; baseline -0.003 -20"><span class='ocrx_word' id='word_1_473' title='bbox 845 4413 1220 4476; x_wconf 89' lang='lat' dir='ltr'><strong>definitione</strong></span> <span class='ocrx_word' id='word_1_474' title='bbox 1260 4412 1396 4487; x_wconf 86' lang='lat' dir='ltr'><strong>fati,</strong></span> <span class='ocrx_word' id='word_1_475' title='bbox 1432 4434 1465 4471; x_wconf 92' lang='lat'>«</span> <span class='ocrx_word' id='word_1_476' title='bbox 1495 4412 1828 4495; x_wconf 89' lang='lat' dir='ltr'><strong>dispositio</strong></span> <span class='ocrx_word' id='word_1_477' title='bbox 1861 4434 1892 4471; x_wconf 88' lang='lat'><strong>›&gt;</strong></span> <span class='ocrx_word' id='word_1_478' title='bbox 1936 4428 2050 4493; x_wconf 87' lang='lat' dir='ltr'><strong>pro</strong></span> <span class='ocrx_word' id='word_1_479' title='bbox 2090 4411 2339 4473; x_wconf 89' lang='lat' dir='ltr'><strong>ordina-</strong></span> 
     </span>
     <span class='ocr_line' id='line_1_78' title="bbox 845 4509 2339 4593; baseline -0.001 -18"><span class='ocrx_word' id='word_1_480' title='bbox 845 4513 1016 4575; x_wconf 86' lang='lat' dir='ltr'><strong>tione</strong></span> <span class='ocrx_word' id='word_1_481' title='bbox 1056 4511 1402 4593; x_wconf 85' lang='lat' dir='ltr'><strong>accipitur3</strong></span> <span class='ocrx_word' id='word_1_482' title='bbox 1435 4519 1499 4574; x_wconf 88' lang='lat' dir='ltr'><strong>et</strong></span> <span class='ocrx_word' id='word_1_483' title='bbox 1535 4511 1809 4584; x_wconf 87' lang='lat' dir='ltr'><strong>additur,</strong></span> <span class='ocrx_word' id='word_1_484' title='bbox 1845 4532 1880 4570; x_wconf 90' lang='lat'>«</span> <span class='ocrx_word' id='word_1_485' title='bbox 1911 4509 2102 4573; x_wconf 87' lang='lat' dir='ltr'><strong>rebus</strong></span> <span class='ocrx_word' id='word_1_486' title='bbox 2145 4509 2339 4573; x_wconf 85' lang='lat' dir='ltr'><strong>inhae-</strong></span> 
     </span>
     <span class='ocr_line' id='line_1_79' title="bbox 847 4608 2338 4689; baseline -0.003 -16"><span class='ocrx_word' id='word_1_487' title='bbox 847 4631 993 4673; x_wconf 90' lang='lat' dir='ltr'><strong>rens</strong></span> <span class='ocrx_word' id='word_1_488' title='bbox 1043 4609 1390 4672; x_wconf 91' lang='lat' dir='ltr'><strong>mobilibus</strong></span> <span class='ocrx_word' id='word_1_489' title='bbox 1433 4632 1489 4683; x_wconf 84' lang='lat'><strong>&gt;›,</strong></span> <span class='ocrx_word' id='word_1_490' title='bbox 1535 4609 1611 4671; x_wconf 89' lang='lat' dir='ltr'><strong>ad</strong></span> <span class='ocrx_word' id='word_1_491' title='bbox 1658 4608 2120 4689; x_wconf 85' lang='lat' dir='ltr'><strong>designandum</strong></span> <span class='ocrx_word' id='word_1_492' title='bbox 2169 4608 2338 4689; x_wconf 90' lang='lat' dir='ltr'><strong>quod</strong></span> 
     </span>
     <span class='ocr_line' id='line_1_80' title="bbox 845 4705 2341 4791; baseline -0.005 -18"><span class='ocrx_word' id='word_1_493' title='bbox 845 4710 998 4773; x_wconf 89' lang='lat' dir='ltr'><strong>ordo</strong></span> <span class='ocrx_word' id='word_1_494' title='bbox 1029 4707 1442 4791; x_wconf 73' lang='lat' dir='ltr'><strong>providentiae</strong></span> <span class='ocrx_word' id='word_1_495' title='bbox 1472 4706 1968 4789; x_wconf 82' lang='lat' dir='ltr'><strong>contingentiam</strong></span> <span class='ocrx_word' id='word_1_496' title='bbox 2000 4713 2063 4768; x_wconf 90' lang='lat' dir='ltr'><strong>et</strong></span> <span class='ocrx_word' id='word_1_497' title='bbox 2094 4705 2341 4768; x_wconf 90' lang='lat' dir='ltr'><strong>mobili-</strong></span> 
     </span>
     <span class='ocr_line' id='line_1_81' title="bbox 845 4805 2338 4887; baseline -0.005 -15"><span class='ocrx_word' id='word_1_498' title='bbox 845 4817 1040 4872; x_wconf 87' lang='lat' dir='ltr'><strong>tatem</strong></span> <span class='ocrx_word' id='word_1_499' title='bbox 1071 4808 1262 4871; x_wconf 90' lang='lat' dir='ltr'><strong>rebus</strong></span> <span class='ocrx_word' id='word_1_500' title='bbox 1301 4825 1427 4870; x_wconf 89' lang='lat' dir='ltr'><strong>non</strong></span> <span class='ocrx_word' id='word_1_501' title='bbox 1471 4805 1694 4869; x_wconf 85' lang='lat' dir='ltr'><strong>aufert.</strong></span> <span class='ocrx_word' id='word_1_502' title='bbox 1729 4806 1945 4887; x_wconf 89' lang='lat' dir='ltr'><strong>Itaque</strong></span> <span class='ocrx_word' id='word_1_503' title='bbox 1985 4805 2338 4867; x_wconf 90' lang='lat' dir='ltr'><strong>secundum</strong></span> 
     </span>
     <span class='ocr_line' id='line_1_82' title="bbox 845 4904 2342 4988; baseline -0.004 -17"><span class='ocrx_word' id='word_1_504' title='bbox 845 4910 1010 4971; x_wconf 90' lang='lat' dir='ltr'><strong>hanc</strong></span> <span class='ocrx_word' id='word_1_505' title='bbox 1051 4906 1512 4988; x_wconf 89' lang='lat' dir='ltr'><strong>acceptionem,</strong></span> <span class='ocrx_word' id='word_1_506' title='bbox 1547 4923 1775 4985; x_wconf 85' lang='lat' dir='ltr'><strong>negare</strong></span> <span class='ocrx_word' id='word_1_507' title='bbox 1826 4904 2049 4976; x_wconf 88' lang='lat' dir='ltr'><strong>fatum,</strong></span> <span class='ocrx_word' id='word_1_508' title='bbox 2092 4910 2189 4965; x_wconf 89' lang='lat' dir='ltr'><strong>est</strong></span> <span class='ocrx_word' id='word_1_509' title='bbox 2238 4922 2342 4965; x_wconf 88' lang='lat' dir='ltr'><strong>ne-</strong></span> 
     </span>
     <span class='ocr_line' id='line_1_83' title="bbox 842 5001 2341 5089; baseline -0.006 -19"><span class='ocrx_word' id='word_1_510' title='bbox 842 5026 991 5089; x_wconf 87' lang='lat' dir='ltr'><strong>gare</strong></span> <span class='ocrx_word' id='word_1_511' title='bbox 1030 5003 1496 5089; x_wconf 88' lang='lat' dir='ltr'><strong>providentiam</strong></span> <span class='ocrx_word' id='word_1_512' title='bbox 1539 5002 1670 5065; x_wconf 90' lang='lat' dir='ltr'><strong>Dei.</strong></span> <span class='ocrx_word' id='word_1_513' title='bbox 1706 5001 1828 5064; x_wconf 90' lang='lat' dir='ltr'><strong>Sed</strong></span> <span class='ocrx_word' id='word_1_514' title='bbox 1868 5002 2018 5083; x_wconf 89' lang='lat' dir='ltr'><strong>quia</strong></span> <span class='ocrx_word' id='word_1_515' title='bbox 2057 5020 2205 5063; x_wconf 89' lang='lat' dir='ltr'><strong>cum</strong></span> <span class='ocrx_word' id='word_1_516' title='bbox 2248 5002 2341 5062; x_wconf 91' lang='lat' dir='ltr'><strong>in-</strong></span> 
     </span>
     <span class='ocr_line' id='line_1_84' title="bbox 846 5099 2341 5169; baseline -0.005 0"><span class='ocrx_word' id='word_1_517' title='bbox 846 5105 1152 5169; x_wconf 88' lang='lat' dir='ltr'><strong>fidelibus</strong></span> <span class='ocrx_word' id='word_1_518' title='bbox 1220 5121 1337 5165; x_wconf 88' lang='lat' dir='ltr'><strong>nec</strong></span> <span class='ocrx_word' id='word_1_519' title='bbox 1407 5101 1668 5165; x_wconf 89' lang='lat' dir='ltr'><strong>nomina</strong></span> <span class='ocrx_word' id='word_1_520' title='bbox 1731 5099 2039 5163; x_wconf 87' lang='lat' dir='ltr'><strong>debemus</strong></span> <span class='ocrx_word' id='word_1_521' title='bbox 2109 5100 2341 5163; x_wconf 89' lang='lat' dir='ltr'><strong>habere</strong></span> 
     </span>
     <span class='ocr_line' id='line_1_85' title="bbox 849 5198 2345 5276; baseline -0.004 -10"><span class='ocrx_word' id='word_1_522' title='bbox 849 5201 1234 5276; x_wconf 88' lang='lat' dir='ltr'><strong>communia,</strong></span> <span class='ocrx_word' id='word_1_523' title='bbox 1269 5220 1347 5264; x_wconf 90' lang='lat' dir='ltr'><strong>ne</strong></span> <span class='ocrx_word' id='word_1_524' title='bbox 1379 5220 1456 5263; x_wconf 86' lang='lat' dir='ltr'><strong>ex</strong></span> <span class='ocrx_word' id='word_1_525' title='bbox 1486 5200 1820 5263; x_wconf 90' lang='lat' dir='ltr'><strong>nominum</strong></span> <span class='ocrx_word' id='word_1_526' title='bbox 1853 5198 2168 5261; x_wconf 89' lang='lat' dir='ltr'><strong>consortio</strong></span> <span class='ocrx_word' id='word_1_527' title='bbox 2200 5216 2345 5261; x_wconf 91' lang='lat' dir='ltr'><strong>con-</strong></span> 
     </span>
     <span class='ocr_line' id='line_1_86' title="bbox 849 5296 2344 5383; baseline -0.004 -19"><span class='ocrx_word' id='word_1_528' title='bbox 849 5302 1048 5383; x_wconf 81' lang='lat' dir='ltr'><strong>tingat</strong></span> <span class='ocrx_word' id='word_1_529' title='bbox 1105 5300 1338 5365; x_wconf 88' lang='lat' dir='ltr'><strong>erroris</strong></span> <span class='ocrx_word' id='word_1_530' title='bbox 1389 5299 1659 5374; x_wconf 90' lang='lat' dir='ltr'><strong>occasio,</strong></span> <span class='ocrx_word' id='word_1_531' title='bbox 1710 5316 1838 5362; x_wconf 89' lang='lat' dir='ltr'><strong>non</strong></span> <span class='ocrx_word' id='word_1_532' title='bbox 1896 5304 1993 5360; x_wconf 91' lang='lat' dir='ltr'><strong>est</strong></span> <span class='ocrx_word' id='word_1_533' title='bbox 2038 5296 2344 5359; x_wconf 90' lang='lat' dir='ltr'><strong>fidelibus</strong></span> 
     </span>
    </p>
   </div>
   <div class='ocr_carea' id='block_1_19' title="bbox 2452 4315 3959 4495">
    <p class='ocr_par' dir='ltr' id='par_1_23' title="bbox 2452 4315 3959 4495">
     <span class='ocr_line' id='line_1_87' title="bbox 2452 4315 3959 4398; baseline 0 -19"><span class='ocrx_word' id='word_1_534' title='bbox 2452 4318 2701 4395; x_wconf 83' lang='lat' dir='ltr'><strong>visum3</strong></span> <span class='ocrx_word' id='word_1_535' title='bbox 2736 4316 2909 4383; x_wconf 81' lang='lat' dir='ltr'><strong>item,</strong></span> <span class='ocrx_word' id='word_1_536' title='bbox 2944 4316 3113 4398; x_wconf 91' lang='lat' dir='ltr'><strong>quod</strong></span> <span class='ocrx_word' id='word_1_537' title='bbox 3156 4315 3557 4397; x_wconf 85' lang='lat' dir='ltr'><strong>providentia</strong></span> <span class='ocrx_word' id='word_1_538' title='bbox 3592 4323 3685 4379; x_wconf 89' lang='lat' dir='ltr'><strong>est</strong></span> <span class='ocrx_word' id='word_1_539' title='bbox 3727 4315 3959 4379; x_wconf 92' lang='lat' dir='ltr'><strong>immo-</strong></span> 
     </span>
     <span class='ocr_line' id='line_1_88' title="bbox 2452 4412 3881 4495; baseline 0 -19"><span class='ocrx_word' id='word_1_540' title='bbox 2452 4414 2625 4488; x_wconf 85' lang='lat' dir='ltr'><strong>bilis,</strong></span> <span class='ocrx_word' id='word_1_541' title='bbox 2658 4413 2860 4476; x_wconf 89' lang='lat' dir='ltr'><strong>fatum</strong></span> <span class='ocrx_word' id='word_1_542' title='bbox 2900 4432 3052 4476; x_wconf 86' lang='lat' dir='ltr'><strong>vero</strong></span> <span class='ocrx_word' id='word_1_543' title='bbox 3094 4412 3349 4475; x_wconf 89' lang='lat' dir='ltr'><strong>mobile.</strong></span> <span class='ocrx_word' id='word_1_544' title='bbox 3394 4413 3539 4475; x_wconf 83' lang='lat' dir='ltr'><strong>Haec</strong></span> <span class='ocrx_word' id='word_1_545' title='bbox 3574 4412 3881 4495; x_wconf 80' lang='lat' dir='ltr'><strong>AEgidiuS.</strong></span> 
     </span>
    </p>
   </div>
   <div class='ocr_carea' id='block_1_20' title="bbox 2452 4511 4277 4692">
    <p class='ocr_par' dir='ltr' id='par_1_24' title="bbox 2452 4511 4277 4692">
     <span class='ocr_line' id='line_1_89' title="bbox 2532 4511 4277 4594; baseline -0.005 -18"><span class='ocrx_word' id='word_1_546' title='bbox 2532 4514 2856 4585; x_wconf 82' lang='lat' dir='ltr'><strong>Praeterea,</strong></span> <span class='ocrx_word' id='word_1_547' title='bbox 2887 4512 2965 4575; x_wconf 89' lang='lat' dir='ltr'><strong>de</strong></span> <span class='ocrx_word' id='word_1_548' title='bbox 3011 4512 3139 4575; x_wconf 83' lang='lat' dir='ltr'><strong>fato</strong></span> <span class='ocrx_word' id='word_1_549' title='bbox 3180 4511 3391 4574; x_wconf 90' lang='lat' dir='ltr'><strong>editus</strong></span> <span class='ocrx_word' id='word_1_550' title='bbox 3432 4519 3528 4573; x_wconf 92' lang='lat' dir='ltr'><strong>est</strong></span> <span class='ocrx_word' id='word_1_551' title='bbox 3572 4512 3837 4594; x_wconf 88' lang='lat' dir='ltr'><strong>pulcher</strong></span> <span class='ocrx_word' id='word_1_552' title='bbox 3878 4513 3951 4576; x_wconf 92' lang='lat' dir='ltr'><strong>li-</strong></span> <span class='ocrx_word' id='word_1_553' title='bbox 4000 4534 4277 4580; x_wconf 49' lang='lat' dir='ltr'><strong>minumae</strong></span> 
     </span>
     <span class='ocr_line' id='line_1_90' title="bbox 2452 4600 4121 4692; baseline -0.002 -17"><span class='ocrx_word' id='word_1_554' title='bbox 2452 4612 2660 4675; x_wconf 90' lang='lat' dir='ltr'><strong>bellus</strong></span> <span class='ocrx_word' id='word_1_555' title='bbox 2708 4610 2819 4692; x_wconf 89' lang='lat' dir='ltr'><strong>qui</strong></span> <span class='ocrx_word' id='word_1_556' title='bbox 2868 4617 3087 4673; x_wconf 89' lang='lat' dir='ltr'><strong>sancto</strong></span> <span class='ocrx_word' id='word_1_557' title='bbox 3132 4609 3518 4672; x_wconf 88' lang='lat' dir='ltr'><strong>adscribitur</strong></span> <span class='ocrx_word' id='word_1_558' title='bbox 3564 4611 3841 4686; x_wconf 84' lang='lat' dir='ltr'><strong>Thomae,</strong></span> <span class='ocrx_word' id='word_1_559' title='bbox 3879 4612 3949 4675; x_wconf 89' lang='lat' dir='ltr'><strong>in</strong></span> <span class='ocrx_word' id='word_1_560' title='bbox 3986 4600 4121 4643; x_wconf 52' lang='lat'><strong>&#39;&#39;³¹⁰-</strong></span> 
     </span>
    </p>
   </div>
   <div class='ocr_carea' id='block_1_21' title="bbox 2451 4705 3960 5380">
    <p class='ocr_par' dir='ltr' id='par_1_25' title="bbox 2451 4705 3960 5380">
     <span class='ocr_line' id='line_1_91' title="bbox 2451 4705 3955 4790; baseline 0.001 -21"><span class='ocrx_word' id='word_1_561' title='bbox 2451 4725 2579 4790; x_wconf 89' lang='lat' dir='ltr'><strong>quo</strong></span> <span class='ocrx_word' id='word_1_562' title='bbox 2619 4707 2893 4769; x_wconf 89' lang='lat' dir='ltr'><strong>multum</strong></span> <span class='ocrx_word' id='word_1_563' title='bbox 2933 4705 3254 4769; x_wconf 87' lang='lat' dir='ltr'><strong>subtiliter</strong></span> <span class='ocrx_word' id='word_1_564' title='bbox 3290 4714 3709 4787; x_wconf 89' lang='lat' dir='ltr'><strong>pertractatur</strong></span> <span class='ocrx_word' id='word_1_565' title='bbox 3742 4707 3821 4770; x_wconf 89' lang='lat' dir='ltr'><strong>de</strong></span> <span class='ocrx_word' id='word_1_566' title='bbox 3862 4707 3955 4771; x_wconf 87' lang='lat' dir='ltr'><strong>fa-</strong></span> 
     </span>
     <span class='ocr_line' id='line_1_92' title="bbox 2452 4804 3955 4887; baseline 0.001 -20"><span class='ocrx_word' id='word_1_567' title='bbox 2452 4813 2533 4868; x_wconf 91' lang='lat' dir='ltr'><strong>to.</strong></span> <span class='ocrx_word' id='word_1_568' title='bbox 2571 4805 2688 4868; x_wconf 90' lang='lat' dir='ltr'><strong>Ubi</strong></span> <span class='ocrx_word' id='word_1_569' title='bbox 2720 4812 2784 4867; x_wconf 87' lang='lat' dir='ltr'><strong>et</strong></span> <span class='ocrx_word' id='word_1_570' title='bbox 2811 4812 3031 4866; x_wconf 90' lang='lat' dir='ltr'><strong>auctor</strong></span> <span class='ocrx_word' id='word_1_571' title='bbox 3069 4804 3386 4866; x_wconf 89' lang='lat' dir='ltr'><strong>tractatuli</strong></span> <span class='ocrx_word' id='word_1_572' title='bbox 3425 4804 3685 4887; x_wconf 84' lang='lat' dir='ltr'><strong>exponit</strong></span> <span class='ocrx_word' id='word_1_573' title='bbox 3722 4805 3955 4868; x_wconf 89' lang='lat' dir='ltr'><strong>defini-</strong></span> 
     </span>
     <span class='ocr_line' id='line_1_93' title="bbox 2456 4902 3955 4985; baseline 0.001 -20"><span class='ocrx_word' id='word_1_574' title='bbox 2456 4904 2691 4967; x_wconf 89' lang='lat' dir='ltr'><strong>tionem</strong></span> <span class='ocrx_word' id='word_1_575' title='bbox 2753 4902 2863 4965; x_wconf 79' lang='lat' dir='ltr'><strong>fati</strong></span> <span class='ocrx_word' id='word_1_576' title='bbox 2926 4921 3118 4984; x_wconf 89' lang='lat' dir='ltr'><strong>quam</strong></span> <span class='ocrx_word' id='word_1_577' title='bbox 3179 4903 3443 4965; x_wconf 88' lang='lat' dir='ltr'><strong>Hermes</strong></span> <span class='ocrx_word' id='word_1_578' title='bbox 3502 4903 3955 4985; x_wconf 80' lang='lat' dir='ltr'><strong>Trismegist-us</strong></span> 
     </span>
     <span class='ocr_line' id='line_1_94' title="bbox 2454 5000 3959 5085; baseline 0 -20"><span class='ocrx_word' id='word_1_579' title='bbox 2454 5002 2689 5085; x_wconf 91' lang='lat' dir='ltr'><strong>posuit,</strong></span> <span class='ocrx_word' id='word_1_580' title='bbox 2722 5000 2942 5063; x_wconf 89' lang='lat' dir='ltr'><strong>dicens</strong></span> <span class='ocrx_word' id='word_1_581' title='bbox 2977 5017 2992 5063; x_wconf 91' lang='lat'>:</span> <span class='ocrx_word' id='word_1_582' title='bbox 3027 5001 3249 5062; x_wconf 88' lang='lat' dir='ltr'><strong>Fatum</strong></span> <span class='ocrx_word' id='word_1_583' title='bbox 3285 5006 3383 5062; x_wconf 90' lang='lat' dir='ltr'><strong>est</strong></span> <span class='ocrx_word' id='word_1_584' title='bbox 3412 5019 3747 5063; x_wconf 90' lang='lat' dir='ltr'><strong>causarum</strong></span> <span class='ocrx_word' id='word_1_585' title='bbox 3784 5020 3959 5065; x_wconf 88' lang='lat' dir='ltr'><strong>com-</strong></span> 
     </span>
     <span class='ocr_line' id='line_1_95' title="bbox 2457 5098 3959 5183; baseline 0.001 -20"><span class='ocrx_word' id='word_1_586' title='bbox 2457 5100 2690 5183; x_wconf 87' lang='lat' dir='ltr'><strong>plexio,</strong></span> <span class='ocrx_word' id='word_1_587' title='bbox 2752 5098 3002 5180; x_wconf 81' lang='lat' dir='ltr'><strong>singula</strong></span> <span class='ocrx_word' id='word_1_588' title='bbox 3066 5098 3499 5181; x_wconf 90' lang='lat' dir='ltr'><strong>temporaliter</strong></span> <span class='ocrx_word' id='word_1_589' title='bbox 3560 5098 3959 5165; x_wconf 88' lang='lat' dir='ltr'><strong>distribuens</strong></span> 
     </span>
     <span class='ocr_line' id='line_1_96' title="bbox 2457 5197 3957 5281; baseline 0.001 -20"><span class='ocrx_word' id='word_1_590' title='bbox 2457 5218 2599 5281; x_wconf 83' lang='lat' dir='ltr'><strong>quae</strong></span> <span class='ocrx_word' id='word_1_591' title='bbox 2648 5205 3044 5261; x_wconf 88' lang='lat' dir='ltr'><strong>sacramento</strong></span> <span class='ocrx_word' id='word_1_592' title='bbox 3089 5197 3353 5259; x_wconf 88' lang='lat' dir='ltr'><strong>deorum</strong></span> <span class='ocrx_word' id='word_1_593' title='bbox 3401 5197 3759 5260; x_wconf 88' lang='lat' dir='ltr'><strong>coelestium</strong></span> <span class='ocrx_word' id='word_1_594' title='bbox 3802 5208 3957 5262; x_wconf 89' lang='lat' dir='ltr'><strong>sunt</strong></span> 
     </span>
     <span class='ocr_line' id='line_1_97' title="bbox 2459 5293 3960 5380; baseline 0.003 -23"><span class='ocrx_word' id='word_1_595' title='bbox 2459 5295 2896 5380; x_wconf 64' lang='lat' dir='ltr'><strong>praeordinata.</strong></span> <span class='ocrx_word' id='word_1_596' title='bbox 2924 5295 3026 5358; x_wconf 88' lang='lat' dir='ltr'><strong>Sic</strong></span> <span class='ocrx_word' id='word_1_597' title='bbox 3056 5293 3232 5358; x_wconf 90' lang='lat' dir='ltr'><strong>enim</strong></span> <span class='ocrx_word' id='word_1_598' title='bbox 3262 5294 3574 5377; x_wconf 84' lang='lat' dir='ltr'><strong>accipitur</strong></span> <span class='ocrx_word' id='word_1_599' title='bbox 3602 5294 3805 5358; x_wconf 88' lang='lat' dir='ltr'><strong>fatum</strong></span> <span class='ocrx_word' id='word_1_600' title='bbox 3838 5314 3960 5379; x_wconf 87' lang='lat' dir='ltr'><strong>pro</strong></span> 
     </span>
    </p>
   </div>
  </div>
 </body>
</html>
