4359 6250
592 3311 698 3350 tom.
723 3303 828 3357 xlx,

562 3382 606 3423 p.
631 3367 777 3410 192οἏ

837 446 957 509 254

1458 464 1520 509 {N
1560 464 1781 509 mem
1825 464 1842 507 1
1886 462 2367 507 SENTENTIARUM.
2413 479 2494 490 -·
2533 463 2685 507 ms'r.
2733 463 2941 525 xxvu3
2986 463 3209 518 QUAEST.
3256 465 3323 510 111

833 633 1135 706 actioneS‚
1169 635 1456 715 quaedam
1500 634 1760 696 nomina
1802 635 2145 716 important.
2176 633 2334 695 rela-
2364 632 2415 693 A
2447 639 2508 694 te
2556 653 2832 715 namque
2882 643 2944 697 et
2994 636 3246 716 cognito
3284 635 3468 717 (puta
3513 634 3794 714 objecto)
3837 653 3948 715 pa-

833 732 1074 794 tionem
1108 732 1172 793 in
1215 734 1342 795 Deo
1378 731 1704 794 fundatam
1750 734 1815 794 in
1845 733 2093 795 actione
2137 740 2335 793 trans-

835 837 1024 892 eunte
1058 831 1122 891 in
1153 831 1531 892 exteriorem
1563 830 1891 904 effectum,
1926 831 2091 891 sicut
2120 847 2334 891 creare

836 935 899 988 et
947 927 1303 1007 gubernare
1356 947 1369 990 :
1424 937 1488 990 et
1536 929 1686 990 talia
1732 929 2033 990 dicuntur
2080 929 2159 989 de
2208 929 2335 990 Deo

836 1044 913 1086 ex
944 1033 1247 1106 tempore.
1284 1027 1579 1099 Quaedam
1612 1025 1948 1088 relationes
1980 1033 2336 1106 sequuntur

837 1124 1149 1185 actionem
1181 1124 1464 1187 divinam
1496 1142 1622 1186 non
1666 1131 2098 1186 transeuntem
2130 1123 2198 1184 in
2229 1141 2333 1184 ex-

835 1223 1133 1285 teriorem
1182 1222 1511 1296 effectum,
1563 1224 1674 1285 sed
1724 1223 1893 1284 intus
1946 1229 2331 1294 manentem,

840 1329 909 1382 ut
939 1329 1087 1383 sunt
1126 1321 1289 1382 scire
1329 1328 1391 1382 et
1425 1321 1585 1382 velle
1622 1339 1633 1382 :
1669 1329 1731 1383 et
1761 1321 1911 1382 talia
1950 1338 2074 1383 non
2117 1320 2337 1381 dicun-

838 1427 944 1481 tur
999 1420 1077 1480 de
1137 1420 1264 1481 Deo
1322 1439 1397 1481 ex
1457 1428 1761 1500 tempore.
1828 1419 1902 1480 Et
1967 1418 2335 1498 hujusmodi

840 1518 1061 1580 relatio
1108 1519 1185 1579 ad
1236 1527 1589 1580 creat-uram
1649 1519 2027 1599 importatur
2076 1517 2335 1579 nomine

840 1616 1037 1678 verbi.
1085 1616 1229 1679 Haec
1274 1616 1561 1678 Thomas,

2447 731 2629 804 ritur,
2684 733 2747 793 id
2806 741 2901 794 est
2958 741 3316 813 generatur,
3369 732 3612 795 notitia.
3675 734 3950 812 Insuper

2448 837 2692 891 certum
2723 839 2838 903 est,
2863 833 3033 912 quod
3065 832 3332 893 verbum
3364 839 3460 893 est
3489 831 3767 893 secunda
3797 849 3950 912 pars

2451 927 2768 1008 imaginiS,
2802 948 3004 1009 quum
3045 929 3126 990 sit
3165 931 3374 1011 proles
3413 937 3475 992 θῖ
3515 928 3728 990 simile
3761 945 3952 1008 gene-

2449 1026 2632 1087 ranti.
2682 1027 2772 1087 Ex
2817 1027 3052 1107 quibus
3097 1027 3388 1102 infertur,
3435 1029 3605 1110 quod
3655 1026 3817 1088 nihil
3867 1026 3950 1088 ad

2448 1123 2839 1186 voluntatem
2889 1125 2990 1187 vel
3045 1126 3122 1187 ad
3182 1127 3554 1189 memoriam
3617 1125 3952 1207 pertinens

2446 1229 2543 1282 est
2599 1222 2891 1296 verbum,
2944 1242 3061 1285 nec
3120 1225 3389 1306 species,
3440 1243 3558 1286 nec
3615 1222 3877 1284 habitus
3933 1239 3950 1282 ε

2444 1321 2746 1402 quoniam
2789 1329 3052 1402 possunt
3091 1341 3230 1384 esse
3269 1323 3408 1385 sine
3448 1321 3809 1404 cognitione
3849 1339 3958 1381 ac-

2447 1419 2620 1480 tuali.
2657 1420 2766 1480 Est
2796 1419 2990 1500 igitur
3018 1421 3258 1501 aliquid
3293 1421 3618 1503 pertinens
3647 1420 3725 1481 ad
3759 1419 3954 1480 intel-

2448 1515 2796 1596 ligentiam.
2843 1518 2918 1578 Et
2966 1517 3201 1580 dicitur
3248 1539 3284 1580 a
3332 1518 3739 1601 quibusdam,
3772 1516 3954 1598 quod

2447 1622 2542 1676 est
2568 1616 2814 1696 species
2838 1616 3051 1696 genita
3076 1617 3142 1677 in
3174 1617 3593 1698 intelligentia
3623 1617 3699 1678 de
3731 1615 3956 1696 specie

2450 1713 2515 1774 in
2549 1713 2875 1787 memoria,
2911 1722 2980 1775 ut
3011 1714 3076 1775 in
3107 1714 3320 1796 specie
3351 1715 3461 1776 illa
3487 1715 3702 1796 genita
3731 1715 3810 1774 sit
3841 1712 3957 1774 ob-

918 1814 1096 1876 Circa
1126 1813 1261 1876 haec
1291 1813 1518 1894 quaerit
1550 1813 2031 1886 Scotus,Utrum
2064 1811 2334 1872 verbum
2373 1810 2419 1871 Β
2447 1810 2689 1891 jectum
2740 1831 3016 1892 praesens
3068 1813 3490 1894 intelligibile.
3532 1814 3651 1876 Sed
3704 1819 3954 1883 contra,

842 1911 1201 1973 intellectus
1246 1911 1438 1972 creati
1482 1911 1562 1971 sit
1610 1910 1955 1971 intellectio
1995 1909 2284 1971 actualis.

920 2009 1182 2071 Videtur
1229 2009 1398 2090 quod
1444 2026 1593 2083 non,
1628 2008 1779 2089 quia
1821 2017 2043 2069 octavo
2085 2009 2162 2070 de
2206 2007 2337 2068 Tri-

842 2107 1037 2169 nitate
1096 2108 1376 2188 loquitur
1433 2107 1824 2187 Augustinus
1887 2123 1901 2167 :
1964 2107 2338 2168 Phantasma

843 2206 1235 2286 Carthaginis
1296 2206 1362 2266 in
1409 2205 1642 2278 anima,
1694 2212 1789 2266 est
1846 2205 2112 2266 verbum
2173 2204 2334 2284 ejus.

842 2306 1005 2386 Ergo
1052 2304 1320 2367 verbum
1371 2311 1463 2365 est
1515 2302 1782 2385 specieS,
1827 2321 1953 2365 non
2004 2304 2189 2364 actio,
2241 2305 2342 2365 Se-

842 2403 1073 2475 cundO,
1116 2401 1383 2464 verbum
1428 2401 1701 2462 mentale
1745 2409 1838 2462 est
1884 2403 2054 2482 quod
2098 2400 2344 2481 signifi-

844 2509 1023 2564 catur
1069 2501 1264 2564 'verbo
1329 2499 1549 2562 vocali.
1615 2500 1733 2561 Sed
1794 2500 2063 2562 verbum
2125 2500 2340 2562 vocale

844 2619 970 2663 non
1021 2598 1343 2680 significat
1390 2598 1619 2660 mentis
1665 2606 2044 2680 conceptum
2090 2606 2198 2661 aut
2245 2617 2342 2660 ac-

841 2707 1001 2772 tum,
1037 2699 1165 2760 imo
1205 2698 1491 2778 designat
1534 2715 1667 2758 rem
1712 2697 1936 2778 ipsam.
1972 2732 2051 2742 —
2087 2697 2337 2770 Contra,

842 2797 1317 2880 quintodecimo
1348 2796 1425 2857 de
1455 2795 1761 2856 Trinitate
1790 2795 2015 2857 asserit
2045 2795 2342 2876 Augusti-

844 2915 964 2957 nus
985 2895 1296 2956 :Verbum
1328 2901 1423 2955 est
1453 2893 1614 2956 visio
1645 2894 1721 2954 de
1754 2893 2015 2955 visione.
2039 2894 2116 2954 Et
2144 2893 2336 2956 alibi:

2450 1909 2601 1990 quia
2648 1909 2895 1971 sufficit
2939 1911 3419 1991 praesentialitas
3464 1912 3670 1993 prima
3710 1908 3956 1989 objecti

2453 2006 2516 2067 in
2549 2007 2855 2068 memoria
2887 2015 2955 2068 ut
2982 2016 3125 2070 actu
3159 2016 3574 2089 cognoscatur
3600 2026 3613 2070 :
3645 2007 3960 2090 quoniam

2450 2107 2671 2167 eadem
2703 2105 2986 2186 potentia
3015 2107 3255 2168 habens
3285 2107 3610 2187 objectum
3643 2125 3959 2188 praesens,

2453 2223 2579 2264 una
2615 2203 2754 2282 ejus
2795 2205 3309 2285 praesentialitate
3349 2213 3555 2287 potest
3593 2213 3806 2267 actum
3854 2226 3966 2266 su-

2453 2321 2562 2364 um
2607 2302 2854 2364 elicere.
2889 2302 3050 2384 Ergo
3089 2321 3324 2385 ponere
3368 2304 3432 2366 in
3471 2305 3690 2366 eadem
3733 2311 3966 2385 poten-

2452 2402 2540 2462 tia
2570 2401 2890 2483 duplicem
2925 2403 3204 2483 speciem
3236 2403 3489 2464 videtur
3518 2402 3958 2483 superfluum,

2453 2518 2652 2581 quum
2685 2501 2992 2562 memoria
3029 2508 3092 2562 θῖ
3124 2501 3544 2582 intelligentia
3573 2501 3701 2562 sint
3727 2501 3962 2562 eadem

2455 2597 2755 2678 potentia.
2791 2597 3124 2678 ObJ'ectum
3170 2617 3424 2681 quoque
3469 2617 3594 2662 non
3637 2607 3732 2661 est
3777 2599 3843 2660 in
3885 2619 3963 2661 se

2454 2695 2744 2769 verbum,
2779 2696 3081 2776 quoniam
3115 2717 3390 2778 praesens
3419 2706 3516 2760 est
3548 2699 3610 2760 in
3647 2697 3966 2760 memoria

2456 2793 2592 2855 sine
2623 2794 2854 2855 actuali
2888 2795 3269 2874 cognitione,
3296 2814 3420 2858 non
3451 2803 3668 2858 autem
3697 2796 3789 2858 sic
3819 2814 3970 2857 ver-

2458 2891 2632 2952 bum.
2659 2891 2785 2953 Nec
2816 2892 3140 2972 objectum
3172 2895 3498 2974 cognitum
3531 2903 3627 2957 est
3655 2894 3961 2964 verbum,

845 2993 1147 3064 Verbum,
1197 2992 1425 3072 inquit,
1472 2999 1567 3051 est
1616 2991 1840 3051 notitia
1890 3010 2035 3052 cum
2083 3009 2340 3071 amore3
2381 2995 2424 3056 C
2458 3008 2658 3069 quum
2690 3008 2818 3051 non
2849 2991 2931 3052 sit
2963 2991 3328 3054 immediate
3367 2993 3678 3073 genitum,
3711 2993 3822 3054 sed
3855 3011 3970 3054 ac-

851 3093 1154 3173 itemque,
1197 3089 1474 3151 Verbum
1517 3097 1613 3151 est
1655 3089 1879 3151 notitia
1920 3089 2149 3171 genita.

948 3190 1127 3253 Circa
1187 3190 1321 3251 haec
1389 3187 1610 3249 recitat
1672 3188 1892 3250 Scotus
1963 3188 2342 3269 positionem

854 3288 1107 3351 Henrici
1140 3285 1433 3368 superius
1464 3286 1903 3359 introductam,
1927 3293 2144 3367 utpote
2175 3287 2344 3368 quod

857 3387 1215 3450 intellectus
1274 3392 1487 3445 noster
1536 3384 1743 3465 primo
1792 3392 1886 3445 est
1942 3384 2008 3446 in
2066 3385 2348 3466 potentia

854 3488 933 3548 ad
963 3493 1174 3547 actum
1207 3484 1487 3566 primum
1519 3502 1710 3564 quem
1743 3482 1930 3544 habet
1960 3482 2039 3543 ab
2071 3483 2344 3564 objecto,

2459 3096 2560 3150 tus
2584 3089 2867 3169 gignitur
2894 3089 3258 3153 immediate
3284 3090 3352 3153 in
3378 3109 3506 3173 quo
3536 3091 3754 3153 subest
3777 3090 3968 3172 obje-

2459 3188 2824 3249 ctum.Dico
2852 3190 3207 3271 erg0,quod
3235 3190 3313 3251 de
3347 3189 3828 3271 imperfectione
3859 3200 3970 3251 est

2458 3285 2818 3347 intellectus
2859 3288 3027 3368 quod
3060 3288 3326 3349 verbum
3364 3289 3656 3370 sequitur
3691 3288 3970 3370 inquisi—

2461 3383 2697 3446 tionem
2731 3401 2746 3445 ε
2782 3384 2912 3447 imo
2949 3385 3252 3466 quaelibet
3283 3386 3508 3448 notitia
3548 3387 3780 3467 genita,
3811 3406 3968 3449 ver-

2462 3481 2612 3543 bum
2645 3489 2757 3544 est.
2795 3483 2870 3544 Et
2900 3484 3065 3544 sicut
3094 3493 3189 3546 cst
3220 3484 3286 3545 in
3325 3486 3629 3547 creaturis
3663 3486 3968 3567 quaedam

853 3591 916 3645 et
965 3584 1102 3665 ipse
1147 3580 1505 3643 intellectus
1550 3579 1753 3641 factus
1799 3578 1863 3640 in
1907 3587 2073 3653 actu,
2108 3598 2184 3642 ex
2235 3599 2350 3641 sua
2461 3580 2833 3661 imperfecta
2881 3582 3126 3653 notitia,
3175 3582 3262 3644 ita
3308 3590 3370 3644 et
3410 3582 3678 3646 verbum
3725 3583 3970 3665 imper-

851 3680 1387 3744 immaterialitate
1431 3678 1743 3740 convertit
1790 3696 1857 3740 se
1906 3697 2097 3759 super
2144 3698 2234 3751 se,
2279 3685 2348 3739 ut
2458 3678 2733 3757 fectum3
2779 3699 2919 3761 quae
2965 3688 3179 3742 autem
3229 3688 3324 3742 est
3369 3682 3446 3742 de
3495 3680 3774 3763 perfecta
3823 3702 3968 3745 me-

852 3789 946 3843 est
992 3780 1236 3842 activus
1281 3796 1293 3839 :
1341 3778 1427 3838 ita
1472 3777 1642 3859 quod
1692 3776 1936 3857 primus
1980 3777 2119 3857 ejus
2168 3784 2347 3838 actus
2463 3776 2682 3849 moria,
2719 3776 3072 3859 perfectum
3103 3786 3199 3840 est
3228 3779 3620 3841 verbum:et
3651 3780 3770 3842 hoc
3799 3800 3970 3862 pra}

852 3886 947 3941 est
987 3877 1217 3961 passio,
1253 3883 1440 3957 prout
1484 3875 1836 3954 intelligere
1875 3875 2112 3936 dicitur
2151 3875 2348 3956 quod·
2462 3876 2648 3957 cipue
2696 3883 2792 3937 est
2841 3876 3066 3937 notitia
3114 3875 3464 3939 definitiva.
3514 3878 3657 3940 Haec
3707 3879 3965 3942 Scottis·

853 3978 997 4039 dam
1043 3975 1209 4058 pati;
1242 3982 1305 4035 et
1346 3973 1676 4035 conversio
1716 3972 1855 4052 ejus
1897 3991 2089 4053 super
2131 3992 2220 4043 se,
2255 3981 2350 4035 est
2549 3974 2663 4046 Qui
2723 3974 2802 4035 ad
2866 3974 3146 4055 primum
3204 3974 3530 4055 obJectum
3591 3978 3969 4059 respondet,

853 4094 1057 4156 agere.
1095 4075 1169 4134 Et
1217 4072 1505 4153 sequitur
1556 4071 1741 4133 tertio
1789 4071 2121 4133 conversio
2172 4072 2352 4133 intel·
2461 4072 2631 4153 quod
2680 4072 3056 4153 phantasma
3102 4073 3497 4154 Carthaginis
3546 4075 3779 4138 dicitur
3821 4096 3978 4138 ver-

857 4175 1055 4235 lectus
1113 4172 1269 4233 nudi
1318 4190 1510 4251 super
1558 4190 1624 4231 se
1676 4170 2109 4243 informatum,
2164 4178 2228 4231 θῖ
2286 4170 2351 4231 in
2385 4173 2433 4234 D
2463 4171 2618 4233 bum
2649 4172 2789 4250 ejus
2823 4172 3178 4247 causaliter,
3213 4189 3340 4234 non
3373 4173 3738 4236 formaliter.
3766 4176 3972 4237 —Ad

858 4273 979 4334 isto
1008 4270 1289 4351 gignitur
1319 4268 1585 4332 verbum
1628 4287 1740 4329 seu
1772 4268 1997 4330 notitia
2029 4269 2356 4330 declarati-

858 4388 974 4434 va:
1000 4370 1087 4431 ita
1115 4367 1286 4449 quod
1316 4367 1523 4448 primo
1554 4367 1811 4447 ponitur
1841 4374 2019 4428 actus
2055 4368 2350 4449 simplex,

858 4468 1089 4531 deinde
1148 4464 1577 4539 conversivuS,
1626 4483 1767 4545 quae
1826 4465 2015 4526 ambo
2076 4484 2357 4547 praesup-

861 4572 1187 4650 ponuntur
1214 4563 1447 4642 verb03
1480 4570 1544 4625 et
1583 4563 1767 4625 tertio
1805 4571 1899 4625 est
1942 4563 2029 4624 ibi
2063 4564 2352 4644 gigniti0‚

861 4667 926 4728 id
975 4672 1069 4727 est
1114 4662 1381 4745 prolatio
1430 4660 1627 4724 verbi.
1663 4696 1743 4705 —
1772 4662 1960 4723 Porro
2009 4662 2231 4725 Scotus
2279 4663 2357 4724 ad

861 4763 1278 4847 quaestionem
1337 4761 1522 4821 istam
1581 4760 1971 4841 respondens
2032 4777 2046 4821 :
2101 4761 2356 4823 Certum

861 4872 977 4937 est,
1015 4861 1244 4943 inquit,
1278 4861 1448 4941 quod
1479 4858 1747 4921 verbum
1787 4876 1915 4921 non
1955 4866 2050 4920 est
2090 4859 2229 4921 sine
2261 4877 2361 4921 co-

862 4961 1147 5043 gnitione
1190 4957 1443 5029 actuali,
1476 4956 1628 5037 quia
1676 4956 2027 5017 secundum
2068 4956 2362 5037 Augusti-

866 5078 1022 5122 num
1070 5054 1545 5139 quintodecimo
1593 5055 1672 5115 de
1722 5054 2047 5127 Trinitate,
2091 5054 2360 5116 verbum

869 5176 1017 5219 vere
1054 5162 1151 5217 est
1179 5154 1465 5235 genitum
1507 5152 1583 5213 de
1624 5153 1950 5222 memoria,
1982 5171 2094 5213 seu
2132 5153 2210 5214 de
2243 5152 2363 5214 sci—

870 5254 1042 5319 entia
1071 5254 1136 5314 in
1170 5250 1474 5314 memoria
1500 5250 1843 5312 exsistente
1878 5267 1891 5311 :
1920 5269 1957 5311 a
1988 5267 2370 5331 cognoscen-

2464 4270 2841 4343 secundum,
2904 4271 3072 4352 quod
3131 4271 3400 4333 verbum
3457 4274 3673 4335 vocale
3736 4273 3976 4335 imme—

2463 4369 2631 4430 diate
2663 4368 2983 4449 significat
3022 4388 3178 4441 rem,
3213 4377 3426 4432 tamen
3469 4371 3785 4434 mediante
3815 4390 3980 4435 con-

2466 4473 2654 4547 ceptu
2709 4482 2721 4526 :
2775 4466 2925 4547 quia
2981 4467 3236 4547 signum
3286 4486 3413 4530 non
3467 4469 3816 4551 imponitur
3865 4472 3974 4533 rei

2466 4565 2588 4625 nisi
2652 4564 2968 4625 mediant-e
3017 4573 3332 4647 conceptu
3390 4574 3454 4628 et
3501 4567 3970 4645 intellectione,

2466 4682 2606 4743 quae
2637 4671 2732 4724 est
2763 4662 3048 4724 verbum.
3086 4662 3162 4723 Et
3195 4671 3404 4726 tamen
3435 4664 3687 4745 signum
3721 4666 3809 4728 rei
3845 4666 3980 4729 im-

2469 4760 2838 4833 mediatum,
2873 4760 2978 4821 dat
3017 4760 3370 4842 intelligere
3411 4772 3788 4845 conceptum
3831 4782 3976 4828 non

2468 4867 2770 4939 tanquam
2815 4858 3152 4939 signatum.

2551 4957 2730 5019 Circa
2758 4957 2893 5019 haec
2933 4956 3156 5018 scribit
3188 4959 3520 5022 Durandus
3557 4976 3570 5020 z
3605 4960 3982 5042 Conceptus

2473 5055 2703 5116 mentis
2736 5072 2862 5116 non
2893 5055 3083 5117 habet
3113 5056 3422 5119 rationem
3453 5058 3632 5119 verbi
3662 5058 3786 5119 nisi
3819 5078 3984 5141 pro-

2475 5161 2544 5213 ut
2591 5152 2800 5214 induit
2847 5154 3156 5216 rationem
3209 5155 3681 5217 manifestativi.
3731 5156 3820 5219 De
3873 5178 3986 5221 ra-

2473 5251 2648 5313 tione
2693 5258 2906 5313 autem
2950 5251 3128 5314 verbi
3181 5253 3378 5315 nostri
3425 5255 3721 5319 mentalis
3773 5266 3988 5339 prout
