4359 6250
1306 501 1480 546 Lmen
1523 502 1542 545 1
1584 501 2063 548 summi-uncia.
2112 521 2192 530 —-
2234 453 2385 548 nist.
2433 503 2580 549 xxx1
3376 483 3494 548 307

392 688 630 748 unum,
680 673 996 754 tanquam
1051 673 1325 736 verbum
1383 675 1743 755 perfectum
1793 677 1899 739 cui
1946 694 2080 740 non
2124 676 2296 740 desit
2337 677 2611 757 aliquid,
2659 679 2724 740 et
2770 695 2874 740 ars
2930 677 3233 758 quaedam
3282 677 3497 739 omni-

392 791 685 870 potentis
720 791 785 853 et
822 789 1138 870 sapientis
1177 790 1325 870 Dei,
1365 791 1559 871 plena
1597 793 1894 855 omnium
1941 793 2273 855 rationum
2311 793 2677 856 viventium
2726 791 3390 871 incommutabilium,
3432 795 3498 854 et

395 922 629 969 omnes
664 923 874 970 unum
912 906 981 968 in
1018 923 1116 986 ea,
1149 907 1321 971 sicut
1359 908 1501 988 ipsa
1528 925 1736 972 unum
1775 909 1856 971 de
1894 926 2025 971 uno
2065 926 2216 972 cum
2261 926 2392 991 quo
2431 927 2659 972 unum.
2696 909 2797 972 Ibi
2833 909 3020 972 novit
3055 909 3278 973 omnia
3314 910 3494 972 Deus

394 1037 543 1101 quae
594 1021 751 1085 fecit
794 1040 911 1104 per
956 1024 1191 1104 ipsam.

527 1141 872 1204 Hilarius
916 1143 995 1204 in
1044 1143 1232 1203 libro
1282 1144 1369 1203 de
1404 1142 1765 1214 synodis:
1794 1144 2051 1218 Imaao
2101 1144 2268 1214 ejus
2310 1147 2408 1206 ad
2452 1159 2666 1218 quem
2714 1144 3180 1220 imaainatur
3215 1145 3494 1217 species
3583 1172 3740 1202 «ωσι,

396 1255 831 1329 indifferens
874 1259 1001 1320 est.
1032 1262 1275 1332 Neque
1322 1261 1523 1320 enim
1564 1261 1717 1332 ipse
1767 1261 1911 1322 sibi
1957 1261 2348 1335 quisquam
2397 1264 2644 1336 imavo
2695 1261 2846 1336 est,·
2881 1264 3010 1322 sed
3057 1275 3224 1322 eum
3276 1260 3494 1331 cujus
3539 1225 3706 1328 ⁸¹:312]
3729 1286 3784 1329 «ιο

396 1376 646 1450 imaao
692 1375 823 1448 est,
856 1389 1149 1438 necesse
1186 1378 1292 1438 est
1322 1375 1406 1436 ut
1433 1378 1681 1451 imavo
1722 1377 2196 1440 demonstret.
2228 1378 2486 1453 Imaao
2527 1391 2702 1452 erqo
2744 1377 2853 1439 est
2885 1378 3006 1438 rei
3037 1380 3134 1439 ad
3166 1390 3334 1437 rem
3369 1389 3492 1436 co·
3521 1346 3720 1452 {{¹²⁰‘¹⁵⁸'
3741 1362 3784 1391 ¹³·

395 1493 840 1566 aequandam
858 1484 885 1508 *
914 1491 987 1552 et
1009 1491 1428 1566 imaainata
1459 1492 1531 1552 et
1566 1493 1969 1555 indiscreta
2006 1493 2438 1554 similitudo.
2471 1494 2600 1555 Est
2629 1507 2804 1568 erqo
2845 1493 3094 1566 Pater,
3129 1492 3238 1554 est
3265 1492 3496 1553 etiam
3536 1503 3789 1556 'coequan-

398 1609 659 1682 F'ilius,
692 1611 869 1683 quia
918 1610 1166 1684 imaoo
1220 1609 1475 1671 Patris
1522 1610 1631 1672 est
1680 1612 1956 1686 F'itius,·
1994 1610 2065 1670 et
2114 1611 2292 1685 quia
2342 1612 2589 1686 imaoo
2644 1610 2776 1684 est,
2817 1611 2901 1671 ut
2938 1611 3057 1671 rei
3101 1612 3347 1684 imavo
3399 1608 3499 1670 sit
3522 1563 3582 1607 ὼ

395 1728 718 1798 speciem
749 1739 1039 1788 necesse
1080 1726 1190 1787 est
1227 1726 1298 1786 et
1332 1726 1694 1790 naturam
1732 1729 1804 1789 et
1839 1728 2264 1801 essentiam,
2299 1730 2700 1790 secundum
2737 1729 2928 1802 quod
2963 1729 3211 1802 imaoo
3253 1725 3384 1798 est,
3421 1727 3500 1787 in

398 1855 477 1903 se
521 1843 797 1905 habeat
842 1841 1195 1904 auctoris.

975 2101 1061 2164 D.
1112 2105 1246 2165 Hic
1292 2108 1379 2165 de
1422 2104 1711 2178 Spiritu
1754 2104 2050 2178 Sancte,
2101 2119 2338 2179 quare
2383 2117 2560 2166 usu-s·
2605 2105 2924 2167 dicatur.

534 2345 657 2406 Est
706 2344 927 2406 autem
976 2341 1327 2406 ineffabilis
1372 2343 1643 2423 quidam
1692 2343 2075 2425 complexus
2120 2343 2338 2406 Patris
2387 2345 2453 2406 et
2498 2343 2829 2424 imaginis,
2870 2345 2986 2426 qui
3031 2361 3165 2406 non
3215 2344 3316 2406 est
3359 2313 3501 2406 sine
3531 2357 3799 2434 Aps-deffi-

400 2459 859 2542 perfruitione,
907 2459 1049 2524 sine
1099 2460 1388 2538 caritate,
1438 2461 1580 2523 sine
1622 2460 1884 2541 gaudio.
1928 2460 2050 2522 Illa
2104 2477 2257 2541 ergo
2316 2460 2604 2538 dilectio,
2645 2461 3011 2540 delectatio,
3065 2461 3342 2524 felicitas
3397 2460 3501 2523 vel
3529 2421 3796 2536 maun.

400 2575 742 2638 beatitudo
773 2574 859 2657 (si
898 2576 1119 2640 tamen
1156 2576 1377 2658 aliqua
1426 2576 1717 2639 humana
1763 2593 1925 2639 voce
1974 2576 2169 2656 digne
2216 2573 2483 2658 dicitur)
2518 2593 2695 2640 usus
2738 2576 2822 2640 ab
2867 2576 2982 2640 illo
3033 2576 3358 2657 appellata
3405 2578 3502 2640 est

402 2692 727 2773 breviter3
773 2692 839 2755 et
879 2694 980 2755 est
1028 2693 1096 2755 in
1132 2691 1451 2755 'Prinitate
1499 2692 1786 2772 Spiritus
1828 2692 2105 2755 Sanctus
2152 2710 2286 2754 non
2329 2691 2611 2772 genituS,
2653 2691 2768 2754 sed
2815 2692 3129 2772 genitoris
3171 2693 3504 2773 genitique

402 2810 723 2888 suavitas,
768 2809 1017 2890 ingenti
1073 2808 1370 2889 largitate
1420 2809 1617 2890 atque
1664 2807 1959 2871 ubertate
2009 2808 2412 2889 perfundens
2470 2826 2698 2872 omnes
2754 2809 3081 2872 creaturas
3135 2826 3253 2890 pro
3310 2811 3506 2890 captu

404 2941 657 2988 earum.
716 2925 946 3006 Itaque
1006 2923 1119 2986 illa
1174 2925 1321 3003 tria,
1368 2925 1434 2988 et
1486 2941 1527 2986 a
1581 2941 1652 2987 se
1700 2923 1981 2986 invicem
2034 2924 2457 2987 determinari
2511 2924 2838 3003 videntur,
2889 2925 2954 2987 et
3003 2925 3072 2986 in
3128 2942 3198 2987 se
3250 2925 3505 2988 infinita
3535 2942 3642 2986 ibid.
3662 2955 3706 2984 n.
3732 2943 3798 2984 η.

402 3043 581 3104 sunt.
618 3041 751 3114 Qui
788 3040 967 3104 videt
1011 3040 1137 3104 hoc
1173 3039 1279 3103 vel
1317 3057 1399 3103 ex
1428 3041 1611 3121 parte
1640 3039 1743 3102 vel
1774 3057 1890 3120 per
1917 3039 2262 3119 speculum
2289 3040 2359 3102 in
2389 3040 2760 3120 aenigmate,
2793 3041 3074 3120 gaudeat
3109 3057 3507 3121 cognoscens
3561 3057 3798 3108 mamm,

400 3159 645 3239 Deum,
677 3160 746 3222 et
780 3159 1023 3241 gratias
1064 3159 1250 3239 agat3
1290 3157 1406 3240 qui
1446 3175 1598 3221 vero
1636 3174 1769 3220 non
1808 3158 2008 3236 videt,
2042 3158 2266 3221 tendat
2304 3176 2420 3239 per
2459 3158 2771 3238 pietatem
2811 3157 2964 3221 fidei
3003 3159 3085 3221 ad
3121 3158 3502 3238 videndum,
3539 3124 3602 3164 η’

402 3294 539 3339 non
574 3293 694 3357 per
730 3276 1091 3339 caecitatem
1128 3274 1211 3337 ad
1249 3273 1810 3353 calumniandum,
1844 3274 2156 3354 quoniam
2196 3291 2370 3337 unus
2409 3275 2508 3337 est
2544 3274 2749 3353 DeuS,
2783 3274 2899 3338 sed
2935 3275 3153 3337 tamen
3191 3274 3503 3339 Trinitas·

540 3394 710 3456 Ecce
765 3390 969 3455 habes
1019 3390 1299 3471 qualiter
1356 3390 1552 3453 verba
1604 3389 1843 3452 Hilarii
1900 3390 2244 3471 praemissa
2298 3391 2676 3471 accipienda
2729 3391 2884 3469 sint,
2927 3390 3079 3454 licet
3133 3392 3330 3455 tantae
3377 3392 3510 3454 sint

402 3508 901 3591 profunditatiS,
941 3508 1017 3570 ut
1061 3507 1262 3571 etiam
1313 3505 1609 3569 adhibita
1658 3507 2091 3587 expositione,
2137 3508 2251 3570 vix
2298 3507 2712 3587 aliquatenus
2760 3524 2836 3570 ea
2884 3507 3246 3588 intelligere
3298 3508 3512 3570 valeat

404 3627 743 3690 humanus
798 3641 1053 3703 sensuS‚
1106 3641 1311 3705 quum
1372 3624 1437 3686 et
1492 3622 1635 3703 ipsa
1686 3638 1912 3685 eorum
1971 3622 2343 3703 explanatio
2397 3640 2596 3704 quam
2653 3623 2760 3685 hic
2811 3623 3224 3703 Augustinus
3279 3622 3506 3703 edidit,

402 3743 773 3825 plurimum
822 3742 892 3804 in
937 3759 1007 3804 se
1054 3740 1287 3804 habeat
1332 3739 1735 3803 difficultatis
1782 3740 1847 3803 et
1894 3738 2367 3821 ambiguitatis.

772 4010 848 4071 E.
902 4010 1099 4077 Quod
1142 4012 1543 4072 secundum
1586 4011 1776 4071 hanc
1822 4009 2362 4082 eoepositionem
2405 4022 2556 4070 non
2601 4007 3158 4083 distinauuntur

1261 4129 1364 4190 ibi
1402 4126 1907 4199 proprietates
1945 4140 2450 4199 personarum
2497 4126 2671 4187 tres.

544 4360 697 4422 Non
734 4359 915 4421 enim
952 4358 1316 4421 secundum
1351 4355 1765 4437 praemissam
1806 4356 2288 4435 expositionem
2332 4354 2829 4435 distinguuntur
2866 4355 2976 4418 hic
3013 4356 3145 4419 tres
3191 4356 3324 4420 illae
3361 4372 3515 4438 pro-

406 4476 725 4561 prietates
766 4473 1073 4556 superius
1112 4473 1483 4554 assignatae,
1523 4472 1640 4536 sed
1685 4473 1847 4553 ipsae
1886 4471 2276 4553 hypostases
2321 4472 2646 4534 distinctae
2694 4470 2777 4534 ab
2814 4472 3100 4535 invicem
3145 4474 3518 4537 monstran-

410 4599 546 4659 tur.
580 4591 997 4658 AEternitatis
1032 4592 1253 4653 tamen
1290 4590 1558 4653 nomine
1594 4589 1824 4653 eadem
1859 4587 2119 4652 videtur
2154 4588 2492 4668 designata
2527 4587 2892 4668 proprietas
2929 4605 3129 4670 quam
3169 4591 3354 4653 notat
3389 4591 3516 4654 hoc

413 4728 685 4791 nomen,
724 4708 1081 4791 ingenitus.
1124 4706 1255 4771 Sed
1291 4706 1634 4769 videamus
1671 4705 1833 4786 quid
1868 4706 1956 4767 sit
1991 4704 2169 4786 quod
2207 4704 2300 4767 ait
2339 4723 2353 4764 :
2396 4704 2621 4783 Imago
2661 4702 2718 4766 si
2760 4702 3044 4785 perfecte
3081 4705 3314 4785 implet
3351 4705 3516 4769 illud
3545 4723 3808 4778 Aug.op.eit.

416 4827 615 4909 cujus
660 4827 879 4909 imago
918 4826 1041 4903 est,
1080 4824 1227 4904 ipsa
1275 4822 1654 4903 coaequatur
1697 4822 1781 4901 ei,
1813 4837 1945 4885 non
1994 4820 2161 4884 illud
2205 4838 2344 4885 suae
2389 4819 2684 4899 imagini.
2728 4818 3006 4883 Videtur
3049 4821 3226 4884 enim
3273 4821 3511 4902 dicere,
3541 4790 3672 4833 ”⁰¹¹⁰

416 4945 603 5028 quod
653 4944 886 5022 Filius,
938 4940 1055 5024 qui
1107 4940 1209 5003 est
1266 4940 1485 5019 imago
1540 4938 1778 5018 PatriS,
1836 4938 2015 5001 Patri
2071 4938 2470 5017 coaequatur,
2519 4953 2653 4999 non
2708 4935 2904 4999 Pater
2955 4936 3150 5015 Filio,
3199 4953 3406 5017 quum
3455 4939 3521 5001 et

416 5062 637 5127 Filius
690 5060 947 5124 dicatur
1000 5056 1276 5138 aequalis
1332 5055 1515 5118 Patri
1570 5055 1638 5117 in
1685 5055 2043 5135 Scriptura,
2099 5055 2164 5117 et
2213 5052 2407 5115 Pater
2461 5051 2655 5115 Filio.
2707 5052 2835 5115 Sed
2889 5051 3100 5115 Filius
3152 5052 3276 5115 hoc
3329 5052 3522 5117 habet

416 5197 459 5241 a
486 5180 707 5257 Patre,
748 5178 823 5240 ut
868 5175 957 5238 sit
992 5174 1053 5238 ei
1092 5172 1403 5254 aequalis3
1443 5171 1639 5235 Pater
1676 5172 1897 5234 autem
1933 5186 2067 5234 non
2104 5168 2302 5232 habet
2347 5185 2386 5231 a
2429 5167 2601 5230 Filio
2649 5188 2664 5228 :
2707 5169 2773 5231 et
2819 5167 3038 5231 tamen
3075 5168 3286 5232 Filius
3333 5169 3525 5250 plene

418 5312 501 5358 ac
541 5292 827 5375 perfecte
872 5290 1149 5372 aequalis
1196 5290 1297 5355 est
1342 5287 1547 5369 Patri,
1590 5288 1661 5351 id
1706 5287 1807 5353 est
1853 5288 2073 5369 imago
2122 5285 2183 5349 ei
2233 5284 2424 5365 cujus
2471 5284 2572 5347 est
2607 5284 2852 5365 imago.
