4359 6250
1005 509 1091 554 AN
1134 508 1329 554 PATER
1370 509 1443 554 m·
1484 508 1677 554 rmus
1720 507 1791 554 SE
1840 505 2085 552 mvlcmfl
2128 506 2416 552 mLIGAN'r
2457 505 2690 552 srmlw
2732 505 2962 552 SANGTO

3413 487 3534 550 333

432 675 805 756 formalem3
839 678 1162 759 objicitur,
1196 677 1349 760 quia
1378 677 1430 740 si
1461 677 1699 740 dicitur
1727 677 1931 739 forma
1959 676 2009 738 A
2042 693 2107 737 re
2144 693 2219 736 ac
2261 675 2604 756 reprobari.
2649 675 2823 738 Unde
2869 673 3119 736 videtur
3163 675 3528 747 dicendum,

432 782 727 856 respectu
767 777 965 839 Patris
994 784 1056 840 et
1087 777 1252 851 Filii,
1286 795 1435 857 ergo
1473 777 1750 858 aliquam
1793 793 1931 858 pro-

430 873 768 953 prietatem
808 874 1029 938 l'ormae
1068 874 1310 937 tenebit
1349 883 1644 957 respectu
1682 892 1925 936 eorum.

428 971 671 1034 Formae
715 981 929 1034 autem
972 981 1069 1036 est
1114 974 1463 1048 continere,
1498 974 1702 1046 unire,
1738 971 1929 1054 perfi-

426 1087 573 1132 cere
621 1087 637 1132 τ
690 1089 966 1152 quorum
1014 1071 1267 1134 nullum
1318 1071 1614 1134 convenit
1664 1071 1927 1152 Spiritui

426 1167 661 1232 Sancto
719 1177 1013 1252 respectu
1071 1170 1269 1232 Patris
1316 1177 1380 1232 et
1428 1169 1590 1232 Filii.
1644 1169 1707 1232 Si
1756 1169 1927 1230 enim

425 1265 701 1341 dicatur,
735 1267 1007 1349 Spiritus
1048 1269 1315 1331 Sanctus
1355 1275 1451 1330 est
1484 1267 1693 1329 unitas
1731 1266 1928 1329 Patris

422 1371 485 1426 et
517 1365 689 1440 Filii,
722 1372 786 1428 et
817 1366 1078 1428 unitatis
1116 1374 1214 1428 est
1244 1367 1467 1444 unire;
1500 1384 1628 1429 non
1668 1372 1929 1448 propter

424 1463 543 1526 hoc
587 1465 771 1527 Pater
812 1472 877 1527 et
920 1465 1115 1526 Filius
1161 1466 1487 1527 uniuntur.
1534 1465 1645 1526 Illa
1686 1463 1927 1526 etenim

424 1562 740 1624 uniuntur
788 1582 928 1646 quae
976 1562 1147 1624 fiunt
1204 1581 1441 1642 unum3
1492 1561 1653 1624 nihil
1712 1569 1927 1623 autem

420 1657 499 1720 fit
547 1678 755 1721 unum
802 1661 867 1721 in
910 1660 1149 1722 divinis
1198 1660 1509 1741 personiS‚
1556 1665 1625 1721 ut
1671 1665 1927 1720 sanctus

418 1755 509 1818 ait
540 1757 899 1819 Bernardus
933 1777 947 1821 ε
984 1777 1131 1820 nam
1161 1766 1226 1818 et
1257 1757 1398 1820 fieri
1440 1757 1730 1839 sequitur
1768 1765 1926 1819 tem-

2038 775 2210 856 quod
2249 773 2522 854 Spiritus
2553 773 2818 835 Sanctus
2856 780 2952 834 est
2991 790 3168 853 amor
3199 790 3326 854 quo
3356 773 3533 835 Pater

2038 881 2101 934 et
2140 872 2336 933 Filius
2376 891 2442 934 se
2487 873 2760 933 invicem
2806 872 3117 952 diligunt3
3159 890 3276 933 nec
3323 879 3532 933 tamen

2039 971 2331 1060 sequitur
2372 971 2541 1052 quod
2585 970 2852 1052 diligant
2899 989 2966 1032 se
3017 970 3257 1053 Spiritu
3306 971 3534 1034 Sancto

2038 1076 2147 1130 aut
2178 1087 2292 1150 per
2333 1068 2642 1150 Spiritum
2685 1069 3005 1132 Sanctum.
3039 1069 3170 1132 Hoc
3211 1069 3380 1131 enim
3423 1087 3533 1152 po-

2039 1167 2133 1228 nit
2166 1167 2557 1247 Augustinus
2591 1167 3066 1248 quintodecimo
3095 1169 3174 1230 de
3205 1167 3529 1243 Trinitate,

2039 1282 2157 1326 nec
2207 1265 2388 1346 ponit
2432 1265 2702 1326 alterum
2751 1265 2998 1328 horum.
3044 1265 3377 1328 Sermones
3426 1284 3532 1326 au-

2038 1371 2166 1424 tem
2226 1362 2567 1443 Scripturae
2621 1369 2684 1424 et
2735 1362 3107 1426 Sanctorum
3163 1365 3332 1426 circa
3384 1363 3529 1425 uni-

2038 1468 2233 1522 tatem
2273 1461 2562 1523 essentiae
2600 1461 3076 1543 trinitatemque
3115 1479 3530 1543 personarum

2038 1577 2165 1621 non
2210 1566 2357 1620 sunt
2400 1559 2781 1621 extendendi
2827 1577 2840 1622 τ
2887 1560 3160 1622 maxime
3206 1579 3406 1643 quum
3449 1561 3533 1623 sit

2035 1658 2233 1719 altera
2281 1658 2440 1720 ratio
2481 1657 2734 1720 dicendi
2784 1677 2983 1740 quum
3031 1659 3286 1734 dicitur,
3335 1659 3530 1740 Spiri-

2040 1764 2139 1818 tus
2181 1756 2468 1829 SanctuS,
2502 1764 2565 1818 et
2595 1776 2794 1838 quum
2835 1757 3089 1832 dicitur,
3123 1775 3302 1820 amor
3334 1758 3532 1820 Patris

421 1874 565 1936 pus.
602 1855 995 1918 Generaliter
1034 1873 1289 1938 quoque
1335 1857 1545 1919 omnis
1589 1856 1798 1919 forma
1832 1856 1924 1918 di·
1962 1852 2009 1915 B
2038 1862 2101 1916 et
2149 1855 2311 1917 Filii.
2359 1855 2515 1918 Nam
2567 1855 2840 1937 Spiritus
2884 1857 3150 1919 Sanctus
3200 1857 3530 1939 proprium

420 1954 509 2014 cit
550 1953 863 2016 rationem
905 1954 1209 2037 principii
1249 1973 1363 2016 seu
1404 1954 1791 2017 causalitatis
1831 1973 1924 2016 re-

419 2058 651 2132 spectu
697 2050 837 2132 ejus
880 2051 1067 2133 cujus
1110 2051 1346 2114 dicitur
1383 2052 1635 2115 forma:
1680 2053 1733 2115 si
1777 2070 1926 2133 ergo

421 2149 747 2211 ablativus
777 2148 1131 2212 formaliter
1159 2151 1510 2233 accipiatur
1540 2170 1739 2235 quum
1770 2151 1925 2212 dici-

419 2255 549 2320 tur,
580 2248 762 2310 Pater
791 2255 855 2309 et
882 2248 1081 2310 Filius
1106 2249 1381 2330 diligunt
1408 2268 1476 2312 se
1509 2250 1749 2332 Spiritu
1780 2250 1927 2312 San-

418 2353 547 2418 ct0,
583 2345 945 2427 signabitur
988 2347 1159 2428 quod
1207 2347 1483 2429 Spiritus
1528 2348 1794 2410 Sanctus
1844 2347 1926 2409 sit

415 2443 641 2526 aliquo
672 2444 861 2507 modo
890 2462 1081 2507 causa
1116 2453 1227 2507 aut
1256 2445 1649 2527 principium
1689 2446 1925 2508 amoris

416 2543 621 2604 Patris
670 2562 743 2605 ac
795 2543 957 2604 Filii.
1004 2544 1295 2626 Insuper,
1338 2545 1633 2626 quamvis
1683 2544 1927 2626 legatur

418 2640 487 2702 in
520 2641 873 2723 Scriptura,
905 2641 1075 2723 quod
1106 2641 1379 2723 Spiritus
1410 2643 1675 2705 Sanctus
1706 2644 1790 2705 sit
1816 2661 1925 2705 ne-

418 2757 539 2801 xus
584 2740 785 2802 Patris
824 2758 899 2802 ac
946 2740 1111 2814 Filii,
1147 2759 1272 2803 non
1312 2749 1524 2804 tamen
1568 2742 1737 2824 quod
1783 2759 1926 2804 con-

418 2845 633 2900 nectat
674 2839 920 2900 Patrem
960 2846 1024 2900 et
1064 2839 1316 2901 Filium.
1351 2875 1432 2884 —
1462 2840 1741 2902 Fuerunt
1774 2857 1925 2922 quo-

419 2955 549 3018 que
594 2937 705 3019 qui
752 2937 1059 3011 dicerent,
1100 2938 1272 3019 quod
1320 2937 1606 3019 diligere,
1650 2938 1925 3000 sumitur

2039 1971 2274 2016 nomen
2311 1961 2408 2016 est
2445 1972 2763 2036 personae3
2795 1972 2975 2018 amor
3012 1973 3163 2018 vero
3200 1956 3531 2039 appropri-

2035 2052 2204 2114 abile
2253 2060 2369 2122 est,
2417 2060 2478 2116 et
2526 2061 2622 2115 est
2660 2054 3140 2135 appropriatum
3186 2075 3384 2136 quum
3435 2056 3530 2118 di-

2038 2151 2224 2224 citur,
2257 2169 2435 2214 amor
2472 2151 2668 2214 Patris
2711 2170 2784 2213 ac
2824 2151 2984 2214 Filii.
3019 2188 3101 2197 ——
3128 2153 3432 2216 Praeterea
3475 2154 3529 2216 si

2036 2257 2375 2330 quaeratur,
2417 2249 2622 2332 qualis
2671 2250 2978 2312 habitudo
3027 2258 3281 2313 notetur
3326 2271 3528 2334 quum

2035 2347 2291 2420 dicitur,
2325 2346 2502 2409 Pater
2538 2354 2602 2408 et
2637 2347 2830 2408 Filius
2870 2348 3147 2429 diligunt
3184 2368 3251 2411 se
3287 2350 3528 2431 Spiritu

2036 2445 2265 2508 Sancto
2299 2464 2312 2509 :
2345 2445 2710 2518 dicendum,
2742 2446 2911 2527 quod
2952 2463 3079 2509 non
3125 2455 3378 2510 notatur
3421 2448 3528 2511 ha-

2036 2543 2258 2606 bitudo
2308 2563 2512 2606 causae
2565 2542 2872 2618 formalis,
2919 2545 3027 2607 sed
3077 2547 3258 2627 quasi
3307 2546 3528 2610 formae

2034 2641 2401 2704 exsistentis
2444 2641 2525 2704 ab
2576 2642 2673 2705 his
2720 2660 2994 2725 quorum
3038 2651 3134 2706 est
3177 2645 3355 2726 quasi
3407 2645 3530 2708 for-

2036 2758 2139 2802 ma
2181 2740 2247 2803 in
2290 2747 2600 2821 quantum
2642 2740 2936 2822 diligunt.
2969 2741 3311 2805 Vinculum
3354 2744 3528 2806 enim

2035 2838 2137 2900 vel
2174 2856 2376 2900 nexus
2411 2856 2522 2900 seu
2563 2838 2793 2920 copula
2823 2840 2991 2901 cedit
3020 2840 3085 2902 in
3128 2841 3368 2904 ratione
3406 2842 3531 2905 for-

2036 2955 2155 2999 mae
2187 2943 2479 3018 respectu
2510 2954 2730 2999 eorum
2762 2955 3030 3019 quorum
3058 2946 3154 3001 est
3183 2958 3384 3002 nexus
3415 2959 3528 3004 seu

417 3033 848 3096 essentialiter
887 3043 951 3097 et
990 3036 1395 3098 notionaliter
1431 3053 1444 3096 τ
1480 3036 1919 3112 essentialiter,
1959 3032 2002 3096 C
2034 3034 2484 3098 vinculum.-—-
2508 3034 2637 3097 Nec
2672 3035 2864 3097 etiam
2904 3037 3213 3118 sequitur,
3246 3038 3532 3120 Diligunt

418 3153 625 3217 quum
673 3134 931 3208 dicitur,
962 3136 1142 3198 Pater
1184 3143 1249 3197 et
1292 3136 1489 3198 Filius
1538 3135 1813 3217 diligunt
1856 3154 1922 3199 se

415 3232 701 3295 essentia
742 3250 894 3312 sua3
935 3234 1366 3309 notionaliter,
1412 3254 1613 3316 quum
1664 3235 1917 3309 dicitur,

416 3331 603 3393 Pater
630 3338 698 3393 et
728 3331 925 3394 Filius
964 3332 1240 3413 diligunt
1268 3351 1335 3395 se
1366 3333 1607 3415 Spiritu
1648 3334 1874 3396 Sancto
1904 3352 1918 3397 :

416 3430 645 3511 sicque
696 3430 909 3512 ipsum
960 3430 1224 3512 diligere
1262 3438 1437 3493 notat
1484 3432 1916 3514 spirationem.

416 3529 601 3591 Unde
646 3529 741 3591 sic
786 3537 1114 3611 exponunt
1156 3530 1366 3605 istam,
1399 3531 1577 3593 Pater
1618 3538 1681 3591 et
1724 3530 1921 3593 Filius

414 3626 701 3708 diligunt
744 3646 813 3689 se
852 3628 1093 3710 Spiritu
1138 3628 1386 3702 Sancto,
1422 3628 1487 3690 id
1530 3635 1647 3703 est,
1682 3629 1925 3710 spirant

416 3725 737 3806 Spiritum
799 3725 1098 3788 Sanctum
1145 3746 1183 3789 a
1229 3744 1334 3806 se;
1385 3734 1449 3789 et
1500 3726 1695 3801 illam,
1746 3728 1925 3789 Pater

414 3824 631 3906 diligit
662 3824 896 3887 Filium
928 3824 1169 3906 Spiritu
1200 3826 1448 3899 Sancto,
1482 3826 1545 3888 id
1576 3834 1692 3901 est,
1726 3826 1925 3908 spirat

416 3922 737 4004 Spiritum
787 3921 1085 3984 Sanctum
1134 3923 1215 3985 ad
1264 3924 1539 4003 Filium3
1589 3931 1673 3999 et,
1725 3924 1923 3986 Filius

416 4020 633 4102 diligit
672 4020 919 4082 Patrem
960 4021 1200 4103 Spiritu
1240 4022 1489 4097 Sancto,
1530 4022 1593 4085 id
1638 4030 1755 4097 est,
1794 4022 1921 4104 spi-

416 4126 519 4180 rat
548 4118 865 4200 Spiritum
898 4119 1198 4181 Sanctum
1234 4121 1311 4182 ad
1347 4121 1593 4183 Patrem
1626 4140 1641 4184 ε
1675 4121 1921 4202 isteque

2034 3154 2099 3197 se
2139 3134 2378 3217 Spiritu
2425 3135 2671 3208 Sancto,
2705 3151 2855 3217 ergo
2898 3136 3141 3217 spirant
3183 3156 3250 3200 se
3289 3139 3530 3220 Spiritu

2033 3235 2284 3309 Sancto,
2336 3233 2628 3316 quamvis
2682 3234 3088 3297 notionaliter
3146 3236 3410 3317 diligant
3461 3257 3530 3301 se

2034 3331 2274 3415 Spiritu
2318 3333 2564 3395 Sancto.
2609 3332 2860 3415 Spirare
2902 3332 3076 3395 enim
3115 3334 3272 3396 dicit
3319 3354 3531 3418 respe-

2034 3438 2207 3493 ctum
2250 3431 2327 3492 ad
2372 3430 2678 3512 Spiritum
2730 3431 3031 3493 Sanctum
3077 3440 3146 3493 ut
3186 3435 3528 3514 proceden-

2034 3537 2160 3590 tem
2192 3548 2229 3590 a
2258 3528 2432 3591 Patre
2468 3546 2542 3590 ac
2576 3528 2734 3591 Filio
2754 3546 2770 3607 3
2804 3528 3068 3610 diligere
3111 3549 3281 3605 vero,
3317 3550 3528 3613 respe-

2034 3634 2210 3689 ctum
2249 3628 2326 3690 ad
2372 3627 2679 3709 Spiritum
2731 3626 3029 3689 Sanctum
3077 3636 3146 3697 ut
3189 3637 3284 3691 est
3325 3648 3526 3693 nexus

2032 3733 2096 3788 et
2132 3744 2330 3789 amor.
2367 3726 2594 3806 Sicque
2624 3725 2917 3807 quamvis
2957 3726 3179 3788 eadem
3217 3728 3391 3791 notio
3421 3729 3526 3791 de-

2032 3824 2340 3906 signetur,
2375 3842 2500 3886 non
2544 3820 2754 3885 tamen
2802 3824 3025 3886 eodem
3076 3826 3284 3900 modo,
3325 3833 3391 3888 et
3429 3834 3526 3889 est

2033 3922 2283 3984 fallacia
2323 3922 2504 4005 quasi
2553 3921 2904 3983 secundum
2952 3922 3248 3986 accidens
3297 3924 3361 3986 in
3411 3924 3525 3986 hu-

2028 4020 2310 4101 jusmodi
2348 4020 2758 4101 argumentis.
2792 4056 2874 4065 —
2909 4019 3052 4084 Haec
3092 4021 3462 4085 Alexander.

2110 4119 2408 4181 Albertus
2450 4119 2710 4180 demum
2757 4118 2860 4181 hic
2901 4119 2988 4180 ait
3021 4138 3035 4183 :
3071 4120 3158 4181 De
3200 4120 3318 4182 hac
3357 4140 3525 4202 quae—

414 4216 765 4289 ablativus,
798 4216 1037 4298 Spiritu
1079 4218 1328 4291 Sanct0,
1365 4219 1532 4281 cedit
1573 4219 1636 4280 in
1680 4219 1921 4281 ratione
1952 4224 2001 4285 D
2032 4216 2238 4279 stione
2299 4224 2448 4279 sunt
2505 4216 2721 4279 multae
2768 4217 3122 4298 opiniones
3175 4218 3384 4281 Prima
3433 4220 3526 4282 di-

414 4314 563 4395 ejus
593 4313 766 4396 quod
796 4322 891 4376 est
920 4315 999 4376 de
1034 4315 1373 4398 principi0,
1411 4334 1537 4379 non
1574 4318 1638 4379 in
1679 4317 1921 4379 ratione

417 4412 747 4495 principii.
806 4412 1135 4487 Similiter,
1185 4414 1468 4495 Diligunt
1517 4432 1631 4478 nos
1680 4415 1921 4498 Spiritu

412 4512 673 4583 Sancto,
715 4510 781 4571 id
826 4517 943 4585 est,
978 4511 1221 4592 spirant
1264 4512 1576 4594 Spiritum
1620 4514 1921 4577 Sanctum

411 4609 499 4670 ad
546 4626 683 4670 nos.
719 4644 801 4654 —
836 4609 1022 4670 Juxta
1069 4609 1299 4672 horum
1350 4612 1733 4693 positionem
1782 4611 1921 4693 qui-

412 4708 567 4769 dam
608 4706 929 4781 dixerunt,
963 4709 1132 4789 quod
1176 4708 1244 4769 in
1282 4709 1410 4772 Deo
1438 4717 1535 4772 est
1564 4710 1800 4792 duplex
1829 4709 1922 4771 di-

416 4806 642 4886 ligere,
699 4812 918 4886 utpote
975 4806 1261 4869 naturale
1310 4816 1371 4869 et
1417 4808 1785 4890 gratuitum,
1837 4808 1925 4869 ita

416 4902 597 4986 quod
642 4902 907 4984 diligere
949 4905 1318 4984 gratuitum,
1352 4912 1449 4967 est
1490 4906 1828 4981 notionale,
1863 4914 1925 4968 et

418 5002 599 5065 idem
630 5002 798 5083 quod
840 5019 1137 5064 amorem·
1165 5003 1403 5085 spirare
1438 5020 1453 5065 t
1487 5010 1548 5065 et
1580 5005 1699 5067 hoc
1739 5004 1928 5066 modo

416 5102 611 5163 Pater
649 5106 713 5162 et
754 5100 953 5163 Filius
992 5120 1062 5164 se
1098 5102 1373 5182 diligunt
1416 5102 1655 5184 Spiritu
1700 5104 1928 5168 Sancto

418 5199 802 5263 formaliter.

509 5298 795 5373 Quorum
854 5298 1074 5381 opinio
1117 5298 1369 5363 videtur
1412 5302 1642 5384 partim
1701 5302 1931 5366 defice-

2033 4315 2339 4385 eentium,
2373 4316 2542 4397 quod
2574 4332 2794 4377 omnes
2830 4316 2985 4378 tales
3017 4315 3367 4379 locutiones
3398 4318 3528 4380 sint

2032 4413 2228 4487 falsae,
2262 4421 2326 4475 et
2353 4413 2435 4475 ab
2471 4413 2824 4493 Augustino
2860 4420 3210 4477 retractatae
3249 4415 3315 4476 in
3356 4416 3529 4479 simi-

2034 4512 2102 4585 li,
2133 4512 2288 4573 dum
2329 4512 2690 4574 retractavit
2719 4512 2888 4593 quod
2928 4513 3191 4588 dixerat,
3224 4515 3403 4577 Pater
3431 4523 3530 4579 est

2032 4610 2287 4691 sapiens
2345 4610 2676 4691 sapientia.
2730 4610 2960 4674 Contra
3004 4630 3165 4693 quos
3213 4621 3310 4675 est
3357 4615 3526 4696 quod

2034 4726 2159 4771 non
2206 4708 2413 4770 solum
2458 4708 2870 4789 Augustinus,
2906 4710 3016 4771 sed
3063 4719 3127 4771 et
3160 4711 3267 4772 alii
3314 4713 3528 4775 Sancti

2036 4814 2303 4889 ponunt,
2344 4807 2514 4888 quod
2564 4808 2742 4870 Pater
2783 4815 2846 4870 et
2895 4808 3090 4871 Filius
3139 4808 3414 4890 diligunt
3459 4828 3526 4873 se

2037 4906 2276 4989 Spiritu
2317 4906 2565 4979 Sancto,
2599 4906 2765 4968 sicut
2799 4915 2861 4968 et
2891 4925 3082 4988 supra
3119 4907 3527 4972 distinctione

2036 5006 2286 5068 decima
2332 5004 2556 5087 patuit.
2599 5040 2680 5051 —
2725 5004 2850 5067 Alii
2899 5004 3120 5067 dicunt
3167 5006 3335 5088 quod
3386 5023 3527 5088 pro-

2038 5104 2272 5188 positio
2316 5104 2424 5166 illa
2467 5105 2550 5166 sit
2593 5123 2760 5178 vera,
2803 5104 3096 5186 quamvis
3140 5104 3528 5187 impropria3

2038 5212 2101 5267 et
2130 5211 2458 5287 exponunt
2499 5202 2591 5264 sic
2624 5220 2765 5264 eam
2799 5221 2812 5264 :
2848 5204 3027 5266 Pater
3056 5211 3121 5266 et
3150 5204 3346 5267 Filius
3386 5206 3530 5268 dili-

2038 5309 2197 5385 gunt
2254 5319 2322 5364 se
2379 5300 2622 5382 Spiritu
2680 5299 2928 5376 Sancto,
2973 5301 3039 5364 id
3095 5311 3193 5365 est
3242 5302 3530 5371 dilectio·
