4359 6250
571 3448 650 3491 Ps.
666 3452 835 3500 κανᾶ.

573 3912 642 3960 23,
668 3914 734 3956 2¹.

861 477 982 544 540

1541 503 1604 548 IN
1645 502 1868 548 meffl
1908 502 1928 546 1
1971 501 2453 547 SENTENTMRUM.
2497 519 2579 528 —·
2620 500 2773 546 ntsr.
2818 499 2959 563 1L13
3004 501 3226 556 QUAEST.
3272 500 3293 546 1

865 687 1013 730 nem
1044 671 1256 752 operis
1285 689 1443 736 voco
1474 672 1538 735 id
1568 673 1645 735 ad
1676 673 1844 756 quod
1876 690 2036 755 opus
2067 672 2363 734 termina·
2391 670 2442 733 A
2472 671 2818 733 secundum
2852 673 3073 736 merita
3102 680 3318 736 nostra
3346 672 3527 737 nobis
3556 671 3832 746 fecisset,
3850 688 3971 733 nec

863 775 984 830 tur.
1007 769 1084 830 Et
1113 770 1233 832 hoc
1263 773 1643 854 quandoque
1673 780 1768 834 cst
1800 772 2140 854 temporale
2162 789 2176 833 :
2197 771 2363 833 sicut

863 866 955 928 ire
1013 869 1090 930 ad
1148 869 1504 944 MatutinaS,
1554 871 1933 933 terminatur
1980 871 2361 952 quandoque

862 965 940 1027 ad
985 968 1273 1049 accipere
1317 968 1668 1032 oblationes
1713 971 2087 1032 constitutas
2113 987 2130 1048 3
2161 977 2225 1030 et
2270 989 2363 1030 sa-

861 1081 1000 1126 cros
1039 1066 1364 1148 suscipere
1393 1067 1670 1141 ordineS,
1702 1068 1779 1130 ad
1809 1067 2174 1130 habendum
2208 1087 2362 1150 prae-

862 1161 1156 1225 bendam.
1193 1165 1267 1226 Et
1299 1165 1422 1227 tale
1453 1167 1606 1248 quid
1635 1166 2012 1247 adjunctum
2044 1166 2161 1229 fini
2195 1167 2364 1248 prin-

864 1261 1056 1344 cipali
1105 1271 1312 1345 potest
1369 1283 1506 1327 esse
1567 1265 1725 1328 ratio
1783 1265 2036 1346 operis3
2087 1284 2215 1327 non
2266 1274 2361 1327 est.

863 1367 1074 1423 tamen
1107 1363 1362 1444 proprie
1395 1381 1584 1425 causa
1611 1363 1848 1438 finalis,
1884 1365 2186 1446 quoniam
2219 1383 2361 1425 cau-

861 1477 932 1520 sa
960 1457 1174 1521 finalis
1203 1468 1296 1523 est
1336 1480 1478 1542 quae
1508 1462 1749 1543 quietat
1790 1463 2208 1525 intentionem
2246 1481 2360 1544 per

863 1576 928 1620 se
974 1566 1032 1619 et
1085 1566 1298 1620 totam.
1338 1560 1645 1623 Similiter
1692 1560 2213 1642 distinguendum
2262 1568 2359 1624 est

861 1656 928 1718 in
969 1658 1539 1738 praedestinatione.
1575 1661 1732 1722 Nam
1771 1659 2089 1741 quoddam
2129 1667 2227 1722 est
2267 1659 2357 1720 ibi

862 1763 1194 1829 aeternum,
1255 1756 1555 1820 videlicet
1613 1759 2010 1840 propositum
2069 1758 2236 1837 Dei3
2296 1765 2358 1818 et

2473 769 2693 852 inique
2740 771 3007 852 egisset3
3040 791 3369 854 quumque
3412 772 3545 834 sola
3591 770 3971 833 liberalitate

2473 869 2773 932 bonitatis
2818 890 2947 934 suae
2988 870 3321 953 proposuit
3358 890 3434 933 ex
3480 890 3686 932 massa
3730 869 3841 932 illa
3878 867 3971 930 la-

2472 987 2614 1030 cere
2644 967 2857 1050 aliqua
2887 988 3037 1031 vasa
3065 970 3281 1051 gratiae
3313 969 3379 1032 in
3417 970 3747 1043 honorem,
3782 968 3973 1030 mise-
3998 984 4261 1036 hmanas.

2472 1066 2745 1128 ricordia
2787 1068 3212 1149 superexaltat
3250 1067 3587 1148 judicium.
3623 1067 3752 1129 Nec
3800 1066 3973 1147 inju—

2471 1173 2633 1226 stum
2663 1173 2758 1227 est
2790 1185 2865 1228 ex
2900 1174 3074 1248 parte
3104 1184 3317 1228 eorum
3348 1166 3583 1249 quibus
3613 1166 3974 1228 miseretur:

2471 1264 2623 1344 quia
2681 1282 2805 1326 non
2858 1253 3065 1327 solum
3129 1264 3299 1338 licet,
3348 1266 3459 1327 sed
3514 1265 3710 1327 etiam
3758 1265 3967 1332 decet,

2472 1380 2651 1423 suam
2684 1362 2775 1424 sic
2806 1362 3015 1424 facere
3046 1363 3413 1425 bonitatem.
3448 1363 3576 1426 Nec
3604 1371 3697 1426 est
3732 1363 3973 1444 injuria

2471 1477 2692 1521 eorum
2742 1480 2902 1542 quos
2950 1479 3077 1524 non
3129 1462 3621 1544 praedestinavit,
3676 1460 3829 1544 quia
3876 1461 3972 1524 nil

2475 1568 2844 1622 meruerunt
2876 1578 2890 1620 ε
2926 1559 3058 1622 imo
3084 1561 3296 1623 dicere
3327 1561 3420 1624 eis
3453 1569 3680 1641 potest,
3711 1561 3809 1623 An
3840 1577 3969 1622 non
4014 1575 4259 1652 {lateam

2473 1656 2619 1719 licet
2664 1657 2819 1718 mihi
2867 1659 3035 1739 quod
3079 1658 3222 1721 volo
3268 1658 3524 1722 lacere?
3563 1659 3689 1721 Nec
3733 1666 3829 1722 est
3876 1658 3973 1721 ibi
4008 1643 4073 1682 ¹³·

2472 1754 2867 1836 inaequalitas
2896 1757 3287 1839 acceptionis
3318 1775 3735 1839 personarum
3770 1776 3785 1820 ε
3819 1758 3974 1840 quia

863 1854 1180 1936 quoddam
1210 1856 1694 1918 determinabile
1724 1857 1800 1918 ad
1833 1865 2108 1939 tempuS,
2134 1865 2204 1918 ut
2236 1856 2359 1918 col·
2395 1858 2442 1921 B
2472 1854 2664 1915 etiam
2696 1854 2850 1916 dum
2890 1855 3243 1918 seeundum
3280 1855 3427 1936 jura
3462 1857 3744 1919 humana
3776 1856 3857 1918 fit
3886 1857 3975 1919 lo-

865 1952 1014 2014 latio
1053 1953 1287 2033 gratiae.
1325 1954 1400 2015 Et
1439 1973 1514 2016 ex
1557 1962 1733 2037 parte
1776 1955 2018 2028 aeterni,
2054 1974 2170 2016 nec
2214 1973 2357 2016 cau-

863 2071 998 2114 sam
1029 2052 1219 2114 habet
1246 2051 1534 2126 finalem,
1569 2073 1686 2116 nec
1718 2055 1975 2136 proprie
2006 2055 2353 2116 rationem:

862 2150 1165 2232 quoniam
1215 2151 1375 2214 ratio
1423 2153 1616 2214 etiam
1673 2153 1887 2235 aliquo
1937 2154 2125 2216 modo
2183 2151 2359 2214 elicit

861 2268 1045 2332 opuS,
1079 2249 1306 2312 merita
1331 2258 1544 2312 autem
1577 2250 1792 2312 futura
1821 2251 1998 2313 nullo
2029 2251 2220 2314 modo
2250 2250 2360 2312 eli-

863 2347 1042 2408 ciunt
1072 2346 1468 2429 propositum
1509 2348 1638 2410 Dei.
1677 2349 1767 2410 Ex
1807 2356 1984 2429 parte
2015 2366 2168 2411 vero
2206 2347 2361 2409 effe-

861 2453 1024 2521 ctuS,
1058 2445 1124 2508 in
1167 2463 1295 2529 quo
1343 2446 1848 2509 determinabilis
1898 2454 1994 2509 est
2042 2446 2362 2528 praedesti-

860 2543 1034 2607 natio
1065 2551 1127 2606 et
1158 2543 1518 2626 reprobatio
1546 2545 1622 2606 ad
1655 2542 1930 2626 tempuS‚
1956 2544 2194 2607 habent
2224 2545 2362 2626 ipsa

861 2642 1332 2726 praedestinatio
1381 2650 1442 2704 et
1493 2642 1853 2725 reprobatio
1901 2643 2234 2712 rationem,
2268 2643 2361 2705 vi·

861 2741 1092 2804 delicet
1143 2740 1388 2814 merita,
1440 2759 1566 2802 non
1620 2749 1832 2803 tamen
1893 2760 2148 2804 causam
2206 2740 2363 2804 fina-

863 2840 1009 2902 lem.
1071 2875 1151 2883 —
1207 2839 1350 2902 Haec
1413 2839 1732 2914 AlbertuS‚
1797 2840 1908 2921 qui
1971 2840 2094 2902 alia
2162 2840 2363 2902 multa

862 2957 1058 3021 super
1099 2937 1199 3000 his
1243 2937 1487 3012 scribit,
1526 2957 1666 3020 quae
1709 2939 2171 3000 sententialiter
2216 2947 2363 3000 sunt

865 3035 1146 3098 inducta.

953 3134 1282 3197 Udalricus
1331 3135 1524 3197 etiam
1581 3136 1646 3197 in
1697 3137 1959 3199 Summa
2013 3156 2147 3211 sua,
2203 3135 2364 3199 libro

864 3234 954 3295 ait
983 3234 1264 3296 secundo
1287 3250 1301 3295 ε
1326 3234 1482 3306 Quia
1513 3235 1827 3316 profunda
1857 3235 2088 3299 divinae
2119 3235 2367 3317 sapien-

867 3332 970 3395 tiae
999 3332 1382 3414 perscrutari
1415 3333 2143 3414 nequimuS‚seeundum
2176 3354 2367 3416 quam

863 3430 1108 3512 judicia
1151 3430 1260 3493 Dei
1306 3437 1456 3492 sunt
1498 3430 1766 3514 abyssus
1813 3432 2045 3509 multa3
2079 3431 2221 3494 ideo
2272 3451 2363 3494 ra-

865 3530 1106 3593 tionem
1160 3528 1425 3609 justitiae
1484 3529 1549 3591 in
1611 3530 2161 3611 praedestinatione
2212 3548 2365 3612 quo-

867 3629 1160 3691 rumdam
1214 3647 1344 3709 prae
1399 3628 1542 3690 aliis
1593 3630 1972 3709 ignoramus
2026 3629 2365 3710 Apostolus

869 3736 1082 3789 tamen
1125 3728 1308 3790 docet
1348 3727 1666 3809 quomodo
1712 3727 1774 3787 in
1823 3728 1937 3788 hac
1983 3725 2364 3789 discretione

780 3863 838 3899 ιι,
869 3827 1076 3890 discas
1107 3826 1198 3888 nil
1237 3845 1376 3889 esse
1417 3826 1752 3907 injustum,
1786 3826 1895 3887 sed
1934 3826 2363 3889 ostensionem

869 3926 1238 3989 divitiarum
1297 3924 1601 3987 bonitatis
1659 3924 1794 3998 Dei,
1850 3942 2094 4006 ponens
2153 3944 2364 3987 exem-

869 4024 1048 4106 plum
1098 4023 1176 4085 de
1221 4021 1424 4104 figulo
1483 4022 1622 4093 luti,
1675 4023 1784 4103 qui
1839 4022 1892 4084 si
1953 4022 2169 4085 omnia
2217 4042 2365 4085 vasa

869 4122 1039 4184 lutea
1066 4122 1144 4183 ad
1185 4120 1716 4183 contumeliosum
1760 4119 1995 4183 faceret
2028 4140 2240 4193 usum,
2274 4121 2366 4183 ni-

2473 1971 2586 2014 cus
2630 1952 3080 2032 gratificationi
3126 1973 3237 2016 seu
3280 1955 3629 2036 adoptioni,
3664 1954 3775 2017 ubi
3824 1972 3974 2017 con-

2470 2050 2745 2112 ditiones
2776 2069 3190 2132 personarum
3222 2053 3496 2134 aequales
3528 2061 3697 2126 sunt,
3718 2070 3847 2115 non
3879 2062 3979 2115 est

2472 2148 2561 2210 ibi
2606 2151 2894 2233 acceptio
2936 2169 3376 2233 personarum,
3412 2172 3609 2234 quum
3658 2152 3825 2215 nulli
3874 2173 3977 2214 ea-

2472 2266 2615 2308 rum
2658 2267 2735 2310 ex
2781 2249 2915 2311 suis
2960 2248 3205 2312 meritis
3249 2249 3571 2312 debeatur.
3607 2251 3751 2313 Haec
3792 2251 3977 2314 Udal-

2472 2345 2661 2408 ricuS.

2552 2447 2740 2508 Porro
2791 2446 3125 2510 Durandus
3174 2447 3325 2509 satis
3376 2447 3543 2510 clare
3592 2447 3697 2510 hic
3750 2448 3978 2512 recitat

2470 2545 2743 2607 aliorum
2788 2545 3159 2628 positiones,
3192 2554 3256 2608 et
3306 2563 3423 2628 pro
3468 2546 3745 2608 maxima
3796 2556 3978 2628 parte

2472 2643 2763 2724 sequitur
2817 2644 3146 2718 Thomam,
3200 2644 3419 2707 dicens
3478 2643 3543 2705 in
3602 2645 3979 2726 particulari

2473 2759 2599 2803 non
2635 2759 2818 2822 posse
2850 2742 2982 2804 dari
3016 2761 3133 2804 nee
3164 2761 3303 2804 esse
3335 2742 3636 2805 rationem
3667 2763 3778 2805 cur
3809 2744 3977 2806 Deus

2474 2840 2685 2922 potius
2718 2841 3262 2922 praedestinaverit
3303 2841 3499 2904 istum
3528 2860 3719 2924 quam
3762 2841 3973 2918 illum,

2474 2938 2598 3000 nisi
2630 2938 3023 3000 voluntatem
3048 2939 3367 3001 divinam.
3404 2941 3473 3002 In
3512 2941 3729 3023 aliquo
3758 2949 3977 3004 tamen

2399 3037 2443 3100 C
2476 3036 2702 3098 nititur
2730 3036 2999 3099 aliorum
3032 3037 3380 3119 positiones
3410 3039 3724 3120 corrigere
3758 3057 3773 3100 ε
3802 3041 3975 3123 quod

2474 3137 2718 3215 agendo
2778 3135 3088 3198 defecisse
3142 3136 3417 3211 videtur,
3473 3137 3743 3201 dicendo
3802 3140 3975 3221 quod

2475 3234 2677 3314 gloria
2724 3251 2850 3296 non
2900 3243 2997 3297 est
3045 3236 3123 3297 de
3173 3234 3519 3297 effectibus
3569 3237 3977 3318 praedestina-

2475 3332 2689 3402 tionis,
2724 3333 2876 3414 quia
2916 3334 3385 3415 praedestinatio
3414 3353 3543 3397 non
3580 3343 3676 3397 est
3704 3336 3785 3397 de
3816 3334 3975 3407 sine,

2477 3432 2588 3494 sed
2637 3433 2715 3494 de
2765 3432 2993 3493 mediis
3040 3432 3459 3515 perveniendi
3506 3435 3584 3496 ad
3636 3433 3859 3497 finem.
3896 3472 3980 3481 —-

2477 3529 2652 3603 Quod
2698 3536 2862 3591 stare
2906 3548 3031 3592 non
3077 3530 3293 3592 valet:
3338 3531 3468 3593 imo
3507 3532 3689 3612 juxta
3732 3533 3977 3613 praeha-

2478 3626 2629 3701 bita,
2691 3627 3164 3708 praedestinatio
3230 3629 3671 3712 principaliter
3731 3639 3829 3692 est
3896 3632 3977 3693 de

2478 3726 2778 3788 beatifico
2817 3725 2969 3797 sine,
3003 3734 3070 3788 et
3108 3726 3289 3789 illum
3323 3728 3563 3791 directe
3602 3730 3977 3807 concernit3

2476 3823 2554 3885 de
2600 3823 2829 3885 mediis
2871 3842 3021 3886 vero
3058 3831 3155 3887 est
3194 3824 3261 3886 in
3304 3833 3615 3906 quantum
3654 3826 3731 3887 ad
3771 3826 3980 3889 finem

2476 3922 2839 4003 hujusmodi
2872 3923 3289 4004 requiruntur.
3305 3924 3777 3987 Praedestinatio
3804 3925 3985 4007 quip-

2476 4041 2555 4103 pe
2606 4028 2701 4083 est
2746 4022 3191 4103 praeordinatio
3233 4022 3507 4103 alicujus
3554 4024 3634 4085 ad
3680 4022 3978 4103 gloriam,

2475 4120 2606 4182 imo
2636 4120 3039 4202 praeordinati
3070 4120 3148 4182 ad
3176 4120 3445 4201 gloriam
3476 4129 3721 4184 tantum
3758 4140 3774 4184 ε
3808 4130 3879 4184 ut
3910 4123 3981 4187 hi

867 4220 960 4282 hil
1001 4218 1253 4299 injuriae
1295 4217 1530 4280 faceret
1576 4219 1708 4281 luto
1753 4218 2106 4291 immundo,
2149 4219 2362 4281 dimit·
2394 4221 2443 4283 D
2474 4218 2583 4299 qui
2615 4219 2693 4280 ad
2724 4225 2979 4300 tempus
3016 4218 3187 4299 juste
3218 4238 3285 4281 se
3324 4218 3581 4293 habent,
3615 4238 3733 4282 nec
3766 4240 3979 4302 perse-

865 4326 1006 4380 tens
1039 4317 1195 4379 illud
1227 4336 1356 4379 suae
1387 4325 1626 4379 naturae
1659 4317 2036 4395 immundam
2069 4317 2122 4379 si
2152 4325 2361 4379 autem

865 4416 1080 4499 aliqua
1125 4434 1274 4477 vasa
1322 4414 1624 4476 formaret
1671 4434 1749 4477 ex
1800 4414 1933 4477 luto
1983 4424 2112 4476 tam
2163 4414 2362 4477 artifi-

866 4515 1038 4578 ciosa
1081 4522 1148 4575 ut
1190 4512 1316 4574 dici
1359 4512 1564 4574 valeat
1606 4512 1763 4574 illud
1805 4513 2027 4586 Poetae,

927 4666 1224 4717 Materiam
1262 4665 1564 4729 superabat
1598 4679 1760 4729 opus,

866 4812 1157 4876 faciendo
1196 4831 1306 4874 vas
1349 4811 1425 4872 ad
1471 4830 1657 4872 usum
1703 4811 2062 4884 honestum,
2097 4810 2219 4899 hoc
2256 4810 2362 4871 ad-

865 4911 1274 4975 scribendum
1307 4918 1474 4972 esset
1505 4909 1962 4972 benevolentiae
1992 4916 2181 4990 atque·
2216 4928 2363 4989 pru-

865 5010 1096 5074 dentiae
1131 5007 1422 5081 artificiS,
1455 5025 1581 5070 non
1624 5007 1851 5069 merito
1897 5006 2032 5069 luti.
2073 5006 2176 5069 Sic
2214 5005 2365 5087 quia

865 5130 944 5172 ex
973 5106 1265 5190 originali
1299 5114 1561 5189 peccato
1591 5106 1656 5167 in
1688 5106 1938 5168 diversa
1966 5105 2122 5167 vitia
2153 5104 2367 5186 praeci-

869 5208 1072 5290 pitati,
1095 5224 1316 5269 omnes
1347 5223 1600 5267 eramus
1632 5223 1840 5267 massa
1867 5202 2201 5265 immunda
2229 5221 2367 5284 per-

855 5306 1151 5379 ditionis,
1183 5304 1237 5367 si
1278 5323 1498 5367 omnes
1535 5322 1652 5367 nos
1691 5302 2090 5385 permisisset
2131 5300 2363 5383 perire,

2474 4325 2696 4378 verant
2738 4334 2942 4398 usque
2986 4315 3052 4378 in
3100 4316 3325 4389 finem,
3360 4334 3485 4379 non
3538 4326 3683 4379 sunt
3729 4320 3973 4399 praede-

2474 4413 2728 4493 stinati3
2759 4422 2821 4475 et
2862 4414 3154 4495 quamvis
3193 4414 3323 4476 sint
3366 4414 3433 4477 in
3474 4414 3637 4477 libro
3675 4415 3824 4480 vitae
3863 4418 3977 4479 ali-

2474 4513 2749 4595 qualiter
2796 4512 3041 4594 scripti,
3094 4532 3494 4595 nequaquam
3549 4522 3760 4577 tamen
3822 4524 3976 4579 sunt

2475 4610 2924 4692 praedestinati.
2958 4611 3029 4672 ln
3060 4610 3489 4693 descriptione
3529 4629 3786 4694 quoque
3818 4633 3977 4696 prae-

2473 4709 2914 4772 destinationis
2978 4728 3105 4772 non
3172 4710 3385 4772 minus
3452 4711 3713 4792 ponitur
3770 4713 3977 4794 gloria

2473 4827 2666 4890 qnam
2714 4808 2934 4889 gratia,
2978 4827 3179 4890 quum
3228 4808 3464 4870 dicitur
3506 4827 3519 4871 :
3565 4810 3975 4890 praedestina-

2475 4906 2563 4967 tio
2612 4915 2707 4967 est
2756 4906 3131 4987 pra-paratio
3177 4906 3395 4987 gratia>
3444 4906 3512 4969 in
3563 4911 3861 4989 praesenti
3912 4920 3977 4973 et

2474 5004 2689 5085 gloriae
2728 5004 2795 5065 in
2834 5004 3070 5066 futuro.
3107 5005 3367 5079 RursuS,
3405 5025 3605 5088 quum
3648 5009 3975 5089 praedesti-

2476 5102 2751 5165 nationis
2782 5102 2943 5165 ratio
2971 5102 3037 5164 in
3068 5104 3395 5165 communi
3426 5104 3521 5166 sib
3540 5104 3975 5171 manifestatio

2478 5221 2589 5264 seu
2640 5202 3113 5283 repraesentatio
3160 5202 3393 5266 divinae
3442 5204 3718 5285 pietatiS,
3768 5208 3972 5287 perfe-

2480 5299 2710 5363 ctionis
2758 5308 2821 5362 et
2868 5299 3085 5381 gloriae
3136 5300 3451 5377 increatae,
3502 5310 3749 5366 constat
3796 5306 3971 5387 quod
