4359 6250
915 496 1003 543 ΑΝ
1044 497 1307 553 Amorion
1349 496 1559 543 Nouum
1607 495 1952 541 couvamAr
1993 494 2110 541 nso
2153 495 2409 540 morans
2450 494 2524 539 εἰ·
2565 496 2689 541 Nox
2730 495 3147 541 ‘rnAnstAi-ivn
3468 474 3580 539 141

467 664 647 743 gitur
679 665 766 726 ibi
799 665 1100 739 admixta,
1137 674 1206 727 ut
1247 672 1416 749 patet
1457 686 1534 729 ex
1579 664 1974 727 introductis.
2008 664 2060 727 A
2091 683 2491 745 nequaquam
2552 665 2850 727 convenit
2906 670 3229 739 creaturae,
3283 671 3352 725 ut
3405 670 3581 726 aeter-

467 797 556 807 -—
599 762 882 846 Denique
929 765 994 826 in
1041 764 1252 827 verbis
1301 763 1667 846 praehabitis
1715 782 1838 826 non
1884 763 1977 824 vi-

467 856 670 921 detur‘
710 862 1151 924 Bonaventura
1201 881 1430 943 negare
1478 862 1637 944 quin
1687 862 1976 943 quaedam

471 958 738 1020 nomina
801 959 930 1021 Deo
993 960 1373 1021 conveniant
1430 979 1508 1021 ex
1569 958 1976 1041 impositione

469 1054 682 1137 ipsius
726 1074 740 1119 ε
787 1058 914 1121 imo
962 1066 1026 1119 et
1072 1058 1162 1120 ait
1209 1059 1497 1140 quaedam
1549 1057 1809 1119 nomina
1851 1058 1977 1120 Deo

471 1156 820 1219 convenire
862 1176 1004 1238 quae
1045 1176 1253 1238 neque
1299 1157 1654 1218 secundum
1697 1175 1831 1217 rem
1873 1175 1978 1217 ne-

469 1272 603 1335 que
653 1255 1006 1317 secundum
1053 1255 1532 1337 impositionem
1587 1253 1976 1316 transferun-

467 1359 585 1412 tur
630 1371 668 1414 a
717 1355 1023 1415 creaturis
1073 1354 1152 1416 ad
1200 1354 1422 1415 Deum.
1478 1353 1622 1415 Ideo
1672 1370 1800 1416 non
1855 1360 1977 1415 stat

468 1451 650 1531 quod
695 1451 914 1514 omnia
957 1452 1177 1515 divina
1229 1452 1490 1515 nomina
1537 1458 1848 1533 quantum
1897 1452 1976 1513 ad

469 1566 702 1610 vocem
736 1550 1038 1612 translata
1077 1558 1227 1612 sunt
1257 1551 1334 1612 de
1375 1550 1680 1612 creaturis
1713 1549 1974 1613 ad‘Cre·

465 1653 735 1709 atorem.

556 1745 789 1807 Positio
846 1745 1106 1808 demum
1168 1746 1462 1809 Richardi
1522 1755 1824 1810 consonat
1881 1746 1974 1807 di-

2091 782 2233 835 nuS‚
2266 763 2687 843 omnipotens
2725 764 2801 824 Et.
2830 763 2963 825 haec
2996 762 3272 844 proprie,
3298 780 3424 825 non
3456 781 3583 823 me-

2089 861 2433 941 taphorice,
2470 860 2858 923 conveniunt
2889 862 3032 923 De0.
3070 860 3350 922 Tertium
3381 879 3581 941 genus

2088 968 2185 1020 est
2214 960 2547 1022 nominum
2588 960 3089 1041 significantium
3120 960 3580 1043 perfectionem

2087 1048 2396 1131 absolute,
2449 1077 2575 1121 non
2627 1059 2979 1121 secundum
3030 1059 3291 1121 modum
3352 1058 3579 1121 limita-

2089 1163 2225 1217 tum
2269 1166 2377 1219 aut
2420 1157 2913 1221 determinatum
2956 1160 3035 1221 ad
3075 1158 3430 1221 Creatorem
3470 1166 3581 1220 aut

2087 1263 2463 1330 creaturam,
2500 1264 2569 1318 ut
2608 1276 2768 1329 esse,
2805 1257 3041 1329 vivere,
3077 1257 3450 1338 intelligere,
3485 1277 3579 1319 sa-

2089 1352 2349 1434 pientia,
2386 1354 2656 1429 bonitaS,
2698 1362 2817 1417 etc.
2854 1356 2931 1416 Et
2974 1356 3108 1419 haec
3154 1356 3409 1437 proprie
3452 1356 3579 1418 Deo

2087 1453 2495 1527 conveniunt,
2548 1455 2851 1535 quoniam
2900 1473 2999 1517 res
3058 1454 3418 1536 significata
3466 1474 3580 1537 per

2086 1568 2160 1611 ea
2192 1551 2445 1632 proprie
2478 1553 2776 1615 convenit
2805 1553 2884 1614 ei.
2921 1554 3224 1626 Quartum
3254 1572 3454 1635 genus
3484 1561 3580 1615 est

2087 1648 2419 1711 nominum
2468 1650 2947 1731 importantium
2992 1652 3333 1732 quamdam
3372 1651 3578 1733 perfe-

2087 1747 2364 1810 ctionem
2410 1749 2761 1809 secundum
2806 1749 3071 1831 gradum
3115 1750 3457 1811 limitatum
3500 1750 3578 1812 ad

469 1843 596 1905 ctis
631 1861 644 1905 :
679 1861 806 1907 non
851 1845 1025 1906 enim
1074 1845 1298 1907 scribit
1340 1846 1418 1907 de
1463 1847 1580 1907 hac
1625 1846 1972 1928 quaestione
2009 1848 2058 1911 B
2088 1853 2462 1919 creaturam,
2497 1855 2567 1908 ut
2610 1842 2855 1921 sens‘uS,
2893 1847 3012 1921 lec,
3054 1867 3273 1929 agnus.
3308 1848 3389 1910 Et
3431 1849 3580 1911 talia

470 1941 604 2003 nisi
653 1942 720 2003 in
768 1960 897 2024 quo
948 1943 1328 2025 praeallegati
1381 1944 1669 2006 doctores
1719 1962 1975 2007 concor-

470 2040 649 2114 dant,
703 2041 827 2103 nisi
877 2042 1049 2123 quod
1107 2041 1320 2123 aliqua
1379 2042 1600 2104 inserit
1650 2043 1727 2104 de
1789 2043 1975 2104 modo

473 2139 882 2221 concipiendi
930 2140 1132 2201 Deum
1177 2140 1243 2201 in
1289 2148 1455 2202 statu
1503 2140 1622 2202 isto
1673 2141 1739 2202 in
1788 2159 1975 2221 gene-

117 2248 196 2302 (ΤΙ-
211 2248 444 2297 dist-vm.
473 2238 616 2300 rali.
651 2240 738 2300 De
779 2257 907 2320 qua
945 2257 1012 2300 re
1052 2258 1245 2319 supra
1285 2238 1616 2320 inquisitio
1653 2238 1818 2301 facta
1856 2247 1969 2300 est.

117 2324 167 2367 q.
192 2313 244 2355 Ξ.

557 2337 638 2398 At
684 2354 836 2398 vero
883 2337 1218 2399 Durandus
1277 2336 1446 2398 circa
1499 2338 1634 2399 haec
1683 2337 1907 2399 scribit
1957 2355 1971 2399 ε

471 2434 808 2516 Proprium
869 2434 1179 2497 dividitur
1227 2441 1446 2497 contra
1497 2453 1859 2509 commune,
1913 2443 1975 2497 et

473 2540 696 2595 contra
725 2532 1231 2615 metaphoricum
1273 2552 1386 2595 seu
1426 2534 1819 2596 translatum.
1855 2535 1974 2597 No-

473 2650 624 2693 men
671 2640 883 2693 autem
944 2649 1070 2693 non
1121 2632 1420 2695 convenit
1481 2632 1572 2694 rei
1621 2633 1746 2695 nisi
1808 2633 1975 2695 sicut

469 2730 726 2810 signum
759 2730 1005 2811 signato
1039 2748 1052 2792 :
1089 2730 1231 2794 ideo
1271 2749 1505 2793 nomen
1548 2731 1804 2813 aliquod
1846 2732 1974 2795 Deo

469 2828 730 2909 proprie
781 2829 1141 2903 convenire,
1188 2830 1459 2911 intelligi
1507 2837 1714 2911 potest
1765 2831 1974 2912 dupli-

469 2926 648 2988 citer.
688 2927 918 3001 Primo,
952 2929 1123 3010 quod
1170 2928 1489 3009 significet
1542 2928 1824 2991 divinam
1876 2948 1971 2991 es-

2087 1960 2213 2005 non
2246 1944 2633 2006 conveniunt
2665 1946 2789 2007 Deo
2822 1946 3097 2029 proprie,
3119 1948 3229 2009 sed
3262 1948 3581 2029 metapho-

2085 2042 2237 2113 rice,
2274 2042 2439 2104 sicut
2481 2043 2841 2125 expositum
2886 2053 3001 2106 est.
3034 2080 3116 2091 —
3144 2046 3333 2108 Porro
3376 2046 3429 2107 si
3471 2063 3580 2108 no-

2087 2140 2261 2201 mina
2292 2142 2418 2203 Deo
2449 2141 2702 2223 proprie
2735 2143 3176 2206 convenientia
3204 2144 3408 2225 quoad
3444 2163 3575 2205 rem

2085 2238 2534 2319 significatam,
2593 2241 3073 2304 considerentur
3131 2244 3440 2324 quantum
3497 2244 3576 2305 ad

2087 2338 2348 2399 modum
2382 2338 2808 2419 significandi,
2844 2358 2971 2403 non
3003 2348 3131 2403 tam
3164 2341 3418 2423 proprie
3449 2342 3577 2404 Deo

2084 2436 2538 2498 attribuuntur.
2574 2438 2684 2499 Vel
2734 2438 2904 2499 enim
2952 2447 3099 2501 sunt
3146 2440 3479 2510 abstracta,
3513 2448 3575 2501 et

2085 2534 2177 2596 sic
2227 2534 2426 2615 magis
2474 2535 2805 2617 designant
2854 2554 2981 2618 quo
3028 2538 3183 2618 quid
3231 2545 3347 2611 est,
3381 2556 3574 2618 quam

2086 2632 2146 2693 id
2179 2634 2349 2714 quod
2384 2640 2479 2695 est
2513 2650 2527 2695 ε
2564 2642 2633 2694 ut
2670 2634 3051 2708 humanitas,
3086 2636 3416 2717 sapientia,
3450 2643 3567 2697 etc.

2084 2730 2196 2792 Vel
2228 2739 2375 2792 sunt
2416 2738 2730 2805 concreta,
2764 2739 2827 2793 et
2867 2732 2953 2794 ita
2992 2733 3323 2814 designant
3360 2742 3428 2795 ut
3466 2735 3573 2796 ha-

2085 2827 2301 2890 bentia
2338 2837 2626 2890 naturam
2668 2838 2776 2892 aut
2818 2831 3291 2912 proprietatem,
3324 2839 3387 2894 et
3426 2832 3575 2895 insi-

2083 2934 2316 2988 nuatur
2345 2928 2633 3009 quaedam
2673 2929 2997 2992 distinctio
3036 2930 3201 2992 inter
3242 2931 3481 2993 habens
3510 2939 3574 2993 et

468 3025 746 3087 sentiam
779 3027 1129 3088 secundum
1173 3026 1496 3108 propriam
1528 3034 1593 3089 et
1623 3026 1970 3109 perfectam
2007 3030 2052 3095 G
2083 3024 2242 3087 illud
2273 3026 2441 3106 quod
2482 3026 2672 3121 habet
2706 3046 2719 3089 :
2754 3035 2825 3089 ut
2854 3030 3037 3090 homo
3069 3029 3224 3091 dicit
3264 3048 3401 3092 rem
3430 3050 3573 3112 quae

467 3125 612 3204 ejus
642 3133 936 3187 naturam
965 3132 1075 3186 aut
1106 3126 1438 3200 rationem,
1473 3127 1656 3208 quasi
1689 3127 1970 3190 definiti-

469 3241 547 3284 ve
587 3240 602 3284 :
636 3223 858 3303 sicque
903 3223 1155 3285 nullum
1202 3242 1434 3287 nomen
1484 3226 1782 3288 convenit
1832 3244 1971 3308 pro-

467 3320 610 3401 prie
651 3321 800 3382 Det).
833 3319 970 3383 Non
1011 3321 1186 3382 enim
1229 3322 1295 3383 in
1337 3322 1466 3384 vita
1511 3324 1627 3385 hac
1669 3323 1968 3405 intelligi-

469 3436 614 3479 mus
659 3420 861 3480 Deum
901 3420 1254 3482 secundum
1297 3421 1621 3503 propriam
1652 3430 1714 3483 et
1745 3422 1844 3502 (ut
1875 3423 1968 3484 sic

468 3516 722 3598 loquar)
750 3516 932 3598 quasi
965 3516 1346 3606 specificam
1369 3519 1678 3581 rationem
1711 3520 1914 3602 ipsius
1949 3539 1963 3582 :

468 3615 612 3677 ideo
671 3614 925 3676 nullum
985 3632 1216 3678 nomen
1266 3637 1303 3679 a
1350 3616 1534 3683 nobis
1594 3618 1966 3700 impositum

465 3713 792 3794 significat
849 3714 1051 3775 Deum
1112 3716 1466 3778 secundum
1522 3717 1846 3799 propriam
1905 3726 1969 3780 et

465 3812 955 3874 determinatam
1001 3813 1327 3876 rationem.
1365 3849 1438 3860 —
1472 3815 1783 3892 Secundo,
1818 3818 1970 3900 quia

465 3928 594 3974 non
626 3909 932 3974 convenit
962 3911 1021 3973 ei
1055 3913 1484 3994 metaphorice
1517 3933 1628 3977 seu
1661 3924 1968 3979 transum-

465 4009 658 4092 ptive.
695 4009 1006 4083 Quocirca
1045 4011 1465 4091 pensandum,
1498 4014 1669 4094 quod
1707 4015 1968 4077 nomina

463 4110 953 4172 considerantur
1009 4109 1352 4191 dupliciter
1405 4127 1420 4171 z
1472 4110 1702 4191 prim0,
1759 4114 1964 4194 quoad

2081 3123 2271 3186 habet
2334 3125 2816 3200 humanitatem,
2878 3135 2941 3190 et
2984 3129 3215 3204 justus
3273 3147 3408 3191 rem
3468 3129 3573 3190 cui

2081 3222 2245 3284 inest
2282 3223 2549 3303 justitia.
2585 3225 2728 3288 Haec
2766 3233 2980 3288 autem
3012 3226 3078 3288 in
3118 3228 3245 3290 Deo
3286 3234 3434 3289 sunt
3465 3247 3571 3309 pe-

2079 3322 2251 3384 nitus
2282 3323 2470 3384 idem.
2497 3324 2945 3388 Verumtamen
2978 3326 3421 3408 improprietas
3453 3327 3573 3389 ista

2077 3438 2206 3483 non
2236 3420 2537 3484 falsificat
2574 3425 3095 3505 propositionem,
3130 3427 3433 3508 quoniam
3465 3444 3568 3487 ve-

2079 3518 2230 3580 ritas
2261 3537 2386 3582 non
2420 3522 2708 3584 consistit
2741 3521 2805 3584 in
2838 3524 2956 3585 hoc
2988 3526 3154 3605 quod
3187 3545 3285 3587 res
3316 3525 3399 3587 sit
3430 3542 3571 3587 con·

2077 3616 2302 3679 formis
2366 3619 2552 3681 modo
2616 3619 3043 3700 significandi,
3106 3623 3216 3684 sed
3277 3625 3333 3684 ei
3396 3623 3567 3704 quod

2079 3716 2156 3777 de
2204 3717 2339 3797 ipsa
2381 3716 2779 3796 significatur
2821 3726 2928 3779 aut
2967 3718 3220 3780 dicitur.
3256 3721 3397 3783 Haec
3441 3721 3565 3782 Du-

2078 3815 2331 3876 raudus,

2153 3912 2438 3993 AEgidius
2496 3914 2756 3976 demum
2816 3914 2883 3975 in
2943 3915 3134 3995 hujus
3193 3915 3561 3997 quaestionis

2074 4011 2386 4074 solutione
2436 4011 2624 4074 dictis
2674 4012 2926 4076 Thomae
2978 4020 3041 4074 et
3090 4015 3368 4077 Durandi
3416 4033 3561 4078 con-

2074 4110 2310 4184 cordat,
2344 4128 2462 4172 nec
2502 4109 2753 4172 videtur
2797 4110 3161 4174 notabiliter
3204 4113 3562 4195 specialiter

463 4227 600 4270 rem
629 4205 1100 4288 significatam3
1133 4209 1431 4283 secundo,
1466 4210 1674 4290 quoad
1705 4211 1962 4273 modum
1993 4215 2044 4277 D
2071 4210 2320 4273 addere.

463 4305 897 4388 significandi.
935 4306 999 4368 Si
1031 4305 1513 4370 considerentur
1545 4315 1854 4390 quantum
1885 4310 1964 4371 ad

465 4424 600 4467 rem
631 4403 1085 4486 significatam,
1119 4404 1212 4466 sic
1251 4413 1522 4487 quatuor
1554 4416 1702 4469 sunt
1735 4425 1964 4489 genera

463 4493 825 4566 nominum.
858 4503 1164 4577 Primum,
1199 4520 1422 4566 eorum
1453 4525 1595 4587 quae
1625 4506 1822 4569 solam
1856 4507 1966 4568 im·

465 4601 930 4684 perfectionem
969 4600 1314 4683 important
1354 4603 1419 4666 in
1454 4621 1569 4666 suo
1604 4603 1854 4667 formali
1885 4604 1964 4666 si-

462 4699 790 4780 gnificat0‚
834 4705 905 4759 ut
952 4717 1090 4760 esse
1141 4709 1444 4773 creatum,
1488 4721 1626 4763 esse
1679 4701 1960 4776 finitum,

463 4815 602 4858 esse
662 4796 992 4878 corporale
1045 4797 1143 4858 vel
1204 4798 1638 4879 corruptibile.
1699 4799 1773 4860 Et
1831 4801 1965 4863 haec

463 4912 586 4956 nec
628 4895 890 4975 proprie
933 4911 1050 4954 nec
1093 4895 1520 4975 metaphorice
1566 4897 1692 4958 Deo
1739 4915 1965 4959 conve-

466 4992 674 5054 niunt.
701 4991 1067 5054 Secundum
1098 5010 1300 5072 genus
1331 5000 1428 5054 est
1459 4994 1793 5056 nominum
1824 5015 1966 5077 quae

465 5089 800 5170 designant
829 5089 1266 5152 exclusionem
1299 5091 1803 5172 imperfectionis
1835 5113 1967 5156 cre-

465 5196 818 5261 aturarum,
853 5195 923 5250 ut
971 5188 1324 5263 infinitum,
1361 5189 1832 5271 independens;
1868 5193 1967 5255 vel

468 5285 929 5368 perfectionem
971 5286 1320 5369 important
1359 5289 1425 5350 in
1467 5289 1576 5350 tali
1614 5291 1811 5371 gradu
1854 5291 1968 5373 qui

2150 4308 2455 4370 Praeterea
2484 4307 2653 4369 circa
2682 4308 2816 4370 haec
2846 4308 3198 4370 Alexander
3229 4309 3509 4391 loquitur
3542 4325 3556 4372 ε

2072 4405 2327 4486 Aliquid
2387 4405 2787 4487 significatur
2834 4407 2911 4468 de
2965 4407 3091 4469 Deo
3149 4407 3491 4489 dupliciter
3542 4425 3555 4469 ε

2074 4504 2301 4585 prim0,
2325 4504 2477 4586 quia
2505 4511 2637 4584 est3
2670 4505 2971 4578 secundn,
2993 4505 3149 4586 quid
3180 4513 3293 4568 est.
3319 4506 3561 4569 Nomen

2073 4603 2285 4684 itaque
2316 4605 2392 4665 de
2423 4604 2551 4666 Deo
2590 4603 2959 4685 significans
2988 4605 3141 4686 quia
3168 4612 3283 4679 est,
3311 4607 3565 4687 proprie

2073 4701 2306 4763 dicitur
2340 4719 2353 4762 ε
2390 4702 2555 4764 sicut
2599 4703 2719 4765 hoc
2764 4720 3018 4778 nomen,
3053 4703 3168 4778 Qui
3217 4712 3334 4779 est,
3370 4712 3434 4767 et
3471 4723 3565 4767 es-

2075 4799 2295 4862 sentia.
2330 4799 2599 4862 Nomina
2644 4819 2795 4864 vero
2840 4802 3271 4884 significantia
3313 4805 3391 4866 de
3437 4805 3563 4866 Deo

2075 4898 2229 4979 quid
2260 4905 2376 4971 est,
2412 4917 2537 4961 uno
2572 4900 2756 4963 modo
2795 4901 3096 4963 dicuntur
3132 4902 3407 4983 proprie,
3440 4901 3565 4963 alio

2077 4997 2263 5058 modo
2297 4997 2662 5078 improprie.
2700 4999 2993 5071 Quaedam
3034 4999 3207 5060 enim
3248 5006 3396 5060 sunt
3425 5019 3565 5081 quae

2075 5094 2152 5156 de
2199 5096 2325 5157 Deo
2366 5114 2619 5176 semper
2660 5096 2959 5157 dicuntur
3000 5097 3345 5178 improprie
3392 5115 3405 5158 ε
3450 5098 3566 5160 sic-

2080 5201 2147 5255 ut
2203 5201 2266 5255 et
2328 5194 2436 5255 illa
2490 5215 2629 5276 quae
2688 5213 2801 5276 per
2858 5194 3117 5255 modum
3172 5196 3564 5276 corporalem

2077 5292 2397 5366 dicuntur,
2438 5300 2502 5352 et
2546 5291 2987 5353 universaliter
3035 5292 3249 5356 omnia
3297 5312 3438 5376 quae
3486 5295 3566 5357 si-
