4359 6250
897 455 976 518 74
1543 475 1607 520 m
1647 476 1869 521 Limum
1911 476 1930 520 1
1973 475 2455 521 snm-nuruum.
2501 493 2581 502 --
2622 476 2774 520 msr.
2822 476 3013 537 xvm3
3057 475 3279 531 QUAEST.
3327 477 3348 520 1

897 662 1076 708 amor
1113 655 1323 708 movet
1361 647 1438 708 ad
1473 646 1751 708 dandum
1791 665 1882 708 ea.
1919 647 2037 709 Sed
2075 655 2139 710 et
2168 665 2389 708 secun·
2417 646 2470 708 A
2498 645 2789 719 effectuS,
2814 644 3179 708 divinorum
3206 654 3417 708 autem
3450 645 3797 708 effectuum
3829 646 3999 708 ratio

897 745 1051 806 dum
1097 745 1405 826 Spiritum
1451 745 1748 806 Sanctum
1792 746 2092 807 dicuntur
2130 745 2289 819 dari,
2324 745 2388 806 in

897 851 1208 924 quantum
1269 863 1381 924 per
1429 863 1496 905 se
1545 843 1765 906 donari
1814 844 2118 924 competit
2169 844 2262 905 eis
2312 863 2390 905 ex

897 941 1138 1003 ratione
1190 949 1252 1003 et
1309 941 1792 1023 participatione
1849 943 2083 1004 amoris
2134 942 2244 1024 qui
2296 949 2391 1003 est

899 1039 1172 1122 Spiritus
1203 1041 1490 1114 Sanctus,
1519 1041 1631 1122 qui
1660 1048 1756 1102 est
1787 1041 1851 1103 in
1883 1041 1976 1104 eis
2007 1041 2171 1103 sicut
2202 1059 2391 1102 causa

898 1159 1010 1201 seu
1060 1139 1220 1200 ratio
1279 1158 1483 1201 causae
1533 1141 1598 1200 in
1649 1157 1764 1201 suo
1821 1139 2076 1202 effectu.
2124 1176 2206 1184 —
2246 1139 2389 1202 Haec

899 1237 1244 1299 I'dalricuS.
1280 1238 1394 1311 Qui
1435 1239 1512 1300 de
1551 1238 1667 1300 hac
1709 1239 1970 1300 materia
2007 1238 2232 1300 scribit
2268 1238 2392 1300 alia

902 1337 1122 1410 multa,
1157 1355 1298 1417 quae
1348 1337 1810 1399 sententialiter
1857 1344 2105 1399 exstant
2153 1338 2391 1419 praeha-

899 1433 1053 1507 bita,
1099 1434 1200 1496 vel
1244 1435 1432 1516 paulo
1475 1443 1618 1516 post
1661 1435 2036 1498 inserentur.

979 1533 1262 1614 AEgidius
1315 1535 1572 1596 demum
1621 1552 1635 1596 :
1684 1535 2249 1608 Quemadmodum,
2300 1534 2390 1596 in-

899 1633 1060 1714 quit,
1103 1632 1395 1694 videmus
1445 1633 1510 1694 in
1559 1634 1842 1695 trinitate
1893 1641 2121 1707 creata,
2165 1635 2253 1695 ita
2298 1653 2391 1694 ar-

897 1750 1090 1812 guere
1122 1749 1460 1812 'possumus
1500 1733 1578 1792 de
1606 1732 1909 1793 Trinitate
1945 1732 2243 1804 increata,
2278 1732 2387 1793 ubi

2499 746 2706 828 prima
2733 754 2830 807 est
2862 745 3079 819 Filius,
3114 765 3228 827 per
3258 765 3448 827 quem
3491 745 3654 808 facta
3684 753 3829 806 sunt
3858 764 3998 807 om-

2499 844 2605 906 nia
2640 862 2653 906 :
2688 863 2836 924 ergo
2876 844 3076 924 magis
3109 845 3173 906 in
3207 844 3365 906 Filio
3407 863 3597 926 quam
3640 845 3704 904 in
3746 844 3996 926 Spiritu

2500 943 2727 1004 Sancto
2768 943 2984 1004 omnia
3025 943 3189 1005 dona
3238 943 3570 1005 donantur.
3611 943 3992 1015 Dicendum,

2500 1041 2668 1123 quod
2718 1059 2939 1103 omnes
2988 1041 3257 1104 effectus
3305 1040 3510 1103 divini
3556 1042 3905 1123 procedunt
3958 1061 3998 1102 a

2500 1139 2627 1201 Deo
2675 1140 2841 1201 sicut
2889 1139 3229 1202 artificiata
3274 1140 3354 1201 ab
3402 1139 3650 1201 artifice
3684 1157 3698 1201 :
3732 1147 3999 1220 propter

2500 1239 2667 1319 quod
2707 1255 2868 1319 opus
2910 1246 3149 1301 naturae
3189 1238 3424 1299 dicitur
3462 1256 3623 1319 opus
3666 1238 3796 1300 Dei.
3830 1239 4000 1300 Arti-

2498 1335 2737 1397 ficialia
2767 1354 2918 1398 vero
2959 1337 3311 1417 procedunt
3340 1337 3419 1399 ab
3458 1336 3707 1398 artifice
3740 1355 3865 1398 non
3896 1356 4001 1398 so-

2503 1435 2633 1495 lum
2671 1453 2783 1516 per
2814 1435 3073 1497 modum
3108 1434 3489 1508 intellectuS,
3514 1436 3623 1496 sed
3654 1435 3844 1497 etiam
3878 1455 4000 1516 per

2501 1533 2843 1614 imperium
2887 1533 3229 1595 voluntatis
3266 1551 3278 1594 :
3312 1534 3464 1614 quia
3505 1535 3569 1595 in
3612 1533 3865 1608 talibuS,
3900 1535 4001 1595 in-

2499 1631 2944 1694 tellectualiter
2990 1650 3257 1713 operans
3315 1632 3445 1694 exit
3495 1632 3561 1693 in
3608 1640 3818 1693 actum
3878 1652 3999 1713 per

2501 1729 2845 1792 voluntatis
2905 1730 3268 1811 imperium.
3321 1731 3467 1793 Ideo
3522 1731 3795 1812 Spiritus
3844 1731 4000 1794 San-

899 1829 1058 1891 ratio
1086 1829 1629 1891 dissimilitudinis
1658 1847 1785 1890 non
1820 1838 2147 1910 repugnat.
2184 1831 2253 1891 In
2285 1830 2391 1890 tri·
2425 1827 2473 1888 B
2504 1836 2642 1890 ctus
2672 1837 2767 1890 est
2799 1829 2956 1890 ratio
2996 1829 3416 1892 emanationis
3447 1829 3809 1891 divinorum
3840 1829 3999 1891 effe-

898 1927 1094 1989 nitate
1125 1935 1336 1989 autem
1379 1936 1586 1989 creata
1616 1928 1908 1989 videmus
1947 1928 2191 2009 aliquid
2222 1947 2388 1989 ema-

899 2045 1048 2088 nare
1094 2045 1208 2106 per
1252 2025 1511 2086 modum.
1557 2025 1938 2100 intellectuS,
1981 2034 2051 2087 ut
2094 2026 2385 2095 verbum,

898 2125 1066 2206 quod
1107 2131 1200 2185 est
1238 2124 1398 2186 ratio
1441 2125 1824 2205 exemplaris
1869 2124 2389 2206 principiumque

899 2223 1148 2285 causale
1207 2222 1496 2284 omnium
1556 2243 1698 2304 quae
1755 2222 2271 2285 intellectualiter
2328 2230 2390 2284 et

901 2342 1014 2404 per
1063 2321 1320 2383 modum
1371 2321 1524 2383 artis
1580 2322 1929 2402 procedunt
1977 2322 2057 2384 ab
2105 2321 2383 2383 bomine.

899 2421 1002 2483 Sic
1041 2428 1103 2482 et
1135 2439 1170 2481 a
1208 2421 1530 2482 voluntate
1570 2428 1778 2482 creata
1816 2420 2106 2482 videmus
2146 2420 2387 2503 aliquid

898 2519 1240 2601 procedere
1284 2527 1345 2580 et
1382 2518 1666 2592 formari,
1700 2520 1868 2599 quod
1913 2519 2149 2580 dicitur
2187 2537 2385 2590 amor,

898 2635 973 2680 eo
1002 2618 1172 2699 quod
1209 2617 1538 2698 proprium
1577 2635 1811 2678 nomen
1853 2617 1992 2697 ejus
2033 2634 2158 2679 non
2200 2616 2387 2679 babe-

897 2735 1078 2778 amus
1124 2733 1137 2777 :
1183 2716 1246 2777 in
1297 2733 1424 2797 quo
1473 2715 1607 2777 dari
1653 2715 1953 2776 dicuntur
1991 2714 2207 2777 omnia
2248 2735 2389 2797 quae

897 2814 1254 2877 voluntarie
1315 2813 1789 2894 liberaliterque
1847 2821 2161 2876 emanant.
2229 2814 2392 2875 Pari-

898 2913 1188 2975 formiter
1226 2912 1292 2973 in
1323 2912 1628 2974 Trinitate
1666 2911 1947 2974 increata
1985 2921 2080 2974 est
2109 2912 2387 2974 Verbum

2503 1935 2721 1990 ctuum
2764 1928 3115 1988 secundum
3151 1913 3391 2009 quoda
3420 1928 3744 1990 voluntate
3776 1928 3999 1990 divina

2503 2026 2873 2108 procedunt,
2910 2026 3261 2088 secundum
3304 2027 3473 2108 quod
3513 2026 3707 2088 volita
3745 2035 3889 2088 sunt
3934 2035 3999 2088 et

2503 2123 2849 2186 liberaliter
2889 2124 3219 2205 profluunt
3258 2133 3320 2186 et
3358 2126 3522 2186 dona
3558 2125 3844 2207 quaedam
3885 2142 3998 2187 vo—

2502 2229 2743 2284 cantur.
2789 2222 2932 2284 Haec
2971 2221 3273 2302 AEgidius.

2570 2321 2883 2383 Postremo
2908 2320 3444 2384 Antisiodorensis
3476 2322 3540 2382 in
3572 2321 3835 2382 Summa
3862 2341 3994 2392 sua,

2504 2420 2667 2481 libro
2726 2420 2953 2501 primo,
3013 2426 3277 2481 testatur
3330 2437 3343 2481 ε
3397 2420 3670 2502 Spiritus
3730 2421 3999 2483 Sanctus

2504 2518 2787 2599 procedit
2827 2518 2905 2579 ab
2946 2525 3215 2600 utroque
3256 2527 3325 2579 ut
3361 2536 3558 2593 amor,
3592 2527 3653 2580 et
3693 2527 3999 2601 tanquam

2505 2636 2703 2678 nexus
2744 2625 2933 2698 atque
2974 2617 3312 2679 concordia
3348 2617 3546 2680 Patris
3585 2636 3659 2678 ac
3700 2617 3842 2679 Filii
3880 2635 3894 2680 :
3936 2626 4001 2680 et

2504 2716 2671 2778 sicut
2719 2717 2898 2778 Pater
2945 2716 3159 2778 omnia
3216 2716 3372 2777 dicit
3422 2724 3483 2778 et
3536 2724 3835 2798 operatur
3883 2737 4003 2798 per

2506 2813 2735 2876 Filium
2767 2822 3069 2895 tanquam
3111 2834 3226 2895 per
3254 2815 3522 2877 verbum
3556 2815 3900 2886 internum,
3934 2825 4001 2877 et

2505 2913 2643 2993 ipsa
2673 2920 2900 2985 creata,
2926 2921 3074 2974 sunt
3104 2913 3285 2993 quasi
3315 2913 3509 2975 verba
3542 2913 3853 2976 exteriora
3884 2933 4003 2994 per

900 3010 1415 3073 intellectualiter
1466 3009 1814 3091 profluens,
1867 3011 2037 3091 quod
2087 3017 2184 3072 est
2231 3011 2390 3072 ratio
2430 3006 2472 3068 C
2506 3010 2663 3072 illud
2723 3011 2985 3092 prolata,
3040 3011 3221 3091 juxt-a
3279 3012 3446 3092 quod
3506 3011 3819 3092 scriptum
3875 3018 3999 3084 est,

899 3109 1189 3173 omnium
1238 3129 1378 3191 quae
1427 3107 1940 3171 intellectualiter
1987 3117 2049 3171 et
2099 3129 2215 3191 per
2264 3128 2391 3171 mo-

901 3210 1050 3271 dum
1085 3208 1238 3270 artis
1281 3209 1718 3289 producuntur
1746 3225 1782 3269 a
1812 3208 1956 3269 Deo,
1995 3208 2096 3269 Sic
2136 3226 2391 3289 quoque

900 3314 996 3369 est
1054 3306 1142 3368 ibi
1201 3324 1379 3367 amor
1435 3305 1732 3386 spiratus,
1794 3305 1903 3387 qui
1965 3313 2060 3367 est
2117 3306 2391 3388 Spiritus

900 3406 1188 3477 SanctuS‚
1223 3412 1284 3465 et
1323 3405 1562 3465 donum
1603 3404 1666 3465 in
1708 3422 1835 3484 quo
1872 3404 2088 3465 omnia
2128 3423 2393 3466 munera

901 3504 1011 3566 Dei
1042 3504 1374 3565 donantur.
1409 3502 1733 3576 Quomodo
1762 3510 1974 3565 autem
2006 3502 2124 3564 hoc
2155 3503 2259 3576 sit,
2294 3522 2395 3584 pa·

881 3607 989 3664 'tet
1026 3602 1119 3664 sic
1155 3619 1166 3662 :
1203 3602 1444 3675 Quanto
1483 3600 1722 3682 aliquid
1770 3608 1865 3663 est
1905 3601 2105 3681 magis
2148 3601 2271 3662 tale
2302 3621 2394 3662 se—

901 3701 1181 3762 cundum
1232 3719 1370 3762 esse
1418 3718 1629 3771 suum,
1680 3707 1850 3761 tanto
1901 3700 2044 3781 plus
2095 3700 2393 3762 convenit

899 3798 1023 3861 sibi
1058 3818 1196 3861 esse
1228 3797 1350 3859 tale
1393 3816 1504 3878 per
1534 3817 1602 3859 se
1642 3805 1704 3858 et
1735 3798 1942 3879 primo
1981 3818 2054 3859 ac
2091 3797 2389 3868 maxime,

899 3905 970 3959 ut
1027 3897 1306 3958 secundo
1368 3896 1808 3977 Metaphysicae
1874 3896 2253 3957 continetur.
2302 3896 2391 3956 Et

899 3995 1051 4077 quia
1097 3994 1258 4056 nihil
1302 3993 1536 4074 accipit
1580 3993 1838 4074 proprie
1879 4000 1942 4054 et
1986 4012 2097 4073 per
2139 4012 2206 4055 se
2255 4012 2393 4055 esse

899 4113 1015 4175 per
1044 4093 1303 4155 modum
1336 4090 1731 4153 liberalitatis
1762 4091 1886 4152 nisi
1924 4108 2120 4159 amor,
2155 4092 2394 4154 idcirco

2503 3111 2644 3191 Ipse
2674 3109 2857 3183 dixit,
2891 3116 2954 3171 et
2984 3109 3149 3172 facta
3184 3117 3368 3186 sunt;
3401 3109 3493 3171 sic
3535 3110 3809 3191 Spiritus
3850 3111 4003 3173 San·
4034 3129 4281 3175 mama

2503 3215 2642 3269 ctus
2674 3215 2769 3269 est
2804 3208 3041 3269 donum
3084 3207 3150 3268 in
3180 3208 3417 3269 divinis
3458 3208 3900 3280 intrinsecum,
3934 3218 4004 3271 et

2503 3306 2730 3368 collata
2761 3325 2873 3387 per
2904 3306 3116 3387 ipsum
3148 3314 3297 3367 sunt
3326 3307 3489 3368 dona
3516 3307 3891 3369 extrinseca.
3916 3344 4004 3353 —

2502 3405 2645 3467 Haec
2674 3404 3231 3466 Antisiodorensis.
3268 3404 3385 3478 Qui
3416 3405 3541 3467 alia
3574 3405 3774 3467 multa
3804 3426 4004 3487 super

2502 3503 2602 3563 his
2649 3502 2870 3564 scribit
2906 3520 2920 3563 ε
2965 3521 3106 3583 quae
3149 3502 3302 3584 quia
3346 3511 3493 3565 sunt
3537 3504 4007 3566 sententialiter

2505 3608 2819 3682 praetacta,
2868 3600 3110 3663 omitto.

2582 3700 2886 3761 Praeterea
2918 3698 3296 3761 Guillelmus
3334 3699 3704 3761 parisiensis
3738 3701 3801 3761 in
3834 3701 4005 3764 libro

2504 3816 2619 3859 suo
2649 3798 2725 3859 de
2756 3798 3060 3859 Trinitate
3100 3797 3400 3859 disseruit
3434 3816 3447 3859 :
3481 3798 3729 3859 Donum
3772 3818 3847 3860 ex
3878 3798 4005 3862 boc

2503 3896 2741 3957 donum
2786 3903 3068 3968 vocatur,
3103 3896 3404 3977 quoniam
3454 3897 3647 3976 gratis
3698 3896 3903 3971 datur,
3938 3907 4005 3959 et

2504 4011 2629 4055 non
2682 3993 2958 4055 mercedi
3004 4001 3307 4074 tanquam
3360 3994 3635 4074 pretium
3688 3995 3999 4058 redditur.

2505 4093 2719 4155 Solum
2780 4110 2929 4172 ergo
2988 4092 3156 4173 quod
3216 4092 3293 4154 de
3352 4091 3742 4173 benignitate
3804 4096 4007 4174 grat-is

899 4190 1097 4253 amori
1159 4210 1271 4272 per
1319 4209 1386 4251 se
1434 4197 1496 4251 et
1546 4189 1820 4251 maxime
1873 4189 2178 4270 competit
2235 4190 2393 4251 ratio
2425 4190 2475 4251 D
2505 4190 2655 4264 exit,
2688 4190 2925 4251 donum
2958 4197 3071 4251 est.
3108 4189 3268 4250 Hinc
3299 4190 3468 4271 quod
3502 4190 3775 4252 maxime
3803 4194 4007 4271 gratis

902 4288 1318 4351 liberalitatis
1381 4288 1714 4367 Quumque
1783 4287 2057 4369 Spiritus
2126 4288 2392 4349 Sanctus

900 4388 1198 4469 procedat
1248 4394 1317 4447 ut
1358 4404 1556 4457 amor,
1599 4385 1722 4447 sibi
1767 4385 1976 4467 primo
2023 4404 2096 4447 ac
2146 4385 2394 4466 potissi-

899 4505 1002 4548 me
1031 4484 1328 4547 convenit
1357 4484 1528 4565 quod
1558 4483 1641 4545 sit
1681 4502 1872 4545 causa
1900 4489 1963 4545 et
1995 4483 2154 4544 ratio
2184 4483 2391 4545 omnis

900 4584 1180 4647 liberalis
1229 4582 1622 4661 donationis;
1668 4589 1730 4643 et
1779 4582 1916 4663 ipse
1965 4589 2060 4643 est
2110 4580 2392 4663 primum

897 4684 1158 4755 donum,
1211 4682 1276 4743 in
1327 4698 1454 4763 quo
1502 4679 1718 4741 omnia
1774 4680 2006 4741 dantur
2056 4678 2388 4752 divinituS‚

897 4782 1046 4864 quia
1090 4783 1168 4843 de
1207 4782 1448 4843 ratione
1488 4779 1635 4841 doni
1677 4787 1792 4852 est,
1831 4779 1999 4860 quod
2045 4778 2394 4840 liberaliter

896 4881 1082 4942 detur
1119 4878 1220 4941 vel
1263 4877 1558 4941 donabile
1597 4877 1698 4939 sit.
1736 4877 1910 4939 Unde
1953 4884 2014 4939 et
2059 4875 2391 4958 proprium

895 4985 988 5041 est
1029 4977 1295 5059 Spiritui
1336 4977 1563 5038 Sancto
1607 4976 1700 5038 sic
1741 4995 1880 5039 esse
1920 4976 2157 5037 donum
2196 4992 2209 5035 ε
2246 4995 2391 5036 nam

898 5084 1128 5159 praeter
1177 5074 1387 5158 ipsum
1446 5075 1622 5137 nulla
1674 5074 1891 5138 divina
1951 5092 2221 5156 persona
2282 5092 2395 5155 per

901 5175 1162 5238 modum
1196 5173 1593 5237 liberalitatis
1625 5173 1929 5255 procedit.
1956 5207 2037 5217 —
2066 5172 2272 5245 Quum
2304 5191 2396 5234 er-

903 5291 982 5354 go
1033 5272 1356 5354 objicitur,
1405 5273 1571 5354 quod
1620 5273 1785 5335 dona
1832 5270 1944 5334 Dei
1995 5278 2144 5333 sunt
2193 5269 2393 5332 divini

2504 4287 2925 4368 significatur,
2959 4296 3023 4349 et
3062 4289 3230 4368 quod
3275 4287 3555 4369 primum
3597 4289 3673 4351 de
3716 4288 4011 4369 benigni—

2502 4395 2629 4448 tate
2669 4386 2990 4467 egreditur
3021 4386 3087 4446 in
3128 4392 3438 4467 quantum
3482 4386 3839 4468 benignitas
3878 4398 4005 4461 est,

2504 4504 2681 4546 amor
2710 4491 2913 4547 exstat
2954 4484 3337 4565 purissimus
3376 4504 3449 4547 ac
3482 4505 3730 4548 summe
3768 4488 4013 4566 gratui-

2504 4592 2624 4645 tus.
2660 4583 2775 4644 Hic
2822 4583 3017 4663 igitur
3059 4601 3235 4644 amor
3277 4583 3357 4644 ab
3406 4584 3580 4645 omni
3632 4584 3772 4646 labe
3814 4585 4013 4648 simo—

2504 4680 2685 4742 niaca
2715 4700 2934 4762 puruS,
2955 4688 3050 4742 est
3080 4699 3193 4762 per
3224 4700 3291 4742 se
3322 4681 3602 4762 primum
3634 4690 3694 4743 et
3727 4683 4011 4748 maxime

2503 4780 2763 4840 donum.
2798 4778 2925 4840 Nec
2957 4779 3195 4847 donum
3228 4780 3506 4841 exterius
3539 4788 3745 4860 potest
3779 4781 4013 4845 imme-

2504 4877 2673 4939 diate
2718 4896 2790 4938 ac
2837 4875 3044 4957 primo
3086 4895 3162 4937 ex
3204 4876 3595 4957 benignitate
3635 4880 4008 4959 procedere,

2506 4976 2616 5037 sed
2668 4975 3025 5036 necessario
3070 4983 3207 5055 eget
3258 4993 3473 5037 amore
3518 4975 3727 5056 ipsum
3776 4996 4015 5058 przece-

2507 5074 2716 5146 dente,
2752 5072 2861 5153 qui
2904 5072 3077 5154 prior
3107 5073 3234 5133 exit
3275 5091 3349 5133 ex
3391 5072 3805 5154 benignitate,
3837 5084 3905 5137 et
3940 5075 4011 5140 in

2510 5171 2622 5233 illo
2670 5188 2885 5233 amore
2930 5169 3288 5250 benignitas
3337 5170 3565 5233 tribuit
3615 5171 3853 5235 donum
3904 5194 4019 5237 ex-

2512 5268 2887 5332 trinsecum.
2922 5268 3280 5349 vulgariter
3320 5286 3575 5351 quoque
3624 5288 3802 5335 amor
3848 5273 4017 5336 dici—
