4359 6250
831 441 872 506 8
1751 463 1925 509 unna
1968 464 1987 509 1
2030 463 2513 510 snm-nuruum.
2558 481 2640 492 —
2680 463 2833 510 msr.
2878 463 3009 510 xv11

1563 747 1630 808 S.
1680 751 2074 823 Responsio
2123 748 2633 813 aeter-minans
2679 747 3188 812 auctoritates,

962 1008 1066 1071 Ad
1117 1009 1295 1090 quod
1349 1009 1655 1090 dicimuS,
1697 1009 1822 1072 hoc
1869 1009 1962 1073 ita
2006 1009 2258 1072 dictum
2308 1025 2451 1072 esse
2498 1009 2669 1072 sicut
2714 1008 2976 1087 dicitur,
3016 1008 3197 1072 Deus
3248 1009 3348 1072 est
3396 1025 3547 1090 spes
3591 1009 3817 1072 nostra
3865 1008 3930 1072 et

831 1125 1149 1206 patientia
1185 1127 1430 1207 nostra,
1464 1127 1620 1208 quia
1662 1126 1817 1190 facit
1851 1143 1974 1190 nos
2009 1143 2271 1207 sperare
2309 1126 2374 1188 et
2408 1125 2546 1206 pati
2579 1146 2593 1187 ε
2628 1125 2721 1188 ita
2762 1125 2997 1188 caritas
3044 1125 3286 1189 dicitur
3330 1141 3473 1188 esse
3518 1127 3742 1189 motus
3790 1124 3930 1189 sive

835 1241 1091 1305 affectio
1130 1243 1358 1323 animi,
1391 1243 1549 1324 quia
1575 1260 1691 1324 per
1728 1259 1870 1306 eam
1912 1244 2217 1306 movetur
2244 1243 2308 1306 et
2350 1240 2627 1306 afficitur
2656 1241 2918 1305 animus
2945 1241 3027 1304 ad
3057 1241 3464 1322 diligendum
3501 1243 3739 1306 Deum.
3781 1242 3930 1305 Non

831 1359 1054 1421 autem
1100 1358 1382 1440 mireriS,
1414 1359 1471 1423 si
1509 1360 1767 1435 caritas,
1802 1375 2010 1440 quum
2048 1357 2134 1422 sit
2186 1358 2472 1439 Spiritus
2517 1358 2818 1438 SanctuS,
2859 1358 3115 1421 dicatur
3149 1360 3372 1422 motus
3419 1360 3683 1439 menne,
3724 1375 3929 1439 quum

537 1492 746 1546 sapam,
765 1493 801 1534 ι.
830 1474 1029 1537 etiam
1068 1474 1136 1570 in
1173 1473 1341 1537 libro
1379 1475 1730 1556 Sapientiae
1764 1475 2020 1538 dicatur
2053 1475 2134 1539 de
2171 1475 2424 1556 Spiritu
2460 1474 2811 1555 Sapientiae
2846 1495 2859 1536 :
2895 1473 3023 1547 Qui
3062 1475 3325 1556 attingit
3360 1492 3399 1537 a
3435 1476 3564 1539 fine
3605 1492 3815 1557 usque
3851 1475 3933 1538 ad

537 1609 802 1660 max-11³2.
828 1591 1066 1672 finem;
1116 1593 1231 1672 qui
1270 1595 1369 1656 est
1419 1594 1604 1656 actus
1641 1592 1931 1672 mobilis,
1976 1594 2215 1672 οπως,
2260 1592 2811 1674 incoinquinatus.
2854 1591 3049 1666 Quod
3083 1609 3217 1655 non
3263 1592 3410 1656 ideo
3448 1593 3711 1673 dicitur,
3756 1592 3935 1674 quod

831 1708 1165 1789 Sapientia
1213 1709 1301 1772 sit
1350 1709 1594 1772 mobile
1650 1708 1902 1790 aliquid
1947 1709 2052 1772 vel
2108 1710 2294 1773 actus
2348 1709 2625 1791 aliquis;
2675 1707 2791 1772 sed
2836 1710 2994 1791 quia
3040 1710 3145 1773 sui
3192 1709 3653 1773 immobilitate
3713 1710 3933 1773 omnia

831 1825 1116 1906 attingit,
1156 1842 1289 1889 non
1322 1826 1517 1890 locali
1555 1827 1766 1905 motu,
1806 1827 1922 1889 sed
1970 1826 2047 1888 ut
2093 1824 2339 1906 uquue
2375 1842 2635 1906 semper
2680 1826 2790 1905 sit,
2826 1827 2891 1888 et
2935 1843 3261 1906 nusquam
3314 1825 3568 1889 inclusa
3613 1827 3931 1890 teneatur.

831 1940 940 2005 Sic
970 1957 1122 2022 ergo
1153 1941 1388 2004 caritas
1424 1940 1665 2004 dicitur
1700 1941 1923 2004 motus
1951 1940 2179 2020 animi,
2212 1957 2345 2003 non
2374 1939 2553 2022 quod
2594 1940 2739 2021 ipsa
2776 1940 2863 2003 sit
2897 1941 3119 2003 motus
3156 1941 3261 2005 vel
3298 1941 3555 2004 affectio
3586 1941 3691 2004 vel
3727 1941 3938 2005 virtus

833 2058 1062 2137 animi,
1117 2057 1233 2122 sed
1288 2058 1445 2139 quia
1491 2075 1610 2138 per
1657 2075 1826 2138 eam,
1879 2058 2070 2138 quasi
2127 2058 2300 2121 esset
2346 2057 2581 2137 virtus,
2636 2055 2915 2120 afficitur
2970 2073 3159 2120 mens
3212 2058 3279 2121 et
3330 2059 3656 2120 movetur.
3698 2056 3826 2121 Sed
3880 2059 3937 2122 si

564 2190 708 2235 icor.
731 2203 803 2241 ιιι,
835 2173 1070 2236 caritas
1129 2173 1416 2254 Spiritus
1464 2173 1744 2237 Sanctus
1793 2175 1916 2254 est,
1961 2173 2076 2254 qui
2128 2176 2435 2254 operatur
2481 2173 2551 2235 in
2593 2172 2873 2253 singulis
2922 2174 3119 2254 prout
3167 2173 3334 2254 vult,
3378 2191 3586 2255 quum
3632 2191 3750 2256 per
3785 2192 3939 2238 eum

542 2257 608 2298 '¹‘
833 2306 1021 2353 mens
1067 2289 1359 2385 bominis
1395 2289 1711 2353 afficiatur
1755 2291 1820 2353 et
1857 2290 2200 2354 moveatur
2244 2288 2327 2351 ad
2375 2289 2771 2352 credendum
2808 2289 2912 2353 vel
2964 2290 3384 2371 sperandum,
3428 2293 3493 2354 et
3528 2291 3935 2372 hUJusmodi,

833 2406 1006 2470 sicut
1055 2405 1138 2469 ad
1187 2405 1594 2487 diligendum
1633 2426 1647 2468 :
1681 2424 1882 2488 quare
1931 2423 2064 2469 non
2114 2407 2211 2470 sic
2262 2405 2501 2469 dicitur
2548 2405 2783 2469 caritas
2832 2406 3055 2470 motus
3105 2405 3210 2468 vel
3257 2406 3514 2470 affectio
3570 2406 3811 2470 mentis
3858 2405 3940 2469 ad

833 2522 1230 2587 credendum
1278 2522 1382 2586 vel
1433 2523 1854 2604 sperandum,
1895 2523 2068 2586 sicut
2117 2522 2200 2586 ad
2246 2521 2653 2602 diligendum
2675 2521 2706 2583 ἱ)
2752 2521 2858 2584 Ad
2894 2523 3074 2602 quod
3122 2539 3278 2586 sane
3326 2521 3456 2585 dici
3506 2523 3744 2603 potest,
3785 2523 3941 2602 quia

831 2637 998 2702 alios
1027 2639 1212 2702 actus
1241 2640 1436 2719 atque
1477 2638 1701 2701 motus
1737 2639 2060 2700 virtutum
2099 2638 2406 2718 operatur
2442 2637 2701 2717 caritas,
2742 2637 2809 2699 id
2846 2639 2947 2702 est
2982 2637 3267 2718 Spiritus
3304 2637 3607 2718 Sanctus,
3648 2637 3941 2701 median-

831 2753 1011 2818 tibus
1049 2753 1406 2819 virtutibus
1452 2771 1732 2836 quarum
1772 2755 1958 2817 actus
1994 2755 2172 2833 sunt,
2214 2754 2444 2836 utpote
2488 2753 2708 2816 actum
2745 2753 2921 2832 fidei,
2956 2752 3024 2815 id
3062 2754 3162 2817 est
3198 2753 3480 2832 credere,
3519 2753 3647 2818 fide
3699 2754 3939 2833 media,

833 2874 898 2936 et
934 2874 1151 2936 actum
1183 2872 1348 2954 spei,
1381 2871 1449 2934 id
1487 2871 1587 2934 est
1615 2888 1900 2953 sperare,
1931 2870 2149 2935 media
2177 2888 2315 2952 spe.
2347 2870 2476 2934 Per
2503 2870 2701 2934 fidem
2730 2870 2908 2934 enim
2946 2870 3012 2934 et
3046 2887 3231 2951 spem
3260 2870 3608 2952 praedictos
3639 2872 3946 2952 operatur

831 2990 1053 3070 actus3
1085 2987 1401 3070 diligendi
1440 3005 1594 3052 vero
1636 2988 1883 3068 actum,
1919 3005 2036 3069 per
2063 3005 2134 3051 se
2171 2987 2430 3050 tantum
2460 2987 2603 3050 sine
2642 2986 2925 3068 alicujus
2952 2986 3218 3049 virtutis
3254 2985 3472 3050 medio
3516 2988 3843 3068 operatur,
3876 2987 3944 3050 id
4004 3067 4015 3076 ,

832 3107 933 3171 est
977 3104 1272 3187 diligere.
1313 3104 1524 3169 Aliter
1553 3123 1705 3187 ergo
1755 3105 1931 3169 hunc
1973 3104 2197 3169 actum
2238 3105 2545 3187 operatur
2580 3119 2782 3186 quam
2819 3103 2986 3169 alios
3023 3104 3345 3168 virtutum
3383 3105 3568 3169 actus
3608 3124 3623 3166 :
3665 3103 3944 3186 ideoque

832 3222 1208 3287 differenter
1255 3222 1336 3286 de
1395 3222 1522 3285 hoc
1573 3223 1640 3286 et
1696 3222 1778 3285 de
1837 3219 1988 3285 aliis
2041 3221 2337 3303 loquitur
2383 3222 2741 3302 Scriptura,
2799 3239 2947 3302 quae
3004 3222 3209 3284 istum
3264 3220 3635 3303 specialiter
3692 3222 3945 3285 caritati

836 3338 1088 3402 tribuit.
1120 3339 1241 3403 Est
1267 3356 1421 3420 ergo
1454 3339 1690 3403 caritas
1725 3355 1877 3402 vere
1914 3338 2203 3420 Spiritus
2238 3338 2538 3402 Sanctus.
2566 3337 2753 3401 Unde
2784 3338 3197 3419 Augustinus
3224 3339 3640 3419 praemissum
3672 3340 3943 3404 verbum

838 3454 1140 3537 Apostoli
1177 3456 1463 3520 tractans
1492 3456 1560 3518 in
1600 3456 1832 3520 eodem
1869 3454 2062 3536 libro,
2096 3455 2434 3518 caritatem
2465 3454 2626 3517 dicit
2664 3472 2806 3517 esse
2835 3453 3085 3517 bonum
3116 3471 3247 3535 quo
3278 3454 3373 3517 nil
3412 3456 3689 3537 melius;
3729 3456 3795 3520 et
3832 3474 3948 3538 per

541 3579 808 3665 {us-‹³0¹0-
835 3571 962 3635 hoc
1009 3571 1224 3653 ipsam
1265 3588 1407 3635 esse
1445 3572 1661 3635 Deum
1698 3571 2047 3653 significat,
2081 3571 2305 3635 dicens
2348 3592 2361 3632 :
2397 3569 2467 3634 Si
2504 3569 2689 3634 nulla
2729 3587 2833 3634 res
2884 3568 2965 3633 ab
3013 3569 3157 3650 ers
3203 3570 3469 3635 caritate
3506 3588 3628 3634 nos
3664 3575 3945 3655 separat,

540 3652 807 3767 ffisfss‘flffj
837 3688 999 3770 quid
1067 3705 1210 3752 esse
1277 3705 1410 3751 non
1483 3688 1700 3752 solum
1772 3688 2011 3753 melius
2080 3687 2197 3752 sed
2262 3687 2462 3752 etiam
2530 3687 2774 3751 certius
2828 3687 2956 3750 hoc
3000 3686 3173 3750 bono
3233 3686 3501 3768 potest?
3546 3688 3714 3751 Ecce
3760 3688 3943 3766 dicit,

540 3792 587 3822 ¹¹·
606 3781 671 3822 ¹⁸·
838 3807 996 3888 quia
1037 3806 1304 3870 caritate
1341 3806 1508 3870 nihil
1563 3805 1805 3870 melius
1849 3806 1970 3870 est.
2015 3804 2265 3868 Caritas
2309 3821 2462 3885 ergo
2503 3804 2790 3886 Spiritus
2844 3804 3123 3868 Sanctus
3166 3805 3287 3882 est,
3321 3804 3438 3885 qui
3489 3805 3669 3868 Deus
3720 3807 3842 3884 est,
3883 3808 3948 3870 et

581 3932 810 3984 leur-¹11.
839 3922 1090 3986 donum
1127 3922 1250 3985 Dei
1292 3923 1434 3985 sive
1469 3920 1704 3985 datum'
1733 3942 1747 3983 ε
1782 3923 1897 4003 qui
1934 3922 2172 3984 dividit
2210 3920 2489 4002 singulis
2530 3919 2835 3984 fidelibus
2882 3921 3075 4001 dona,
3108 3937 3227 3983 nec
3263 3922 3405 4002 ipse
3446 3920 3785 4000 dividitur,
3834 3922 3950 3985 sed

548 4001 812 4117 imus«,
840 4038 1168 4103 indivisus
1222 4029 1503 4119 singulis
1551 4039 1765 4101 datur.
1823 4038 2009 4101 Unde
2059 4037 2497 4119 Augustinus,
2548 4036 2662 4101 ubi
2710 4038 2750 4100 J
2754 4054 2997 4100 oannes
3046 4037 3208 4100 dicit
3259 4054 3391 4101 non
3442 4037 3526 4100 ad
3572 4054 3949 4102 mensuram

546 4127 1103 4240 3¹:1²3,²;?⁰²·christo
1151 4156 1292 4219 dari
1339 4156 1684 4237 Spiritum,
1725 4157 1818 4219 ait
1859 4176 1872 4217 ι
1917 4156 2164 4220 ceteris
2210 4172 2365 4220 vero
2425 4155 2765 4235 dividitur,
2805 4172 2939 4218 non
2986 4154 3255 4236 quidem
3292 4155 3434 4236 ipse
3484 4155 3792 4236 Spiritus,
3834 4155 3949 4219 sed

548 4250 736 4360 ἔξω·
753 4264 813 4303 ¹¹¹·
842 4270 1014 4335 dona
1062 4270 1228 4353 ejus,

1253 4532 1329 4595 T.
1381 4535 1494 4598 An
1539 4538 2078 4600 concedendum
2122 4533 2223 4597 sit
2268 4537 2460 4611 quod
2498 4548 2639 4608 per
2684 4537 2958 4599 donum
3004 4535 3274 4598 dentur
3321 4536 3539 4597 dona.

971 4793 1100 4857 Hic
1131 4793 1470 4875 quaeritur,
1494 4808 1700 4874 quum
1732 4791 2018 4873 Spiritus
2046 4792 2327 4856 Sanctus
2362 4810 2481 4873 per
2508 4808 2704 4873 quem
2735 4791 3121 4855 dividuntur
3148 4790 3342 4872 dona,
3374 4792 3516 4873 ipse
3550 4794 3641 4857 sit
3676 4796 3951 4875 donum,

839 4913 1065 4975 utrum
1118 4909 1605 4975 concedendum
1657 4909 1766 4989 sit,
1817 4910 1996 4990 quod
2047 4926 2162 4990 per
2218 4909 2467 4972 donum
2524 4909 2902 4972 dividantur
2952 4926 3026 4971 ac
3086 4908 3325 4971 dentur
3378 4908 3571 4973 dona.
3617 4910 3721 4973 Ad
3776 4912 3956 4992 quod

840 5026 1151 5108 dicimuS‚
1192 5026 1351 5107 quia
1387 5043 1502 5107 per
1529 5026 1780 5089 donum
1816 5025 1995 5107 quod
2031 5027 2131 5090 est
2167 5025 2453 5107 Spiritus
2481 5026 2783 5104 SanctuS‚
2825 5024 3106 5106 singulis
3135 5026 3401 5107 propria
3441 5026 3849 5108 dividuntur,
3890 5029 3957 5092 et

548 5154 814 5212 Aue-deffl-
841 5145 1066 5227 ipsum
1106 5144 1545 5209 communiter
1580 5160 1810 5208 omnes
1848 5141 2006 5206 boni
2043 5142 2307 5207 habent.
2350 5143 2538 5207 Unde
2575 5142 2988 5223 Augustinus
3031 5142 3101 5205 in
3141 5141 3630 5222 quintodecimo
3668 5142 3835 5207 libro
3873 5143 3955 5207 de

547 5216 813 5335 {rumolfi-1».
843 5261 1160 5325 Trinitate
1189 5261 1282 5325 ait
1314 5280 1329 5322 ε
1364 5260 1492 5324 Per
1527 5260 1777 5325 donum
1815 5260 1992 5343 quod
2020 5261 2121 5325 est
2157 5259 2444 5341 Spiritus
2471 5260 2773 5341 SanctuS‚
2804 5260 2873 5322 in
2912 5275 3262 5323 commune
3300 5256 3607 5322 omnibus
3635 5258 3951 5324 membris
