4359 6250
129 5134 346 5239 gamm.
361 5148 408 5183 ι,

825 509 980 556 ms‘r.
1027 508 1154 554 xvn
1197 507 1446 569 SUMMA3
1491 507 1714 562 QUAEST.
1763 507 1783 552 1
1827 507 1842 551 t
1889 507 1974 551 AN
2017 505 2273 552 cAmrAs
2317 507 2409 552 SIT
2451 507 2663 552 vlnws
2706 505 2965 562 GREATA,
3005 503 3133 551 mc.
3486 483 3527 546 9

429 686 676 750 Christi
733 685 946 750 multa
997 686 1190 766 dona,
1239 703 1388 768 quae
1437 686 1593 750 sunt
1645 685 2016 767 quibusque
2068 685 2355 767 propria,
2405 684 2809 748 dividuntur.
2860 685 3010 746 Non
3056 682 3233 746 enim
3284 679 3530 762 singuli

430 803 678 884 quique
727 803 973 867 habent
1018 804 1262 884 omnia,
1295 803 1412 866 sed
1459 803 1530 865 hi
1579 802 1716 882 illa,
1757 802 1871 864 alii
1921 801 2050 864 alia
2083 821 2096 862 :
2132 802 2438 882 quamvis
2487 802 2709 882 ipsum
2746 800 2995 864 donum
3040 817 3079 862 a
3124 815 3255 879 quo
3294 797 3530 878 cuique

429 919 697 1001 propria
731 920 1138 1001 dividuntur,
1171 937 1401 984 omnes
1442 919 1744 1000 habeant,
1778 917 1846 982 id
1878 919 1978 982 est
2017 917 2338 1002 Spiritum
2377 918 2712 983 Sanctum.
2745 919 2911 981 Ecce
2952 917 3173 999 aperte
3202 915 3383 996 dicit,
3414 931 3532 996 per

432 1037 680 1101 donum
729 1035 902 1100 dona
947 1037 1200 1102 donari.

1962 1271 2012 1335 Α
2042 1273 2391 1336 rectissime
2430 1292 2643 1354 agenS,
2677 1273 2929 1335 videtur
2956 1273 3125 1355 quod
3167 1270 3531 1333 immediate

1007 1333 1367 1398 SUMMA

507 1508 1112 1564 DISTINCTlONlS
1168 1506 1862 1562 SEPTlMAEDEClMAE

583 1761 656 1822 lc
689 1767 993 1822 tractatur
1019 1760 1096 1821 dc
1129 1758 1439 1820 invisibili
1471 1758 1770 1819 missione
1802 1757 1934 1838 Spi-

613 1859 776 1920 ritus
825 1857 1057 1920 Sancti.
1115 1857 1191 1918 Et
1238 1857 1408 1919 circa
1459 1857 1592 1919 haec
1641 1855 1932 1936 Magister

432 1965 648 2020 movet
688 1957 1107 2039 quaestionem
1151 1955 1512 2030 difficilem,
1558 1975 1637 2017 an
1687 1954 1932 2017 scilicet

431 2056 708 2138 Spiritus
741 2056 1009 2118 Sanctus
1040 2055 1124 2116 sit
1153 2054 1380 2116 caritas
1411 2074 1535 2136 qua
1565 2054 1765 2116 Deum
1797 2071 1934 2135 pro-

431 2155 812 2234 ximumque
850 2152 1198 2234 diligimus,
1245 2152 1320 2214 Et
1355 2153 1564 2232 arguit
1603 2168 1717 2232 pro
1755 2158 1931 2232 parte

433 2259 726 2332 utraque,
775 2257 966 2332 atque
1011 2251 1180 2331 quod
1229 2250 1352 2311 sibi
1403 2249 1614 2311 verius
1663 2267 1802 2310 esse
1845 2249 1933 2310 vi-

431 2350 618 2411 detur
658 2349 1062 2422 determinat,
1105 2367 1177 2410 ac
1219 2348 1408 2410 solvit
1450 2347 1800 2410 instantias.
1838 2347 1933 2408 ln-

2043 1393 2156 1455 per
2188 1392 2277 1446 se,
2312 1391 2438 1437 non
2472 1392 2585 1454 per
2616 1373 3067 1434 intermedium
3098 1370 3387 1434 habitum
3418 1387 3531 1432 seu

2045 1491 2159 1553 per
2217 1471 2605 1534 habitualem
2666 1471 2991 1532 caritatem
3054 1477 3351 1542 creatam,
3404 1487 3535 1530 mo-

2041 1576 2185 1632 veat
2234 1577 2477 1632 mentes
2522 1577 2761 1632 creatas
2802 1571 2881 1632 ad
2928 1568 3283 1631 meritorios
3330 1575 3528 1629 actus,

2039 1705 2120 1714 —
2148 1670 2379 1742 Terti0,
2413 1669 2579 1731 Deus
2620 1668 2985 1730 immediate
3027 1686 3139 1749 per
3168 1686 3235 1729 se
3265 1673 3361 1728 est
3392 1683 3535 1727 cau-

2041 1787 2110 1830 sa
2148 1774 2212 1828 et
2252 1768 2539 1830 conditor
2579 1768 2779 1849 ipsius
2818 1785 2957 1828 esse
2988 1774 3249 1839 naturae,
3282 1782 3431 1846 ergo
3470 1771 3533 1824 et

2042 1868 2244 1948 ipsius
2275 1886 2412 1929 esse
2440 1867 2657 1948 gratiae
2684 1875 2749 1928 et
2778 1865 3275 1947 supernaturalis
3304 1883 3379 1926 ac
3411 1882 3534 1925 me-

2042 1965 2245 2028 ritorii
2292 1973 2489 2027 actus,
2536 2001 2617 2010 —
2664 1965 2914 2038 Quarto,
2966 1964 3134 2026 sicut
3178 1963 3391 2025 anima
3436 1969 3534 2024 est

2041 2065 2172 2126 vita
2203 2064 2507 2145 corporiS,
2541 2063 2633 2125 sic
2674 2063 2838 2124 Deus
2878 2063 3007 2124 vita
3044 2071 3143 2123 est
3179 2060 3428 2134 animae,
3463 2067 3535 2122 ut

2039 2163 2265 2223 asserit
2303 2163 2711 2242 Augustinus
2748 2161 2867 2224 Sed
2912 2161 3125 2222 anima
3168 2159 3533 2220 immediate

2042 2279 2155 2342 per
2204 2279 2270 2321 se
2315 2260 2601 2322 vivificat
2644 2277 2874 2340 corpus
2910 2277 2923 2321 :
2956 2277 3107 2340 ergo
3146 2267 3210 2319 et
3251 2258 3530 2319 animam

2042 2359 2315 2440 Spiritus
2347 2358 2631 2421 Sanctus
2656 2395 2737 2403 —
2760 2359 3010 2431 Quinto,
3044 2365 3222 2418 actus
3254 2356 3531 2418 caritatis

431 2466 626 2529 super
657 2447 830 2508 circa
863 2446 1027 2508 hanc
1065 2447 1484 2527 principalem
1514 2445 1928 2527 quaestionem
1967 2455 2012 2516 B
2039 2465 2191 2518 sunt
2235 2455 2625 2518 excellentiae
2674 2462 2882 2525 tantae„
2926 2455 3094 2535 quod
3144 2472 3269 2516 non
3318 2453 3534 2515 viden-

437 2553 650 2608 movet
693 2553 758 2606 et
802 2544 998 2606 dubia
1041 2544 1184 2616 alia,
1228 2544 1502 2626 qualiter
1543 2542 1787 2605 scilicet
1836 2562 1933 2605 ca-

435 2644 586 2705 ritas
626 2643 880 2706 dicatur
921 2643 986 2704 in
1029 2642 1214 2705 nobis
1255 2643 1472 2724 augeri
1513 2650 1576 2704 et
1616 2641 1843 2715 minui,
1877 2641 1930 2704 si

437 2741 574 2824 ipsa
628 2749 726 2803 est
775 2741 1050 2824 Spiritus
1102 2741 1390 2814 SanctuS,
1441 2759 1632 2822 quem
1689 2747 1932 2802 constat

435 2839 884 2903 invariabilem
927 2857 1086 2902 esse.

753 3166 1228 3241 QUAESTIO
1295 3165 1626 3229 PRIMA

561 3440 698 3503 Irca
749 3439 884 3503 haec
933 3439 1239 3521 quaeritur
1287 3439 1517 3520 prim0‚
1557 3438 1688 3503 An
1736 3440 1934 3504 eari-

585 3540 736 3618 tas,
771 3552 927 3619 qna
971 3536 1392 3603 rationalis
1437 3551 1580 3603 sen
1623 3536 1936 3602 intelle-

2040 2561 2144 2616 tur
2175 2573 2359 2637 posse
2401 2555 2740 2617 convenire
2773 2573 2947 2635 purae.
2980 2553 3173 2615 alicui
3204 2559 3528 2624 creaturae,

2041 2653 2339 2715 videlicet
2392 2670 2405 2714 :
2458 2653 2585 2715 Deo
2643 2652 3007 2714 immediate
3062 2651 3266 2722 unire,
3323 2649 3531 2712 facere

2041 2751 2306 2833 dignum
2358 2750 2488 2812 vita
2536 2758 2790 2820 aeterna,
2839 2749 3217 2831 justificare,
3264 2748 3528 2820 salvare,

2044 2857 2324 2912 mentem
2358 2856 2631 2910 creatam
2664 2849 2925 2910 reddere
2956 2849 3084 2910 Deo
3113 2854 3439 2928 acceptam
3471 2853 3534 2908 et

2043 2947 2154 3009 Dei
2199 2965 2519 3028 sponsam,
2552 2947 2825 3008 amicam
2864 2952 2927 3007 et
2967 2945 3189 3020 filiam.
3224 2945 3350 3007 Nec
3395 2944 3532 3006 sine

2042 3046 2302 3108 caritate
2331 3045 2545 3127 aliqua
2574 3064 2673 3106 res
2712 3052 2921 3107 creata
2958 3052 3055 3106 est
3085 3044 3212 3106 Deo
3249 3050 3525 3125 accepta.

2043 3147 2273 3227 Sicque
2312 3146 2539 3207 caritas
2570 3146 2821 3207 videtur
2858 3146 3033 3207 omni
3074 3151 3285 3206 mente
3325 3150 3533 3205 creata

2041 3244 2326 3325 angelica
2368 3263 2506 3305 esse
2556 3232 2972 3325 praestantior,
3006 3244 3259 3324 Deoque
3304 3242 3528 3316 carior,

2039 3343 2221 3423 juxta
2269 3342 2427 3404 illud
2462 3342 2769 3423 :Propter
2812 3344 2981 3423 quod
3030 3341 3531 3422 unumquodque

2041 3442 2187 3515 tale,
2220 3450 2283 3503 ct
2316 3440 2474 3502 illud
2517 3441 2736 3522 magiS.
2769 3476 2850 3485 —
2879 3440 3097 3503 Omnis
3128 3457 3381 3521 quoque
3411 3438 3535 3501 for-

2045 3560 2146 3603 ma
2176 3547 2384 3601 creata
2427 3548 2523 3601 est
2560 3540 2637 3601 de
2676 3558 2742 3601 se
2784 3540 3047 3613 vanitas,
3081 3539 3249 3621 quod
3292 3540 3391 3618 (ut
3428 3558 3533 3619 ap-

435 3636 736 3705 otualis
790 3637 1161 3702 ereatura
1216 3636 1491 3713 diligit
1543 3635 1796 3701 Deum
1853 3636 1937 3701 Θῒ.
1969 3644 2012 3706 G
2045 3640 2250 3721 paret)
2289 3638 2534 3700 caritati
2578 3655 2703 3701 non
2750 3638 3065 3700 convenit.
3098 3674 3179 3683 —
3206 3638 3529 3707 Prae-terea,

435 3738 705 3804 cetera
750 3749 924 3817 quoe
971 3748 1068 3799 ex
1121 3734 1456 3799 caritate
1508 3735 1700 3800 sunt
1752 3732 1934 3799 ‹1111-

434 3836 719 3915 genda,
749 3835 861 3899 sit
906 3834 1172 3899 virtus
1217 3832 1491 3897 creata
1535 3832 1934 3898 inhaerens

433 3932 914 4012 formaliter,
978 3930 1114 3996 vel
1177 3931 1519 4010 ipsemet
1581 3931 1934 4011 Spiritus

434 4032 800 4099 Sanctus.

518 4130 596 4192 Et
653 4128 906 4191 videtur
963 4126 1132 4207 quod
1189 4126 1271 4188 sit
1330 4126 1600 4207 ipsemet
1659 4128 1932 4209 Spiritus

437 4230 726 4292 Sanctus.
760 4226 993 4298 Primo,
1024 4224 1398 4289 auctoritate
1438 4226 1734 4307 Magistri.
1771 4226 1846 4287 Et
1880 4228 1933 4289 si

435 4328 688 4389 dicatur
716 4324 886 4407 quod
919 4325 1056 4406 ipse
1085 4323 1210 4386 fuit
1239 4323 1411 4385 illius
1440 4324 1782 4405 opinioniS,
1815 4344 1934 4387 nec

437 4426 506 4487 in
553 4425 676 4487 hoc
718 4423 802 4485 sit
844 4421 1303 4497 defendenduS,
1335 4422 1623 4503 arguitur
1667 4424 1937 4488 auctori-

437 4523 678 4586 tatibus
707 4522 1046 4604 Augustini
1086 4523 1152 4584 in
1194 4521 1422 4596 littera,
1459 4542 1600 4604 quae
1637 4524 1937 4586 videntur

437 4622 504 4685 id
543 4620 874 4684 evidenter
913 4622 1323 4703 praetendere.
1357 4656 1438 4667 -
1466 4622 1756 4686 Secundo
1791 4623 1882 4686 sic
1916 4642 1930 4685 ε

435 4738 632 4802 agens
680 4719 820 4781 sine
866 4718 1097 4793 medio,
1139 4726 1358 4801 utpote
1408 4720 1772 4785 immediate
1823 4740 1937 4805 per

2045 3756 2171 3801 non
2222 3738 2473 3799 videtur
2520 3736 2747 3797 caritas
2793 3736 3088 3798 accidens
3136 3754 3298 3809 esse,
3332 3753 3530 3816 quum

2044 3844 2233 3899 tantae
2272 3836 2356 3898 sit
2394 3835 2717 3915 dignitatis
2756 3842 2819 3896 et
2856 3835 3031 3897 omni
3072 3842 3295 3895 natura
3325 3840 3533 3895 creata

2044 3936 2172 3997 Deo
2210 3934 2577 4015 placentior.
2612 3932 2745 3995 Imo
2788 3951 2985 4014 quum
3023 3932 3203 4013 juxt-a
3240 3932 3529 3993 divinum

2044 4033 2437 4115 Dionysium,
2473 4031 2772 4093 infimum
2804 4031 3045 4093 ordinis
3076 4029 3421 4111 superioris
3452 4030 3534 4090 sit
3590 4044 3826 4151 ἐκέὥξέ,

3561 4122 3597 4163 P·
3698 4141 3709 4159 ι
3814 4141 3826 4161 o

3562 4175 3647 4215 etc.

2044 4132 2297 4212 dignius
2342 4150 2643 4212 supremo
2682 4129 2923 4193 ordinis
2968 4130 3307 4199 inferioriS‚
3341 4130 3393 4190 si
3438 4147 3535 4190 ca-

2046 4230 2196 4292 ritas
2226 4236 2391 4291 esset
2418 4230 2733 4300 accidenS‚
2752 4228 2977 4291 infima
3006 4237 3193 4310 atque
3226 4228 3536 4291 vilissima

2045 4328 2399 4391 substantia
2442 4328 2628 4390 vilior
2671 4327 3059 4409 inferiorque
3103 4328 3475 4390 consisteret
3518 4346 3531 4389 :

2047 4428 2217 4510 quod
2276 4445 2676 4508 nequaquam
2735 4428 3124 4501 conceditur,
3185 4427 3535 4508 praesertim

2048 4544 2248 4607 quum
2286 4524 2466 4604 juxta
2496 4524 2944 4605 Augustinum,
2981 4526 3117 4606 ipsa
3157 4526 3415 4588 caritate
3445 4526 3536 4587 nil

2046 4623 2255 4686 carius
2296 4624 2397 4685 sit.

2125 4722 2196 4784 In
2246 4722 2633 4784 contrarium
2688 4730 2783 4784 est
2836 4722 3194 4785 communis
3253 4723 3538 4786 doctrina

437 4838 530 4893 se,
581 4824 884 4899 operatur
931 4816 1278 4899 perfectius
1333 4837 1525 4899 quam
1581 4838 1773 4900 agens
1824 4838 1937 4901 per
1966 4822 2014 4885 D
2047 4822 2397 4883 doctorum.
2432 4820 2613 4882 Teste
2661 4839 2937 4901 namque
2985 4820 3305 4902 Apostolo,
3348 4821 3533 4895 fides,

437 4917 614 4979 aliud
649 4934 664 4976 :
699 4915 851 4997 quia
895 4914 1063 4996 quod
1105 4921 1200 4976 est
1245 4934 1360 4997 per
1401 4934 1468 4977 se
1507 4924 1603 4978 est
1643 4918 1819 4998 prius
1863 4938 1934 4980 ac

439 5016 698 5097 dignius
735 5032 812 5077 co
851 5014 1022 5095 quod
1063 5021 1161 5076 est
1204 5032 1318 5096 per
1354 5015 1546 5076 aliud.
1583 5015 1703 5079 Sed
1744 5016 1938 5098 Spiri-

439 5122 544 5177 tus
575 5114 842 5176 Sanctus
882 5119 1181 5193 operatur
1219 5112 1284 5173 in
1324 5112 1508 5175 nobis
1543 5113 1705 5176 velle
1745 5122 1934 5197 atque

439 5212 756 5295 perficere
787 5211 853 5273 in
897 5210 1237 5275 meritoriis
1275 5211 1546 5285 actibuS,
1581 5219 1652 5274 ut
1688 5214 1766 5275 ad
1799 5214 1937 5276 Phi-

441 5310 769 5392 lippenses
810 5308 1062 5371 dicitur.
1098 5309 1304 5382 Quum
1343 5327 1493 5390 ergo
1524 5310 1658 5392 ipse
1690 5310 1772 5374 sit
1799 5331 1936 5394 per-

2046 4938 2213 5001 speS,
2250 4918 2497 4989 caritas,
2533 4918 2822 5000 ejusdem
2863 4926 3011 4979 sunt
3039 4920 3280 4981 ordinis
3319 4927 3381 4979 et
3411 4918 3533 4980 sibi

2047 5024 2607 5089 connumerantur,
2638 5016 2818 5096 juxta
2848 5017 3017 5097 quod
3047 5016 3353 5098 scriptum
3387 5023 3481 5077 est
3517 5035 3531 5079 :

2044 5118 2227 5179 Nunc
2276 5122 2489 5177 autem
2540 5123 2798 5177 manent
2840 5114 3026 5188 fides,
3068 5134 3235 5196 speS,
3282 5116 3530 5186 caritas,
3589 5134 3614 5240 1³
3621 5133 3827 5181 comm,

3565 5200 3583 5240 ι
3619 5229 3630 5242 .

2045 5215 2166 5277 tria
2196 5215 2349 5277 haec.
2378 5214 2467 5275 Ex
2498 5230 2625 5295 quo
2656 5212 2863 5275 Sancti
2896 5212 3182 5287 eliciunt,
3208 5214 3377 5295 quod
3408 5222 3534 5276 tres

2045 5313 2413 5394 theologicae
2444 5320 2588 5375 sunt
2621 5312 2905 5374 virtutes.
2939 5311 3152 5375 Virtus
3190 5319 3403 5376 autem
3440 5320 3535 5375 est
