4359 6250
996 536 1083 583 AN
1120 538 1435 584 VOLUNTAS
1476 538 1578 583 mtt
1620 538 1714 583 st‘r
1754 536 2085 583 EFFECTNA
2127 536 2203 582 ET
2244 537 2515 583 PROXIMA
2557 537 2754 584 CAUSA
2795 538 3002 585 RERUM

3432 515 3554 585 613

535 706 804 789 Insuper
834 708 1129 772 Albertus
1169 708 1275 769 hic
1316 708 1696 781 sciscitatur,
1731 708 1951 770 Utrum
1983 704 2033 767 Α
2141 706 2286 769 Haec
2333 716 2545 770 autem
2597 708 2962 772 concordari
3021 726 3206 791 posse
3253 708 3552 771 videntur

452 804 751 867 voluntas
801 806 914 868 Dei
964 807 1048 868 sit
1097 824 1287 868 causa
1334 825 1547 868 rerum
1600 805 1953 868 necessaria

451 903 555 964 vel
607 904 1001 985 contingens.
1036 904 1303 967 Videtur
1344 905 1513 985 quod
1565 923 1691 967 non
1740 922 1954 966 neces-

452 1001 639 1075 saria,
673 1002 825 1083 quia
868 1004 959 1065 sic
1004 1021 1129 1065 non
1175 1004 1485 1085 potuisset
1529 1021 1653 1065 non
1706 1002 1949 1079 facere3

451 1118 571 1161 nec
604 1101 1001 1181 contingenS,
1025 1101 1327 1183 quoniam
1357 1119 1547 1164 omne
1572 1102 1950 1181 contingens

451 1204 549 1259 est
582 1198 909 1272 mutabile,
944 1206 1133 1281 atque
1166 1207 1233 1261 ut
1264 1200 1352 1261 ait
1380 1199 1820 1281 PhilosophnS,
1845 1216 1951 1279 po-

451 1300 577 1357 test
621 1315 759 1358 esse
802 1304 863 1358 et
907 1314 1033 1359 non
1080 1316 1237 1359 esse.

532 1394 631 1455 Ad
662 1394 782 1456 hoc
812 1396 1153 1476 respondet
1181 1395 1501 1469 Alber‘tus,
1534 1396 1702 1477 quod
1733 1394 1951 1457 divina

450 1491 749 1553 voluntas
782 1510 906 1554 non
938 1501 1035 1555 est
1064 1512 1254 1556 causa
1283 1494 1680 1574 contingenS,
1714 1494 1825 1554 sed
1854 1500 1950 1553 est

453 1588 883 1669 contingentis
930 1609 1003 1652 ac
1052 1590 1393 1653 necessarii
1451 1608 1675 1668 causa3
1726 1597 1948 1670 estque

451 1706 647 1750 causa
684 1690 1061 1763 necessaria,
1102 1689 1417 1771 loquendo
1456 1689 1533 1750 de
1574 1688 1948 1751 necessitate

451 1784 1175 1869 immutabilitatiS‚quae
1207 1786 1481 1849 libertati
1514 1804 1640 1849 non
1672 1787 1945 1866 derogat,

2060 824 2137 867 ex
2188 807 2288 868 his
2335 826 2476 889 quae
2526 808 2793 870 Thomas
2843 809 3182 890 respondet
3229 808 3295 870 in
3344 808 3552 889 prima

2062 912 2239 985 parte
2285 906 2582 978 Summae,
2616 907 2962 988 quaestione
3007 907 3440 979 nonadecima,
3471 906 3550 968 ad

2060 1004 2475 1083 quaestionem
2527 1023 2652 1086 qua
2700 1004 2948 1085 quaerit,
2994 1012 3211 1066 utrum
3259 1005 3426 1067 Deus
3473 1004 3551 1066 de

2061 1101 2436 1163 necessitate
2484 1102 2639 1164 velit
2687 1102 2999 1183 quidquid
3047 1102 3202 1165 vult.
3259 1102 3377 1165 Ubi
3425 1102 3554 1164 dis·-

2059 1198 2293 1279 tinguit
2324 1200 2860 1280 quemadmodum
2897 1200 3139 1281 aliquid
3171 1200 3418 1262 dicatur
3447 1219 3553 1262 ne-

2061 1297 2407 1358 cessarium
2438 1296 2801 1378 dupliciter,
2828 1305 2980 1379 puta
3011 1316 3025 1359 :
3059 1298 3458 1379 simpliciter,
3483 1305 3553 1359 ut

2061 1394 2386 1457 hominem
2419 1414 2556 1457 esse
2586 1396 2860 1474 anima13
2893 1403 2954 1457 et
2981 1415 3059 1457 ex
3091 1395 3549 1478 suppositione.

2064 1500 2131 1553 ut
2174 1494 2496 1555 Socratem
2543 1494 2762 1557 sedere
2811 1495 2964 1555 dum
3013 1495 3211 1569 sedet,
3255 1494 3342 1556 ita
3382 1495 3554 1575 quod

2061 1590 2254 1653 simul
2305 1600 2649 1673 utrumque
2695 1611 2834 1654 esse
2885 1610 3010 1655 non
3059 1593 3285 1667 valeat,
3331 1600 3553 1675 utpote

2060 1690 2230 1771 quod
2271 1690 2462 1752 simul
2503 1691 2716 1753 sedeat
2755 1699 2818 1753 et
2857 1709 2982 1753 non
3023 1692 3254 1754 sedeat.
3287 1691 3446 1753 Nam
3489 1698 3553 1753 et

2061 1787 2198 1868 ipse
2235 1788 2531 1855 Albertus
2578 1790 2829 1862 fat-etur,
2863 1790 3032 1871 quod
3078 1791 3242 1852 Deus
3281 1790 3554 1853 volendo

452 1901 579 1945 non
626 1884 703 1946 de
754 1886 1129 1947 necessitate
1176 1885 1519 1948 coactionis
1567 1892 1675 1947 aut
1716 1884 1947 1965 obliga·
1984 1886 2031 1948 B
2061 1904 2149 1957 se,
2185 1904 2310 1949 non
2350 1887 2427 1948 de
2468 1887 2842 1949 necessitate
2870 1888 3010 1949 vult
3037 1887 3160 1950 alia
3189 1906 3225 1949 a
3253 1906 3342 1962 se,
3376 1887 3553 1950 abso-

450 1982 665 2044 tioniS.
701 1982 843 2045 Haec
885 1982 1201 2045 AlbertuS.

530 2080 765 2141 Verum
810 2081 889 2143 ad
933 2081 1053 2143 boc
1090 2081 1274 2143 aliter
1319 2082 1657 2163 respondet
1693 2080 1946 2143 Richar-

449 2178 571 2240 dus
608 2196 621 2239 :
658 2178 923 2251 Quidam
954 2180 1313 2261 (inquiens)
1342 2180 1563 2242 dicunt
1592 2179 1761 2262 quod
1797 2196 1949 2259 quo-

451 2277 747 2339 rumdam
796 2276 1147 2339 effectuum
1189 2278 1479 2340 voluntas
1524 2278 1634 2340 Dei
1680 2295 1807 2339 non
1852 2285 1947 2339 est

451 2394 644 2437 causa
674 2376 1043 2449 necessaria,
1056 2376 1357 2458 quoniam
1383 2376 1585 2439 voluit
1610 2376 1779 2458 quod
1809 2394 1949 2437 con-

447 2474 771 2553 tingenter
826 2475 1175 2547 evenirent,
1228 2474 1370 2536 ideo
1430 2473 1805 2555 praeparavit
1853 2473 1947 2536 eis

449 2590 673 2634 causas
716 2571 1154 2652 contingenter
1180 2579 1551 2654 operantes3
1592 2572 1702 2634 sed
1742 2590 1948 2653 respe-

448 2678 557 2733 ctu
587 2670 879 2732 omnium
910 2669 1260 2732 effectuum
1292 2670 1372 2731 ab
1404 2671 1539 2751 ipsa
1583 2670 1947 2732 immediate

448 2768 958 2851 procedentium,
1011 2776 1107 2830 est
1155 2768 1511 2830 necessaria
1559 2787 1767 2841 causa,
1820 2786 1946 2830 non

450 2866 829 2929 necessitate
878 2866 1241 2939 coactionis,
1297 2867 1407 2929 sed
1468 2865 1945 2928 immutabilita-

450 2966 551 3028 tis.
585 2966 823 3028 Verum
868 2964 988 3027 ista
1036 2965 1364 3048 responsio
1410 2964 1662 3027 videtur
1708 2965 1947 3027 directe

2062 1985 2191 2046 lute
2249 1984 2754 2068 simpliciterque
2816 1986 3152 2067 loquendo,
3205 1995 3416 2049 tamen
3472 2004 3551 2048 ex

2058 2083 2518 2163 suppositione,
2552 2084 2851 2146 videlicet
2879 2085 3022 2147 dato
3061 2085 3229 2166 quod
3271 2104 3346 2147 ea
3373 2086 3550 2158 velit,

2058 2188 2121 2242 et
2150 2182 2320 2263 quod
2353 2182 2662 2243 mundum
2695 2201 2906 2245 creare
2938 2183 3270 2265 disposuit.
3290 2183 3554 2247 Videtur

2059 2277 2270 2358 itaque
2303 2279 2654 2340 secundum
2687 2286 2966 2341 mentem
2998 2279 3548 2356 Alberti,Thomae,

2058 2375 2354 2449 Udalrici,
2387 2375 2574 2449 Petri,
2608 2376 2860 2457 AEgidii,
2893 2386 2958 2439 et
2999 2377 3270 2445 aliorum
3319 2379 3549 2442 multo-

2058 2494 2224 2547 rum,
2258 2473 2624 2545 dicendum,
2658 2475 2826 2555 quod
2868 2476 2946 2537 de
2983 2476 3359 2539 necessitate
3395 2476 3552 2538 velit

2058 2582 2121 2634 et.
2156 2571 2393 2634 creavit
2423 2590 2517 2645 ea,
2554 2572 2870 2654 loquendo
2908 2573 2986 2635 de
3025 2574 3398 2636 necessitate
3438 2574 3552 2636 im-

2060 2669 2504 2732 mutabilitatis
2539 2689 2615 2731 ex
2648 2672 3121 2752 suppositi0n03
3158 2690 3276 2733 nec
3306 2672 3427 2735 hoc
3456 2672 3551 2734 vi·

2059 2769 2245 2830 detur
2301 2775 2518 2829 contra
2583 2776 2859 2831 mentem
2917 2769 3159 2830 domini
3223 2769 3548 2851 Stephani,

2059 2867 2211 2949 quia
2259 2865 2582 2927 damnavit
2630 2884 2909 2929 errorem
2960 2866 3334 2941 dicentium,
3381 2868 3550 2949 quod

2057 2964 2346 3027 absoluta
2382 2964 2758 3026 necessitate
2802 2964 3340 3028 immutabilitatis
3382 2983 3553 3027 crea·

449 3084 589 3128 esse
640 3073 859 3128 contra
905 3065 1247 3128 articulum
1296 3065 1806 3129 condemnatum.
1856 3065 1947 3128 Si·
1978 3062 2023 3127 C
2057 3063 2222 3127 verit
2264 3062 2431 3126 Deus
2475 3082 2575 3127 res
2619 3063 2808 3145 ipsaS.

451 3164 714 3246 quidem
781 3164 1164 3227 reverendus
1228 3164 1526 3226 dominus
1591 3165 1948 3245 Stephanus

450 3263 794 3345 episcopus
837 3262 1206 3325 parisiensis
1248 3261 1830 3325 excommunicavit
1873 3262 1950 3324 is-

450 3370 591 3424 tum
650 3361 1015 3433 articulum,
1067 3360 1237 3442 quod
1297 3379 1553 3423 necesse
1602 3367 1698 3423 est
1746 3361 1947 3424 Deum

448 3458 663 3522 facere
710 3458 1022 3541 quidquid
1074 3459 1439 3521 immediate
1490 3459 1566 3521 fit
1607 3459 1686 3521 ab
1724 3477 1837 3528 eo;
1882 3467 1981 3522 et.

451 3557 610 3620 dicit
659 3559 830 3640 quod
878 3558 961 3618 sit
1005 3574 1201 3631 error,
1246 3557 1383 3619 sive
1434 3557 1820 3639 intelligatur
1866 3558 1944 3620 de

451 3656 831 3718 necessitate
872 3655 1237 3728 coactioniS,
1272 3655 1405 3717 sive
1449 3656 1527 3716 de
1570 3655 1944 3718 necessitate

452 3753 997 3816 immutabilitatis
1050 3772 1064 3816 :
1112 3753 1262 3834 quia
1312 3753 1490 3834 ponit
1542 3753 1947 3835 impossibili-

452 3860 650 3914 tatem
680 3851 863 3914 aliter
892 3851 1187 3913 faciendi.
1208 3887 1287 3896 -
1316 3851 1475 3913 Hinc
1506 3851 1664 3914 mibi
1696 3851 1947 3914 videtur

451 3950 822 4024 dicendum,
855 3950 1025 4032 quod
1068 3949 1357 4011 voluntas
1399 3950 1510 4011 Dei
1554 3967 1679 4012 non
1725 3957 1820 4011 est
1857 3969 1949 4012 re-

452 4068 599 4110 rum
650 4048 1006 4110 necessaria
1054 4067 1263 4120 causa,
1304 4047 1605 4129 quoniam
1655 4049 1948 4128 quamvis

452 4145 748 4208 divinum
792 4145 1352 4212 velle.secundum
1397 4145 1461 4206 id
1506 4146 1674 4226 quod
1719 4153 1834 4218 est,
1868 4146 1950 4207 sit

2136 3261 2312 3324 Circa
2345 3261 2479 3322 haec
2509 3259 2737 3342 quaerit
2768 3260 3118 3333 DuranduS,
3133 3259 3355 3321 Utrum
3387 3261 3552 3322 Deus

2061 3358 2490 3420 immediatius
2547 3364 2689 3438 agat
2748 3376 2861 3438 per
2908 3357 3302 3420 voluntatem
3359 3377 3553 3439 quam

2061 3477 2175 3540 per
2219 3457 2632 3520 intellectum.
2668 3455 2974 3529 Quocirca
3017 3454 3210 3517 refert
3252 3474 3554 3537 quorum·

2061 3557 2206 3618 dam
2249 3555 2640 3637 opinionem,
2682 3554 3031 3616 dicentium
3076 3554 3246 3635 quod
3296 3573 3410 3635 per
3460 3554 3553 3616 in·

2062 3655 2386 3718 tellectum
2433 3652 2864 3716 immediatius
2912 3653 3179 3734 attingat
3220 3652 3548 3726 effectum,

2060 3753 2361 3835 quoniam
2392 3751 2522 3831 agit
2550 3769 2664 3833 per
2693 3749 3079 3832 ideam,quae
3107 3757 3204 3811 est
3228 3751 3555 3832 exemplar

2058 3849 2350 3920 effectu8‚
2402 3857 2466 3911 et
2512 3847 2877 3909 immediate
2936 3847 3251 3928 imprimit
3309 3849 3368 3910 ei
3426 3847 3552 3911 for-

2060 3967 2228 4010 mam
2269 3947 2346 4008 ad
2390 3945 2488 4008 sui
2533 3945 2976 4019 imitationem,
3011 3947 3548 4027 quemadmodum

2059 4047 2342 4125 sigillum
2375 4044 2689 4126 imprimit
2717 4043 2987 4106 formam
3021 4063 3198 4106 cerae.
3224 4044 3368 4106 Idea
3397 4061 3550 4126 quo-

2059 4163 2184 4225 que
2225 4151 2320 4206 est
2351 4143 2655 4204 factivum
2699 4142 3091 4224 principium
3127 4161 3140 4206 :
3176 4159 3324 4223 ergo
3363 4142 3550 4204 citius

451 4243 1138 4317 necessarium,tamen
1169 4243 1481 4305 ordinatio
1516 4243 1948 4324 productionis
1979 4246 2029 4308 D
2061 4242 2386 4323 prioritate
2427 4248 2666 4304 naturae
2703 4260 2776 4302 ac
2817 4240 3078 4303 rationis
3122 4239 3436 4322 imprimit
3472 4240 3552 4302 si-

452 4362 673 4407 rerum
705 4344 781 4405 ad
820 4342 1031 4425 ipsum
1064 4343 1226 4405 velle
1258 4343 1391 4416 Dei,
1425 4343 1799 4424 contingens
1829 4353 1943 4406 est.

454 4443 773 4505 Creaturae
830 4460 1105 4523 namque
1170 4459 1295 4504 non
1358 4441 1594 4504 habent
1650 4443 1949 4504 essentia-

454 4539 585 4600 lem
619 4537 1082 4600 ordinationem
1117 4538 1193 4599 ad
1227 4537 1337 4600 Dei
1375 4536 1723 4601 bonitatem
1760 4556 1773 4600 τ
1810 4539 1951 4602 ideo

455 4653 585 4698 non
618 4643 865 4717 oportet
898 4635 1068 4716 quod
1099 4635 1368 4698 volendo
1406 4655 1495 4708 se,
1530 4635 1683 4698 velit
1712 4645 1775 4698 et
1803 4636 1944 4698 alia.

455 4734 635 4797 Unde
680 4733 960 4794 secundo
1008 4732 1171 4795 libro
1219 4732 1343 4794 Cur
1394 4734 1560 4795 Deus
1612 4734 1824 4807 homo,
1864 4734 1951 4796 ait

454 4831 796 4896 Anselmus
848 4847 862 4891 :
916 4831 981 4892 Si
1029 4831 1195 4893 Deus
1252 4831 1546 4912 proponit
1597 4851 1663 4894 se
1712 4832 1951 4914 aliquid

459 4929 951 4993 immutabiliter
1014 4929 1357 5003 facturum,
1424 4931 1715 5011 quamvis
1783 4932 1950 5011 quod

460 5027 764 5111 proponit
820 5045 945 5089 non
1006 5027 1206 5108 possit
1254 5046 1381 5089 non
1438 5046 1577 5090 esse
1638 5029 1950 5102 futurum,

460 5144 591 5189 non
622 5133 837 5188 tamen
870 5132 964 5186 est
998 5125 1063 5186 in
1095 5125 1223 5187 Deo
1254 5126 1383 5187 ulla
1425 5124 1700 5188 faciendi
1738 5145 1954 5188 neces-

460 5225 617 5288 sitas
656 5231 768 5285 aut
797 5241 925 5285 non
964 5221 1239 5285 faciendi
1282 5223 1779 5306 impossibilitas.
1812 5224 1955 5287 Haec

457 5321 833 5386 Richardus.

2062 4339 2492 4402 militudinem
2541 4339 2639 4400 sui
2690 4336 2948 4402 facturae
2997 4357 3188 4420 quam
3233 4340 3547 4413 voluntaS,

2062 4438 2243 4520 quasi
2284 4437 2613 4518 applicans
2657 4455 2818 4498 eam.
2854 4436 3091 4499 Deinde
3135 4436 3431 4518 reprobat
3473 4437 3553 4498 is-

2064 4545 2145 4608 ta,
2187 4541 2250 4596 et
2296 4534 2452 4596 dicit
2499 4536 2667 4616 quod
2717 4537 3042 4616 exemplar
3088 4542 3158 4596 ut
3205 4535 3548 4617 exemplar,

2064 4653 2190 4697 non
2237 4641 2333 4696 est
2379 4632 2685 4695 factivum
2734 4641 2797 4695 et
2839 4634 3087 4696 causale
3136 4633 3547 4715 principium.

2063 4733 2398 4814 Propterea
2440 4739 2635 4804 tenet,
2670 4732 2838 4813 quod
2884 4732 3177 4794 voluntas
3224 4732 3553 4794 immedia-

2064 4831 2191 4892 tius
2223 4837 2520 4911 operatur
2550 4836 2737 4910 atque
2766 4830 3020 4910 attingit
3048 4829 3555 4891 effectum—Et

2064 4948 2288 4990 verum
2337 4945 2498 5001 reor,
2551 4928 2719 5008 quod
2766 4928 3058 4990 voluntas
3109 4936 3416 5010 quantum
3473 4927 3552 4989 ad

2064 5026 2538 5090 exsecutionem
2583 5025 3012 5087 immediatius
3053 5033 3194 5105 agat
3234 5033 3299 5086 et
3341 5043 3554 5105 prose-

2065 5131 2298 5207 quatur
2320 5123 2561 5204 agentis
2593 5123 3011 5205 propositum.
3035 5123 3328 5184 Attamen
3352 5141 3556 5205 repro-

3631 1020 3714 1061 ut.

3741 1022 3781 1063 2.

2066 5223 2241 5284 batio
2283 5221 2390 5282 illa
2427 5238 2554 5283 non
2588 5221 2774 5292 valet,
2809 5221 2961 5301 quia
2994 5229 3062 5282 ut
3096 5220 3300 5302 patuit
3335 5240 3549 5302 supra,
3595 5241 3846 5291 dutum,

2074 5321 2188 5383 ubi
2222 5326 2556 5381 tractatum
2588 5326 2681 5382 est
2711 5318 2788 5380 de
2819 5318 3000 5392 ideis,
3029 5318 3170 5381 idea
3198 5317 3435 5393 divina,
3462 5339 3554 5382 se·
3577 5303 3849 5359 ‘mmm‘
