4359 6250
1051 507 1137 552 AN
1176 508 1425 563 ALlQmD
1466 506 1808 554 coNVEmAT
1850 508 2225 555 uwAmABlm
2267 507 2384 554 Duo
2427 508 2506 554 Ex
2545 509 2822 555 TEMPORE

3361 488 3479 552 297

388 677 447 740 le
478 676 875 758 principium
909 684 1231 750 creaturae,
1256 676 1378 738 nisi
1413 684 1699 739 creatura
1726 677 1884 738 exsi-
1908 675 1961 738 A
1991 683 2095 739 tur
2144 676 2404 740 relative
2463 678 2585 740 nisi
2635 677 2938 760 quoniam
2984 677 3158 738 aliud
3210 676 3483 738 refertur

388 783 591 838 stente
624 777 689 837 in
720 784 867 837 actu
905 793 919 838 ε
952 777 1121 857 quod
1152 794 1280 839 non
1312 795 1565 857 semper
1593 776 1737 850 fuit,
1768 777 1877 838 sed

387 895 462 937 ex
502 882 814 956 tempore.
851 875 982 937 Hoc
1024 882 1235 936 autem
1280 892 1407 937 non
1450 874 1759 954 contingit
1801 875 1878 936 de

386 973 524 1035 aliis
566 991 711 1054 quae
752 971 1039 1034 absolute
1079 973 1380 1034 dicuntur
1410 972 1487 1032 de
1528 971 1676 1046 De0‚
1710 973 1879 1053 quod

385 1070 632 1132 scilicet
674 1070 969 1132 dicantur
1007 1070 1086 1132 de
1128 1088 1204 1132 eo
1245 1088 1322 1131 ex
1364 1077 1649 1150 tempore
1684 1087 1697 1131 ε
1732 1069 1881 1151 quia

386 1189 525 1250 quae
586 1168 876 1230 absolute
934 1169 1255 1242 dicuntur,
1318 1168 1671 1230 secundum
1735 1186 1881 1249 pro-

388 1267 557 1348 prias
620 1267 897 1329 rationes
955 1266 1197 1348 aliquid
1257 1273 1504 1347 ponunt
1560 1266 1623 1328 in
1679 1284 1753 1328 eo
1801 1267 1879 1328 de

388 1383 513 1446 quo
576 1365 1021 1446 praedicantur,
1074 1373 1143 1426 ut
1191 1364 1532 1446 quantitaS‚
1584 1364 1874 1447 (16611165.

388 1463 563 1525 Unde
594 1462 758 1524 nihil
787 1459 1013 1526 horum
1042 1463 1369 1524 invenitur
1398 1463 1565 1545 quod
1599 1480 1723 1525 non
1756 1481 1883 1524 rea-

386 1561 529 1622 liter
558 1562 645 1623 sit
674 1561 739 1622 in
770 1580 845 1624 60
876 1562 953 1624 (16
992 1579 1120 1643 (160
1148 1581 1299 1624 vere
1328 1581 1401 1624 ac
1440 1561 1697 1644 proprie
1728 1580 1880 1642 prae-

386 1659 652 1721 dicatur.
708 1659 867 1722 Hinc
918 1678 1043 1722 non
1096 1668 1362 1741 possunt
1410 1661 1487 1722 de
1540 1660 1754 1741 aliquo
1803 1679 1879 1721 ex

386 1765 671 1838 tempore
722 1758 869 1830 dici,
904 1759 1027 1820 nisi
1078 1757 1141 1819 id
1188 1765 1470 1820 mut-etur
1513 1778 1625 1839 per
1669 1777 1880 1820 56566-

1991 777 2068 838 6(1
2101 777 2336 858 ipsum,
2357 777 2894 858 quemadmodum
2925 777 3148 858 quinto
3171 774 3483 858 Metaphy·

1991 873 2137 936 sicae
2197 873 2284 934 ait
2332 874 2770 956 Philosophu3‚
2824 874 2991 956 quod
3050 872 3276 934 scibile
3330 873 3482 935 dici-

1992 979 2098 1033 tur
2148 972 2485 1034 relativum
2545 990 2672 1035 non
2720 973 2871 1055 quia
2921 973 3132 1054 ipsum
3182 971 3477 1040 refertur,

1992 1070 2101 1132 sed
2146 1070 2298 1152 quia
2340 1069 2533 1144 aliud,
2571 1078 2725 1150 puta
2762 1070 3047 1144 scientia,
3093 1069 3366 1132 refertur
3403 1069 3479 1131 ad

1992 1167 2224 1249 ipsum.
2261 1169 2388 1230 Nec
2417 1175 2628 1230 tamen
2660 1169 2948 1250 sequitur
2977 1169 3144 1250 quod
3176 1167 3481 1229 habitudo

1991 1266 2101 1328 illa
2142 1286 2284 1348 quae
2329 1267 2693 1347 designatur
2735 1267 2798 1328 in
2840 1268 2988 1340 Dec,
3024 1266 3359 1328 conveniat
3394 1266 3482 1327 al-

1993 1363 2108 1426 teri
2143 1383 2256 1445 per
2286 1384 2373 1438 se,
2399 1365 2508 1426 sed
2541 1365 2741 1445 magis
2771 1372 3096 1446 respectus
3127 1364 3480 1446 opposituS‚

1991 1463 2101 1544 qui
2146 1470 2242 1524 est
2287 1482 2423 1524 esse
2469 1471 2843 1535 creaturam,
2877 1471 2985 1524 aut
3023 1483 3162 1525 esse
3202 1481 3480 1536 servum,

1992 1561 2092 1623 vel
2136 1561 2376 1643 aliquid
2431 1562 2570 1622 tale.
2603 1597 2686 1606 —
2714 1562 2857 1623 Haec
2901 1561 3168 1623 Thomas
3215 1562 3279 1622 in
3325 1561 3484 1624 Scri-

1993 1666 2120 1740 pto.
2156 1660 2273 1733 Qui
2325 1659 2391 1721 in
2437 1660 2554 1721 hac
2601 1660 2826 1721 ultima
2869 1659 3302 1741 responsionis
3353 1679 3482 1722 suae

1992 1757 2303 1837 particula
2343 1777 2686 1839 parumper
2725 1777 2761 1819 a
2801 1759 3190 1839 praeinducta
3229 1775 3483 1839 respon-

388 1857 673 1938 ptionem
704 1857 843 1936 ejus
874 1858 1045 1938 quod
1083 1865 1229 1920 ante
1270 1875 1397 1919 non
1429 1857 1670 1919 habuit.
1704 1857 1878 1919 Rela-
1917 1857 1964 1919 B
1993 1855 2170 1916 sione
2205 1854 2446 1917 Alberti
2491 1856 2746 1916 recedit.
2783 1855 3077 1918 Albertus
3117 1856 3379 1937 quippe,
3413 1862 3482 1916 ut

386 1956 472 2017 tio
501 1964 719 2017 autem
760 1974 837 2017 ex
878 1975 992 2017 sua
1030 1955 1273 2017 ratione
1313 1973 1439 2018 non
1482 1955 1671 2018 habet
1711 1958 1878 2037 quod

384 2059 577 2134 ponat
628 2054 870 2134 aliquid
920 2054 985 2116 in
1035 2071 1111 2117 eo
1159 2055 1237 2116 de
1285 2072 1412 2136 quo
1461 2054 1716 2128 dicitur,
1770 2056 1878 2116 sed

384 2152 539 2214 dicit
570 2152 1013 2215 habitudinem
1058 2159 1303 2215 tantum
1336 2152 1413 2214 ad
1454 2153 1627 2213 aliud
1664 2170 1675 2213 :
1713 2154 1879 2215 unde

384 2259 451 2313 ut
480 2252 729 2314 dict-um
762 2259 877 2324 est,
902 2251 1225 2313 invenitur
1256 2251 1478 2315 relatio
1508 2251 1721 2332 aliqua
1752 2269 1879 2312 non

383 2352 696 2412 exsistens
729 2349 983 2412 realiter
1014 2350 1079 2412 in
1120 2369 1195 2412 60
1226 2351 1303 2412 (16
1344 2368 1470 2432 (160
1501 2350 1753 2412 dicitur.
1788 2349 1881 2410 Id-

382 2450 553 2511 circo
598 2450 664 2510 in
705 2448 943 2510 talibus
983 2449 1390 2510 habitudines
1432 2448 1555 2510 illae
1595 2449 1673 2510 (16
1718 2465 1880 2510 novo

382 2547 684 2609 dicuntur
729 2548 807 2609 de
851 2547 1066 2628 aliquo
1110 2565 1237 2632 non
1283 2566 1396 2628 per
1440 2546 1539 2609 sui
1592 2547 1881 2608 mutatio-

380 2664 549 2720 nem,
596 2645 709 2706 sed
754 2645 927 2706 illius
969 2645 1047 2706 ad
1093 2645 1261 2726 quod
1306 2645 1557 2707 dicitur.

457 2743 669 2816 Quum
700 2761 849 2824 ergo
880 2743 1244 2823 objiciatur,
1279 2742 1579 2824 quoniam
1620 2743 1880 2805 nomina

381 2839 487 2902 illa
517 2860 663 2923 quae
702 2859 777 2902 ex
822 2848 1107 2922 tempore
1145 2841 1569 2921 praedicantur
1607 2841 1685 2901 de
1727 2841 1875 2914 Dec,

376 2947 482 3000 aut
534 2939 925 3001 conveniunt
975 2939 1034 3000 61
1086 2957 1199 3020 per
1249 2957 1337 3010 se,
1390 2946 1499 2999 aut
1557 2957 1671 3019 per
1720 2940 1879 3001 acci-

379 3039 538 3098 dens
587 3055 601 3098 :
651 3037 1019 3110 dicendum,
1072 3037 1240 3118 quod
1291 3037 1646 3099 secundum
1694 3037 1879 3118 Magi·
1912 3036 1955 3098 C
1986 3034 2109 3113 ria)
2132 3033 2489 3095 introducta
2517 3035 3071 3115 suntsupra:ideo
3101 3035 3481 3096 omittuntur
3541 3052 3771 3106 tom.xix‚

3507 3132 3550 3172 p.
3586 3120 3662 3161 51³
3675 3117 3721 3169 Β,

3507 3182 3584 3223 54³
3601 3180 3648 3224 C.

376 3146 604 3210 strum,
643 3137 762 3199 ista
793 3136 1218 3217 praedicantur
1253 3156 1367 3218 per
1397 3136 1714 3210 accidenS,
1748 3156 1876 3201 non

376 3236 547 3315 quod
592 3234 677 3295 sit
723 3234 789 3294 in
831 3234 979 3307 Deo,
1015 3234 1125 3294 sed
1167 3234 1232 3293 in
1274 3241 1579 3295 creatura.
1616 3234 1876 3296 Verum-

378 3339 595 3394 tamen
638 3331 1117 3405 advertendum,
1153 3332 1321 3412 quod
1373 3332 1438 3392 in
1491 3331 1630 3393 istis
1681 3332 1880 3394 nomi-

375 3430 568 3491 nibus
600 3430 730 3491 duo
768 3429 1271 3503 considerantur,
1305 3429 1604 3491 videlicet
1634 3430 1879 3492 habitu-

374 3528 453 3590 do
484 3528 625 3589 sive
658 3526 901 3599 relatio,
932 3534 997 3587 et
1037 3526 1102 3587 id
1142 3546 1334 3609 super
1364 3528 1533 3610 quod
1575 3527 1877 3590 fundatur

377 3626 439 3687 in
470 3625 606 3688 Deo
643 3642 656 3686 :
691 3625 1229 3707 quemadmodum
1272 3624 1576 3687 habitudo
1618 3626 1877 3689 creatio-

376 3723 473 3786 nis
525 3723 753 3786 activae
795 3722 986 3785 habet
1026 3742 1140 3805 pro
1185 3723 1599 3787 fundamento
1642 3725 1707 3785 in
1752 3726 1879 3787 Deo

376 3822 684 3884 virtutem
735 3821 1042 3895 divinam,
1079 3821 1263 3902 cujus
1314 3830 1411 3883 est
1459 3823 1728 3883 educere
1781 3842 1878 3884 res

376 3920 439 3981 in
470 3938 619 3982 esse
650 3919 727 3980 de
758 3918 979 3980 nihilo.
1020 3918 1083 3980 Si
1115 3936 1263 3998 ergo
1294 3919 1729 3981 consideretur
1759 3920 1877 3981 hoc

374 4020 545 4101 quod
608 4017 848 4079 habent
908 4033 1023 4099 pro
1082 4016 1520 4091 fundamento,
1579 4018 1880 4080 dicuntur

378 4137 487 4199 per
518 4136 613 4191 se,
640 4123 701 4178 et
734 4116 863 4178 Deo
894 4115 1285 4177 conveniunt
1313 4115 1393 4178 ab
1425 4124 1659 4178 aeterno
1690 4138 1882 4199 quan·

1994 1961 2232 2014 tactum
2263 1961 2379 2026 est,
2413 1954 2501 2014 ait
2531 1973 2598 2015 se
2628 1953 2839 2016 dicere
2871 1972 2994 2016 non
3025 1955 3278 2028 audere,
3313 1956 3480 2035 quod

1990 2050 2233 2132 aliquid
2275 2051 2610 2114 conveniat
2649 2053 2776 2114 Deo
2816 2070 2941 2113 non
2981 2052 3180 2132 gratia
3219 2051 3339 2124 sui,
3375 2053 3483 2113 sed

1990 2150 2192 2230 gratia
2241 2150 2583 2222 connotati,
2637 2169 2836 2231 quum
2889 2151 3099 2231 potius
3151 2157 3486 2211 connotato

1993 2249 2329 2310 conveniat
2387 2249 2536 2310 esse'
2580 2249 2779 2328 gratia
2843 2249 2973 2310 Dei.
3039 2249 3154 2310 Pro
3212 2265 3484 2329 quorum

1992 2347 2441 2408 concordantia
2470 2355 2733 2428 apparet
2774 2347 3138 2420 dicendum,
3173 2347 3342 2428 quod
3372 2346 3484 2407 ali-

1990 2444 2143 2525 quid
2195 2453 2514 2526 competat
2563 2447 2689 2507 Deo
2733 2445 3086 2507 formaliter
3127 2445 3327 2526 gratia
3369 2463 3482 2505 566

1989 2563 2066 2605 ex
2107 2551 2285 2624 parte
2325 2551 2388 2605 et
2428 2543 2800 2606 habitudine
2843 2552 3166 2617 creaturae,
3198 2543 3308 2604 sed
3339 2542 3481 2604 effi-

1990 2642 2232 2702 cienter
2274 2641 2474 2721 gratia
2517 2641 2627 2703 Dei
2675 2641 2973 2703 convenit
3015 2647 3351 2704 connotato
3389 2648 3478 2701 at-

1988 2759 2112 2821 que
2156 2746 2366 2800 creato
2409 2759 2538 2798 esse
2583 2745 2646 2800 61
2687 2743 2860 2818 quod
2899 2748 3010 2798 est.

2071 2838 2139 2899 In
2187 2839 2392 2918 prima
2440 2838 2630 2898 etiam
2685 2845 2860 2918 parte
2911 2838 3186 2899 Summae
3235 2838 3311 2898 de
3360 2837 3478 2899 hac
3533 2861 3778 2913 qimam,

3505 2924 3772 2974 a.7;43‚a.2.

1988 2935 2252 2996 materia
2290 2935 2530 2996 scribit.
2566 2936 2713 3009 Quae
2751 2935 2831 3014 (si
2877 2953 3003 2998 non
3044 2936 3208 2996 fallit
3245 2955 3480 2998 memo-

1988 3133 2107 3194 hoc
2153 3131 2309 3194 loco.

2067 3231 2286 3293 Petrus
2318 3232 2573 3293 demum
2609 3232 2777 3293 circa
2807 3232 2941 3294 haec
2972 3233 3253 3314 loquitur
3287 3250 3300 3295 ε
3327 3234 3482 3307 Qua-

1991 3335 2132 3391 tuor
2173 3330 2379 3391 modis
2420 3330 2798 3411 praedicatur
2836 3330 3078 3412 aliquid
3123 3332 3200 3393 de
3243 3332 3477 3414 aliquo,

1988 3427 2220 3501 Prim0,
2259 3446 2372 3508 per
2417 3428 2758 3489 essentiam
2794 3446 2808 3490 ε
2845 3438 2934 3503 61,
2977 3430 3170 3491 homo
3212 3438 3309 3492 est
3350 3431 3483 3491 ani-

1990 3526 2136 3587 mal.
2195 3525 2505 3598 Secundo,
2562 3544 2676 3607 per
2733 3527 3312 3590 denominationem
3371 3548 3485 3590 seu

1990 3623 2429 3685 inhaerentiam
2461 3640 2473 3684 :
2501 3631 2591 3694 ut,
2625 3624 2816 3685 homo
2847 3632 2942 3685 est
2971 3624 3172 3686 albus.
3200 3626 3308 3687 His
3340 3627 3488 3689 duo-

1991 3722 2109 3783 bus
2159 3722 2362 3783 modis
2409 3722 2647 3803 aliquid
2696 3723 2772 3783 (16
2822 3739 2985 3784 novo
3037 3724 3362 3804 praedicari
3407 3724 3484 3786 de

1988 3819 2204 3901 aliquo
2262 3820 2650 3893 immediate,
2712 3821 3010 3901 importat
3068 3822 3481 3885 mutationem

1992 3918 2056 3979 in
2090 3918 2237 3997 illo;
2272 3926 2333 3979 et
2364 3918 2464 3979 his
2507 3919 2711 3980 modis
2751 3919 2912 3980 nihil
2955 3920 3032 3981 de
3068 3938 3231 3983 novo
3263 3921 3484 4002 praedi-

1991 4024 2169 4078 66161·
2219 4017 2295 4078 (16
2348 4017 2490 4078 Deo.
2547 4017 2754 4079 Tertio
2805 4018 2993 4079 modo
3039 4018 3277 4099 aliquid
3330 4039 3486 4101 prae-

1990 4114 2238 4176 dicatur
2284 4116 2360 4177 de
2405 4116 2529 4177 alio
2580 4135 2693 4197 per
2741 4135 2996 4178 causam
3033 4135 3046 4178 :
3082 4126 3172 4191 ut,
3207 4119 3341 4180 (1165
3391 4128 3486 4181 est

374 4224 510 4277 tum
542 4216 623 4278 ad
658 4214 839 4288 illud,
875 4213 1027 4295 quia
1066 4214 1360 4288 essentia,
1395 4214 1598 4275 virtus
1630 4223 1690 4277 et
1733 4234 1879 4297 ope·
1912 4219 1959 4279 D
1990 4212 2081 4274 sol
2133 4220 2240 4274 aut
2295 4213 2444 4275 latio
2494 4214 2663 4276 solis,
2711 4214 2962 4289 Quarto,
3008 4235 3120 4297 pcr
3169 4217 3486 4279 habitudi-

374 4314 531 4375 ratio
572 4311 656 4375 ab
700 4320 936 4374 aeterno
976 4318 1073 4373 est
1118 4311 1182 4372 in
1224 4311 1369 4373 Deo.
1408 4311 1527 4373 Sed
1569 4321 1877 4393 quantum

372 4412 449 4473 ad
481 4411 952 4483 habitudinem,
990 4428 1103 4490 per
1133 4410 1429 4471 accidens
1472 4411 1771 4472 dicuntur
1802 4413 1895 4473 (16·

373 4510 519 4573 Deo.
578 4509 892 4571 Accidens
944 4525 1095 4569 vero
1140 4508 1483 4588 dupliciter
1532 4508 1807 4570 sumitur
1861 4527 1875 4571 :

376 4608 609 4689 primo,
674 4624 791 4688 pro
853 4613 1077 4667 natura
1139 4605 1489 4669 accidentis
1553 4607 1881 4669 condivisa

374 4706 769 4777 substantiae,
804 4704 1025 4785 sicque
1071 4703 1136 4764 in
1182 4705 1309 4765 Deo
1350 4704 1598 4765 nullum
1640 4712 1736 4765 est
1777 4724 1877 4766 ac-

374 4804 627 4881 cidens3
657 4803 961 4875 secund0,
983 4818 1203 4883 proco
1235 4802 1404 4883 quod
1436 4804 1734 4866 convenit
1765 4822 1879 4885 per

373 4902 571 4972 aliud,
609 4909 796 4982 prout
840 4899 1117 4962 dicimus
1148 4900 1317 4981 quod
1348 4899 1566 4962 album
1603 4901 1877 4963 aedificat

375 5018 487 5079 per
514 4999 837 5071 accidenS,
872 4997 1025 5079 quia
1063 4997 1433 5077 adjungitur
1463 5000 1521 5060 ei
1555 5000 1723 5081 quod
1766 5020 1879 5081 per

372 5116 437 5157 se
466 5104 569 5159 est
610 5115 799 5158 causa
838 5095 1304 5170 aedificationiS,
1340 5097 1639 5159 videlicet
1678 5098 1877 5160 aedifi-

374 5195 571 5257 6610τί
611 5210 625 5255 :
660 5194 880 5276 sicque
923 5212 1038 5275 per
1075 5192 1369 5257 accidens
1412 5196 1711 5259 convenit
1752 5198 1877 5261 Deo

378 5292 605 5356 referri
645 5293 723 5355 ad
764 5292 943 5354 aliud
986 5298 1163 5354 extra
1206 5312 1292 5355 56.
1327 5294 1463 5356 Νο6
1504 5296 1677 5356 enim
1723 5295 1877 5357 dici-

1990 4330 2137 4372 nem
2189 4330 2300 4372 seu
2353 4321 2713 4392 respectum
2762 4331 2776 4374 :
2825 4322 2914 4388 ut,
2961 4314 3076 4378 1516
3124 4323 3221 4376 651
3269 4317 3486 4379 dexter

1990 4410 2104 4471 illi.
2142 4410 2380 4492 Hisque
2412 4410 2661 4472 duobus
2695 4412 2899 4474 modis
2940 4413 3180 4494 aliquid
3213 4415 3290 4476 dc
3321 4433 3486 4477 novo

1991 4508 2321 4588 praedicari
2368 4509 2445 4569 de
2489 4509 2634 4583 alio,
2670 4527 2794 4572 non
2843 4511 3141 4593 importat
3191 4513 3483 4575 mutatio-

1987 4625 2159 4680 nem,
2195 4614 2265 4667 ut
2297 4613 2469 4688 patet
2498 4608 2574 4669 de
2606 4608 2826 4671 dextro
2857 4610 2934 4670 ad
2973 4610 3322 4672 sinistrum.
3359 4610 3485 4673 Pri-

1989 4722 2095 4766 mo
2139 4704 2369 4767 horum
2416 4706 2686 4767 duorum
2735 4707 3064 4768 modorum
3108 4706 3479 4769 ultimorum

1989 4803 2412 4884 praedicantur
2451 4804 2528 4865 de
2569 4806 2696 4867 Deo
2739 4805 2845 4866 illa
2886 4826 3026 4887 quae
3065 4805 3351 4867 absolute
3391 4806 3480 4868 di-

1988 4909 2242 4977 cuntur,
2277 4910 2344 4962 ut
2396 4903 2700 4983 patientia
2752 4922 2910 4976 mea,
2953 4902 3122 4965 salus
3173 4923 3329 4965 mea.
3375 4904 3477 4967 Sc·
3525 4926 3768 4979 paam-'22

1988 5002 2196 5062 cundo
2237 5009 2448 5062 autem
2494 5002 2720 5063 horum
2764 5002 3093 5063 modorum
3137 5003 3477 5083 praedican—
3503 4992 3678 5039 ¹¹*¹’¹·

1986 5105 2089 5159 tur
2119 5099 2197 5160 de
2230 5099 2356 5159 Deo
2397 5117 2469 5159 ea
2499 5118 2638 5179 quae
2675 5098 2933 5159 relative
2975 5100 3360 5161 conveniunt
3389 5102 3470 5173 61,

1989 5204 2059 5259 61
2097 5196 2394 5258 (1011111165
2435 5204 2498 5256 61
2532 5202 2772 5256 creator
2807 5211 2820 5255 :
2855 5214 2996 5276 quae
3039 5196 3476 5277 principaliter

1987 5294 2352 5377 significant
2402 5293 2684 5355 divinam
2733 5293 3096 5367 essentiam,
3129 5302 3192 5356 et
3240 5294 3474 5377 impor-
