4359 6250
818 510 938 576 628

1471 531 1535 576 IN
1574 529 1797 576 LIBRUM
1839 530 1860 575 1
1902 524 2385 575 SENTENTIARUM.
2431 543 2511 554 ·-·
2551 524 2706 572 mS‘r.
2751 525 2933 590 xLV13
2977 523 3200 583 QUAEST.
3249 522 3271 571 Ῑ

820 700 1088 763 ritorum
1121 700 1408 783 ipsorum
1434 718 1447 763 ε
1475 708 1539 762 et
1569 700 1738 781 quod
1768 698 1999 781 aliquis
2031 698 2123 760 sic
2152 698 2313 772 vult,
2345 696 2396 759 A
2421 698 2902 760 antecedentem
2961 705 3024 759 et
3078 697 3471 761 voluntatem
3529 711 3927 776 consequen-

821 800 940 862 hoc
998 800 1378 882 simpliciter
1433 799 1619 877 vult3
1679 799 1847 880 quod
1906 806 2117 859 autem
2179 796 2316 857 vult

819 899 1286 971 antecedenter,
1338 898 1689 960 secundum
1742 897 1918 978 quid,
1971 903 2033 957 et
2081 894 2317 957 dicitur

820 996 1109 1076 quaedam
1165 995 1473 1069 velleitas,
1524 1014 1652 1057 non
1711 996 1879 1076 quod
1938 993 2155 1056 divina
2213 1010 2317 1055 vo·

818 1092 1029 1155 luntas
1071 1095 1134 1156 in
1175 1114 1243 1155 se
1283 1094 1419 1176 ipsa
1459 1095 1541 1155 sit
1581 1092 1974 1175 imperfecta,
2008 1099 2116 1153 aut
2146 1091 2316 1173 quod

820 1192 1221 1274 imperfectio
1250 1193 1333 1254 sit
1360 1211 1437 1254 ex
1470 1201 1647 1275 parte
1678 1192 2021 1255 voluntatis
2056 1191 2312 1265 divinae,

819 1291 929 1353 sed
973 1291 1176 1365 voliti,
1212 1292 1381 1373 quod
1426 1292 1562 1353 vult
1606 1310 1733 1353 non
1784 1290 2138 1352 secundum
2189 1289 2319 1371 ple-

816 1408 965 1451 nam
996 1398 1057 1451 et
1087 1389 1442 1451 absolutam
1477 1389 2070 1462 considerationem,
2091 1406 2314 1449 secun·
2357 1412 2366 1417 ·

816 1488 970 1549 dum
1014 1489 1184 1569 quod
1230 1488 1295 1549 in
1339 1507 1405 1550 se
1451 1488 1591 1569 ipso
1634 1486 1943 1549 subsistit.

895 1588 1113 1667 ltaque
1162 1587 1455 1648 voluntas
1513 1586 1622 1648 Dei
1682 1604 1936 1668 semper
1986 1585 2309 1667 impletur.

814 1683 973 1745 Nam
1014 1684 1179 1745 sicut
1209 1691 1305 1745 est
1335 1684 1399 1744 in
1441 1684 1648 1745 causis
1695 1682 2089 1756 formalibus,
2127 1683 2213 1743 ita
2251 1688 2316 1743 et

816 1781 883 1842 in
942 1782 1149 1843 causis
1207 1781 1663 1843 efficientibus,
1719 1781 2040 1861 Contingit
2096 1788 2311 1842 autem

2425 803 2552 857 tem
2612 796 3009 877 distinguens
3062 814 3076 857 :
3129 796 3432 858 Voluntas
3480 794 3623 875 (ait)
3669 801 3928 855 antece-

2425 894 2603 967 (16ῐι3,
2646 902 2741 955 est
2785 894 3078 957 voluntas
3129 901 3422 976 respectu
3471 892 3611 973 ejus
3660 898 3930 974 propter

2426 993 2593 1073 quod
2645 993 2810 1055 Deus
2869 994 3195 1055 hominem
3255 991 3430 1067 fecit,
3481 998 3545 1053 et
3594 989 3932 1069 irrefraga—

2427 1090 2641 1153 biliter
2679 1099 2770 1153 est
2813 1091 3146 1154 bonorum.
3179 1090 3482 1154 Voluntas
3513 1107 3663 1152 vero
3701 1106 3932 1151 conse-

2425 1208 2628 1271 quens
2671 1198 2767 1251 est
2809 1208 2935 1251 non
2985 1209 3126 1271 quae
3175 1189 3464 1271 sequitur
3513 1187 3760 1261 merita,
3803 1185 3924 1247 sed

2425 1308 2566 1369 quae
2610 1288 2748 1349 vult
2789 1287 3003 1369 aliqua
3047 1287 3400 1349 secundum
3451 1285 3925 1367 praescientiam

2425 1387 2817 1449 meritorum.
2861 1387 3163 1449 Voluntas
3211 1386 3613 1459 antecedenS,
3655 1392 3928 1447 vocatur

2421 1506 2458 1547 a
2490 1486 2808 1567 magistris
2840 1487 3130 1549 voluntas
3162 1484 3628 1558 conditionaliS,
3648 1484 3780 1546 sive
3813 1500 3926 1545 vo-

2424 1584 2632 1646 luntas
2675 1604 2798 1666 qua
2838 1586 3002 1647 Deus
3041 1584 3180 1646 vult
3219 1592 3528 1666 quantum
3570 1582 3635 1644 in
3679 1600 3746 1643 se
3783 1589 3924 1659 est3

2422 1683 2700 1744 secunda
2728 1682 2963 1744 dicitur
2990 1683 3298 1745 absoluta.
3334 1683 3523 1744 Porro
3554 1679 3930 1743 differentia

2424 1781 2589 1842 inter
2626 1800 2731 1843 eas
2777 1800 2904 1845 non
2947 1789 3043 1843 est
3083 1782 3436 1843 secundum
3486 1779 3928 1842 diversitatem

814 1879 1059 1961 aliquid
1107 1879 1405 1961 impediri
1453 1899 1489 1941 a
1538 1879 1985 1942 consecutione
2034 1878 2309 1959 alicujus
2348 1878 2804 1953 BaffectioniS,
2857 1886 2965 1941 aut
3025 1879 3196 1943 modi
3245 1878 3500 1942 volendi
3551 1878 3662 1959 qui
3721 1877 3801 1938 sit
3851 1877 3928 1938 in

816 1977 1037 2041 formae
1092 1977 1516 2059 particularis,
1570 1986 1781 2039 tamen
1830 1997 1866 2039 a
1916 1976 2121 2039 forma
2171 1978 2310 2039 uni-

814 2076 1044 2139 versali
1089 2075 1251 2138 nihil
1296 2075 1571 2138 deficere
1618 2084 1842 2158 potest.
1886 2076 2094 2138 Potest
2137 2076 2308 2138 enim

812 2173 1057 2256 aliquid
1106 2193 1244 2237 esse
1293 2174 1461 2256 quod
1510 2192 1638 2236 non
1686 2182 1781 2236 est
1824 2174 2015 2236 homo
2059 2192 2173 2235 nec
2218 2173 2310 2235 vi-

814 2290 1006 2352 vum3
1047 2291 1173 2336 non
1214 2281 1427 2335 autem
1462 2279 1669 2354 pot-est
1698 2272 1940 2354 aliquid
1970 2291 2109 2334 esse
2139 2273 2309 2354 quod

813 2388 940 2432 non
999 2371 1083 2432 sit
1129 2389 1261 2432 enS.
1315 2371 1489 2433 Unde
1538 2378 1602 2432 et
1650 2370 1769 2433 hoc
1821 2370 1990 2432 idem
2044 2370 2107 2431 in
2157 2389 2308 2432 cau-

812 2470 900 2530 sis
930 2468 1365 2531 efficientibus
1398 2477 1648 2551 oportet
1678 2469 2063 2550 contingere.
2100 2470 2310 2531 Potest

746 2594 751 2599 ·
812 2567 983 2629 enim
1023 2566 1264 2649 aliquid
1304 2566 1449 2629 fieri
1490 2575 1665 2629 extra
1704 2568 1991 2629 ordinem
2034 2567 2307 2648 alicujus

812 2684 1017 2729 causae
1055 2665 1453 2746 particularis
1494 2666 1759 2746 agentiS‚
1795 2683 1923 2728 non
1962 2673 2175 2728 autem
2207 2684 2309 2727 ex-

810 2773 904 2826 tra
954 2764 1243 2828 ordinem
1293 2783 1498 2827 causae
1548 2764 1948 2839 universaliS,
2002 2764 2121 2826 sub
2183 2783 2308 2845 qua

809 2880 1029 2925 omnes
1067 2882 1271 2925 causae
1308 2862 1720 2944 particulares
1762 2862 2309 2944 comprehendun-

809 2967 914 3021 tur
940 2978 954 3022 τ
990 2960 1141 3043 quia
1171 2961 1224 3022 si
1254 2960 1468 3041 aliqua
1500 2978 1689 3022 causa
1720 2960 2120 3041 particularis
2151 2959 2308 3021 defi-

2422 1977 2570 2050 De0,
2623 1978 2732 2039 sed
2781 1978 3135 2043 secundum
3182 1977 3550 2039 distinctam
3609 1975 3924 2038 rationem

2420 2076 2799 2138 connotandi
2829 2084 2892 2138 et
2923 2074 3509 2157 intelligendi.Nam
3538 2082 3725 2157 prout
3749 2074 3922 2136 Deus

2420 2172 2557 2234 vult
2595 2174 2884 2236 omnium
2935 2174 3204 2235 salutem
3250 2180 3562 2255 quantum
3606 2172 3672 2233 in
3713 2190 3779 2235 se
3815 2179 3924 2233 est

2417 2278 2481 2332 et
2510 2273 2976 2347 antecedenter,
3011 2279 3387 2335 connotatur
3423 2272 3488 2333 in
3520 2271 3768 2333 cunctis
3806 2271 3922 2333 ho-

2419 2368 2703 2431 minibus
2735 2368 3048 2432 ordinatio
3078 2370 3155 2430 ad
3185 2368 3478 2442 salutem,
3499 2375 3636 2429 tum
3667 2386 3743 2429 ex
3777 2386 3924 2447 par—

2417 2473 2479 2527 te
2527 2466 2852 2528 rationalis
2903 2474 3142 2529 naturae
3187 2466 3496 2529 divinitus
3545 2465 3727 2539 datae,
3773 2472 3918 2526 tum

2417 2581 2494 2624 ex
2530 2572 2706 2645 parte
2736 2565 2954 2645 gratiae
2981 2563 3225 2627 oblatae.
3261 2566 3436 2627 Unde
3466 2563 3921 2626 antecedenter

2419 2662 2581 2724 velle
2630 2662 2894 2738 salvare,
2942 2682 3068 2727 non
3117 2670 3416 2726 connotat
3461 2663 3757 2737 salutem,
3799 2662 3918 2724 sed

2416 2760 2951 2823 ordinabilitatem
3000 2762 3080 2823 ad
3125 2780 3288 2823 eam.
3342 2760 3516 2823 Velle
3564 2778 3716 2823 vero
3763 2777 3918 2822 con-

2415 2866 2754 2941 sequenter
2801 2879 2915 2922 seu
2961 2860 3250 2923 absolute
3297 2861 3562 2935 salvare,
3606 2868 3702 2922 est
3746 2858 3918 2921 velle

2415 2957 2562 3018 dare
2621 2958 2891 3019 salutem
2956 2958 3422 3040 praedestinato‚
3485 2963 3916 3039 connotatque

810 3058 936 3120 ciat
964 3078 1001 3120 a
1030 3078 1147 3121 suo
1176 3057 1436 3133 effectu,
1461 3058 1581 3119 hoc
1613 3065 1707 3120 est
1738 3066 1997 3140 propter
2025 3058 2306 3140 aliquam
2339 3057 2382 3121 C
2414 3054 2637 3117 salutis
2678 3064 2998 3117 eventum.
3036 3056 3180 3119 Haec
3221 3058 3680 3120 Bonaventura.

808 3157 1000 3219 aliam
1040 3176 1296 3219 causam
1337 3156 1782 3239 particularem
1826 3157 2302 3238 impedientem,

809 3275 950 3338 quae
988 3255 1347 3318 continetur
1388 3255 1508 3317 sub
1548 3255 1771 3319 ordine
1812 3274 2015 3317 causae
2057 3255 2308 3316 univer-

810 3353 978 3415 saliS.
1031 3353 1190 3415 Hinc
1248 3352 1518 3414 effectus
1569 3354 1859 3415 ordinem
1911 3371 2116 3415 causae
2168 3353 2306 3414 uni-

808 3451 1071 3514 versalis
1122 3451 1300 3513 nullo
1352 3452 1539 3514 modo
1586 3459 1794 3532 potest
1836 3451 2027 3513 exire.
2064 3451 2141 3512 Et
2185 3452 2305 3514 hoc

809 3548 877 3610 in
917 3549 1353 3632 corporalibus
1398 3556 1588 3630 patet.
1625 3550 1832 3611 Potest
1873 3567 2149 3630 namque
2193 3549 2305 3611 ali-

808 3667 935 3730 qua
990 3647 1173 3710 stella
1231 3646 1529 3729 impediri
1586 3646 1665 3710 ab
1727 3648 2145 3728 impressione
2203 3648 2303 3709 sui

806 3745 1111 3826 effectus3
1140 3753 1579 3808 verumtamen
1610 3745 2001 3828 quicumque
2031 3745 2304 3808 effectus

807 3863 884 3906 ex
916 3862 1107 3906 causa
1134 3843 1446 3926 corporali
1488 3843 1875 3926 impediente
1905 3851 2208 3924 sequatur
2236 3844 2302 3906 in

809 3942 1221 4005 inferioribus
1268 3942 1427 4016 istis,
1462 3949 1707 4024 oportet
1752 3941 1922 4023 quod
1965 3941 2305 4003 reducatur

810 4059 923 4122 per
963 4041 1201 4102 medias
1252 4059 1474 4102 causas
1525 4040 1591 4100 in
1634 4038 2059 4102 universalem
2110 4039 2300 4120 primi

810 4137 1065 4200 mobilis
1106 4138 1251 4201 coeli
1286 4139 1608 4201 virtutem.
1644 4138 1977 4218 Quumque
2009 4136 2301 4200 voluntas

2493 3155 2840 3236 Responsio
2876 3164 3091 3218 autem
3130 3156 3299 3220 Scoti
3340 3157 3444 3218 hic
3485 3163 3788 3218 consonat
3815 3173 3917 3217 re·

2414 3254 2740 3335 sponsioni
2789 3254 3044 3317 Thomae
3101 3255 3168 3317 in
3219 3256 3498 3318 Summa.
3551 3256 3706 3318 Nam
3754 3254 3844 3316 ait
3893 3272 3910 3316 ε

2412 3352 2714 3414 Voluntas
2763 3353 2872 3414 Dei
2916 3361 3226 3435 quantum
3274 3355 3354 3416 ad
3395 3354 3610 3416 omnia
3657 3371 3917 3434 semper

2413 3451 2649 3512 dicitur
2686 3452 3045 3534 adimpleri,
3081 3453 3384 3534 quoniam
3423 3454 3591 3514 sicut
3619 3451 3916 3533 omnipo·

2415 3558 2554 3612 tens
2587 3558 2793 3631 potest
2823 3569 3012 3613 omne
3045 3550 3371 3632 possibile,
3406 3551 3494 3613 ita
3521 3551 3774 3633 quando
3803 3568 3916 3613 vo-

2412 3649 2623 3712 luntas
2662 3649 2878 3711 divina
2922 3649 3380 3726 determinatur
3421 3650 3500 3712 ad
3540 3650 3912 3732 ponendum

2411 3747 2654 3828 aliquid
2697 3747 2759 3808 in
2801 3767 2939 3810 esse
2979 3748 3204 3810 ultima
3242 3749 3790 3822 determinatione,
3831 3747 3912 3808 il-

2414 3844 2522 3906 lud
2554 3845 2694 3906 erit.
2714 3845 2889 3908 Velle
2919 3853 3132 3908 autem
3165 3847 3228 3908 id
3260 3847 3584 3909 voluntate
3614 3846 3914 3927 benepla-

2413 3943 2544 4015 citi,
2597 3951 2692 4005 est
2741 3944 2967 4007 ultima
3019 3944 3462 4007 determinatio
3509 3965 3651 4027 quae
3699 3954 3913 4027 potest

2412 4042 2561 4122 poni
2611 4061 2688 4104 ex
2739 4051 2916 4124 parte
2963 4043 3308 4106 voluntatis
3367 4043 3570 4124 ipsius
3617 4043 3915 4125 omnipo-

2412 4139 2603 4201 tentis
2649 4140 2920 4202 volentis
2965 4160 3200 4222 ponere
3243 4140 3550 4204 effectum
3600 4141 3666 4203 in
3707 4161 3846 4204 esse
3889 4163 3906 4206 ε

809 4236 919 4299 Dei
959 4237 1040 4298 sit
1080 4237 1458 4299 universalis
1497 4236 1785 4298 omnium
1826 4254 2034 4306 causa,
2070 4235 2302 4318 impos·
2331 4235 2382 4296 D
2411 4256 2560 4318 ergo
2600 4246 2891 4320 respectu
2925 4239 3392 4322 cujuscumque
3429 4239 3699 4302 effectus
3737 4241 3908 4304 Deus

807 4334 993 4396 sibile
1032 4342 1127 4396 est
1157 4334 1328 4416 quod
1367 4335 1583 4396 divina
1611 4335 1903 4396 voluntas
1943 4353 2131 4395 suum
2170 4353 2298 4398 non

808 4439 1231 4514 consequatur
1287 4432 1611 4494 effectum.
1678 4432 1823 4494 Ideo
1890 4432 2060 4514 quod
2120 4432 2299 4495 vide—

808 4539 912 4592 tur
940 4549 977 4592 a
1005 4529 1223 4592 divina
1252 4530 1574 4592 voluntate
1614 4531 1965 4592 secundum
2007 4531 2298 4593 ordinem

809 4648 1008 4691 unum
1052 4629 1370 4703 recedere,
1404 4629 1709 4691 relabitur
1752 4629 1818 4690 in
1861 4629 2150 4691 eamdem
2203 4648 2298 4691 se-

807 4729 1089 4796 cundum
1136 4728 1425 4790 ordinem
1475 4727 1673 4789 alium
1716 4747 1730 4791 ε
1773 4728 1940 4790 sicut
1980 4736 2295 4809 peccator,

805 4827 915 4910 qui
966 4835 1276 4910 quantum
1330 4827 1394 4888 in
1444 4845 1511 4888 se
1560 4834 1675 4900 est,
1717 4845 1754 4888 a
1798 4827 2012 4889 divina
2060 4827 2300 4889 recedit

805 4926 1129 4989 voluntate
1159 4925 1505 5007 peccando,
1524 4924 1749 4986 recidit
1782 4925 1846 4986 in
1878 4925 2165 4987 ordinem
2199 4942 2301 4987 vo—

806 5024 1067 5086 luntatis
1108 5024 1341 5086 divinae
1381 5023 1625 5086 debitas
1669 5041 1888 5105 poenas
1932 5023 2184 5086 luendo.
2220 5058 2300 5069 —

805 5123 948 5185 Haec
992 5123 1260 5185 Thomas
1310 5122 1378 5184 in
1428 5123 1707 5185 Summa.
1757 5121 2153 5186 Concordant
2196 5122 2301 5183 Pe·

806 5227 940 5282 trus
984 5228 1047 5282 et
1088 5221 1455 5283 RicharduS.

886 5319 1324 5381 Bonaventura
1381 5337 1635 5400 quoque
1696 5319 1860 5380 inter
1907 5320 2300 5382 voluntatem

2415 4335 2502 4397 ita
2538 4344 2633 4398 est
2664 4337 2904 4411 volens,
2939 4337 3044 4398 ille
3082 4337 3354 4400 effectus
3387 4338 3527 4401 erit.
3561 4373 3644 4383 ———
3669 4338 3908 4400 Potest—

2412 4453 2534 4515 que
2571 4435 2729 4497 ratio
2769 4435 3162 4510 confirmari,
3196 4436 3348 4518 quia
3385 4436 3440 4498 si
3472 4454 3660 4498 causa
3698 4436 3905 4499 deter-

2412 4532 2759 4594 minatione
2803 4533 3028 4595 ultima
3076 4533 3153 4595 ad
3200 4534 3443 4616 aliquid
3484 4533 3906 4596 determinata

2411 4647 2538 4692 non
2597 4637 2858 4711 poneret
2907 4630 3212 4693 effectum
3275 4631 3339 4692 in
3387 4649 3548 4706 esse,
3597 4632 3716 4694 hoc
3775 4649 3904 4694 non

2411 4735 2576 4790 esset
2619 4729 2743 4791 nisi
2787 4729 2887 4791 vel
2939 4737 3196 4811 propter
3243 4730 3686 4812 impotentiam
3734 4729 3901 4811 ejuS,

2411 4835 2629 4908 utpote
2660 4828 2810 4908 quia
2851 4845 2977 4890 non
3017 4826 3348 4890 sufficeret
3375 4847 3452 4890 ex
3494 4847 3583 4900 se,
3617 4828 3718 4890 vel
3752 4829 3905 4911 quia

2411 4933 2577 4988 esset
2615 4925 2695 4988 ab
2733 4925 2860 4988 alio
2900 4925 3226 5007 impedita,
3261 4926 3361 4989 vel
3407 4935 3665 5008 propter
3704 4934 3905 4988 muta-

2412 5025 2650 5087 tionem
2692 5023 2831 5104 ejus
2872 5030 3018 5086 ante
3059 5025 3541 5105 productionem
3579 5023 3852 5086 effectus
3885 5041 3900 5086 :

2412 5139 2686 5203 quorum
2717 5121 2968 5183 nullum
2999 5122 3230 5185 divinae
3261 5123 3682 5205 omnipotenti
3715 5130 3779 5184 et
3809 5124 3903 5184 in-

2412 5220 2852 5284 commutabili
2891 5221 3186 5283 convenit
3218 5222 3548 5284 voluntati.
3581 5221 3726 5286 Haec
3757 5222 3902 5285 Sco-

2411 5329 2534 5382 tus.
2569 5353 2650 5364 ——-
2688 5319 2861 5382 Idem
2906 5320 3259 5383 DuranduS.
