4359 6250
146 2730 181 2769 p.
206 2721 273 2759 1⁶2
286 2719 331 2761 C.

877 509 965 556 AN
1006 511 1451 558 PROPRIETATES
1491 509 1805 555 RELATIVAE
1846 509 1983 554 SINT
2022 508 2322 554 REALITER
2362 509 2512 554 IPSAE
2552 508 2860 563 PERsoNAE,
2900 506 3028 553 mc.

3386 483 3501 550 361

414 679 555 741 ideo
598 697 725 742 non
764 679 1143 742 determinat
1180 699 1340 742 eam.
1375 679 1615 742 Relatio
1655 695 1909 761 quoque
1936 675 1989 739 A
2022 677 2262 740 tionem
2293 697 2440 739 cum
2475 676 2910 749 fundamentQ
2944 675 3194 738 videtur
3224 675 3391 756 quod
3430 675 3510 736 si-

418 777 481 839 in
538 777 775 840 divinis
832 797 946 860 per
996 778 1533 860 comparationem
1592 778 1669 840 ad
1730 777 1791 838 id
1842 777 1908 838 in

416 893 544 956 quo
572 883 689 949 est,
722 893 852 938 non
890 876 1111 940 differt
1140 876 1220 938 ab
1260 895 1357 950 eo,
1391 877 1525 938 sive
1560 876 1623 938 id
1663 876 1909 936 dicatur

418 991 688 1053 persona
728 974 867 1036 sive
909 974 1227 1054 essentia3
1268 975 1379 1037 sed
1426 993 1541 1056 per
1590 991 1909 1055 compara-

417 1073 657 1134 tionem
694 1072 774 1134 ad
816 1073 879 1134 id
919 1092 957 1135 a
995 1092 1124 1155 quo
1160 1073 1515 1154 distinguit,
1548 1071 1767 1134 differt
1816 1091 1907 1133 ra-

418 1172 589 1233 tione
632 1172 714 1234 ab
756 1191 833 1234 eo
875 1173 939 1234 in
986 1191 1113 1255 quo
1154 1181 1251 1234 est
1288 1191 1301 1234 :
1344 1180 1407 1235 et
1444 1171 1743 1254 quoniam
1780 1188 1907 1233 non

418 1269 753 1350 distinguit
791 1269 873 1331 ab
909 1271 1204 1344 essentia,
1234 1287 1361 1333 non
1402 1270 1638 1332 dicitur
1664 1287 1801 1330 esse
1842 1268 1909 1330 in

416 1387 489 1430 ea
540 1369 663 1430 nisi
716 1387 832 1450 per
870 1368 1288 1442 identitatem,
1330 1376 1393 1430 et
1430 1369 1595 1431 sicut
1648 1368 1713 1429 in
1767 1366 1907 1428 fun-

416 1467 731 1529 damento.
764 1467 909 1529 Haec
951 1468 1188 1529 PetruS.

496 1566 847 1628 Concordat
877 1566 1140 1628 omnino
1176 1566 1546 1639 RicharduS,
1578 1563 1911 1627 affirmans

418 1664 836 1745 proprietates
878 1682 992 1726 seu
1036 1652 1370 1726 relationes
1410 1681 1549 1724 esse
1593 1663 1657 1724 in
1700 1679 1909 1722 essen-

416 1762 523 1835 tia,
556 1781 685 1824 non
730 1762 1117 1837 immediate,
1150 1763 1259 1824 sed
1305 1759 1731 1822 mediantibus
1775 1777 1912 1841 per-

2022 775 2260 838 militer
2301 775 2490 838 faciat
2529 775 2593 836 in
2636 774 2894 849 divinis,
2927 793 3126 855 quum
3172 772 3509 854 utrobique

2018 892 2330 957 ponamus
2373 873 2606 936 realem
2657 881 3026 954 respectum·
3060 880 3124 934 et
3163 872 3328 934 reale
3371 871 3512 934 fun-

2018 973 2406 1035 damentum.
2461 1007 2540 1016 —
2586 971 2710 1034 Alii
2769 971 3010 1044 dicunt,
3062 971 3232 1052 quod
3287 969 3511 1032 relatio

2018 1089 2143 1134 non
2176 1071 2332 1133 dicit
2362 1070 2702 1132 intrinsece
2731 1070 2904 1132 aliud
2935 1089 3125 1151 quarn
3157 1088 3344 1132 suum
3375 1069 3515 1130 fun-

2018 1170 2411 1242 damentum,
2456 1170 2564 1230 sed
2617 1169 2786 1230 idem
2833 1168 3106 1241 realiter,
3151 1176 3360 1231 tamen
3410 1188 3512 1231 ex-

2019 1269 2292 1331 trinsece
2352 1275 2649 1331 connotat
2704 1267 2945 1352 aliquid
3003 1267 3172 1348 quod
3233 1285 3359 1330 non
3417 1275 3513 1330 est

2022 1367 2179 1450 ipsa,
2213 1375 2276 1427 et
2317 1367 2394 1429 ad
2440 1366 2610 1447 quod
2655 1365 2792 1447 ipsa
2833 1373 2930 1426 θεῖ
2971 1364 3136 1427 sicut
3177 1367 3254 1427 ad
3297 1365 3511 1428 termi—

2020 1485 2177 1527 num
2231 1483 2244 1527 :
2298 1465 2383 1526 ita
2433 1464 2602 1545 quod
2661 1462 2809 1526 licet
2856 1463 3083 1526 albedo
3129 1463 3402 1526 Socratis
3450 1471 3514 1524 et

2021 1563 2161 1644 ejus
2226 1562 2576 1626 similitudo
2635 1581 2782 1624 cum
2845 1563 3098 1625 Platone
3157 1562 3325 1636 alb0,
3385 1580 3510 1624 non

2021 1669 2169 1724 sunt
2201 1662 2340 1724 duae
2379 1680 2480 1723 res
2520 1669 2828 1743 quantum
2869 1661 2946 1722 ad
2988 1661 3052 1723 id
3084 1661 3252 1742 quod
3293 1661 3513 1722 intrin-

2022 1779 2164 1822 sece
2205 1761 2428 1823 dicunt
2456 1761 2616 1841 (imo
2659 1779 2772 1841 per
2816 1761 2984 1821 idem
3031 1759 3282 1821 realiter
3323 1767 3511 1841 atque

418 1861 587 1922 sonis
646 1860 999 1922 secundum
1061 1859 1322 1922 modum
1369 1867 1433 1921 et
1479 1859 1770 1921 ordinem
1819 1858 1910 1919 in·
1946 1860 1993 1922 B
2022 1857 2375 1921 formaliter
2431 1858 2714 1920 Socrates
2773 1857 2850 1919 fit
2905 1856 3088 1919 albus
3146 1857 3512 1938 Platonique

416 1958 781 2039 telligendi3
832 1959 1107 2020 essentia
1154 1975 1305 2020 vero
1354 1957 1419 2018 in
1480 1957 1767 2038 personis
1815 1963 1911 2016 est

418 2057 803 2119 immediate.

498 2155 811 2237 Amplius,
864 2155 1018 2237 quid
1068 2155 1145 2217 de
1193 2154 1445 2219 formali
1506 2153 1910 2215 distinctione

418 2255 583 2316 inter
624 2254 1065 2335 proprietateS,
1098 2254 1439 2316 essentiam
1480 2260 1544 2314 et
1586 2269 1907 2334 personaS,

414 2352 695 2414 sentiant
740 2353 986 2425 ScotuS,
1030 2352 1401 2414 Franciscus
1448 2350 1527 2412 de
1575 2349 1907 2432 MayroniS,

414 2450 632 2512 Petrus
684 2450 759 2511 de
809 2449 1066 2523 Gaudia,
1120 2469 1263 2512 cum
1323 2449 1455 2510 suis
1505 2446 1906 2529 sequacibuS,

418 2548 621 2629 patuit
680 2567 893 2628 supra,
954 2547 1363 2610 distinctione
1421 2545 1751 2628 potissime
1810 2563 1907 2606 se-

374 2688 387 2705 .
418 2646 642 2708 cunda.
678 2647 853 2709 Unde
894 2647 1017 2728 ipsi
1057 2646 1463 2708 distinctione
1492 2651 1713 2706 octava
1754 2663 1909 2725 prae-

416 2745 605 2826 cipue
646 2752 937 2807 tractant.

493 2843 797 2906 Praeterea
834 2843 1167 2905 Durandus
1203 2842 1373 2904 circa
1410 2841 1545 2903 baec
1576 2841 1777 2902 multa
1816 2840 1908 2902 in-

412 2941 612 3016 ducit,
664 2943 1020 3023 praesertim
1078 2942 1158 3003 de
1204 2941 1465 3002 entitate
1514 2947 1578 3002 et
1626 2939 1908 3001 realitate

2022 1957 2314 2037 similis);
2375 1955 2729 2018 similitudo
2786 1963 2996 2017 tamen
3053 1957 3356 2037 importat
3409 1975 3512 2018 ex-

2022 2055 2294 2116 trinsece
2354 2055 2630 2136 aliquam
2692 2073 2824 2116 rem
2883 2055 2960 2117 ad
3009 2074 3200 2136 quam
3257 2063 3356 2117 est
3401 2074 3512 2116 seu

2022 2153 2315 2226 refertur,
2367 2153 2664 2215 videlicet
2712 2152 3220 2216 conformitatem
3274 2153 3338 2215 in
3386 2153 3516 2215 Pla-

2021 2259 2190 2323 tone,
2255 2269 2445 2332 quam
2509 2268 2636 2312 non
2700 2251 3000 2333 importat
3058 2250 3302 2312 albedo.
3369 2251 3512 2313 Haec

2020 2347 2239 2430 opinio
2282 2348 2680 2411 communior
2723 2357 2839 2424 est,
2881 2356 2942 2410 et
2987 2368 3126 2411 eam
3177 2357 3349 2411 tenet
3391 2350 3511 2410 Ma-

2019 2447 2215 2527 gister
2254 2447 2320 2508 in
2362 2447 2592 2520 littera,
2625 2455 2689 2508 et
2716 2448 2968 2509 videtur
3009 2447 3389 2510 concordare
3423 2447 3513 2508 di-

2020 2545 2137 2607 ctis
2185 2546 2577 2608 Sanctorum.
2611 2582 2692 2591 —
2721 2547 2928 2608 Tertia
2971 2546 3190 2627 opinio
3235 2546 3509 2607 mediam

2020 2652 2193 2706 tenet
2238 2645 2428 2717 viam,
2471 2644 2638 2726 quod
2687 2643 2931 2704 scilicet
2979 2643 3201 2706 relatio
3246 2652 3342 2705 est
3388 2643 3512 2705 alia

2020 2762 2120 2805 res
2149 2762 2188 2804 a
2215 2761 2330 2804 suo
2369 2741 2806 2815 fundamento,
2840 2748 2904 2803 et
2940 2749 3152 2803 tamen
3193 2759 3319 2803 non
3359 2741 3513 2803 facit

2020 2841 2547 2924 compositionem
2592 2859 2740 2902 cum
2781 2857 2876 2902 eo,
2913 2840 3054 2902 Haec
3098 2840 3449 2902 Durandus.

2102 2939 2296 3021 Cujus
2335 2939 2620 3001 recitatio
2659 2939 3021 3000 instantiam
3068 2939 3198 3021 pati
3237 2939 3507 3000 videtur.

416 3041 763 3114 relationiS‚
796 3049 861 3103 et
902 3040 1177 3123 qualiter
1220 3039 1647 3120 distinguatur
1688 3057 1725 3099 a
1765 3055 1908 3119 pro·
1946 3037 1990 3101 G
2021 3038 2320 3111 Quamvis
2379 3038 2548 3100 enim
2609 3037 2901 3118 Magister
2947 3037 3117 3100 dicat
3164 3037 3228 3099 in
3281 3037 3508 3110 littera,

413 3142 553 3223 prio
593 3140 1028 3203 fundamento.
1063 3141 1279 3221 ltaque
1322 3140 1486 3201 inter
1524 3146 1733 3200 cetera
1771 3138 1857 3200 ait
1891 3156 1905 3199 ε

410 3239 841 3313 Quorumdam
888 3238 1154 3300 intentio
1195 3244 1312 3311 est,
1346 3238 1515 3318 quod
1559 3236 1779 3298 relatio
1818 3255 1910 3298 re-

411 3338 526 3400 alis
580 3337 645 3400 in
704 3337 1009 3399 creaturis
1068 3335 1395 3396 dumtaxat
1442 3333 1662 3397 differt
1708 3354 1745 3397 a
1793 3352 1908 3397 suo

411 3436 829 3499 fundamento
877 3433 1150 3507 realiter,
1196 3419 1259 3495 et
1306 3431 1459 3494 facit
1510 3434 1910 3515 compositio-

414 3554 557 3596 nem
590 3553 739 3595 cum
770 3549 869 3606 θο,
900 3541 964 3594 θῖ
992 3531 1196 3593 nihilo
1227 3530 1441 3593 minus
1481 3539 1688 3612 potest
1715 3531 1905 3593 alicui

410 3632 711 3695 advenire
752 3649 867 3712 per
904 3630 1164 3692 alterius
1209 3630 1627 3692 mutationem
1668 3629 1909 3691 dumta-

412 3738 531 3791 xat.
568 3731 638 3792 In
671 3728 907 3790 divinis
948 3734 1161 3789 autem
1202 3726 1445 3801 dicunt,
1481 3728 1648 3809 quod
1687 3727 1908 3790 relatio

410 3846 536 3889 non
568 3826 794 3889 differt
822 3826 1078 3889 realiter
1105 3844 1143 3887 a
1173 3844 1288 3887 suo
1319 3824 1755 3899 fundamento,
1789 3845 1907 3888 nec

410 3926 560 3989 facit
619 3925 1149 4007 compositionem
1207 3943 1353 3987 cum
1415 3942 1511 3999 eo,
1565 3926 1731 3987 sicut
1789 3944 1907 3987 nec

410 4033 617 4087 cetera
662 4023 1020 4106 praedicata,
1061 4042 1203 4105 quae
1250 4030 1464 4085 tamen
1510 4024 1909 4105 compositio-

410 4142 555 4185 nem
605 4121 853 4184 faciunt
900 4121 967 4182 in
1016 4121 1341 4183 creaturis.
1394 4121 1514 4183 Sed
1564 4121 1732 4183 istud
1782 4139 1907 4183 non

2022 3138 2190 3219 quod
2241 3138 2580 3200 relationes
2631 3137 2695 3199 in
2747 3137 2982 3201 divinis
3036 3154 3163 3200 non
3213 3135 3514 3199 differant

2019 3255 2056 3298 a
2106 3237 2542 3311 fundamentO,
2595 3254 2722 3299 non
2779 3245 2993 3299 tamen
3054 3238 3175 3299 hoc
3232 3236 3386 3299 dicit
3436 3236 3513 3298 de

2020 3334 2432 3398 relationibus
2492 3343 2922 3397 creaturarum
2971 3355 3114 3417 quae
3159 3334 3513 3397 secundum

2020 3452 2158 3496 esse
2190 3432 2525 3497 relationes
2556 3442 2881 3497 vocantur.
2905 3434 3035 3497 Nec
3065 3434 3373 3515 seqnitur,
3406 3434 3515 3496 Re-

2019 3532 2170 3594 latio
2209 3533 2276 3593 in
2316 3534 2620 3595 creaturis
2650 3532 3177 3614 compositionem
3209 3551 3353 3594 cum
3396 3551 3511 3595 suo

2018 3629 2226 3693 efficit
2254 3630 2690 3704 fundamento,
2723 3648 2874 3711 ergo
2905 3631 2970 3692 in
3010 3631 3138 3693 Deo
3173 3648 3186 3691 :
3222 3638 3290 3692 ut
3319 3649 3512 3712 supra

2018 3729 2354 3812 aliquoties
2400 3737 2722 3791 ostensum
2774 3736 2888 3790 est.
2933 3729 3020 3790 Ea
3067 3746 3320 3810 quoque
3369 3748 3510 3810 quae

2019 3829 2189 3891 fiunt
2226 3836 2289 3889 et
2328 3836 2477 3890 sunt
2520 3828 2584 3890 in
2632 3828 2858 3889 creatis
2907 3827 3098 3888 rebus
3146 3846 3259 3908 per
3303 3827 3506 3908 plura,

2018 3935 2167 3989 sunt
2208 3928 2274 3988 in
2315 3928 2442 3989 Deo
2489 3944 2603 4008 per
2651 3926 2970 4008 pauciora.
3016 3926 3136 3988 Sed
3183 3933 3247 3986 et
3295 3925 3510 3987 divina

2016 4024 2401 4087 essentia'in
2446 4043 2560 4085 sua
2604 4022 2920 4085 infinitate
2964 4024 3102 4085 sine
3145 4022 3298 4084 reali
3335 4023 3509 4085 addi-

2016 4123 2188 4186 tione
2229 4141 2484 4185 omnem
2525 4121 2981 4204 perfectionem
3024 4121 3312 4195 includit,
3344 4128 3408 4182 et
3447 4121 3510 4183 id

408 4221 661 4283 videtur
691 4218 1153 4283 rationabiliter
1182 4219 1766 4300 dictum,quoniam
1796 4220 1911 4280 sic·
1938 4224 1989 4285 D
2018 4222 2188 4304 quod
2227 4220 2501 4284 absoluti
2544 4230 2607 4283 et
2646 4221 2709 4283 id
2753 4221 2921 4303 quod
2966 4219 3214 4281 relativi
3256 4226 3374 4293 est,
3416 4218 3508 4281 in-

407 4328 479 4382 ut
512 4318 817 4382 distincta
858 4317 1119 4380 relativa
1158 4317 1395 4380 babent
1434 4318 1764 4379 distinctas
1807 4336 1908 4379 ac-

410 4418 633 4491 tiones,
688 4416 777 4479 ita
832 4424 896 4479 et
954 4416 1281 4497 passiones
1336 4432 1349 4476 :
1403 4432 1552 4496 ergo
1610 4416 1723 4477 uni
1783 4433 1908 4478 non

408 4516 666 4578 advenit
723 4532 889 4578 nova
946 4513 1169 4576 relatio
1226 4531 1302 4575 ex
1362 4514 1495 4576 sola
1559 4512 1909 4575 mutatione

409 4614 690 4675 alterius.
726 4614 906 4686 Item,
941 4612 1093 4674 satis
1139 4610 1569 4674 irrationabile
1609 4618 1705 4674 est
1741 4612 1907 4673 dice-

410 4730 501 4785 re,
540 4711 597 4773 si
640 4729 758 4792 ego
800 4712 973 4773 solus
1017 4710 1141 4772 sim
1184 4709 1389 4784 albuS‚
1433 4716 1497 4771 et
1538 4710 1701 4772 alius
1744 4710 1909 4772 ultra

414 4828 585 4872 mare
614 4809 693 4871 de
724 4826 889 4872 novo
917 4808 1033 4871 fiat
1060 4808 1267 4883 albuS,
1298 4808 1469 4889 quod
1500 4818 1760 4890 propter
1789 4809 1908 4871 hoc

408 4908 623 4990 aliqua
660 4926 761 4969 res
798 4907 1067 4969 reddens
1110 4924 1209 4968 me
1240 4906 1755 4988 compositiorem
1792 4907 1909 4968 mi-

410 5006 478 5068 bi
526 5013 868 5079 accrescat,
921 5012 1076 5087 puta
1124 5004 1345 5067 relatio
1394 5024 1507 5067 seu
1556 5005 1909 5067 similitudo

408 5105 710 5167 distincta
754 5103 835 5166 ab
885 5103 1177 5166 albedine
1228 5124 1385 5167 mea.
1430 5104 1687 5186 Oportet
1733 5124 1907 5167 narn-

410 5222 537 5286 que
568 5210 637 5265 ut
670 5222 863 5284 agens
891 5202 1198 5284 jungatur
1227 5220 1431 5283 passo.
1464 5204 1722 5277 Iterum,
1757 5203 1809 5265 si
1842 5203 1907 5265 in

410 5300 718 5364 creaturis
756 5307 1085 5382 respectus
1127 5299 1281 5363 facit
1320 5300 1554 5362 realem
1595 5301 1907 5383 composi-

2018 4319 2680 4401 comprehensibiliter
2736 4318 3239 4401 comprehendit,
3301 4317 3507 4379 inclu-

2017 4418 2130 4492 dit,
2174 4419 2637 4501 complectitur.
2681 4418 2906 4481 Nullus
2953 4419 3147 4479 etiam
3194 4417 3512 4499 theologo·

2018 4535 2160 4577 rum
2201 4517 2710 4578 authenticorum
2754 4535 2924 4578 nunc
2963 4523 3136 4578 tenet
3173 4515 3510 4580 relationes

2020 4614 2085 4675 in
2134 4614 2370 4676 divinis
2429 4614 2680 4676 realiter
2727 4632 2852 4677 non
2901 4634 3060 4687 esse,
3113 4633 3231 4676 nec
3279 4614 3510 4695 aliquis

2018 4710 2187 4774 fatur
2215 4730 2320 4773 eas
2349 4711 2652 4792 distingui
2692 4710 2946 4773 realiter
2979 4711 3061 4773 ab
3091 4712 3366 4773 essentia
3401 4720 3510 4773 aut

2020 4828 2309 4892 persona,
2353 4809 2476 4871 nisi
2519 4808 2732 4872 forsan
2776 4809 3102 4891 perpauci,
3133 4809 3245 4889 qui
3287 4809 3510 4871 dicunt

2019 4909 2386 4970 relationem
2437 4925 2563 4969 non
2613 4908 2822 4970 dicere
2869 4906 3112 4987 aliquid
3160 4905 3348 4980 reale,
3391 4925 3510 4968 nec

2019 5008 2085 5069 in
2117 5007 2407 5069 Creatore
2439 5025 2644 5087 neque
2670 5005 2735 5067 in
2767 5005 3092 5079 creaturiS,
3125 5011 3191 5065 et
3220 5004 3330 5085 qui
3364 5004 3512 5066 ima-

2015 5106 2316 5187 ginantur
2345 5105 2592 5167 divinas
2621 5112 2684 5165 et
2714 5103 3022 5165 increatas
3061 5120 3364 5184 personas
3394 5120 3509 5184 per

2016 5204 2305 5267 absoluta
2335 5202 2658 5283 distingui.
2689 5201 2916 5264 Contra
2949 5220 3224 5282 quorum
3260 5218 3506 5263 errores

2020 5320 2214 5384 supra
2243 5300 2393 5363 satis
2420 5308 2516 5363 est
2541 5299 2949 5382 disputatum,
2967 5298 3077 5362 nbi
3106 5300 3296 5363 etiam
3321 5298 3387 5362 in
3418 5316 3510 5362 re·
3529 5307 3805 5367 ruwet·-
