4359 6250
176 3517 247 3557 nrt..
276 3516 316 3558 6.

787 487 988 534 ΌΤΒῘΙΗ
1027 488 1180 535 lmus
1223 487 1427 534 Posslr
1467 487 1587 532 Am·
1629 485 1919 533 Porumm·
1961 483 2314 532 cnnATUnAs
2354 484 2589 533 FACERE
2631 486 2947 544 ammom&
2990 484 3117 534 ETc.

3392 466 3507 532 591

397 656 740 719 sentialern
791 675 804 719 ε
849 666 911 720 et
958 659 1052 720 sic
1102 675 1356 740 quoque
1405 658 1534 719 Deo
1581 655 1904 738 possibilis
1936 651 1987 716 A
2017 655 2533 736 specificas;‚sed
2564 655 2771 738 quoad
2800 655 3234 729 accidentalia,
3268 661 3515 736 poterat

397 761 522 828 est,
563 755 676 835 qui
721 755 1218 818 innumerabiles
1265 755 1420 818 alias
1469 756 1715 836 species
1759 772 1905 817 con-

397 852 553 914 dere
601 861 845 934 potest3
895 855 1004 916 sed
1063 855 1156 916 sic
1205 872 1332 916 non
1391 861 1602 916 essent
1651 852 1904 934 penitus

399 957 614 1030 partes
665 951 925 1024 eaedem,
969 970 1086 1014 nec
1133 971 1392 1032 prorsus
1443 951 1610 1011 idem
1656 950 1905 1011 univer·

398 1066 570 1119 sum,
607 1055 674 1108 ut
705 1057 948 1111 constat
984 1067 1060 1110 ex
1101 1049 1306 1110 dietis.
1345 1048 1406 1110 Si
1445 1056 1658 1110 autem
1699 1066 1904 1109 suma-

395 1153 508 1206 tur
555 1145 833 1228 partium
883 1148 1058 1220 ordo,
1105 1147 1198 1209 sic-
1247 1165 1372 1208 non
1423 1153 1628 1227 potest
1679 1145 1905 1208 melior

395 1262 538 1305 esse
581 1263 698 1326 per
739 1245 1000 1306 modum
1041 1244 1410 1326 quantitatis
1448 1244 1736 1305 discretae
1779 1243 1902 1304 nisi

399 1340 588 1404 fieret
645 1341 885 1404 additio
934 1342 1000 1404 in
1049 1341 1337 1424 partibus
1396 1341 1700 1414 universi,
1755 1340 1904 1422 quia

401 1437 470 1500 in
504 1439 802 1502 universo
831 1440 994 1502 nihil
1033 1449 1130 1502 est
1159 1440 1626 1517 inordinatum3
1659 1440 1768 1501 sed
1810 1439 1903 1500 in-

396 1537 650 1599 tensive
709 1546 922 1619 posset
981 1539 1205 1601 melior
1263 1557 1400 1600 esse
1458 1545 1765 1620 quantum
1824 1537 1901 1599 ad

397 1634 692 1697 ordinem
735 1635 848 1716 qui
891 1637 1181 1718 sequitur
1222 1635 1572 1698 bonitatem
1617 1635 1903 1697 acciden-

395 1733 616 1804 talem,
649 1733 890 1796 eisdem
937 1735 1341 1797 manentibus
1382 1733 1669 1815 partibus
1704 1750 1718 1794 ε
1751 1753 1903 1815 quo-

2020 753 2222 833 major
2266 760 2329 815 et-
2378 753 2600 816 melior
2655 753 2802 816 fieri
2855 771 2869 814 τ
2921 753 3085 815 sicut
3131 760 3193 815 et
3241 771 3511 835 puerum

2017 857 2229 932 posset
2286 851 2496 914 facere
2556 850 3010 932 magnitudinis
3067 851 3395 931 giganteas,
3451 857 3515 911 et

2017 956 2227 1010 tamen
2260 949 2632 1011 consisteret
2664 950 2835 1011 idem
2874 949 3081 1011 horno.
3116 949 3329 1011 Posset
3360 966 3515 1030 quo-

2016 1065 2139 1128 que
2184 1054 2246 1108 et
2287 1047 2486 1108 alium
2535 1047 2741 1109 facere
2792 1048 3104 1109 mundum
3154 1047 3276 1109 isto
3319 1047 3514 1127 majo-

2015 1163 2172 1218 rem,
2195 1153 2258 1206 et
2288 1153 2558 1226 utroque
2588 1146 2777 1208 modo
2809 1145 3157 1207 meliorem.
3182 1181 3261 1190 —
3282 1145 3517 1207 Secun-

2013 1243 2096 1304 do
2135 1244 2382 1324 quaerit‚
2414 1263 2493 1306 an
2538 1244 2813 1305 mundus
2857 1243 3065 1325 potuit.
3102 1243 3248 1305 fieri
3289 1243 3517 1305 melior

2016 1339 2221 1421 quoad
2261 1340 2538 1421 partium
2578 1341 3030 1421 integrantium
3073 1342 3510 1424 proprietates.

2015 1439 2091 1500 Et
2122 1440 2481 1520 respondet,
2516 1440 2684 1520 quod
2724 1440 2777 1500 si
2818 1440 3085 1521 quaestio
3125 1439 3516 1520 intelligatur

2015 1537 2091 1598 de
2131 1536 2420 1618 partibus
2466 1538 3081 1618 pertranseuntibuS,
3115 1545 3187 1600 ut
3228 1545 3377 1600 sunt
3420 1538 3513 1600 in-

2014 1635 2275 1696 dividua
2305 1635 2766 1716 corruptibilia,
2802 1636 2940 1698 illas
2980 1637 3186 1718 potuit
3214 1645 3278 1698 et
3307 1644 3515 1718 potest

2015 1733 2134 1795 hoc
2166 1733 2353 1796 modo
2390 1733 2595 1795 facere
2632 1734 2925 1795 meliores
2960 1751 2974 1795 z
3009 1734 3161 1816 quia
3198 1753 3325 1796 non
3364 1742 3516 1796 sunt

397 1830 575 1892 niam
606 1839 845 1912 quanto
881 1830 1122 1912 aliquid
1165 1831 1228 1892 in
1272 1831 1479 1911 majus
1523 1831 1761 1893 bonum
1806 1850 1900 1892 re·
1939 1828 1986 1889 B
2015 1832 2092 1892 de
2123 1830 2480 1911 integritate
2510 1837 2700 1913 atque
2729 1830 3081 1895 substantia
3112 1832 3413 1894 universi.
3449 1833 3513 1895 Si

397 1927 665 2002 dundat,
727 1936 900 1990 tanto
957 1937 1053 1990 est
1111 1929 1334 1992 melior
1389 1931 1560 1991 ordo.
1612 1930 1690 1991 At
1747 1930 1901 1991 ordo

395 2044 675 2107 sequens
724 2026 1073 2089 bonitatem
1115 2026 1540 2099 essentialem,
1587 2045 1712 2090 non
1765 2045 1904 2108 pos-

395 2131 494 2184 set
535 2124 765 2186 melior
802 2143 940 2186 esse
983 2124 1108 2186 nisi
1146 2124 1376 2187 fierent
1413 2125 1553 2187 aliae
1592 2132 1800 2206 partes
1841 2132 1901 2186 et

395 2223 870 2304 quodammodo
914 2223 1086 2284 aliud
1138 2223 1527 2285 universum.
1560 2259 1641 2268 --
1670 2224 1903 2286 Simili-

399 2329 496 2382 ter
535 2322 692 2384 ordo
729 2321 840 2403 qui
879 2328 975 2383 est
1012 2322 1088 2384 ad
1129 2322 1328 2384 finem
1375 2330 1582 2402 potest
1621 2322 1903 2385 conside-

397 2419 548 2492 rari,
583 2419 686 2481 vel
725 2437 803 2481 ex
844 2427 1018 2501 parte
1059 2418 1233 2494 finis,
1267 2428 1330 2482 et
1367 2421 1460 2482 sic
1503 2421 1728 2483 melior
1764 2439 1902 2483 esse

397 2537 526 2582 non
571 2518 761 2591 valet,
803 2537 1002 2599 quum
1053 2518 1422 2580 universum
1464 2519 1792 2581 ordinetur
1835 2519 1900 2580 in

395 2617 626 2690 Deum,
661 2615 772 2698 qui
812 2615 966 2677 finis
997 2623 1091 2678 est
1121 2615 1438 2698 optimus3
1483 2617 1583 2679 vel
1612 2635 1689 2678 ex
1724 2625 1900 2699 parte

395 2714 667 2789 ordiniS,
717 2722 780 2775 et
828 2712 920 2775 sic
969 2714 1320 2776 secundum
1373 2715 1542 2796 quod
1593 2722 1903 2777 cresceret

397 2812 653 2875 bonitas
703 2813 980 2894 partium
1037 2812 1319 2875 universi
1371 2821 1434 2876 et
1481 2814 1635 2876 ordo
1683 2833 1900 2876 earum

395 2911 477 2973 ad
530 2911 832 2984 invicem,
885 2917 1097 2992 posset
1146 2910 1462 2973 meliorari
1512 2913 1666 2974 ordo
1714 2913 1777 2973 in
1828 2912 1904 2974 fi-

2016 1946 2164 1991 vero
2195 1929 2465 2010 quaestio
2494 1929 2884 2010 intelligatur
2914 1931 2991 1993 de
3022 1930 3309 2012 partibus
3340 1950 3520 1993 mun·

2013 2027 2078 2088 di
2129 2047 2268 2108 quae
2318 2035 2467 2089 sunt
2514 2028 2591 2088 de
2640 2027 3113 2102 constitutione,
3159 2029 3518 2110 integritate

2013 2132 2076 2186 et
2105 2124 2461 2187 substantia
2499 2125 2802 2198 universi,
2836 2133 2901 2188 et
2931 2127 3297 2189 immediate
3324 2146 3361 2188 a
3390 2127 3519 2189 Deo

2015 2230 2238 2285 creatae
2278 2230 2425 2285 sunt
2454 2223 2555 2302 (ut
2592 2231 2741 2284 sunt
2778 2231 3003 2286 natura
3044 2224 3513 2298 intellectualis,

2017 2321 2360 2394 rationaliS‚
2395 2321 2670 2383 coelestis
2708 2328 2773 2383 et
2806 2322 3259 2402 elementaris),
3292 2323 3516 2385 distin-

2013 2419 2337 2499 guendum
2393 2438 2407 2482 :
2460 2419 2611 2500 quia
2661 2419 2975 2501 loquendo
3024 2421 3101 2482 de
3148 2420 3241 2483 eis
3290 2439 3513 2483 secun-

2015 2517 2168 2578 dum
2229 2535 2295 2578 se
2344 2525 2407 2578 et
2453 2517 2763 2591 absolute,
2815 2525 3060 2599 poterat
3117 2538 3513 2601 unaquaeque

2016 2615 2081 2676 in
2135 2613 2507 2677 melioribus
2565 2615 3058 2696 proprietatibus
3113 2616 3513 2679 accidentali·

2016 2696 2136 2774 bus
2174 2711 2320 2774 fieri
2342 2732 2358 2793 ;
2402 2713 2510 2774 sed
2557 2713 2871 2795 loquendo
2910 2714 2989 2775 de
3027 2714 3118 2775 eis
3158 2715 3511 2777 secundum

2014 2811 2303 2874 ordinem
2348 2829 2565 2873 earum
2613 2811 2692 2874 ad
2742 2811 3017 2874 invicem
3061 2820 3124 2874 et
3165 2813 3243 2875 ad
3287 2814 3512 2887 Deum,

2015 2927 2142 2972 non
2194 2916 2539 2991 potuerunt
2582 2909 2647 2970 in
2699 2909 3072 2972 melioribus
3120 2911 3518 2993 proprietati-

395 3028 572 3082 nem,
627 3027 703 3071 eo
760 3009 928 3091 quod
990 3016 1161 3070 tanto
1219 3010 1643 3092 propinquius
1700 3029 1766 3072 se
1823 3011 1900 3072 ad
1941 3011 1984 3074 C
2017 3006 2136 3070 bus
2196 3008 2397 3082 effici,
2449 3007 2635 3080 sicut,
2673 3008 3033 3090 expositum
3092 3017 3205 3071 est.
3258 3009 3519 3091 Propter

397 3107 602 3170 finem
645 3105 973 3180 haberent,
1005 3114 1243 3189 quanto
1281 3106 1769 3171 similitudinem
1809 3109 1902 3171 di-

396 3205 566 3268 vinae
597 3204 900 3267 bonitatis
937 3205 1138 3285 magis
1167 3214 1729 3286 consequerentur,
1762 3226 1904 3288 quae

397 3311 496 3365 est
525 3302 818 3366 omnium
851 3302 1117 3364 ultimus
1155 3302 1328 3365 finis,
1351 3339 1434 3349 —-
1461 3304 1604 3367 Haec
1635 3304 1903 3367 Thomas

399 3403 463 3463 in
509 3401 782 3482 Scripto.
817 3401 990 3463 Idem
1033 3402 1100 3462 in
1140 3401 1347 3483 prima
1386 3410 1563 3483 parte
1601 3404 1900 3477 Summae,

403 3499 758 3582 quaestione
802 3498 1108 3561 vicesima
1151 3500 1390 3580 quinta.

485 3598 803 3660 Consonat
845 3598 1084 3672 PetruS,
1118 3597 1336 3661 dicens
1377 3599 1544 3679 quod
1590 3598 1906 3680 loquendo

401 3699 482 3760 de
513 3697 814 3760 unIvcrso
841 3696 907 3758 in
936 3697 1238 3777 generali,
1271 3715 1398 3760 non
1434 3705 1641 3779 potest
1676 3698 1905 3760 melius

401 3814 567 3869 esse,
599 3794 900 3876 quoniam
933 3803 1110 3857 extra
1139 3795 1351 3877 ipsum
1382 3796 1632 3859 nullum
1665 3796 1904 3859 bonum

400 3894 791 3975 relinquitur
837 3894 1187 3955 secundum
1243 3894 1672 3973 intellectum3
1723 3914 1906 3957 secus

400 4000 502 4055 est
550 3991 868 4073 loquendo
918 3992 996 4053 de
1044 3992 1342 4055 universo
1392 3992 1456 4053 in
1515 3993 1903 4074 particulari,

400 4091 556 4173 quia
595 4090 687 4151 sic
725 4089 952 4151 melius
991 4097 1204 4171 posset
1238 4109 1399 4163 esse,
1433 4098 1579 4165 etc.,
1613 4099 1683 4152 ut
1716 4111 1906 4173 supra

401 4190 468 4251 in
515 4188 730 4251 verbis
773 4186 1026 4250 Thomae
1067 4207 1242 4250 nunc
1283 4190 1714 4270 praeinductis.

481 4286 834 4349 Richardus
866 4303 1014 4348 vero
1043 4286 1121 4348 de
1151 4287 1250 4348 his
1281 4286 1506 4348 scribit
1535 4286 1794 4361 diffuse,
1819 4295 1904 4349 ta-

401 4405 552 4448 men
595 4384 925 4465 responsio
962 4384 1102 4464 ejus
1143 4384 1205 4445 in
1249 4385 1460 4447 verbis
1500 4385 1632 4465 jam
1672 4386 1904 4447 habitis

401 4482 684 4546 totaliter
727 4482 1106 4543 continetur.

481 4582 564 4643 At
612 4597 764 4642 vero
810 4580 1249 4643 Bonaventura
1297 4582 1466 4643 circa
1522 4582 1656 4645 haec
1707 4581 1906 4645 multa

401 4678 652 4761 quaerit.
689 4678 920 4751 Primo,
956 4685 1168 4740 utrum
1210 4679 1375 4741 Deus
1417 4680 1694 4761 potuerit
1727 4700 1907 4743 mun-

401 4778 558 4839 dum
619 4775 826 4838 facere
885 4777 1213 4839 meliorem
1275 4785 1582 4857 quantum
1633 4778 1711 4840 ad
1759 4779 1905 4840 sub-

400 4875 704 4937 stantiam
764 4875 1039 4956 partium
1099 4874 1549 4954 integrantium
1609 4875 1768 4956 ejus.
1833 4877 1908 4937 Et

403 4974 748 5036 concordat
797 4972 1030 5035 solutio
1073 4971 1214 5052 ejus
1262 4992 1407 5035 cum
1470 4974 1903 5054 praeinductiS,

401 5070 729 5143 videlicet,
781 5070 950 5151 quod
1001 5070 1194 5132 istum
1243 5072 1539 5133 eumdem
1593 5072 1904 5134 mundum

403 5188 538 5233 non
586 5169 794 5252 potuit
834 5168 1042 5231 facere
1093 5170 1422 5233 meliorem
1473 5179 1782 5253 quantum
1831 5172 1907 5234 ad

405 5268 778 5333 essentiales
825 5266 966 5348 ejus
1014 5266 1326 5330 bonitates
1375 5276 1438 5330 et
1484 5268 1906 5351 perfectiones

2015 3106 2184 3188 quod
2224 3105 2449 3169 asserit
2476 3105 2868 3187 Augustinus
2902 3123 2916 3169 ε
2950 3107 3236 3171 Meliores
3273 3106 3517 3188 judica-

2016 3206 2105 3266 vit
2139 3206 2306 3268 Deus
2346 3205 2658 3278 homineS‚
2693 3206 2748 3267 si
2777 3205 2835 3267 ei
2868 3206 3067 3268 libere
3099 3207 3511 3269 deservirent.

2017 3303 2327 3365 Similiter
2356 3304 2587 3365 melius
2623 3303 2745 3366 fuit
2776 3304 2945 3385 quod
2976 3322 3206 3387 corpus
3242 3306 3515 3369 animale

2017 3400 2343 3475 haberent,
2395 3409 2584 3483 atque
2631 3420 2709 3463 ex
2759 3402 2987 3483 primis
3038 3403 3363 3484 prodirent
3409 3423 3519 3485 pa-

2018 3499 2305 3561 rentibus
2340 3519 2354 3563 :
2388 3507 2448 3560 et
2480 3499 2567 3561 ita
2600 3501 2953 3561 secundum
2986 3501 3370 3581 exigentiam
3409 3501 3517 3565 ho-

2019 3597 2235 3669 miniS,
2268 3596 2597 3679 oportebat
2625 3597 2778 3659 alias
2809 3605 3127 3660 creaturas
3158 3600 3515 3679 corporales

2018 3695 2269 3777 disponi
2313 3695 2376 3756 in
2420 3702 2596 3757 motu
2631 3702 2693 3757 et
2722 3694 3253 3776 corruptibilitate
3286 3704 3346 3759 et
3378 3718 3519 3761 suc-

2019 3794 2322 3856 cessione.
2357 3794 2499 3855 Haec
2541 3793 2998 3855 Bonaventura.

2098 3891 2213 3964 Qui
2272 3891 2457 3953 tertio
2512 3892 2759 3973 quaerit,
2811 3900 3027 3954 utrum
3088 3893 3253 3954 Deus
3313 3894 3522 3975 potuit

2022 3990 2333 4051 mundum
2369 3988 2575 4051 facere
2607 3989 2935 4051 meliorem
2971 3997 3280 4071 quantum
3314 3992 3392 4054 ad
3422 4011 3520 4054 or-

2018 4089 2237 4150 dinem
2285 4087 2584 4169 partium.
2640 4088 2716 4149 Et
2763 4089 3103 4169 respondet
3146 4107 3159 4151 :
3208 4089 3317 4151 Est
3364 4091 3520 4154 ordo

1938 4192 1986 4253 D
2019 4186 2296 4267 partium
2341 4186 2405 4247 in
2438 4194 2589 4259 tot0,
2624 4186 2730 4268 qui
2775 4188 3099 4249 concernit
3138 4188 3515 4270 sapientiam

2018 4292 2320 4366 tanquam
2379 4304 2635 4346 causam
2697 4305 2835 4367 quae
2893 4284 3131 4347 relucet
3182 4286 3247 4347 in
3296 4288 3517 4351 ordine

2019 4382 2164 4461 illo;
2214 4390 2273 4445 et
2322 4390 2418 4444 est
2464 4382 2617 4445 ordo
2665 4383 2941 4465 partium
3003 4383 3067 4445 in
3128 4383 3351 4459 finem,
3404 4387 3516 4468 qui

2017 4481 2170 4543 ordo
2215 4480 2475 4562 respicit
2519 4480 2889 4543 bonitatem.
2934 4481 3051 4555 Qui
3094 4482 3219 4545 duo
3261 4484 3515 4547 ordines

2019 4580 2106 4641 ita
2145 4577 2473 4659 conjuncti
2520 4586 2688 4654 sunt,
2725 4579 2891 4661 quod
2935 4600 3101 4643 unus
3149 4580 3329 4643 alteri
3371 4601 3518 4645 con-

2019 4677 2350 4751 formatur,
2383 4684 2444 4738 et
2476 4676 2630 4739 ordo
2658 4678 2935 4758 partium
2969 4678 3037 4740 in
3065 4685 3217 4751 toto,
3252 4688 3347 4741 est
3376 4698 3516 4761 pro-

2018 4784 2159 4858 pter
2188 4775 2475 4837 ordinem
2511 4776 2619 4857 qui
2652 4783 2745 4837 est
2774 4775 2852 4837 ad
2885 4774 3102 4837 finem.
3140 4776 3216 4837 Et
3244 4785 3514 4859 utroque

2022 4874 2210 4936 modo
2240 4880 2449 4954 partes
2482 4873 2703 4934 mundi
2736 4873 3120 4955 principales
3151 4876 3390 4957 optime
3420 4895 3516 4939 or-

2019 4973 2249 5034 dinatae
2308 4978 2493 5048 sunt;
2554 4971 2839 5052 quaedam
2903 4979 3112 5034 tamen
3175 4973 3514 5054 aliquando

2021 5071 2253 5134 melius
2290 5076 2476 5131 erunt
2508 5068 2810 5131 ordinatae
2848 5076 3037 5151 atque
3071 5071 3393 5152 dispositae
3422 5093 3515 5135 se-

2020 5170 2303 5232 cundum
2346 5167 2728 5247 exigentiam
2777 5176 2977 5230 status
3023 5170 3307 5246 alteriuS,
3348 5172 3515 5235 sicut

2022 5269 2086 5329 in
2120 5266 2343 5329 mundi
2374 5264 2793 5327 innovatione.
2808 5266 2983 5329 Unde
3012 5267 3385 5332 universum
3416 5278 3514 5336 est
