4359 6250
863 464 985 530 650
1370 487 1435 534 IN
1474 488 1695 535 LIBRUM
1740 488 1759 533 1
1804 488 2284 535 SENTENTIARUM.
2331 506 2410 517 ··-
2451 488 2603 534 DIST.
2649 488 2837 533 XLVIII
2877 488 3126 551 SUMMA3
3171 487 3394 544 QUAEST.
3440 488 3462 533 1

997 724 1075 786 E.
1134 728 1497 793 Quomodo
1544 729 2004 790 sentiendum
2048 728 2149 789 sit
2195 731 2282 789 de
2323 729 2792 800 passionibus
2835 728 3308 800 Sanctorum,
3360 742 3462 789 an
3507 729 3691 787 velle
3729 741 3831 789 an

2076 847 2275 906 nolle
2322 846 2738 906 debeamus.

996 1049 1066 1111 si
1096 1066 1250 1111 vero
1290 1050 1629 1129 quaeritur,
1664 1050 1888 1111 utrum
1918 1048 2147 1110 eodem
2180 1048 2378 1111 modo
2409 1048 2826 1111 sentiendum
2857 1048 2944 1111 sit
2981 1050 3060 1112 de
3090 1049 3510 1130 passionibus
3539 1050 3603 1112 et
3633 1048 3974 1128 martyriis

864 1168 1277 1245 Sanctorum,
1319 1165 1602 1228 dicimus
1649 1165 1938 1245 aliquam
1980 1182 2121 1227 esse
2163 1164 2600 1227 differentiam
2640 1164 2810 1226 inter
2851 1166 3227 1245 passionem
3267 1166 3500 1247 capit-is
3539 1168 3604 1229 et
3641 1164 3974 1229 membro-

864 1300 1035 1345 rum.
1071 1280 1313 1344 Christi
1342 1298 1627 1361 namque
1666 1281 1885 1361 passio
1927 1297 2122 1342 causa
2164 1280 2264 1342 est
2310 1280 2552 1342 nostrae
2593 1278 2826 1342 salutis
2862 1300 2875 1339 :
2911 1281 3088 1360 quod
3125 1298 3253 1343 non
3292 1282 3391 1343 est
3429 1280 3649 1361 passio
3688 1278 3973 1359 alicujus

864 1399 1107 1463 Sancti.
1149 1396 1415 1460 Nullius
1451 1397 1627 1459 enim
1666 1398 1971 1478 passione
2003 1396 2324 1478 redempti
2364 1414 2599 1459 sumus
2636 1396 2763 1458 nisi
2797 1396 3062 1459 Christi.
3105 1396 3506 1460 Profuerunt
3535 1396 3803 1477 quidem
3835 1412 3970 1457 non

864 1514 1064 1577 modo
1102 1513 1198 1576 eis
1237 1514 1352 1593 qui
1381 1514 1559 1594 passi
1598 1514 1773 1591 sunt,
1815 1530 2045 1575 verum
2088 1513 2286 1577 etiam
2331 1512 2480 1575 aliis
2521 1512 2848 1591 fidelibus,
2891 1512 3188 1593 ipsorum
3229 1512 3607 1593 passiones;
3639 1514 3974 1575 verumta-

866 1647 1018 1693 men
1056 1630 1280 1692 nostra
1315 1629 1677 1709 redemptio
1708 1645 1841 1691 non
1878 1630 2033 1691 sunt
2074 1649 2088 1690 :
2132 1630 2258 1691 hoc
2288 1629 2466 1691 enim
2495 1628 2715 1709 passio
2754 1628 2936 1690 illius
2974 1627 3116 1691 sola
3151 1628 3370 1709 potuit
3398 1629 3514 1709 qui
3551 1629 3732 1691 Deus
3767 1630 3868 1691 est
3909 1630 3973 1690 et

866 1747 1090 1809 homo.
1128 1745 1315 1807 Illius
1353 1762 1506 1825 ergo
1544 1746 1918 1825 passionem
1958 1745 2360 1807 credentium
2406 1744 2534 1825 piae
2585 1744 2838 1807 mentes
2885 1744 3236 1807 voluerunt
3272 1746 3336 1806 et
3375 1744 3766 1825 optaverunt
3801 1744 3967 1823 fieri,

868 1862 1041 1925 sicut
1097 1861 1384 1924 futuram
1447 1860 1811 1923 credebant.
1868 1860 2221 1923 Passiones
2265 1877 2420 1923 vero
2471 1861 2862 1924 Sanctorum
2918 1877 3279 1941 possumus
3326 1860 3494 1923 velle
3542 1860 3608 1921 et
3659 1860 3860 1938 nolle,
3908 1862 3972 1922 et

874 1978 1227 2057 utrumque
1272 1976 1445 2041 bona
1490 1976 1849 2056 voluntate,
1891 1977 1949 2039 si
1996 1978 2208 2039 rectos
2254 1978 2446 2040 nobis
2491 1994 2942 2058 proponamus
2977 1977 3166 2039 fines.

1003 2092 1124 2156 Cui
1174 2093 1350 2155 enim
1389 2092 1633 2173 placuit
1680 2091 1871 2154 Pauli
1910 2093 2130 2173 passio
2170 2111 2248 2155 eo
2293 2092 2445 2172 fine,
2487 2092 2642 2173 quia
2677 2093 3027 2174 praemium
3078 2092 3224 2172 ejus
3272 2110 3386 2174 per
3426 2092 3553 2155 hoc
3601 2094 3870 2155 auctum
3910 2092 3974 2155 et

870 2212 1173 2292 paratum
1226 2208 1547 2281 cernebat,
1603 2208 1843 2271 bonam
1903 2210 2161 2272 videtur
2207 2209 2516 2272 habuisse
2562 2209 2996 2288 voluntatem,
3038 2227 3186 2289 quae
3239 2208 3562 2271 voluntati
3612 2209 3758 2289 ejus
3815 2226 3974 2272 con-

595 2340 843 2397 Philipp-1.
871 2326 1143 2408 gruebat
1170 2344 1300 2407 qua
1342 2324 1644 2405 cupiebat
1681 2325 1954 2387 dissolvi
1986 2328 2051 2389 et
2094 2343 2236 2389 esse
2275 2342 2426 2387 cum
2458 2325 2740 2388 Christo.
2785 2324 2914 2397 Qui
2953 2327 3174 2388 autem
3205 2325 3418 2387 voluit
3459 2342 3612 2387 eum
3649 2325 3976 2388 declinare

578 2406 847 2508 ἱκ’·’ῑιιειιιῑω-
872 2444 1246 2525 passionem
1286 2442 1350 2505 et
1379 2442 1661 2522 effugere
1692 2458 1928 2504 manus
1958 2442 2331 2522 iniquorum
2361 2438 2382 2462 ”
2420 2442 2874 2522 compassione
2903 2442 3191 2523 pietatis,
3215 2443 3282 2504 et
3317 2442 3428 2504 ille
3467 2441 3698 2505 habuit
3735 2440 3974 2504 bonam

578 2542 848 2647 Zama.
874 2558 1303 2621 voluntatem.
1347 2557 1535 2619 Unde
1574 2556 1987 2637 Augustinus
2029 2556 2095 2618 in
2138 2556 2519 2619 Enchiridio
2564 2578 2576 2617 :
2612 2556 2813 2619 Bonae
2859 2556 3258 2637 apparebant
3300 2557 3672 2620 voluntates
3709 2558 3970 2637 piorum

576 2655 718 2759 ‘⁵2⁰1'
742 2658 843 2768 ’,ἵζ’
872 2675 1167 2738 fidelium
1206 2673 1319 2754 qui
1357 2673 1665 2736 nolebant
1707 2674 2079 2753 apostolum
2118 2673 2401 2735 Paulum
2439 2672 2804 2736 Jerusalem
2849 2690 3138 2753 pergere,
3173 2690 3254 2735 ne
3292 2672 3382 2737 ibi
3422 2674 3755 2754 pateretur
3801 2672 3976 2735 mala

582 2784 723 2823 ¹⁰⁴²·
872 2810 1019 2872 quae
1076 2790 1345 2871 Agabus
1399 2791 1720 2870 propheta
1776 2790 2218 2873 praedixerat3
2267 2790 2329 2851 et
2391 2790 2610 2851 tamen
2668 2789 2793 2851 hoc
2849 2788 3039 2850 illum
3095 2790 3276 2852 Deus
3339 2790 3477 2870 pati
3535 2788 3800 2851 volebat
3854 2807 3972 2869 pro

872 2907 1320 2969 annuntianda
1356 2906 1481 2969 fide
1512 2905 1777 2984 Christi,
1813 2922 2121 2968 exercens
2164 2906 2522 2985 martyrem
2549 2904 2814 2967 Christi.
2851 2906 3078 2985 Neque
3116 2905 3258 2985 ipse
3292 2905 3535 2968 bonam
3565 2904 3972 2968 voluntatem

870 3040 1061 3086 suam
1091 3022 1393 3102 implevit
1429 3039 1546 3103 per
1574 3020 2095 3083 Christianorum
2126 3020 2498 3083 voluntates
2527 3019 2756 3099 bonaS‚
2789 3022 2904 3083 sed
2940 3040 3056 3102 per
3091 3022 3477 3085 Judaeorum
3511 3020 3754 3101 malas3
3789 3022 3853 3083 et
3891 3022 3970 3083 ad

872 3157 1023 3203 eum
1069 3138 1291 3219 potius
1346 3137 1755 3219 pertinebant
1806 3137 1919 3216 qui
1981 3137 2290 3199 nolebant
2345 3138 2521 3217 quod
2573 3137 2856 3216 volebat,
2900 3155 3099 3218 quam
3155 3138 3253 3201 illi
3302 3155 3418 3220 per
3464 3155 3634 3218 quos
3678 3137 3970 3201 volentes

874 3255 1119 3316 factum
1159 3255 1261 3317 est
1294 3253 1473 3333 quod
1510 3252 1769 3315 volebat
1803 3272 1817 3312 :
1852 3251 2008 3332 quia
2045 3251 2113 3313 id
2151 3252 2371 3332 ipsum
2411 3252 2584 3314 mala
2615 3253 2949 3316 volu‘ntate
2995 3253 3310 3332 fecerunt,
3352 3253 3530 3333 quod
3571 3253 3753 3315 Deus
3799 3251 3970 3314 bona

873 3370 1211 3433 voluntate
1241 3369 1474 3432 voluit.
1507 3403 1599 3413 ——
1637 3368 1735 3430 Ita
1774 3370 1837 3432 et
1880 3368 1948 3430 in
1990 3368 2296 3448 passione
2338 3368 2582 3431 Christi
2623 3367 2868 3432 factum
2907 3371 3026 3433 est.
3069 3368 3260 3443 Quod
3299 3369 3474 3432 enim
3517 3369 3697 3432 Deus
3735 3368 3968 3446 voluit,

874 3487 999 3550 hoc
1054 3487 1231 3549 idem
1288 3484 1519 3564 Judas,
1570 3484 1842 3547 Judaeus
1902 3486 1965 3547 et
2011 3483 2360 3564 diabolus;
2415 3484 2530 3547 sed
2586 3484 2684 3546 illi
2735 3484 2908 3548 mala
2959 3485 3318 3565 voluntate,
3367 3485 3551 3548 Deus
3599 3502 3754 3548 vero
3801 3483 3974 3547 bona

873 3603 1208 3666 voluntate
1243 3623 1257 3663 :
1300 3601 1549 3665 scilicet
1586 3601 1661 3664 ut
1700 3598 2002 3663 Christus
2049 3601 2432 3662 moreretur.
2467 3599 2936 3664 Verumtamen
2982 3601 3080 3663 illi
3120 3602 3340 3664 actum
3383 3600 3736 3663 voluerunt
3773 3617 3974 3681 quem

874 3719 1056 3784 Deus
1100 3737 1233 3781 non
1280 3717 1512 3780 voluit.

1443 4011 1803 4077 SUMMA
2399 3999 2450 4060 Α
2792 4011 3263 4086 QUAESTIO
3329 4011 3655 4075 PRIMA

896 4179 1396 4236 DlSTlNCTIONlS
1446 4177 2010 4243 QUADRAGESIMAE
2058 4177 2348 4232 OCTAVAE

2631 4297 2692 4358 Ic
2737 4294 3044 4377 quaeritur
3089 4294 3319 4375 primo,
3353 4293 3718 4372 Qualiter
3759 4295 3846 4359 et
3893 4295 3975 4359 in

952 4400 1007 4463 N
1050 4399 1167 4461 hac
1211 4398 1615 4462 distinctione
1660 4407 1964 4461 tractatur
2006 4400 2084 4461 de
2128 4398 2374 4461 consor·
2648 4393 2936 4476 quibus
2983 4395 3238 4476 possit.
3277 4393 3654 4459 voluntas
3697 4391 3977 4458 huma-

974 4498 1193 4560 mitate
1228 4497 1569 4560 voluntatis
1610 4497 1903 4560 humanae
1943 4517 2089 4559 cum
2133 4496 2370 4570 divina,
2481 4509 2585 4560 na
2646 4494 2941 4558 divinae
3003 4494 3085 4558 et
3141 4483 3519 4558 increatae
3575 4489 3978 4557 voluntati

878 4607 941 4661 et
981 4597 1045 4658 in
1086 4613 1215 4678 quo
1255 4595 1574 4658 consistat.
1612 4595 1686 4657 Et
1726 4596 1895 4657 circa
1934 4596 2052 4658 hoc
2092 4601 2376 4657 removet
2482 4591 2984 4659 conformari.

878 4701 1290 4779 apparentem
1322 4711 1621 4768 errorem,
1654 4693 1957 4775 quoniam
1991 4701 2201 4776 posset
2230 4693 2375 4775 quis
2563 4689 2826 4751 Videtur
2878 4687 3048 4770 quod
3097 4704 3222 4749 non
3275 4684 3490 4768 possit.
3543 4685 3778 4758 Primo,
3833 4686 3983 4768 quia

876 4795 1191 4859 aestimare
1229 4792 1459 4854 bonam
1502 4811 1639 4854 esse
1672 4791 2061 4852 voluntatem
2101 4798 2375 4852 creatam
2486 4795 2694 4850 creata
2732 4787 3024 4850 voluntas
3066 4785 3130 4847 in
3173 4784 3502 4846 infinitum
3545 4783 3739 4846 distat
3776 4783 3860 4846 ab
3893 4784 3984 4846 in-

879 4894 1223 4955 humanam
1274 4889 1591 4951 volentem
1650 4889 1710 4951 id
1769 4889 1939 4971 quod
1991 4889 2125 4950 vult
2185 4889 2373 4961 DeuS,
2487 4894 2695 4947 creata
2729 4903 2742 4946 ε
2779 4902 2928 4965 crgo
2958 4883 3131 4945 nulla
3163 4890 3258 4944 est
3291 4882 3454 4944 inter
3485 4901 3590 4943 eas
3632 4881 3980 4964 proporti0‚

878 4999 1067 5072 atque
1117 4988 1437 5051 nolentem
1489 4987 1656 5068 quod
1707 4987 1873 5050 Deus
1916 5005 2043 5048 non
2088 4987 2273 5048 vult:
2316 4993 2380 5047 et
2491 4984 2818 5064 multoque
2849 4982 3062 5044 minus
3093 4978 3524 5043 conformitas.
3558 5015 3640 5024 —
3668 4979 3982 5050 Secundo,

880 5089 1155 5152 declarat
1184 5086 1353 5168 quod
1392 5085 1642 5147 nullum
1683 5085 1909 5147 horum
1946 5085 2029 5148 sit
2060 5084 2380 5146 universa·
2488 5101 2708 5145 eorum
2767 5088 2864 5142 est
2921 5078 3327 5152 conformari,
3378 5096 3650 5159 quorum
3705 5085 3804 5140 est
3863 5097 3988 5139 una

884 5187 1027 5248 liter
1068 5185 1183 5262 ita3
1219 5184 1447 5246 deinde
1485 5183 1763 5245 ostendit
1794 5183 1857 5244 in
1890 5201 2018 5266 quo
2050 5202 2196 5245 vere
2234 5201 2380 5244 con·
2415 5179 2462 5242 B
2493 5181 2716 5253 forma,
2752 5187 2823 5240 ut
2863 5185 3034 5260 patet
3061 5197 3138 5239 ex
3179 5176 3458 5238 nominis
3499 5175 3934 5258 designatione
3967 5191 3980 5236 :

885 5285 1065 5348 sistat
1106 5283 1250 5345 talis
1292 5281 1722 5345 conformitas
2491 5278 2601 5342 sed
2648 5277 2762 5340 Dei
2811 5283 2872 5339 et
2921 5274 3200 5338 hominis
3251 5291 3376 5338 non
3424 5281 3518 5336 est
3571 5291 3700 5339 una
3759 5272 3980 5346 forma,
