4359 6250
602 1344 660 1386 De
681 1343 804 1386 Divin

556 1419 821 1460 noncupant.

849 454 926 518 72

1483 475 1547 519 IN
1589 474 1811 520 Lunum
1855 474 1874 518 1
1917 472 2400 520 SENTENTIARUM.
2447 489 2528 500 -
2568 473 2722 518 DIST.
2769 472 2963 534 xvm3
3007 472 3231 528 QUAEST.
3280 473 3301 517 1

845 649 951 702 tur
998 641 1298 704 liberalis».
1333 643 1488 706 Nam
1533 643 1599 705 in
1640 643 1785 705 aliis
1827 641 2128 705 dantibus
2172 660 2339 705 com·
2366 641 2419 703 A
2448 641 2840 703 reducuntur
2870 642 2937 703 in
2978 642 3179 704 Deum
3210 641 3377 702 sicut
3416 641 3481 702 in
3512 657 3769 702 causam
3797 637 3945 700 erfi-

848 741 1127 802 muniter
1175 740 1526 804 intenditur
1577 741 1792 824 aliquo
1851 741 2040 803 modo
2095 739 2338 802 utilitas

846 838 1061 920 aliqua
1090 839 1319 914 dantiS,
1355 840 1454 902 vel
1485 840 1635 904 boni
1670 840 2058 922 temporalis,
2081 839 2185 901 vel
2216 839 2340 921 spi—

846 937 1112 998 ritualiS.
1149 938 1409 1019 Propter
1437 939 1607 1019 quod
1639 937 1816 999 nulla
1852 937 2022 1000 datio
2050 947 2146 1000 est
2180 955 2338 1019 pure

850 1034 1152 1108 liberalis,
1204 1043 1276 1096 ut
1322 1037 1548 1098 asserit
1595 1036 1940 1109 Avicenna,
1992 1036 2114 1098 nisi
2168 1035 2339 1098 datio

847 1133 958 1194 Dei
1010 1141 1072 1194 et
1121 1134 1403 1215 operatio
1451 1135 1610 1214 ejuS.
1645 1134 1824 1197 Ratio
1877 1135 2136 1196 demum
2190 1133 2341 1196 libe-

851 1230 998 1292 ralis
1043 1233 1422 1306 donationiS,
1454 1241 1550 1295 est
1597 1251 1794 1307 amor,
1828 1233 1940 1315 qui
1985 1233 2339 1295 secundum

809 1372 822 1384 -
850 1329 1142 1392 divinum
1190 1331 1584 1413 Dionysium,
1629 1339 1840 1393 movet
1886 1331 2213 1413 superiora
2260 1331 2338 1392 ad

851 1428 1280 1509 provisionem
1323 1429 1535 1492 minus
1575 1429 1966 1492 habentium.
2006 1430 2341 1510 Quumque

849 1526 1120 1608 Spiritus
1171 1528 1435 1590 Sanctus
1484 1529 1567 1590 sit
1613 1547 1812 1603 amor,
1855 1529 1990 1611 ipse
2039 1536 2136 1590 est
2183 1528 2341 1590 ratio

846 1626 1290 1688 universorum
1321 1627 1611 1689 datorum
1641 1645 1915 1708 quorum
1947 1627 2339 1708 principium

845 1731 940 1785 est
970 1724 1186 1786 divina
1217 1726 1530 1797 voluntaS‚
1565 1733 1636 1787 ut
1666 1735 1816 1786 sunt
1854 1724 2070 1787 omnia
2099 1734 2341 1787 creatu—

843 1822 930 1884 ris
973 1821 1216 1885 collata.
1261 1823 1404 1886 Haec
1445 1823 1714 1886 Thomas
1759 1823 1823 1884 in
1867 1824 2132 1906 Scripto.

923 1922 1188 2002 Insuper
1233 1921 1298 1982 in
1343 1923 1551 2002 prima
1599 1929 1797 2003 parte,
1832 1922 2183 2003 quaestione
2234 1922 2340 1983 tri-

844 2020 1080 2081 cesima
1121 2027 1364 2093 octava,
1403 2020 1742 2083 ostendens
1781 2021 2055 2103 qualiter
2097 2021 2337 2082 donum

843 2119 928 2179 sit
955 2135 1190 2180 nomen
1231 2118 1559 2199 personale
1589 2136 1702 2180 seu
1743 2135 2028 2200 personae
2062 2119 2337 2201 Spiritus

847 2216 1056 2279 Sancti
1093 2233 1106 2278 :
1141 2217 1211 2277 In
1250 2215 1509 2279 nomine
1547 2216 1814 2299 (inquit)
1851 2217 2001 2279 doni
2043 2217 2341 2299 importa—

846 2324 952 2377 tur
996 2314 1302 2378 habitudo
1342 2316 1419 2377 ad
1463 2315 1582 2377 hoc
1625 2317 1793 2397 quod
1838 2316 2126 2378 donetur.
2162 2315 2338 2389 Quod

845 2421 1058 2476 autem
1098 2415 1302 2486 datur,
1337 2414 1777 2477 habitudinem
1820 2415 2011 2477 habet
2053 2422 2117 2477 et
2155 2416 2233 2477 ad
2275 2415 2339 2476 id

845 2532 883 2576 a
914 2531 1040 2594 quo
1069 2514 1274 2588 datur,
1307 2521 1372 2575 et
1397 2514 1475 2575 ad
1509 2514 1570 2576 id
1603 2514 1705 2575 cui
1737 2514 1923 2575 datur
1956 2531 1970 2574 :
2004 2530 2133 2575 non
2163 2513 2338 2576 enim

847 2611 1102 2673 daretur
1140 2610 1221 2673 ab
1263 2611 1499 2694 aliqu0,
1533 2611 1658 2674 nisi
1702 2619 1869 2674 esset
1915 2611 2126 2690 illius;
2157 2619 2223 2674 et
2260 2611 2338 2673 ad

845 2710 964 2772 hoc
996 2710 1180 2772 datur
1217 2708 1430 2782 alicui,
1467 2716 1537 2771 ut
1575 2709 1658 2771 sit
1695 2710 1855 2790 ejus.
1890 2710 2160 2772 Persona
2189 2728 2338 2773 vero

846 2809 1063 2871 divina
1090 2807 1325 2870 dicitur
1353 2826 1492 2870 esse
1521 2806 1816 2886 alicujus,
1850 2807 1952 2870 vel
1983 2809 2339 2871 secundum

845 2907 1180 2988 originem,
1231 2906 1398 2967 sicut
1447 2905 1643 2967 Filius
1691 2913 1787 2968 est
1833 2905 2068 2985 Patris3
2119 2907 2221 2970 vel
2271 2907 2339 2970 in

2448 739 2723 803 cientem
2764 747 2827 801 et
2870 739 3299 821 exemplarem
3335 755 3349 800 :
3384 739 3449 800 in
3494 755 3749 800 causam
3798 736 3943 819 qui-

2447 837 2593 898 dem
2622 837 3075 921 exemplarem,
3096 838 3449 900 secundum
3479 836 3649 919 quod
3678 835 3740 897 id
3769 833 3945 917 quod

2450 936 2515 997 in
2563 936 2747 999 nobis
2793 956 2830 998 a
2873 937 3008 1002 Deo
3064 944 3180 1009 est,
3233 937 3434 998 Deum
3481 934 3695 1017 aliquo
3754 934 3946 997 modo

2449 1035 2752 1097 imitatur.
2768 1037 3097 1117 Quumque
3127 1035 3320 1097 totius
3352 1033 3674 1096 Trinitatis
3704 1033 3789 1096 sit
3816 1051 3948 1095 una

2450 1134 2651 1197 virtus
2694 1134 2861 1196 sicut
2902 1141 2965 1196 et
3016 1152 3142 1196 una
3189 1133 3485 1208 essentia,
3518 1131 3831 1216 quidquid
3876 1132 3944 1194 in

2450 1232 2633 1296 nobis
2682 1253 2719 1295 a
2761 1235 2889 1296 Deo
2928 1241 3025 1296 est
3068 1233 3234 1296 sicut
3281 1252 3318 1295 a
3361 1252 3550 1295 causa
3590 1230 3941 1304 efficiente,

2450 1332 2641 1394 simul
2681 1340 2777 1394 est
2812 1352 2849 1394 a
2887 1333 3064 1395 Patre
3104 1340 3167 1394 et
3206 1331 3364 1394 Filio
3402 1350 3476 1394 ac
3515 1331 3755 1413 Spiritu
3794 1331 3945 1392 San·

2450 1437 2570 1493 cto.
2626 1431 2745 1493 Sed
2794 1431 3095 1512 quoniam
3154 1431 3381 1492 caritas
3430 1438 3526 1492 est
3582 1428 3945 1512 specialiter

2452 1531 2963 1612 repraesentativa
3008 1538 3070 1592 et
3120 1529 3429 1592 imitativa
3474 1529 3747 1611 Spiritus
3794 1527 3947 1590 San-

2451 1629 2557 1702 cti,
2584 1629 2723 1710 ipsa
2751 1629 3113 1711 specialiter
3144 1627 3411 1710 Spiritui
3442 1628 3671 1690 Sancto
3702 1635 3772 1688 ut
3801 1645 3947 1688 cau-

2451 1745 2535 1790 sae
2564 1726 2914 1809 exemplari
2951 1725 3353 1788 adscribitur.
3390 1727 3544 1798 Im0‚
3576 1743 3779 1807 quum
3808 1723 3947 1806 Spi-

2376 1823 2421 1885 B
2452 1824 2610 1886 ritus
2660 1824 2925 1887 Sanctus
2982 1824 3281 1906 procedat
3328 1831 3399 1885 ut
3442 1841 3641 1896 amor,
3688 1823 3800 1905 qui
3846 1830 3947 1884 est

2450 1923 2707 2005 propria
2764 1922 2925 1984 ratio
2981 1923 3173 1984 dandi
3228 1929 3292 1983 et
3340 1921 3621 2004 primum
3678 1921 3942 1994 donum,

2450 2028 2619 2082 recte
2650 2020 2925 2102 Spiritus
2966 2019 3233 2082 Sanctus
3273 2019 3511 2081 dicitur
3536 2019 3777 2082 donum
3817 2036 3947 2101 quo

2450 2117 2635 2181 nobis
2685 2118 2902 2180 divina
2946 2116 3363 2179 conferuntur
3408 2117 3807 2180 charismata.
3849 2117 3945 2180 Ad

2449 2216 2569 2278 hoc
2613 2215 2785 2277 enim
2829 2215 2994 2297 quod
3041 2216 3233 2278 homo
3274 2216 3353 2277 ad
3395 2215 3763 2279 felicitatem
3810 2233 3947 2298 per-

2448 2313 2651 2394 tingat
2693 2312 2926 2376 divinae
2964 2312 3311 2387 fruitioniS,
3355 2333 3495 2395 quae
3539 2314 3670 2376 Deo
3710 2333 3789 2376 ex
3832 2332 3947 2375 sua

2448 2419 2675 2474 natura
2722 2420 2818 2473 est
2864 2411 3143 2494 propria,
3189 2419 3437 2494 oportet
3486 2420 3554 2473 ut
3603 2413 3782 2494 prius
3833 2431 3949 2494 per

2449 2510 2812 2592 spirituales
2871 2510 3295 2592 perfectiones
3348 2511 3477 2574 Deo
3532 2510 3943 2585 assimiletur,

2449 2617 2513 2672 et
2560 2609 2791 2672 deinde
2849 2609 3203 2671 secundum
3254 2628 3360 2672 eas
3417 2616 3734 2692 operetur.
3786 2609 3948 2671 Hinc

2452 2709 2605 2770 tales
2665 2706 3088 2789 perfectiones
3147 2708 3377 2769 dantur
3424 2726 3461 2769 a
3507 2706 3751 2790 Spiritu
3800 2708 3951 2769 San·

2450 2814 2590 2869 cto:
2616 2806 2837 2889 sicque
2869 2825 2983 2888 per
3012 2806 3322 2888 Spiritum
3362 2808 3662 2871 Sanctum
3691 2815 3756 2869 et
3784 2806 3950 2870 dona

2449 2905 2590 2985 ejus
2632 2903 2759 2966 Deo
2799 2904 3299 2986 configuramur,
3332 2911 3396 2966 et
3432 2905 3510 2967 ad
3554 2904 3720 2968 bene
3762 2923 3951 2987 agen-

846 3011 1157 3087 quantum
1215 3003 1484 3065 habetur
1532 3001 1612 3064 ab
1669 3021 1766 3076 eo,
1819 3003 2041 3085 sicque
2092 3023 2130 3067 a
2188 3005 2340 3068 solis
2378 3007 2421 3069 C
2451 3003 2603 3064 dum
2635 3001 2879 3065 habiles
2910 3003 3257 3077 reddimur,
3281 3010 3345 3066 et
3373 3022 3489 3086 per
3516 3005 3813 3066 eumdem
3844 3004 3951 3065 via

846 3099 1152 3165 creaturis
1201 3100 1616 3165 rationalibus
1666 3102 1794 3165 Deo
1845 3101 2203 3184 conjunctis
2252 3103 2343 3165 di-

848 3201 997 3264 vina
1025 3218 1295 3282 persona
1323 3200 1593 3262 habetur
1623 3218 1637 3263 :
1672 3220 1813 3282 quae
1845 3201 2044 3264 libere
2073 3210 2343 3284 possunt

847 3300 975 3363 Deo
1004 3298 1154 3373 frui,
1187 3300 1339 3382 quia
1367 3318 1483 3381 per
1511 3298 1938 3380 cognitionem
1967 3307 2031 3361 et
2057 3319 2341 3364 amorem

850 3398 1219 3480 pertingunt
1248 3400 1325 3461 ad
1368 3400 1599 3481 ipsum.
1633 3400 2085 3465 Verumtamen
2123 3402 2204 3463 ad
2234 3402 2342 3464 ha-

850 3496 1130 3559 bendum
1173 3497 1383 3560 taliter
1423 3498 1646 3572 Deum,
1680 3500 1810 3560 non'
1851 3498 2064 3561 valent
2107 3499 2343 3562 virtute

851 3596 1108 3678 propria
1167 3597 1521 3677 pervenire,
1573 3598 1682 3659 sed
1735 3596 2022 3677 indigent
2070 3598 2344 3679 desuper

849 3692 1136 3773 adjuvari
1196 3710 1210 3755 :
1267 3700 1328 3755 et
1387 3694 1506 3757 hoc
1566 3693 1642 3756 rit
1698 3693 2014 3775 adjutorio
2068 3695 2343 3777 Spiritus

850 3792 1084 3866 Sancti,
1117 3791 1229 3875 qui
1274 3792 1460 3854 datur
1503 3792 1618 3865 eiS,
1658 3800 1722 3855 et
1763 3801 1859 3855 est
1902 3794 2081 3856 dator
2122 3812 2197 3855 ac
2238 3794 2345 3856 do-

848 3910 1022 3953 num.
1057 3926 1137 3935 -—
1165 3890 1404 3953 Nomen
1439 3890 1652 3973 itaque
1692 3891 1841 3953 doni
1875 3891 2175 3973 importat
2207 3910 2345 3974 per-

846 3990 1128 4053 sonalem
1195 3989 1692 4063 distinctionem,
1753 3990 2105 4053 secundum
2173 3992 2341 4073 quod

844 4090 1082 4151 donum
1115 4088 1351 4149 dicitur
1387 4106 1526 4149 esse
1565 4087 1839 4168 aliqu‘us
1881 4088 2121 4151 ratione
2157 4088 2345 4169 origi-

2451 3100 2526 3163 ad
2579 3100 3039 3164 beatitudinem
3090 3101 3274 3165 nobis
3324 3108 3599 3184 paratur.
3634 3103 3783 3177 Quae
3826 3102 3951 3164 tria

2451 3199 2789 3282 Apostolus
2840 3199 3051 3262 innuit
3092 3201 3171 3262 ad
3217 3200 3574 3265 Corinthios
3619 3200 3885 3282 loquens
3928 3219 3943 3263 t

2454 3300 2643 3364 Unxit
2690 3318 2804 3361 nos
2847 3300 3036 3375 DeuS,
3070 3308 3133 3363 et
3176 3300 3451 3382 signavit
3492 3319 3631 3375 noS,
3662 3308 3727 3363 et
3772 3302 3950 3364 dedit
4028 3320 4069 3365 u
4096 3320 4209 3365 eor.
4236 3335 4265 3372 t,

2453 3398 2685 3480 pignus
2717 3397 2989 3479 Spiritus
3032 3399 3095 3460 in
3132 3399 3433 3462 cordibus
3472 3399 3742 3478 nostris3
3774 3401 3947 3465 etad
3978 3385 4057 3435 ²¹,
4081 3386 4158 3427 ’Ξ-

2453 3496 2759 3578 Ephesios
2794 3512 2807 3557 :
2843 3496 3080 3576 Signati
3122 3497 3276 3559 estis
3305 3497 3547 3580 Spiritu
3585 3498 3949 3579 promissio·
3982 3517 4211 3626 aazias.
4234 3532 4263 3569 ι,

2453 3594 2553 3658 nis
2593 3594 2842 3669 Sanct0,
2877 3595 2987 3676 qui
3026 3602 3123 3657 est
3162 3595 3393 3678 pignus
3434 3596 3801 3659 hereditatis
3840 3614 3951 3660 no—

2453 3700 2616 3756 strae.
2672 3693 2952 3773 Signatio
3001 3713 3276 3775 namque
3323 3695 3401 3757 ad
3456 3695 3949 3758 similitudinem

2453 3791 2978 3873 configurationis
3030 3794 3347 3875 pertinere
3392 3794 3675 3873 videtur3
3702 3795 3944 3868 unctio,

2453 3891 2530 3952 ad
2562 3890 3066 3954 habili'tationem
3098 3892 3260 3954 bene
3289 3894 3553 3973 agendi3
3584 3893 3837 3975 pignuS,
3868 3894 3948 3956 ad

2454 4008 2634 4071 spem
2666 4008 2794 4071 qua
2823 3990 3194 4053 ordinamur
3224 3990 3287 4052 in
3320 3991 3735 4054 hereditatem
3764 3992 3951 4056 coele—

2454 4095 2641 4161 stem,
2675 4107 2818 4169 quae
2847 4096 2944 4151 est
2974 4087 3299 4152 beatitudo
3330 4088 3633 4171 perfecta.
3659 4090 3803 4154 Haec
3834 4090 3945 4153 ibi.

844 4186 946 4248 nis
975 4205 1102 4268 qua
1131 4184 1417 4267 procedit
1445 4184 1527 4247 ab
1559 4184 1670 4248 illo
1693 4204 1706 4247 τ
1731 4186 1953 4268 sicque
1982 4192 2078 4247 est
2107 4203 2341 4248 nomen
2375 4190 2424 4250 D
2453 4222 2535 4232 —
2577 4186 2928 4249 concordat
2970 4187 3207 4249 Petrus.

847 4285 1119 4367 Spiritus
1150 4284 1382 4346 Sancti.
1418 4282 1496 4345 Et
1526 4291 1738 4345 tamen
1771 4283 2044 4365 Spiritus
2076 4284 2343 4347 Sanctus

848 4384 953 4445 dat
995 4400 1062 4445 se
1112 4382 1324 4464 ipsum
1375 4382 1442 4444 in
1485 4390 1795 4463 quantum
1837 4389 1933 4444 est
1974 4390 2201 4464 potens
2244 4382 2343 4445 sui

851 4482 1075 4564 ipsiuS,
1095 4486 1320 4562 potens
1352 4500 1419 4544 se
1449 4481 1543 4543 uti
1575 4480 1675 4542 vel
1710 4480 1919 4561 potius
1948 4480 2078 4542 l'rui
2098 4498 2111 4543 :
2131 4500 2347 4563 quem·

849 4580 1192 4643 admodum
1223 4579 1415 4642 homo
1445 4578 1608 4641 liber
1636 4578 1874 4641 dicitur
1902 4598 2041 4641 esse
2069 4579 2169 4641 sui
2204 4579 2349 4660 ipsi-

851 4696 946 4739 us,
982 4676 1058 4738 Et
1086 4676 1208 4738 hoc
1237 4682 1334 4737 est
1374 4677 1542 4759 quod
1582 4695 1775 4758 super
1802 4676 2106 4739 Joannem
2147 4676 2346 4758 loqui-

849 4782 955 4837 tur
982 4773 1374 4855 Augustinus
1410 4792 1424 4836 ε
1457 4774 1616 4848 Quid
1649 4782 1778 4836 tam
1813 4781 1996 4835 tuum
2027 4781 2123 4836 est
2152 4793 2344 4855 quam

851 4876 960 4935 tu?
1000 4872 1075 4934 Et
1118 4872 1212 4935 sic
1258 4872 1362 4933 dat
1405 4880 1596 4953 atque
1645 4872 2073 4934 communicat
2120 4881 2347 4935 semet-

851 4974 1082 5055 ipsum.
1130 4972 1274 5035 Haec
1315 4972 1380 5033 in
1426 4970 1634 5053 prima
1674 4979 1852 5053 parte
1893 4971 2191 5035 Summae.

927 5072 997 5134 In
1029 5070 1290 5133 Summa
1317 5088 1572 5152 quoque
1604 5077 1823 5133 contra
1854 5070 2145 5151 gentileS,
2181 5069 2345 5133 libro

843 5176 1090 5251 quarto,
1127 5168 1406 5252 capitulo
1435 5168 1743 5232 vicesimo
1781 5168 2015 5250 primo,
2049 5168 2217 5230 inter
2247 5187 2345 5231 ce-

843 5276 977 5331 tera
1005 5268 1318 5351 loquitur:
1339 5267 1426 5329 Ea
1455 5286 1598 5349 quae
1627 5285 1664 5328 a
1694 5267 1822 5329 Deo
1855 5266 1920 5327 in
1952 5265 2136 5328 nobis
2168 5273 2338 5341 sunt,

2536 4283 2883 4346 Richardus
2927 4301 3181 4366 quoque
3216 4301 3229 4345 :
3264 4285 3536 4359 Donum,
3578 4284 3687 4358 ait,
3729 4304 3955 4349 secun-

2456 4382 2610 4443 dum
2659 4382 2826 4463 quod
2874 4382 3151 4444 sumitur
3196 4382 3262 4444 in
3310 4382 3567 4458 divinis,
3618 4384 3949 4466 proprium

2456 4488 2552 4542 est
2583 4479 2846 4562 Spiritui
2880 4480 3107 4543 Sancto
3143 4497 3157 4541 ε
3192 4480 3494 4563 quoniam
3524 4483 3786 4556 donum,
3813 4500 3955 4564 pro-

2455 4586 2527 4641 ut
2570 4579 2637 4640 in
2679 4578 2915 4641 divinis
2952 4578 3285 4660 accipitur,
3318 4587 3415 4642 est
3458 4598 3558 4642 res
3602 4581 3951 4663 procedens

2458 4677 2563 4739 eui
2592 4696 2669 4739 ex
2702 4678 2800 4739 sui
2842 4677 3030 4740 modo
3067 4678 3451 4759 procedendi
3494 4678 3793 4741 convenit
3825 4678 3953 4759 pri-

2458 4796 2561 4839 ma
2588 4776 2749 4838 ratio
2777 4776 2947 4838 doni.
2982 4776 3192 4837 Prima
3218 4784 3433 4839 autem
3472 4777 3633 4841 ratio
3670 4776 3821 4841 doni
3854 4785 3955 4840 est

2455 4891 2665 4953 amor3
2698 4893 2817 4936 nec
2846 4873 2989 4936 aliis
3020 4874 3319 4937 convenit
3348 4875 3508 4938 ratio
3536 4875 3711 4951 doni,
3730 4876 3853 4939 nisi
3884 4876 3953 4939 in

2455 4972 2689 5035 virtute
2728 4977 2791 5034 et
2831 4972 3314 5054 participatione
3354 4972 3502 5054 puri
3543 4973 3797 5036 amoris.
3832 4974 3957 5037 Un-

2453 5071 2533 5133 de
2565 5070 2752 5133 tertio
2782 5070 3163 5152 Topicorum
3196 5070 3284 5132 ait
3313 5070 3753 5153 PhilosophuS,
3782 5074 3955 5153 quod

2451 5169 2691 5231 donum
2732 5176 2826 5231 est
2871 5167 3042 5231 datio
3088 5167 3501 5245 irreddibilis,
3528 5169 3649 5232 hoc
3692 5176 3807 5244 est,
3845 5170 3959 5234 do-

2453 5286 2604 5329 num
2634 5276 2730 5329 est
2751 5266 2921 5330 datio
2952 5286 3093 5349 quae
3125 5266 3201 5329 sit
3229 5284 3357 5329 non
3390 5266 3743 5330 intentione
3772 5268 3951 5331 retri-
