4359 6250
1321 522 1497 569 mann
1537 523 1558 570 1
1600 516 2081 569 snm-smmum.
2126 540 2208 549 —
2248 520 2400 567 ms‘r.
2446 520 2610 567 van
3395 496 3512 564 64¹

416 700 575 781 quia
620 700 803 763 Deus
843 700 1073 764 volens
1118 700 1277 763 sinit
1315 699 1489 763 mala
1525 698 1689 762 fieri.
1728 697 1931 761 Fiunt
1966 698 2032 761 et
2070 699 2296 760 contra
2343 696 2488 778 eJus
2534 696 3040 779 praeceptionem
3079 695 3184 758 vel
3225 693 3519 777 prohibi-

414 816 691 894 tionem,
734 816 851 881 sed
896 833 1029 879 non
1076 816 1301 879 contra
1347 815 1493 896 ejus
1529 813 1939 877 voluntatem
1987 831 2135 893 quae
2183 814 2326 895 ipse
2372 813 2472 876 est
2514 832 2528 873 z
2569 811 2699 875 nisi
2751 812 3052 874 dicantur
3098 811 3323 873 contra
3373 826 3519 873 eam

415 931 583 1011 fieri,
616 933 776 1013 quia
810 934 1048 1013 praeter
1086 949 1231 997 eam
1268 930 1457 994 fiunt.
1491 930 1731 995 Contra
1768 948 1913 994 eam
1952 930 2198 1012 quippe
2234 930 2402 993 nihil
2440 930 2532 992 ita
2566 930 2662 1004 fit,
2696 930 2771 991 ut
2798 928 2958 991 velit
2994 928 3134 992 fieri
3171 927 3349 1009 quod
3384 942 3520 989 non

416 1046 553 1125 fiat,
587 1047 693 1110 vel
730 1047 898 1110 nolit
928 1047 1067 1111 fieri
1105 1050 1171 1111 et
1207 1048 1342 1110 fiat.
1372 1046 1565 1120 Quod
1602 1046 1935 1109 evidenter
1971 1044 2063 1108 ibi
2102 1045 2515 1126 Augustinus
2551 1045 2827 1124 notavit,
2859 1043 2971 1107 ubi
3011 1046 3103 1107 ait
3136 1063 3150 1105 ε
3183 1044 3516 1117 Quantum
3546 1062 3814 1135 liubanem-

418 1162 501 1224 ad
543 1161 727 1243 ipsos
764 1162 1019 1241 attinet,
1052 1163 1231 1244 quod
1273 1162 1453 1225 Deus
1496 1160 1711 1224 noluit
1749 1160 2077 1240 fecerunt3
2117 1162 2440 1240 quantum
2476 1178 2630 1223 vero
2666 1160 2747 1222 ad
2788 1160 3332 1242 omnipotentiam
3369 1157 3518 1237 Dei,
3547 1125 3685 1169 ‘¹⁶‘⁰'
3707 1129 3798 1169 ¹⁰⁰⁸

416 1277 601 1341 nullo
634 1278 831 1341 modo
864 1277 932 1340 id
963 1278 1170 1342 facere
1200 1278 1566 1341 valuerunt.
1596 1276 1693 1339 Ae
1720 1276 1779 1339 si
1816 1276 2098 1340 diceret:
2124 1276 2447 1339 Fecerunt
2483 1277 2708 1339 contra
2733 1276 2856 1339 Dei
2884 1276 3310 1357 praeceptum,
3344 1274 3522 1356 quod

420 1393 789 1476 appellatur
830 1393 1161 1473 voluntas,
1193 1392 1309 1457 sed
1347 1409 1479 1455 non
1530 1391 1822 1456 fecerunt
1864 1392 2090 1454 contra
2125 1392 2249 1455 Dei
2293 1392 2698 1455 voluntatem
2749 1392 3268 1473 omnipotentem
3311 1410 3324 1452 ε
3366 1391 3524 1472 quia

419 1512 547 1574 hoc
587 1526 723 1573 non
758 1510 1127 1589 valuerunt,
1161 1509 1326 1572 illud
1364 1508 1745 1588 valuerunt;
1787 1510 1851 1571 et
1889 1508 1981 1569 ita
2017 1526 2135 1589 per
2171 1508 2297 1571 hoc
2335 1508 2512 1589 quod
2550 1508 2843 1573 fecerunt
2880 1509 3105 1571 eontra
3130 1508 3254 1571 Dei
3290 1507 3526 1570 volun-

420 1628 651 1707 tatem,
682 1626 750 1688 id
781 1628 881 1690 est
915 1627 1342 1708 praeceptum,
1376 1624 1456 1687 de
1486 1624 1651 1705 ipsis
1681 1624 1848 1687 facta
1876 1624 1978 1686 est
2005 1624 2312 1687 voluntas
2341 1624 2508 1704 ejuS,
2541 1623 2609 1686 id
2639 1626 2759 1703 est,
2792 1624 3064 1705 impleta
3091 1624 3190 1688 est
3218 1623 3523 1685 voluntas

422 1744 569 1823 eJus
614 1743 1037 1824 sempiterna,
1070 1760 1201 1823 qua
1242 1759 1356 1805 eos
1408 1741 1707 1803 damnari
1743 1741 2025 1806 volebat.
2709 1748 2716 1755 “

556 1860 743 1922 Unde
780 1859 1139 1939 Gregorius
1184 1876 1383 1940 super
1429 1858 1739 1921 Genesim
1782 1877 1797 1918 ε
1838 1857 2029 1921 Multi
2068 1858 2476 1921 voluntatem
2519 1858 2641 1921 Dei
2681 1830 3230 1938 peraguntsunde
3267 1856 3521 1919 mutare
3549 1868 3818 1945 σηρικα-

423 1972 847 2052 contendunt,
900 1974 964 2036 et
1010 1973 1285 2036 oonsilio
1334 1973 1479 2054 ejus
1536 1974 1911 2037 resistentes
1963 1975 2415 2055 obsequuntur
2461 1994 2475 2034 ε
2527 1974 2687 2056 quia
2729 1974 2855 2036 hoc
2911 1974 3054 2053 ejus
3101 1972 3520 2053 dispositioni
3549 1933 3813 2041 :nisi-mv..

422 2088 687 2168 militat,
729 2087 908 2168 quod
954 2106 1073 2169 per
1108 2089 1477 2153 humanum
1514 2088 1808 2152 studium
1856 2089 2149 2153 resultat.
2189 2123 2271 2136 —
2309 2090 2436 2153 Hic
2478 2090 2698 2171 aperte
2737 2089 3124 2168 ostenditur,
3163 2088 3318 2169 quia
3359 2088 3520 2152 dum

424 2204 583 2266 mali
621 2203 896 2267 oonsilio
934 2221 1009 2266 ac
1057 2206 1382 2287 praecepto
1429 2204 1551 2268 Dei
1600 2204 1935 2285 resistunt,
1977 2206 2155 2285 quod
2203 2206 2508 2269 voluntas
2556 2206 2680 2268 Dei
2731 2204 3117 2286 appellatur,
3157 2222 3234 2267 ea
3274 2203 3524 2267 faciunt

426 2322 597 2384 unde
635 2319 942 2383 voluntas
980 2320 1125 2403 ejus
1172 2340 1319 2403 quae
1358 2322 1499 2402 ipse
1544 2323 1665 2401 est,
1699 2322 2033 2403 impletur,
2075 2340 2224 2404 quae
2271 2322 2616 2404 dispositio
2660 2321 2765 2385 vel
2811 2321 3294 2402 beneplacitum
3331 2338 3524 2383 voca-

430 2438 553 2501 tur.
586 2436 759 2501 Nam
798 2438 873 2498 ut
907 2438 999 2500 ait
1036 2438 1451 2520 Augustinus
1487 2441 1554 2503 in
1592 2440 1973 2504 Enchiridio
2017 2461 2031 2500 ε
2075 2439 2514 2513 Quantaelibet
2549 2439 2682 2501 sint
2718 2437 3092 2500 voluntates
3137 2436 3522 2517 angelorum
3550 2452 3820 2527 quaenam·

428 2555 491 2616 et
518 2552 869 2619 hominum
905 2553 1230 2618 bonorum
1263 2556 1366 2619 vel
1405 2556 1756 2637 malorum,
1788 2556 1893 2621 vel
1926 2556 2092 2620 illud
2120 2556 2299 2636 quod
2331 2557 2534 2635 Deus,
2569 2554 2672 2618 vel
2703 2553 2884 2617 aliud
2920 2552 3284 2617 volentium
3319 2569 3522 2633 quam
3549 2516 3634 2559 ’ω’
3656 2529 3696 2560 ⁶'
3715 2520 3806 2559 ’ω’

426 2670 628 2750 Deus,
660 2670 1151 2753 omnipotentis
1192 2672 1497 2735 voluntas
1542 2690 1803 2754 semper
1848 2671 2091 2734 invicta
2128 2672 2250 2751 est,
2282 2688 2431 2752 quae
2479 2671 2651 2734 mala
2695 2687 2838 2734 esse
2884 2687 3224 2752 nunquam
3271 2670 3520 2751 potest3

428 2803 573 2866 quae
613 2786 813 2849 etiam
862 2786 1024 2850 dum
1067 2788 1241 2851 mala
1282 2788 1547 2869 irrogat,
1574 2788 1773 2868 justas
1802 2789 1903 2851 est
1935 2808 1948 2849 :
1992 2788 2056 2852 et
2090 2786 2385 2868 profecto
2429 2804 2574 2868 quae
2617 2786 2799 2867 justa
2844 2788 2966 2865 est,
3001 2785 3174 2849 mala
3211 2802 3345 2847 non
3394 2786 3516 2849 est.

428 2901 608 2965 Deus
665 2918 819 2983 ergo
878 2904 1319 2984 omnipotenS,
1380 2904 1518 2967 sive
1579 2922 1697 2984 per
1758 2903 2277 2967 misericordiam
2333 2902 2524 2984 cujus
2578 2902 2723 2965 vult
2779 2902 3150 2980 miseretur,
3209 2901 3350 2964 sive
3407 2918 3525 2982 per
3549 2919 3818 2971 Romanas.

422 3014 750 3095 judicium
800 3035 997 3097 quem
1046 3018 1189 3081 vult
1234 3018 1533 3099 obdurat,
1578 3037 1697 3083 nec
1747 3020 1971 3099 inique
2020 3019 2273 3100 aliquid
2324 3019 2502 3099 facit,
2540 3036 2659 3081 nec
2707 3018 2837 3081 nisi
2883 3017 3114 3081 volens
3161 3017 3524 3098 quidquam

430 3132 606 3214 facit,
648 3133 715 3197 et
760 3135 983 3198 omnia
1028 3153 1462 3218 quaecumque
1508 3136 1652 3200 vult
1699 3136 1873 3200 facit.
3551 3134 3646 3239 ⁶1²⁸·
3658 3147 3818 3186 enm.

432 3427 503 3492 C.
554 3430 1003 3492 summatim
1058 3428 1507 3504 perstrinoit
1559 3429 2006 3492 sententiam
2073 3430 2634 3503 praedictorum,
2704 3432 2981 3492 addens
3043 3443 3276 3504 quare
3335 3431 3527 3492 Deus

554 3545 911 3620 proecepit
956 3545 1298 3606 omnibus
1346 3545 1535 3607 bona
1583 3544 1836 3616 facere
1881 3546 1953 3607 et
1998 3549 2208 3607 mala
2258 3546 2527 3619 vitare,
2570 3560 2794 3621 quum
2833 3558 2984 3608 non
3029 3546 3208 3607 velit
3249 3549 3380 3608 hoc
3428 3548 3521 3608 ab

566 3663 905 3724 omnibus
948 3663 1275 3733 impleri.

560 3919 663 3982 Ex
702 3919 1033 4000 praedictis
1074 3919 1305 3999 liquet,
1339 3918 1517 4000 quod
1556 3918 1860 3982 voluntas
1896 3917 2018 3982 Dei
2057 3936 2206 3998 quae
2244 3918 2384 3999 ipse
2423 3920 2544 3998 est,
2571 3935 2831 3998 semper
2862 3918 3108 3981 invicta
3143 3922 3264 4000 est,
3296 3937 3415 3983 nec
3453 3919 3520 3984 in

428 4034 651 4115 aliquo
699 4035 1014 4114 cassatur,
1058 4035 1175 4097 sed
1219 4052 1335 4115 per
1384 4033 1607 4096 omnia
1656 4034 1988 4115 impletur.
2042 4033 2411 4098 Consilium
2457 4050 2611 4098 vero
2663 4032 2809 4114 ejus
2863 4035 2929 4097 et
2981 4035 3334 4116 praeceptio
3381 4037 3522 4100 sive

426 4149 785 4231 prohibitio
832 4165 966 4211 non
1012 4148 1095 4212 ab
1140 4150 1449 4214 omnibus
1490 4149 1851 4230 implentur
1894 4149 2137 4230 quibus
2183 4151 2520 4231 proposita
2567 4150 2631 4212 et
2676 4150 2828 4212 data
2875 4151 3050 4214 sunt.
3091 4151 3323 4233 Neque
3373 4151 3521 4215 ideo

426 4265 739 4347 praecepit
781 4265 1089 4329 omnibus
1138 4264 1334 4346 bona,
1366 4265 1471 4330 vel
1518 4265 1857 4347 prohibuit
1899 4265 2093 4344 mala,
2125 4266 2233 4329 vel
2279 4264 2611 4328 consuluit
2659 4265 2932 4345 optima,
2974 4267 3151 4346 quod
3193 4268 3392 4332 vellet
3441 4267 3523 4332 ab

428 4380 738 4444 omnibus
782 4379 957 4444 bona
1002 4399 1150 4463 quae
1198 4382 1511 4464 praeoepit
1560 4381 1727 4461 fieri,
1768 4380 1871 4445 vel
1921 4381 2095 4444 mala
2138 4399 2288 4464 quae
2333 4380 2674 4463 prohibuit
2710 4381 2904 4444 vitari
2942 4379 3027 4466 (si
3075 4383 3251 4447 enim
3299 4385 3519 4466 vellet,

426 4497 657 4576 utique
690 4498 756 4559 et
789 4497 1019 4560 fierent
1050 4517 1065 4558 ε
1099 4499 1257 4578 quia
1292 4497 1360 4560 in
1398 4497 1581 4560 nullo
1620 4499 1838 4579 potest
1866 4497 1948 4560 ab
1984 4498 2253 4561 homine
2291 4498 2584 4579 superari
2622 4496 2729 4560 vel
2764 4496 3071 4578 impediri
3108 4498 3254 4579 ejns
3284 4499 3524 4564 volun-

428 4613 557 4694 tas)
601 4633 615 4673 :
656 4613 772 4675 sed
820 4614 894 4675 ut
931 4613 1265 4693 justitiam
1314 4630 1505 4677 suam
1556 4613 1939 4676 hominibus
1990 4614 2379 4692 ostenderet,
2422 4615 2488 4677 et
2533 4612 2689 4676 mali
2742 4615 2961 4676 essent
3006 4614 3522 4696 inexcusabiles;

426 4727 710 4807 denique
738 4728 814 4789 ut
843 4726 999 4791 boni
1030 4746 1111 4792 ex
1142 4729 1511 4793 obedientia
1539 4728 1840 4810 gloriam,
1865 4729 2025 4792 mali
2054 4747 2136 4792 ex
2164 4728 2606 4793 inobedientia
2628 4747 2891 4810 poenam
2921 4731 3332 4812 sortirentur,
3355 4732 3528 4796 sicut

426 4844 724 4924 utrisque
753 4843 837 4906 ab
867 4845 1109 4908 aeterno
1140 4845 1553 4926 praeparavit.
1571 4846 1667 4908 Ea
1702 4862 1856 4926 ergo
1895 4863 2043 4926 quae
2082 4844 2395 4908 omnibus
2423 4845 2736 4926 praecepit
2764 4846 2868 4909 vel
2903 4846 3266 4928 prohibuit,
3300 4865 3339 4909 a
3370 4848 3524 4929 qui-

427 4959 708 5023 busdam
751 4958 965 5022 voluit
1000 4960 1141 5025 fieri
1188 4960 1293 5024 vel
1339 4961 1556 5042 vitari,
1598 4960 1714 5024 sed
1749 4977 1881 5023 non
1926 4961 2010 5024 ab
2047 4960 2392 5042 omnibus;
2435 4961 2502 5023 et
2537 4960 2840 5041 quaedam
2885 4961 3313 5042 personaliter
3358 4979 3528 5042 prae-

430 5077 605 5157 oepit
653 5078 718 5140 et
766 5077 835 5139 in
882 5077 1087 5141 veteri
1136 5079 1202 5141 et
1255 5078 1324 5141 in
1373 5095 1543 5141 nova
1596 5077 1761 5158 lege,
1814 5094 1962 5159 quae
2009 5078 2091 5142 ab
2145 5079 2242 5142 eis
2289 5077 2532 5158 quibus
2585 5077 2918 5158 praecepit,
2969 5079 3110 5142 fieri
3166 5078 3404 5160 noluit,
3450 5082 3528 5143 ut

430 5192 712 5256 Abrahae
758 5192 840 5257 de
877 5194 1333 5258 immolatione
1380 5193 1523 5274 filii,
1565 5194 1630 5258 et
1676 5195 1744 5256 in
1790 5194 2147 5276 Evangelio
2187 5193 2583 5275 quibusdam
2630 5192 2894 5274 curatis,
2937 5192 3179 5275 quibus
3213 5195 3528 5277 praecepit
3555 5209 3814 5265 aemma.

649 5309 663 5322 ,
766 5309 779 5322 ,
3553 5274 3710 5318 Mutua
3717 5289 3818 5328 ······

430 5326 513 5372 ne
560 5325 669 5372 cui
716 5308 1027 5373 dicerent.
3553 5340 3594 5386 ις
3617 5350 3673 5388 ιχ,
3695 5340 3762 5380 ³⁰.

683 5447 748 5498 T.
770 5447 863 5499 -20,
2811 5521 2816 5526 ³
3210 5450 3273 5502 41
