4359 6250
803 479 923 544 264
1433 497 1497 542 nv
1538 497 1759 543 manum
1802 498 1821 542 1
1863 495 2344 558 saNrnNJlAnuu.
2389 513 2470 522 —
2511 495 2664 540 ms‘r.
2709 493 2942 555 xxv1113
2987 491 3210 548 ouffisr.
3253 492 3276 537 1

804 667 1054 730 essendi
1094 667 1173 729 ab
1208 667 1354 741 alio,
1390 666 1454 727 in
1495 684 1569 728 eo
1599 685 1635 726 a
1664 682 1791 747 quo
1831 673 1979 726 sunt
2012 663 2119 726 alii
2160 680 2293 724 om·
2322 663 2374 725 A
2403 663 2667 737 tionem,
2701 670 2771 723 ut
2801 662 2956 724 dicit
2984 663 3089 723 hic
3119 661 3528 742 Augustinus,
3561 659 3715 722 Dico
3743 677 3898 740 ergo

802 785 937 840 neS‚
972 785 1088 828 nec
1128 766 1312 847 [ipse]
1355 771 1451 826 est
1488 763 1569 825 ab
1607 764 1733 825 alio
1766 781 1779 823 ε
1816 763 1981 824 sicut
2019 761 2292 842 dignitas
2403 762 2569 842 quod
2613 760 3074 823 innascibilitas
3113 778 3239 822 non
3278 759 3612 841 privative,
3644 759 3756 821 sed
3785 777 3897 820 ne-

798 873 894 926 est
943 864 1133 926 alicui
1184 865 1339 944 regi,
1388 863 1557 943 quod
1606 861 1795 923 habet
1846 879 2109 941 regnum
2164 876 2290 921 non
2400 859 2609 939 gative
2656 858 2845 921 habet
2892 859 3145 940 exponi.
3195 859 3430 919 Verum
3484 857 3735 938 negatio
3781 858 3898 918 du-

800 961 879 1024 ab
921 962 1063 1025 alio.
1100 963 1303 1044 Atque
1350 980 1462 1042 per
1500 960 1619 1021 hoc
1664 958 2077 1038 distinguitur
2115 958 2293 1019 Pater
2403 958 2549 1039 plex
2590 966 2706 1031 est,
2739 965 2956 1039 utpote
2998 957 3063 1018 in
3101 975 3332 1038 genere
3370 963 3432 1018 et
3460 964 3637 1018 extra
3667 975 3892 1036 genus,

798 1061 878 1122 ab
927 1061 1067 1122 aliis
1117 1060 1403 1142 personis
1452 1057 1709 1130 divinis,
1754 1057 2290 1138 quemadmodum
2404 1056 2468 1118 Si
2513 1074 2661 1136 ergo
2704 1056 2954 1136 negatio
2997 1063 3183 1136 negat
3224 1062 3427 1117 totum
3471 1055 3642 1135 quod
3689 1062 3785 1116 est
3831 1055 3898 1115 in

801 1159 937 1221 ovis
981 1177 1107 1221 non
1150 1158 1393 1238 signata
1435 1156 1513 1219 ab
1556 1175 1671 1218 ove
1715 1157 1976 1237 signata.
2401 1173 2632 1236 genere
2669 1154 2992 1236 principii,
3028 1155 3120 1216 sic
3163 1153 3540 1215 innascibile
3575 1154 3745 1216 idem
3777 1155 3905 1216 erit

880 1258 1105 1320 Probat
1147 1258 1339 1319 etiam
1379 1255 1768 1337 Augustinus
1809 1255 1977 1336 quod
2020 1253 2292 1316 innasci·
2405 1253 2572 1334 quod
2606 1270 2732 1314 non
2767 1272 2880 1315 ens
2911 1253 2992 1314 ab
3027 1253 3153 1314 alio
3188 1252 3506 1334 principio
3545 1253 3903 1314 seeundum

800 1357 1014 1418 bilitas
1045 1357 1127 1418 sit
1157 1356 1278 1418 alia
1308 1353 1483 1417 notio
1513 1374 1705 1436 quam
1735 1353 2079 1435 paternitas
2107 1353 2292 1434 :quia
2404 1359 2644 1414 naturae
2675 1352 2984 1414 ordinem.
3021 1352 3086 1414 Si
3122 1358 3336 1412 autem
3365 1358 3612 1413 tantum
3643 1359 3906 1432 negaret.

799 1456 849 1518 si
883 1456 1062 1517 Pater
1091 1473 1417 1535 nunquam
1456 1453 1801 1533 genuisset,
1836 1450 2040 1513 nihilo
2078 1451 2290 1512 minus
2405 1451 2572 1532 quod
2612 1458 2707 1512 est
2748 1451 2813 1512 in
2854 1469 2970 1513 suo
3009 1450 3303 1532 opposito
3347 1451 3416 1512 in
3453 1468 3706 1530 genere,
3745 1458 3904 1512 tunc

798 1561 965 1615 esset
996 1553 1315 1633 ingenitus
1348 1570 1459 1612 seu
1501 1550 1918 1613 innascibilis
1953 1585 2033 1593 —
2064 1549 2294 1610 Contra
2407 1548 2784 1611 innascibile
2823 1549 3190 1611 conveniret
3227 1548 3421 1610 etiam
3455 1548 3720 1629 Spiritui
3751 1549 3904 1611 San-

798 1653 968 1733 quod
1013 1651 1207 1731 objici
1250 1657 1479 1731 potest,
1514 1650 1665 1730 quia
1709 1649 1762 1710 si
1808 1649 1987 1710 Pater
2026 1666 2152 1708 non
2193 1665 2294 1727 ge·
2405 1657 2525 1711 cto,
2567 1684 2647 1693 —
2689 1648 2750 1710 Si
2796 1656 3008 1710 autem
3053 1647 3396 1728 objiciatur
3437 1647 3604 1728 quod
3649 1649 3906 1728 negatio

799 1750 1063 1822 nuisset,
1098 1767 1225 1811 non
1274 1756 1441 1810 esset
1484 1747 1549 1808 in
1591 1765 1668 1810 eo
1715 1746 2058 1828 paternitas
2093 1762 2106 1806 :
2142 1763 2293 1825 ergo
2406 1765 2533 1809 non
2577 1747 2731 1808 facit
2771 1746 3010 1828 aliquid
3056 1747 3474 1818 innotescere,
3516 1747 3906 1826 responden-

800 1848 1264 1911 innascibilitas
1313 1865 1438 1908 non
1490 1853 1657 1907 esset
1704 1845 1828 1906 alia
1875 1844 2049 1906 notio
2098 1863 2290 1924 quam
2328 1844 2558 1908 Bdum
2619 1853 2716 1907 est
2773 1845 2943 1927 quod
2997 1863 3220 1906 verum
3279 1852 3374 1906 est-
3431 1845 3508 1906 de
3567 1845 3908 1925 negatione

798 1947 1161 2028 paternitas
1213 1947 1345 2008 Imo
1404 1945 1457 2006 si
1518 1961 1643 2005 non
1699 1951 1863 2004 esset
1924 1942 2288 2023 paternitaS,
2405 1952 2582 2005 extra
2631 1961 2883 2023 genus3
2933 1943 3078 2005 talis
3127 1960 3279 2005 vero
3325 1961 3453 2005 non
3507 1950 3602 2005 est
3649 1945 3910 2024 negatio

798 2063 926 2107 non
974 2052 1141 2107 esset
1188 2045 1384 2106 Patris
1436 2059 1724 2125 persona,
1766 2060 1965 2122 quum
2022 2041 2295 2120 paterni·
2404 2061 2547 2123 quae
2594 2042 2762 2103 cadit
2806 2042 2872 2104 in
2915 2041 3157 2103 ratione
3201 2041 3392 2122 primi
3435 2049 3626 2123 atque
3669 2043 3912 2123 princi-

798 2150 891 2204 tas
923 2142 1265 2204 constituat
1294 2141 1491 2202 Patris
1522 2157 1877 2222 personam.
1915 2139 2289 2210 Dicendum,
2404 2140 2517 2223 pii.
2563 2141 2707 2203 Haec
2750 2140 3064 2202 AlbertuS.

796 2241 965 2321 quod
1016 2237 1405 2319 Augustinus
1463 2236 1686 2299 habuit
1744 2242 2104 2317 respectum
2164 2253 2290 2297 non
2485 2241 2835 2303 coneordat
2876 2239 3203 2302 Udalricus
3244 2239 3310 2300 in
3356 2240 3618 2301 Summa
3659 2259 3794 2316 sua,
3833 2242 3911 2303 li-

794 2339 872 2401 ad
923 2344 1213 2399 naturam
1262 2335 1536 2409 essendi,
1589 2335 1698 2396 sed
1750 2332 2167 2413 intelligendi.
2211 2369 2292 2378 —
2403 2339 2519 2401 bro
2567 2338 2775 2407 tertio,
2820 2338 2954 2401 haec
3005 2337 3257 2420 plenius
3307 2337 3671 2420 exprimens
3715 2357 3729 2400 :
3771 2339 3912 2402 Hoc

794 2438 936 2500 Haec
978 2433 1531 2498 AntisiodorensiS.
2402 2438 2759 2519 (inquiens)
2788 2455 3044 2511 nomen,
3078 2445 3319 2510 auctor,
3351 2437 3528 2498 addit
3570 2437 3636 2498 in
3666 2438 3916 2500 divinis

874 2537 1141 2616 Insuper
1167 2531 1463 2595 Albertus
1495 2531 1599 2593 hic
1639 2530 1861 2592 scribit
1895 2547 1908 2591 :
1942 2529 2289 2592 Innascibi-
2403 2555 2596 2617 supra
2627 2537 2935 2598 rationem
2969 2535 3296 2617 principii,
3317 2553 3444 2598 non
3475 2555 3616 2598 esse
3643 2536 3724 2598 ab
3753 2537 3912 2612 alio,

796 2634 936 2695 litas
967 2639 1063 2694 est
1091 2631 1267 2694 notio
1308 2629 1609 2711 principii
1650 2647 1775 2690 non
1816 2627 2179 2689 exsistentis
2211 2628 2287 2688 de
2404 2634 2572 2715 quod
2606 2634 2724 2696 soli
2756 2635 3054 2695 convenit.
3095 2634 3256 2696 Patri
3293 2651 3307 2695 :
3343 2634 3486 2696 ideo
3525 2633 3696 2696 solus
3725 2635 3918 2697 Pater

797 2731 1134 2813 principio,
1189 2731 1493 2810 Importat
1552 2745 1827 2808 namque
1886 2727 2287 2807 negationem
2403 2741 2622 2795 auctor
2651 2732 2885 2794 dicitur
2917 2733 2982 2793 in
3013 2731 3270 2806 divinis,
3290 2732 3584 2814 quamvis
3611 2741 3674 2795 et
3705 2733 3912 2796 Filius

793 2830 1125 2892 fundatam
1166 2846 1358 2908 super
1395 2845 1527 2888 ens,
1563 2826 1719 2888 Nam
1760 2824 1943 2886 aliter
1973 2833 2069 2886 est
2103 2843 2288 2905 nega·
2403 2831 2650 2894 dicat-ur
2682 2831 3204 2913 principium.Ex
3235 2851 3359 2912 qua
3389 2831 3760 2894 auctoritate
3793 2833 3912 2894 ha-

792 2929 884 2990 tio
925 2928 1004 2988 de
1047 2925 1294 3007 primis,
1326 2924 1511 2986 aliter
1552 2924 1655 2984 de·
1678 2922 2136 3004 posteriOribus
2172 2940 2186 2984 :
2223 2931 2290 2984 ut
2401 2932 2508 2993 bet
2538 2931 2716 2992 Pater
2747 2929 3194 3011 proprietatem
3227 2930 3912 3012 innascibilitatis‚qua

794 3027 849 3090 si
900 3025 1131 3096 dicam,
1180 3023 1382 3085 Homo
1428 3040 1556 3085 non
1606 3029 1702 3082 est
1750 3021 1988 3096 asinuS‚
2044 3021 2292 3102 negatio
2327 3025 2370 3086 C
2403 3031 2540 3112 ipse
2581 3029 2900 3109 ingenitus
2939 3037 3365 3110 nuncupatur.
3403 3030 3490 3091 De
3529 3047 3656 3110 quo
3693 3033 3909 3094 nomi-

797 3126 906 3188 illa
955 3130 1250 3186 causatur
1293 3120 1372 3184 ab
1417 3119 1816 3203 oppositione
1861 3120 1960 3182 vel
2012 3121 2291 3203 dispara-
2403 3149 2482 3191 ne
2528 3128 2954 3190 diversimode
3003 3128 3197 3190 locuti
3247 3135 3396 3190 sunt
3443 3128 3654 3190 Sancti
3699 3147 3712 3190 ε
3756 3130 3912 3193 ideo

796 3225 968 3286 tione
1009 3221 1328 3304 praedicati
1370 3227 1433 3282 et
1472 3220 1744 3300 subjecti
1783 3238 1796 3282 ι
1832 3240 1973 3301 quae
2012 3221 2290 3301 dispara-
2403 3228 2852 3309 exponendum
2883 3234 2978 3288 est.
3007 3244 3240 3289 nomen
3270 3227 3414 3301 hoc,
3439 3235 3752 3308 quatenus
3780 3230 3916 3290 dis-

796 3323 887 3384 tio
919 3328 1213 3384 causatur
1242 3339 1320 3382 ex
1360 3319 1627 3381 diversis
1667 3318 2049 3381 differentiis
2086 3320 2290 3382 homi·
2405 3327 2620 3389 cordia
2659 3328 2736 3387 ad
2782 3325 3185 3388 concordiam
3230 3327 3587 3388 reducatur.

796 3421 899 3483 nis
928 3428 991 3483 et
1020 3420 1202 3481 asini.
1237 3419 1383 3480 ldeo
1415 3417 1523 3479 illa
1552 3418 1803 3499 negatio
1832 3417 2021 3479 habet
2048 3418 2290 3499 aliquid
2484 3425 2826 3487 Sciendum
2867 3442 3036 3504 ergo.
3069 3425 3238 3504 quod
3278 3425 3399 3501 hoc
3438 3442 3694 3498 nomen,
3729 3421 3911 3507 inge-

800 3518 976 3601 prius
1026 3537 1095 3579 se
1145 3518 1210 3580 in
1260 3534 1389 3599 quo
1446 3515 1767 3578 fundatur.
1822 3516 2027 3589 Quum
2077 3524 2292 3579 autem
2403 3522 2598 3595 nituS,
2660 3523 3012 3584 secundum
3072 3523 3241 3603 quod
3299 3523 3710 3604 privativum,
3771 3544 3910 3588 non

799 3618 963 3690 (1100,
997 3616 1280 3678 Primum
1319 3622 1415 3676 681
1460 3615 1629 3695 quod
1676 3614 1837 3675 nihil
1887 3622 2029 3675 ante
2074 3634 2141 3676 Sss
2187 3615 2292 3677 ha-
2407 3621 2704 3684 convenit
2734 3621 2862 3682 Deo
2897 3638 2911 3682 :
2947 3620 3250 3702 quoniam
3283 3621 3491 3683 omnis
3523 3622 3796 3703 privatio
3827 3643 3910 3687 eo

800 3716 928 3787 bet,
963 3714 1214 3796 negatio
1254 3713 1557 3775 fundatur
1596 3731 1788 3793 super
1830 3721 2117 3774 naturam
2166 3714 2295 3795 pri·
2403 3720 2573 3801 quod
2605 3719 2923 3799 relinquat
2964 3719 3326 3799 subjectum
3367 3739 3514 3781 cum
3545 3721 3912 3801 aptitudine

801 3814 912 3887 mi,
947 3814 1131 3895 cujus
1174 3819 1397 3875 natura
1435 3818 1531 3874 est
1570 3812 1737 3893 quod
1779 3811 1940 3872 nihil
1982 3819 2078 3873 est
2117 3813 2296 3893 prius
2405 3818 2541 3880 sine
2587 3825 2754 3889 actu,
2790 3817 3340 3898 imperfectionem
3380 3826 3444 3880 et
3482 3819 3914 3899 potentialita-

800 3930 894 3976 eo.
929 3914 1075 3974 ldeo
1105 3912 1336 3993 exponi
1369 3928 1496 3973 non
1534 3917 1740 3990 potest
1780 3929 1893 3991 per
1923 3910 2296 3973 affirmatio·
2406 3924 2532 3977 tem
2566 3914 2854 3978 includit.
2892 3915 3010 3977 Sed
3053 3923 3242 3996 prout
3281 3916 3557 3978 sumitur
3586 3918 3906 3998 negative,

800 4030 971 4083 nem,
1006 4010 1171 4072 sicut
1204 4008 1507 4091 praedicta
1536 4008 1803 4087 negatio.
1841 4009 2014 4070 Unde
2046 4008 2099 4070 si
2131 4010 2299 4071 dixe·
2405 4014 2611 4075 adhuc
2673 4012 3116 4094 multipliciter
3173 4014 3430 4087 dicitur,
3491 4016 3910 4096 quemadmo-

800 4126 889 4183 re,
909 4109 1108 4171 Homo
1138 4124 1265 4169 non
1296 4114 1392 4167 est
1420 4106 1847 4179 asinuS,dices
1878 4108 2044 4187 quod
2076 4126 2296 4169 verum
2407 4114 2560 4174 dum
2611 4118 2673 4172 et
2722 4111 3070 4174 affirmatio
3119 4111 3178 4173 ei
3235 4112 3526 4193 opposita
3579 4130 3593 4174 :
3647 4114 3800 4194 quia
3853 4117 3910 4177 si

801 4215 934 4285 est3
966 4214 1029 4267 et
1078 4206 1131 4267 si
1183 4204 1543 4287 quaesierim
1597 4223 1874 4276 causam,
1913 4204 2107 4278 diceS‚
2142 4224 2295 4286 quo·
2325 4214 2376 4277 D
2407 4228 2606 4271 unum
2656 4209 3096 4291 oppositorum
3148 4209 3384 4271 dicitur
3433 4210 3909 4292 multipliciter,

800 4306 975 4368 niam
1036 4304 1225 4366 homo
1274 4310 1369 4363 est
1417 4302 1651 4364 animal
1702 4302 2027 4376 rationale,
2078 4304 2295 4366 asinus
2405 4315 2468 4371 et
2515 4307 2854 4388 reliquum.
2889 4344 2970 4353 ——
2999 4309 3188 4371 Porro
3237 4308 3580 4388 generatio,
3617 4329 3758 4391 quae
3807 4320 3914 4373 est

804 4401 1167 4465 irrationale
1202 4419 1215 4462 z
1250 4400 1470 4482 sicque
1503 4418 1759 4462 causam
1801 4402 2150 4480 negationis
2183 4422 2296 4483 per
2405 4405 2751 4468 affirmatio
2779 4406 3090 4488 opposita,
3115 4406 3461 4487 dupliciter
3489 4407 3756 4488 capitur.
3780 4408 3917 4471 Pri-

801 4500 1299 4565 affirmationem
1349 4500 1634 4579 exponiS.
1678 4499 1741 4559 Si
1791 4507 2001 4560 autem
2053 4500 2292 4573 dixero,
2407 4522 2532 4577 mo,
2569 4522 2685 4585 pro
2722 4504 2896 4565 omni
2939 4504 3112 4565 exitu
3155 4504 3220 4565 in
3259 4522 3398 4566 esse
3433 4505 3854 4569 substantiale
3889 4526 3906 4569 :

799 4600 1083 4663 Primum
1111 4605 1381 4660 estante
1410 4598 1575 4677 quod
1606 4596 1768 4659 nihil
1798 4604 1909 4671 est,
1929 4598 2101 4659 dices
2131 4600 2294 4678 quod
2406 4603 2625 4683 sicque
2666 4610 2727 4664 et
2769 4602 3003 4664 creatio
3041 4610 3303 4664 vocatur
3340 4603 3680 4683 generatio.
3723 4604 3912 4667 Unde

804 4717 1027 4761 verum
1080 4705 1224 4775 est3
1275 4703 1337 4757 et
1396 4695 1449 4757 si
1499 4714 1777 4777 quaeram
1829 4714 2045 4775 quare,
2098 4696 2294 4769 diceS,
2407 4699 2472 4761 in
2505 4700 2731 4763 Genesi
2769 4718 2782 4762 ε
2816 4701 2955 4763 Istae
2997 4708 3144 4762 sunt
3182 4701 3620 4781 generationes
3651 4702 3795 4764 coeli
3841 4712 3910 4765 et
3979 4734 4200 4785 Genu,
4223 4744 4268 4783 ,-

804 4798 956 4878 quia
1014 4796 1294 4878 primum
1345 4802 1440 4856 est
1486 4793 1879 4875 principium
1934 4812 1947 4854 ε
2000 4802 2064 4855 et
2113 4795 2298 4876 ponis
2407 4806 2606 4860 terrae.
2643 4798 2954 4873 Secundo,
2987 4799 3348 4880 specialiter
3387 4816 3500 4880 pro
3541 4799 3912 4881 productio—

804 4894 1304 4957 affirmationem
1364 4912 1505 4974 quae
1562 4891 1737 4973 prior
1788 4898 1885 4953 est
1941 4892 2295 4973 negatione,
2406 4916 2486 4957 ne
2517 4915 2594 4957 ex
2625 4896 2981 4958 substantia
3021 4896 3451 4978 producentiS,
3485 4898 3619 4960 sive
3659 4898 3778 4959 hoe
3819 4900 3913 4961 sit

806 4994 915 5057 sed
961 5011 1087 5055 non
1134 4992 1317 5074 ponis
1361 4990 1857 5052 affirmationem
1902 4990 2179 5071 priorem
2225 5010 2300 5055 eo
2407 4995 2758 5058 secundum
2793 4997 3175 5077 completam
3205 4996 3512 5059 rationem
3550 4996 3912 5077 generatio-

806 5092 883 5154 de
933 5108 1061 5173 quo
1108 5091 1186 5152 fit
1235 5089 1506 5171 negati0‚
1552 5089 1703 5171 quia
1752 5089 2001 5169 negatio
2050 5088 2174 5151 fuit
2221 5090 2299 5152 de
2407 5092 2528 5166 nis,
2563 5093 2727 5154 sicut
2765 5093 2829 5157 in
2861 5094 3049 5167 vivis,
3082 5093 3317 5175 quibus
3359 5094 3646 5175 genitum
3676 5112 3911 5157 secun-

806 5190 1035 5274 prim0.
1073 5190 1303 5272 Sicque
1335 5187 1493 5250 illud
1534 5206 1647 5269 per
1675 5187 2171 5251 affirmationem
2205 5190 2298 5251 in·
2407 5192 2557 5253 dum
2593 5192 2920 5254 materiam
2955 5201 3020 5255 et
3049 5192 3343 5267 formam,
3379 5192 3441 5254 id
3481 5200 3578 5254 est
3605 5193 3738 5254 vim
3769 5191 3908 5255 for-

806 5296 1131 5351 notescere
1169 5286 1411 5369 nequit,
1445 5287 1554 5349 sed
1596 5286 1936 5349 innotescit
1975 5305 2088 5368 per
2115 5306 2300 5367 nega-
2407 5290 2733 5362 mativam,
2787 5290 2918 5352 exit
2973 5310 3011 5351 a
3066 5288 3562 5371 generantibus3
3619 5290 3753 5353 sive
3813 5292 3908 5355 sit
