4359 6250
126 3291 425 3340 flou-mma.

126 4483 243 4525 Gen-
250 4478 427 4529 1111,2.

122 4670 177 4712 W
192 4671 325 4724 περ.
342 4678 429 4714 xx,

138 4867 311 4908 „Uar-c.
328 4874 431 4910 vm·

593 539 817 596 ouAEs‘r.
852 541 913 585 iv
947 540 961 585 :
996 542 1081 588 AN
1118 541 1211 587 sir
1245 540 1589 587 assuimus
1626 539 1897 595 Ancum
1935 538 2179 585 causan
2217 538 2336 584 Am·
2371 535 2682 585 amomi
2721 536 3090 584 votmmms
3127 534 3360 581 mvmffi
3421 512 3540 579 617

443 710 523 773 ad
556 710 945 773 desiderium
979 712 1128 775 boni
1164 732 1277 795 per
1306 711 1759 793 promissiones
1791 728 1943 791 prae-
1973 708 2024 772 A
2056 716 2136 785 te,
2168 709 2460 792 quamvis
2491 729 2618 774 non
2649 728 2902 792 semper
2931 708 3408 770 conformentur
3435 722 3543 767 vo-

446 809 753 883 mim-um,
795 817 859 872 et
896 811 1078 891 juvat
1124 811 1201 873 ad
1256 809 1593 873 desiderati
1644 827 1945 872 consecu-

442 908 689 970 tionem
728 928 842 990 per
870 910 1157 991 gratiam.
1183 909 1413 991 Sicque
1442 909 1795 971 secundum
1826 907 1947 968 tria

448 1005 569 1067 ista
598 1006 679 1068 ad
712 1006 915 1088 legem
947 1007 1229 1070 divinam
1260 1006 1767 1089 spectantia,tres
1798 1012 1947 1067 sunt

448 1103 833 1177 voluntates,
886 1106 1103 1171 idest
1149 1105 1271 1167 tria
1326 1106 1527 1186 signa,
1578 1104 1875 1167 videlicet
1928 1122 1942 1167 ε

450 1202 805 1284 prohibitio
834 1221 961 1265 non
993 1204 1200 1265 solum
1233 1222 1347 1286 per
1376 1202 1591 1275 verba,
1612 1202 1722 1265 sed
1752 1201 1945 1263 etiam

450 1320 566 1383 per
616 1309 959 1381 tormenta3
1001 1309 1063 1363 et
1110 1309 1499 1384 praeceptum
1550 1300 1943 1382 legislatoriS,

448 1398 564 1480 qui
622 1417 749 1461 non
810 1399 1084 1481 imponit
1140 1400 1545 1482 importabile
1602 1418 1786 1471 onus,
1837 1398 1947 1460 sed

453 1497 668 1578 ipsum
720 1497 975 1559 alleviat
1020 1498 1260 1561 auxilio
1302 1498 1539 1579 gratiae,
1584 1496 1843 1559 caritate
1886 1504 1949 1558 et

452 1615 568 1677 spe
610 1596 1041 1677 praemiorum‚
1084 1606 1147 1659 et
1187 1598 1305 1660 hoc
1346 1599 1554 1679 quoad
1593 1594 1949 1658 necessaria

450 1695 531 1756 ad
574 1695 883 1773 salutem;
921 1704 985 1757 et
1026 1695 1387 1767 consilium,
1422 1712 1549 1778 quo
1594 1713 1708 1756 nos
1749 1694 1949 1755 inten-

450 1792 547 1854 dit
574 1793 652 1854 ad
691 1793 935 1873 potiora
962 1794 1223 1874 erigere.
1261 1794 1335 1855 Et
1365 1793 1500 1855 haec
1541 1793 1721 1873 signa
1758 1792 1948 1872 signi-

2055 811 2282 873 luntati
2320 809 2704 891 beneplaciti
2744 808 3094 871 secundum
3136 824 3394 868 sensum
3433 803 3544 885 qui

2055 912 2120 972 in
2164 911 2258 973 eis
2305 910 2386 973 ab
2435 909 2693 971 homine
2743 906 3120 988 intelligitur
3161 904 3265 967 cui
3311 904 3420 966 illa
3465 903 3547 965 si-

2054 1028 2177 1090 gna
2237 1016 2745 1091 praesentantur3
2805 1014 2996 1087 atque
3054 1025 3168 1087 per
3225 1021 3548 1085 compara·

2056 1109 2296 1171 tionem
2339 1109 2416 1170 ad
2460 1126 2567 1169 eos
2618 1105 3104 1187 intelligendum
3143 1111 3238 1166 est
3277 1102 3547 1166 verbum

2056 1206 2352 1289 Magistri.
2386 1243 2469 1253 —
2497 1208 2714 1288 Itaque
2745 1206 2812 1268 in
2847 1211 3162 1288 praecepto
3192 1220 3320 1283 quo
3356 1200 3550 1283 jussit

2056 1307 2224 1369 Deus
2273 1306 2540 1369 Abrahae
2597 1304 2808 1367 filium
2865 1321 3052 1365 suum
3109 1301 3366 1375 offerre,
3419 1319 3546 1363 non

2058 1403 2426 1467 intendebat
2473 1404 2638 1465 Deus
2687 1401 3051 1483 significare
3100 1418 3168 1462 se
3219 1398 3381 1461 velle
3428 1398 3548 1459 hoc

2057 1504 2226 1577 fieri,
2276 1504 2387 1566 sed
2437 1502 2806 1565 intendebat
2856 1499 3220 1581 significare
3270 1517 3338 1561 se
3385 1498 3548 1560 velle

2058 1604 2226 1685 quod
2268 1602 2584 1665 Abraham
2630 1600 2891 1663 haberet
2931 1606 3292 1681 promptam
3331 1596 3551 1659 volun-

2058 1708 2253 1763 tatem
2308 1698 2667 1761 obediendi.
2721 1698 2824 1761 Sic
2874 1715 3128 1778 quoque
3184 1694 3552 1757 intendebat

2059 1818 2127 1861 se
2157 1797 2521 1879 significare
2561 1797 2730 1879 quod
2771 1795 3068 1858 Ezechias
3101 1794 3179 1857 de
3219 1792 3552 1855 infirmita-

449 1888 653 1951 ficant
682 1891 883 1953 Deum
922 1890 1087 1953 velle
1128 1891 1449 1953 voluntate
1482 1890 1893 1953 antecedente
1928 1906 1941 1950 ε
1984 1890 2031 1953 Β
2061 1905 2121 1960 te
2172 1897 2280 1959 illa
2329 1897 2674 1959 moriturus
2721 1895 2846 1957 fuit
2893 1894 3246 1957 secundum
3296 1890 3550 1972 exigen-

453 1987 693 2051 idcirco
740 2006 867 2050 non
917 2008 1171 2070 semper
1221 1989 1587 2071 implentur.
1630 2023 1713 2032 —
1758 1986 1947 2049 Porro

450 2086 709 2167 signum
744 2087 1085 2149 voluntatis
1117 2088 1587 2169 consequentiS,
1620 2105 1763 2169 quae
1792 2104 1951 2147 sem-

451 2204 573 2267 per
626 2193 725 2247 est
778 2184 1035 2259 efficax,
1092 2195 1189 2249 est
1243 2184 1546 2268 operatio.
1598 2183 1950 2266 Dupliciter

450 2290 667 2346 autem
699 2283 935 2345 dicitur
963 2284 1195 2365 aliquis
1224 2282 1809 2366 operari,videlicet
1837 2300 1951 2364 per

452 2400 523 2443 se
568 2381 671 2444 vel
719 2391 791 2444 ut
840 2400 1172 2445 removens
1224 2382 1589 2464 prohibenS.
1633 2380 1735 2443 Sic
1784 2380 1949 2442 Deus

452 2487 757 2560 operatur
796 2480 962 2543 bona
1001 2480 1068 2542 in
1109 2480 1293 2543 nobis
1333 2499 1448 2563 per
1486 2500 1553 2543 se
1588 2500 1603 2545 z
1638 2486 1699 2542 et
1730 2479 1819 2541 ita
1856 2485 1951 2540 est

452 2586 753 2660 quartum
796 2578 1074 2660 signum,
1108 2579 1276 2661 quod
1312 2578 1597 2661 operatio
1626 2596 1951 2659 nuncupa-

452 2685 579 2739 tur.
636 2676 793 2739 Mala
848 2695 998 2739 vero
1056 2695 1183 2739 non
1236 2684 1533 2759 operatur
1590 2676 1828 2738 directe
1886 2674 1951 2736 in

453 2774 665 2849 nobiS,
708 2775 818 2837 sed
869 2783 940 2836 ut
988 2794 1177 2836 causa
1226 2793 1340 2857 per
1387 2775 1681 2836 accidens
1734 2793 1747 2836 :
1799 2792 1951 2854 quo-

452 2872 628 2935 niam
678 2874 989 2936 voluntati
1036 2873 1335 2935 renitenti
1384 2872 1701 2935 subtrahit
1746 2871 1953 2934 obsta-

454 2971 675 3033 culum
739 2970 1153 3053 providentiae
1213 2989 1364 3045 suae,
1426 2990 1505 3032 ne
1567 2977 1785 3031 contra
1846 2988 1953 3030 na-

454 3077 667 3133 turam
716 3069 991 3133 liberum
1042 3076 1220 3152 cogat
1268 3069 1628 3143 arbitrium,
1680 3068 1791 3132 sed
1841 3084 1955 3149 pro
1992 3068 2035 3132 C

456 3169 645 3233 libito
674 3188 791 3232 suo
824 3177 1151 3232 moveatur
1183 3169 1248 3230 in
1282 3169 1543 3240 malum,
1574 3168 1758 3248 juxta
1795 3166 1952 3228 illud

454 3268 744 3349 Apostoli
798 3285 813 3330 ε
865 3269 1063 3342 Quem
1114 3267 1252 3330 vult
1311 3267 1582 3328 indurat.
1639 3267 1813 3328 Unde
1873 3266 1954 3328 si-

454 3386 654 3449 gnum
684 3367 855 3428 istud
886 3384 1013 3428 non
1045 3365 1333 3445 designat
1356 3365 1559 3428 Deum
1588 3364 1753 3426 velle
1781 3365 1953 3426 hunc

456 3485 730 3547 pravum
771 3463 1102 3539 effectum,
1145 3465 1255 3526 sed
1298 3463 1542 3545 aliquid
1589 3462 1739 3526 boni
1784 3463 1953 3526 circa

454 3567 695 3648 ipsum,
736 3564 1039 3646 quoniam
1088 3583 1164 3626 ex
1215 3563 1382 3626 malo
1427 3563 1601 3625 elicit
1650 3562 1887 3625 bonum
1934 3580 1948 3625 ε

452 3671 792 3745 propterea
813 3661 1159 3724 arbitratur
1182 3661 1408 3723 melius
1434 3679 1572 3723 esse
1597 3661 1690 3722 illi
1717 3661 1955 3722 subtra-

452 3762 607 3824 here
635 3760 1136 3842 gratiam,quam
1166 3758 1571 3824 non.-—Haec
1601 3759 1947 3822 UdalricuS.

563 3859 747 3924 Circa
810 3858 947 3922 haec
1012 3857 1240 3941 quaerit
1302 3857 1673 3932 RicharduS,
1736 3865 1951 3919 utrum

454 3957 789 4042 quodlibet
837 3957 1162 4038 signorum
1206 3955 1469 4018 istorum
1520 3955 1952 4019 conformetur

455 4055 770 4121 voluntati
829 4054 1233 4137 beneplaciti.
1285 4055 1545 4117 Videtur
1606 4055 1774 4136 quod
1834 4055 1948 4127 sic,

456 4156 611 4238 quia
674 4154 849 4216 aliud
920 4153 1309 4234 praetendere
1376 4153 1559 4234 signo
1623 4161 1731 4214 aut
1798 4170 1951 4214 voce

2058 1995 2212 2057 tiam
2243 2014 2574 2057 causarum
2611 1992 3088 2065 inferiorum,et
3116 1990 3204 2053 ita
3234 1989 3374 2051 fuit.
3397 1988 3552 2051 Con·

2059 2093 2349 2155 formiter
2387 2092 2674 2155 Christus
2721 2089 3097 2172 praecipiens
3136 2106 3325 2162 caeco,
3355 2088 3546 2160 Vade,
3591 2101 3841 2153 Mamm,

2058 2199 2119 2254 et
2150 2190 2395 2253 nemini
2425 2190 2683 2263 dixeris,
2709 2186 3077 2251 intendebat
3107 2206 3176 2249 se
3204 2185 3370 2249 velle
3399 2186 3548 2248 dare
3577 2166 3645 2208 ²⁶·

2058 2289 2422 2371 exemplum
2451 2286 2734 2369 fugiendi
2767 2286 3012 2348 laudem
3041 2283 3555 2347 humanam.Pro-

2061 2395 2202 2470 pter
2243 2387 2410 2469 quod
2461 2386 2550 2449 ait
2588 2385 2806 2449 Glossa
2849 2384 3088 2447 ibidem
3133 2403 3148 2448 :
3191 2384 3306 2446 Dat
3343 2399 3552 2444 exem-

2062 2486 2265 2568 plum,
2290 2492 2360 2546 ut
2389 2484 2486 2546 sui
2521 2484 2587 2546 in
2621 2483 2866 2564 magnis
2897 2500 3038 2564 quae
3069 2480 3332 2555 faciunt,
3359 2480 3552 2541 latere

2061 2583 2299 2661 velint3
2339 2588 2400 2643 et
2450 2588 2519 2642 ut
2566 2580 2710 2642 aliis
2758 2579 3025 2661 prosint,
3067 2579 3413 2661 prodantur
3459 2576 3556 2638 in·

2062 2680 2199 2743 viti.
2234 2716 2313 2725 —
2343 2680 2486 2742 Haec
2530 2678 2898 2741 Richardus.

2495 2949 2970 3024 QUAESTIO
3032 2948 3138 3011 IV

2207 3179 2436 3260 Mplius
2474 3177 2802 3260 quaeritur‚
2837 3177 2964 3243 An
3004 3178 3114 3243 sit
3148 3177 3558 3255 assignare

2233 3277 2585 3358 aliquam
2626 3289 2945 3342 oausam
2986 3276 3127 3341 aut
3162 3275 3559 3341 rationem

2065 3376 2517 3442 voluntatis
2558 3372 2878 3440 divinae.

2158 3473 2422 3535 Videtur
2451 3473 2621 3554 quod
2651 3472 2765 3547 sic,
2791 3470 2942 3553 quia
2972 3470 3038 3532 in
3072 3469 3237 3532 libro
3267 3469 3558 3532 LXXXIII

2066 3572 2496 3645 Quaestionum
2557 3569 2839 3651 loquitur
2895 3567 3286 3648 Augustinus
3339 3584 3354 3629 ε
3405 3566 3556 3640 Quis

2063 3671 2291 3733 audeat
2319 3669 2529 3731 dicere
2560 3669 2760 3730 Deum
2795 3664 3312 3728 irrationabiliter
3342 3663 3557 3728 omnia

2064 3767 2425 3830 condidisse
2455 3769 2479 3828 2

2160 3965 2254 4027 Ad
2311 3963 2430 4025 hoc
2490 3962 2760 4025 Thomas
2823 3963 3162 4044 respondet
3219 3962 3284 4024 in
3345 3961 3554 4044 prima

2063 4069 2242 4144 parte
2300 4062 2598 4135 Summae,
2660 4061 3074 4124 nonadecima
3129 4059 3476 4142 quaestione
3533 4077 3548 4122 ι

2062 4161 2268 4235 Quum
2313 4159 2605 4221 voluntas
2653 4166 2954 4241 sequatur
2993 4158 3409 4234 intellectum,
3449 4178 3550 4222 eo-

457 4273 652 4337 quam
690 4251 959 4314 habetur
999 4250 1065 4312 in
1097 4251 1440 4324 voluntale,
1474 4258 1568 4313 est
1602 4258 1819 4313 contra
1848 4270 1949 4313 ve·
1984 4257 2033 4319 D
2063 4261 2208 4322 dem
2251 4258 2437 4320 modo
2477 4257 2787 4339 contingit
2814 4275 2953 4319 esse
2985 4276 3240 4320 causam
3279 4257 3551 4339 alicujus

456 4353 734 4414 ritatem.
785 4386 866 4395 —
912 4349 982 4411 In
1032 4350 1396 4430 oppositum
1444 4349 1751 4430 arguitur,
1803 4349 1953 4430 quia

459 4452 628 4514 Deus
687 4447 990 4530 praecepit
1034 4446 1300 4510 Abrahae
1349 4448 1680 4529 proprium
1741 4447 1951 4509 filium

460 4549 813 4622 immolare,
846 4553 910 4610 et
947 4555 1160 4608 tamen
1211 4563 1339 4608 non
1386 4547 1587 4609 voluit.
1627 4547 1766 4608 hoc.
1810 4546 1955 4608 Eze-

458 4648 621 4711 chiae
677 4663 934 4728 quoque
993 4644 1285 4726 praedixit
1331 4665 1445 4726 per
1500 4646 1725 4708 Isaiam
1784 4646 1953 4726 quod

460 4750 921 4816 moreretur‚et
953 4749 1157 4803 tamen
1190 4743 1529 4804 convaluit.
1544 4742 1663 4804 Sed
1694 4750 1757 4804 et
1788 4742 1957 4805 Chri-

458 4851 596 4905 stus
649 4842 715 4902 in
764 4838 1106 4918 Evangelio
1152 4838 1343 4919 jussit
1386 4858 1551 4903 caeco
1595 4840 1955 4903 illuminato

460 4959 542 5002 ne
586 4938 964 5022 publicaret,
996 4945 1060 4999 et
1102 4945 1311 4999 tamen
1355 4939 1556 5000 voluit
1602 4939 1739 5000 hoc.

542 5037 920 5111 Dicendum,
956 5036 1125 5118 quod
1156 5036 1485 5118 quodlibet
1514 5037 1840 5118 signorum
1875 5038 1953 5098 is·-

460 5146 674 5198 torum
722 5133 1155 5197 conformatur
1203 5135 1513 5198 voluntati
1571 5135 1955 5216 beneplaciti

462 5234 575 5297 Dei
620 5233 973 5296 secundum
1018 5251 1279 5295 sensum
1318 5232 1429 5314 qui
1476 5233 1541 5295 in
1585 5233 1782 5313 signis
1828 5233 1955 5295 illis

461 5333 779 5415 accipitur
808 5331 943 5394 sive
977 5331 1329 5393 intenditur
1358 5350 1394 5392 a
1427 5331 1550 5394 Deo
1588 5331 1955 5411 significan·

2063 4357 2334 4420 volentis
2381 4362 2455 4418 ut
2494 4353 2669 4428 velit,
2716 4363 2779 4417 et
2820 4355 3093 4436 alicujus
3142 4355 3553 4438 intelligentis

2064 4463 2136 4516 ut
2197 4454 2526 4535 intelligat.
2587 4455 2777 4516 Porro
2839 4453 2904 4515 in
2967 4453 3322 4528 intellectu,
3383 4472 3554 4517 seor-

2066 4571 2209 4614 sum
2268 4551 2663 4632 intelligente
2719 4551 3040 4633 principia
3088 4560 3152 4614 et
3200 4551 3554 4614 conclusio-

2066 4669 2202 4725 nes,
2253 4649 2532 4730 cognitio
2582 4648 2884 4731 principii
2931 4658 3028 4712 est
3077 4667 3266 4711 causa
3316 4649 3556 4713 notitiae

2066 4747 2548 4826 conclusionis;
2619 4765 2745 4809 non
2813 4755 3024 4808 autem
3094 4746 3160 4808 in
3229 4747 3556 4809 intellectu

2066 4852 2409 4926 utrumque
2439 4845 2954 4926 apprehendente
2987 4862 3111 4907 uno
3142 4843 3393 4918 intuitu,
3412 4845 3559 4926 quia

2068 4943 2237 5005 idem
2278 4961 2404 5005 non
2445 4948 2541 5004 est
2579 4960 2770 5004 causa
2811 4942 2910 5004 sui
2953 4941 3172 5022 ipsiuS.
3215 4943 3306 5003 Ita
3346 4943 3412 5004 in
3453 4962 3557 5006 vo·

2067 5038 2236 5101 lente
2296 5038 2406 5120 qui
2467 5055 2594 5100 uno
2651 5045 2795 5100 actu
2854 5038 2994 5100 vult
3049 5037 3272 5112 finem,
3326 5045 3388 5101 et
3429 5038 3556 5102 alio

2066 5145 2212 5198 actu
2274 5136 2504 5210 media,
2565 5135 2728 5198 velle
2787 5134 2988 5197 finem
3051 5143 3146 5198 est
3204 5155 3392 5199 causa
3449 5156 3556 5201 vo-

2068 5234 2239 5296 lendi
2274 5233 2498 5296 media.
2536 5234 2655 5296 Sed
2697 5232 2762 5294 in
2803 5250 2879 5296 eo
2916 5233 3028 5315 qui
3068 5252 3195 5297 uno
3233 5242 3377 5297 actu
3418 5237 3558 5299 vult

2067 5331 2269 5393 finem
2300 5338 2363 5392 et
2394 5331 2622 5406 media,
2651 5331 2871 5394 volitio
2900 5331 3056 5393 finis
3087 5349 3214 5396 non
3243 5341 3340 5395 est
3369 5353 3559 5396 causa

3641 4179 3725 4218 art.
3781 4205 3792 4217 .
