4359 6250
859 478 983 546 472
1735 498 1909 544 mmm
1951 498 1972 544 1
2013 497 2494 545 samam-immi.
2538 515 2621 528 —
2660 498 2813 546 ms‘r.
2858 498 3095 544 xxxviii

863 677 1006 740 Deo
1035 675 1389 756 antequam
1417 673 1552 736 fiat.
1587 671 1730 736 Hoc
1759 672 2019 736 videtur
2045 671 2410 753 praemissis
2439 671 2655 735 verbis
2684 670 3038 752 Augustini
3068 672 3353 737 obviare.
3386 671 3514 736 Hic
3541 673 3719 738 enim
3756 673 3965 754 signi·

865 793 1048 856 ficari
1086 793 1367 870 videtur,
1407 790 1586 871 quod
1623 806 1728 852 res
1774 789 2013 854 futurae
2056 806 2253 852 causa
2303 788 2435 852 sint
2472 788 2943 871 praescientiae3
2977 789 3069 854 ibi
3107 807 3286 870 ver0,
3329 791 3507 871 quod
3546 791 3963 872 praescientia

869 926 1066 974 causa
1110 909 1198 972 sit
1243 924 1463 971 rerum
1511 905 1904 969 futurarum.

1218 1135 1300 1198 D.
1367 1137 1548 1202 Quid
1593 1149 1688 1200 eoe
1731 1135 2112 1209 praedictas·
2157 1135 2550 1197 tenendum
2595 1135 2718 1208 sit,
2770 1149 2938 1198 cum
2994 1135 3611 1198 determinatione

2129 1251 2686 1314 auctoritatum.

1001 1463 1189 1526 Hanc
1229 1461 1433 1542 igitur
1461 1475 1610 1540 quae
1647 1457 1910 1521 videtur
1945 1456 2447 1538 repugnantiam
2485 1457 2565 1520 de
2594 1457 2813 1521 medio
2850 1457 3078 1521 tollere
3108 1458 3468 1539 cupientes,
3508 1458 3816 1538 dicimuS,
3856 1475 3965 1521 res

869 1581 1125 1643 futuras
1162 1577 1537 1640 nullatenus
1577 1592 1843 1640 causam
1883 1592 2024 1637 esse
2060 1573 2490 1655 praescientiae
2530 1574 2633 1637 vel
2671 1575 2962 1638 scientiae
2999 1575 3156 1657 Dei3
3196 1592 3315 1639 nec
3352 1575 3499 1639 ideo
3536 1575 3827 1656 praesciri
3858 1575 3967 1640 vel

870 1696 1047 1775 sciri,
1089 1695 1246 1775 quia
1283 1693 1522 1755 futurae
1552 1691 1656 1754 vel
1696 1690 1882 1753 factae
1921 1691 2076 1753 sunt
2109 1709 2123 1750 :
2159 1689 2251 1751 ita
2288 1691 2688 1771 exponentes
2724 1691 2903 1770 quod
2945 1691 3038 1752 ait
3074 1689 3411 1771 OrigeneS,
3452 1690 3623 1764 Quia
3660 1690 3966 1754 futurum

873 1814 994 1892 est,
1036 1812 1183 1874 ideo
1223 1810 1428 1872 scitur
1463 1825 1500 1870 a
1538 1808 1678 1871 Deo
1717 1808 2068 1887 antequam
2117 1807 2271 1870 fiat:
2306 1806 2373 1868 id
2405 1808 2526 1887 est,
2560 1807 2736 1887 quod
2780 1806 3089 1870 futurum=
3116 1808 3236 1886 est,
3269 1807 3476 1870 scitur
3514 1823 3552 1868 a
3592 1807 3733 1870 Deo
3778 1809 3969 1870 ante-

872 1946 1072 2012 quam
1119 1923 1270 2006 fiat,
1308 1944 1520 2008 neque
1571 1925 1846 1988 sciretur
1889 1925 2018 1988 nisi
2071 1925 2367 1987 futurum
2416 1926 2609 2004 esset,
2656 1926 2731 1988 ut
2779 1943 2912 1988 non
2954 1926 3217 1988 notetur
3254 1909 3347 1989 ibi
3389 1942 3607 2004 causa,
3651 1924 3780 1988 nisi
3818 1925 3968 1988 sine

871 2063 1003 2127 qua
1041 2062 1173 2108 non
1209 2043 1413 2106 fieret.
1449 2043 1549 2104 Ita
1586 2041 1784 2104 etiam
1823 2041 2129 2121 dicimuS,
2161 2041 2505 2104 scientiam
2544 2041 2647 2104 vel
2690 2042 3171 2122 praescientiam
3210 2042 3335 2105 Dei
3363 2057 3496 2104 non
3526 2059 3667 2105 esse
3694 2059 3969 2105 causam

873 2178 1102 2227 eorum
1143 2177 1292 2241 quae
1339 2159 1528 2239 fiunt,
1561 2158 1688 2221 nisi
1731 2157 1930 2221 talem
1969 2157 2109 2220 sine
2157 2175 2291 2238 qua
2339 2174 2471 2221 non
2522 2159 2739 2222 fiunt:
2782 2159 2841 2222 si
2882 2159 3102 2221 tamen
3140 2158 3483 2222 scientiam
3530 2158 3613 2220 ad
3658 2158 3967 2222 notitiam

873 2279 1131 2341 tantum
1183 2277 1566 2341 referamus.
1615 2275 1686 2338 Si
1728 2291 1884 2338 vero
1931 2275 2200 2338 nomine
2246 2275 2537 2339 scientiae
2581 2275 2940 2339 includitur
2988 2276 3185 2338 etiam
3234 2275 3717 2356 beneplacitum
3768 2277 3969 2357 atque

873 2395 1244 2476 dispositio,
1295 2394 1451 2455 tunc
1492 2393 1665 2455 recte
1710 2393 1928 2472 potest
1974 2390 2104 2452 dici
2157 2407 2354 2453 causa
2394 2406 2618 2454 eorum
2670 2408 2818 2472 quae
2861 2391 3041 2454 Deus
3092 2391 3267 2454 facit.
3314 2391 3439 2454 His
3484 2391 3659 2455 enim
3706 2391 3973 2455 duobus

626 2529 701 2585 cs.
728 2529 833 2572 dist.
875 2512 1114 2591 modis,
1156 2511 1230 2573 ut
1258 2509 1563 2591 superius
1599 2509 2035 2590 praetaxatum
2075 2509 2197 2588 est,
2230 2508 2548 2589 accipitur
2580 2508 2865 2588 cognitio
2906 2508 3010 2571 vel
3048 2507 3322 2572 scientia
3358 2508 3505 2588 Dei,
3546 2508 3819 2589 scilicet,
3847 2527 3971 2590 pro

579 2605 705 2635 ’ω’
727 2591 774 2645 Β“
796 2591 845 2634 c'
873 2628 1111 2694 notitia
1139 2626 1302 2707 sola,
1331 2625 1435 2689 vel
1467 2642 1585 2707 pro
1615 2625 1851 2688 notitia
1879 2623 2079 2687 simul
2110 2625 2174 2686 et
2204 2624 2631 2705 beneplacito.
2662 2623 2805 2687 Hoc
2834 2623 3033 2688 modo
3060 2624 3225 2688 forte
3256 2625 3505 2706 accepit
3528 2625 3969 2706 Augustinus,

873 2745 1099 2808 dicens
1141 2763 1154 2804 :
1197 2743 1352 2806 Ideo
1392 2743 1571 2822 sunt,
1614 2741 1770 2822 quia
1805 2741 2014 2821 novit,
2048 2741 2116 2803 id
2148 2741 2270 2820 est,
2304 2740 2461 2820 quia
2496 2740 2728 2803 scienti
2763 2741 3033 2822 placuit,
3074 2742 3140 2804 et
3174 2741 3331 2821 quia
3367 2741 3583 2804 sciens
3610 2741 3968 2822 disposuit.

874 2862 1001 2924 Hic
1041 2878 1276 2924 sensus
1316 2876 1397 2922 ex
1441 2874 1516 2921 eo
1563 2858 1936 2938 adJuvatur,
1970 2856 2125 2938 quia
2163 2857 2244 2920 de
2285 2856 2478 2919 honis
2520 2855 2613 2919 ibi
2650 2857 2907 2920 tantum
2956 2858 3564 2938 agit-AugustinUS,
3596 2857 3849 2921 scilicet
3887 2858 3974 2920 de

874 2976 1190 3041 creaturis
1223 2976 1286 3039 et
1314 2975 1395 3038 de
1423 2974 1532 3038 his
1562 2991 1710 3054 quae
1739 2975 1921 3037 Deus
1961 2973 2117 3035 facit
2157 2992 2171 3034 :
2215 2990 2364 3053 quae
2404 2973 2627 3035 omnia
2655 2973 2841 3036 novit
2869 2990 3002 3035 non
3030 2973 3248 3037 solum
3286 2975 3581 3055 scientia,
3614 2974 3728 3038 sed
3768 2976 3971 3038 etiam

876 3092 1283 3174 beneplacito
1333 3109 1407 3155 ac
1454 3090 1908 3171 dispositione.
1951 3089 2060 3155 Sic
2103 3105 2257 3170 ergo
2302 3088 2393 3153 ibi
2442 3089 2763 3171 accipitur
2798 3089 2919 3154 Dei
2967 3091 3279 3172 cognitiO,
3322 3092 3397 3155 ut
3439 3108 3571 3157 non
3610 3091 3808 3156 modo
3850 3110 3975 3156 no-

875 3210 1115 3289 titiam,
1147 3210 1262 3272 sed
1293 3208 1491 3272 etiam
1521 3207 2002 3288 beneplacitum
2038 3206 2163 3270 Dei
2202 3206 2546 3287 significet.

1010 3323 1182 3387 Mala
1213 3340 1368 3387 vero
1407 3323 1532 3385 scit
1570 3323 1750 3386 Deus
1788 3321 1853 3385 et
1880 3322 2144 3403 praescit
2172 3322 2523 3402 antequam
2554 3322 2736 3401 fiant,
2769 3322 2883 3385 sed
2913 3322 3053 3385 sola
3081 3322 3341 3403 notitia,
3372 3341 3505 3387 non
3534 3324 3970 3407 beneplacito.

877 3440 1151 3503 Praescit
1189 3439 1365 3502 enim
1402 3439 1583 3502 Deus
1621 3440 1685 3501 et
1721 3438 2020 3518 praedicit
2045 3438 2245 3501 etiam
2274 3456 2423 3519 quae
2463 3455 2594 3501 non
2628 3440 2727 3502 est
2764 3438 2904 3519 ipse
2943 3439 3237 3503 facturus
3278 3460 3292 3501 :
3328 3440 3501 3504 sicut
3536 3444 3870 3523 praescivit
3906 3449 3981 3509 et

879 3556 1189 3639 praedixit
1216 3553 1671 3619 infidelitatem
1706 3555 2117 3633 Judoeorum,
2159 3554 2275 3618 sed
2304 3572 2437 3617 non
2471 3554 2645 3618 fecit.
2687 3555 2824 3618 Nec
2866 3556 3014 3619 ideo
3050 3557 3207 3637 quia
3246 3558 3603 3640 praescivit,
3636 3558 3715 3621 ad
3746 3578 3983 3641 pecca-

880 3677 1026 3738 tum
1065 3672 1471 3737 infidelitatis
1510 3688 1624 3736 eos
1654 3671 1868 3751 coegit
1893 3693 1909 3753 ;
1939 3688 2058 3734 nec
2097 3672 2469 3752 praescisset
2506 3671 2608 3734 vel
2638 3672 3056 3752 praedixisset
3090 3673 3263 3736 mala
3302 3690 3555 3753 eorum,
3586 3675 3714 3739 nisi
3753 3684 3984 3743 essent

606 3808 854 3865 Aug.inlo-
883 3810 960 3856 ea
1004 3788 1313 3853 habituri.
1357 3789 1544 3851 Unde
1591 3788 2005 3869 Augustinus
2046 3804 2244 3867 super
2278 3788 2601 3850 Joannem
2636 3806 2651 3847 ε
2684 3788 2865 3852 Deus
2903 3788 3177 3871 (inquit)
3216 3789 3590 3853 futurorum
3628 3795 3979 3877 praesciuS,

591 3874 853 3987 23:³1⁰,‚⁸4‘‚⁸⁶²'
883 3926 1000 3990 per
1040 3906 1439 3988 Prophetam
1474 3905 1782 3987 praedixit
1819 3903 2274 3967 infidelitatem
2321 3904 2731 3985 Judaeorum,
2773 3906 2888 3968 sed
2928 3922 3060 3968 non
3114 3905 3305 3988 fecit3
3346 3925 3557 3989 neque
3604 3912 3989 3991 praescisset

885 4024 1059 4088 mala
1086 4039 1338 4101 eorum,
1370 4022 1500 4084 nisi
1530 4040 1606 4085 ea
1634 4020 1966 4085 haherent.
2008 4021 2158 4084 Non
2196 4020 2373 4083 enim
2411 4020 2557 4084 ideo
2589 4038 2988 4102 quemquam
3025 4024 3107 4086 ad
3136 4024 3539 4104 peccandum
3580 4027 3777 4108 cogit,
3816 4031 3989 4109 quia

885 4143 1109 4205 futura
1145 4139 1494 4203 hominum
1531 4139 1794 4220 peccata
1831 4138 2157 4219 praenovit
2190 4157 2203 4199 :
2246 4137 2513 4200 illorum
2554 4138 2730 4201 enim
2758 4140 3022 4219 peccata
3050 4139 3404 4221 praescivit,
3444 4159 3575 4204 non
3605 4160 3745 4206 sua.
3780 4144 3989 4210 Ideo-

661 4270 678 4291 ·
705 4279 806 4311 ver·
886 4275 1013 4339 que
1051 4256 1109 4319 si
1153 4271 1228 4318 ea
1268 4272 1418 4335 quae
1461 4254 1571 4318 ille
1607 4254 1962 4335 praescivit,
1999 4256 2299 4335 ipsorum
2330 4270 2462 4316 non
2498 4256 2676 4334 sunt,
2710 4271 2841 4316 non
2880 4250 3073 4318 vera*
3112 4255 3223 4319 ille
3268 4258 3620 4337 praescivit.
3654 4259 3781 4323 Sed
3818 4262 3989 4342 quia

886 4372 1066 4438 illius
1101 4369 1514 4452 praescientia
1551 4368 1688 4431 falli
1720 4386 1851 4431 non
1883 4371 2122 4451 potest,
2156 4370 2298 4432 sine
2328 4368 2529 4432 dubio
2558 4387 2691 4432 non
2728 4369 2921 4451 aliuS,
2954 4372 3071 4434 sed
3113 4372 3239 4453 ipsi
3283 4375 3555 4453 peccant
3588 4392 3757 4455 quos
3792 4376 3991 4441 Deus

882 4488 1254 4569 peccatores
1284 4502 1427 4549 esse
1465 4486 1799 4567 praescivit
1833 4506 1847 4547 ε
1883 4488 1948 4549 et
1985 4488 2132 4551 ideo
2173 4488 2231 4551 si
2273 4504 2405 4550 non
2445 4486 2696 4550 malum
2734 4488 2848 4551 sed
2886 4487 3132 4551 bonum
3176 4489 3385 4552 facere
3422 4490 3806 4573 voluissent,
3840 4511 3989 4558 non

881 4604 1133 4668 malum
1186 4602 1422 4668 facturi
1469 4602 1987 4684 praeviderentur
2033 4604 2114 4668 ab
2171 4621 2273 4683 e0,
2314 4604 2428 4685 qui
2478 4605 2665 4667 novit
2709 4605 2869 4686 quid
2918 4604 3006 4668 sit
3061 4604 3341 4685 quisque
3392 4604 3703 4670 facturus.
3730 4642 3817 4654 -
3850 4610 3993 4675 His

878 4721 1097 4785 verbis
1135 4722 1356 4803 aperte
1394 4719 1781 4800 ostenditur,
1817 4720 1875 4784 si
1913 4721 2259 4802 diligenter
2295 4721 2734 4801 attendamuS,
2772 4722 3253 4803 praescientiam
3291 4722 3415 4786 Dei
3454 4739 3589 4787 non
3629 4741 3773 4789 esse
3812 4744 3991 4792 cau-

879 4856 1022 4903 sam
1069 4837 1398 4901 malorum
1435 4853 1585 4918 quae
1634 4838 1897 4917 praescit
1930 4858 1946 4899 ε
1981 4837 2137 4917 quia
2173 4853 2306 4899 non
2356 4855 2432 4900 ea
2477 4837 2741 4919 praescit
2788 4839 3098 4920 tanquam
3140 4838 3457 4917 facturuS,
3498 4856 3620 4903 nec
3660 4842 3993 4923 tanquam

879 4972 1022 5034 sua,
1058 4955 1174 5017 sed
1211 4954 1477 5017 illorum
1515 4952 1632 5033 qui
1679 4954 1834 5017 sunt
1871 4971 1948 5017 ea
1985 4954 2221 5017 facturi
2272 4953 2375 5017 vel
2419 4954 2732 5017 habituri.
2773 4954 3119 5017 Praescivit
3166 4971 3319 5035 ergo
3364 4954 3478 5019 illa
3526 4956 3669 5020 sola
3714 4959 3989 5039 notitia,

878 5088 1011 5133 non
1038 5069 1444 5150 beneplacito
1476 5070 1905 5133 auctoritatis,
1940 5069 2127 5133 Unde
2156 5070 2350 5133 datur
2380 5069 2683 5150 intelligi,
2718 5071 2895 5150 quod
2924 5071 3104 5134 Deus
3134 5088 3487 5136 econverso
3515 5073 3780 5154 praescit
3802 5074 3995 5140 bona

879 5188 1194 5265 tanquam
1231 5202 1373 5264 sua,
1407 5187 1722 5265 tanquam
1752 5202 1830 5247 ea
1859 5202 2008 5265 quae
2041 5184 2331 5248 facturus
2369 5188 2490 5263 est,
2518 5186 2593 5248 ut
2632 5184 2695 5247 in
2730 5185 2842 5250 illa
2872 5186 3277 5267 praesciendo
3302 5187 3503 5251 simul
3537 5188 3735 5251 fuerit
3764 5188 3995 5270 ipsius

880 5300 1118 5362 notitia
1157 5301 1222 5363 et
1255 5299 1665 5363 auctoritatis
1701 5300 2207 5381 heneplacitum.
