4359 6250
900 447 1021 512 206

1554 466 1617 512 {N
1658 465 1880 512 numm
1922 466 1943 510 1
1984 463 2467 511 SENTENTIARUU.
2514 480 2595 492 —·
2634 465 2787 510 DtsT.
2833 466 3021 528 xxv13
3065 467 3289 523 QUAEST.
3335 467 3358 512 1

896 634 1071 697 enim
1122 641 1219 697 est
1267 635 1437 717 quod
1493 635 1673 698 adest
1718 642 1782 697 et
1826 634 2025 696 abest.
2078 633 2203 697 Sed
2259 650 2397 695 esse
2426 631 2477 694 A
2507 632 2642 696 istae
2699 634 3063 700 satisfacere
3123 653 3252 699 non
3313 641 3672 698 censentur.
3723 633 3882 697 Nam
3945 641 4010 696 et

892 732 993 806 ad,
1025 732 1261 814 accipit
1290 733 1645 795 secundum
1686 732 1999 795 rationem
2040 729 2390 804 relationis,

891 848 1033 911 quae
1095 831 1449 893 secundum
1516 848 1654 893 esse
1717 849 1907 892 suum
1976 828 2252 891 refertur
2314 828 2393 890 ad

890 927 1084 990 aliud.
1138 927 1345 1002 Quum
1404 927 1597 1009 igitur
1654 927 1877 990 relatio
1934 934 2030 988 est
2081 925 2252 1009 quod
2300 932 2397 987 est

894 1043 1034 1087 esse
1079 1025 1181 1098 ad,
1235 1025 1409 1108 prior
1454 1033 1550 1088 est
1603 1025 1845 1087 ratione
1891 1024 2033 1106 ejus
2080 1024 2253 1106 quod
2300 1031 2397 1085 est

893 1123 1133 1185 adesse.
1168 1123 1331 1186 Hinc
1370 1123 1660 1206 sequitur
1691 1123 1862 1204 quod
1898 1121 2282 1204 simpliciter
2313 1121 2397 1183 lo·

895 1220 1169 1302 quondo,
1212 1221 1374 1283 ratio
1423 1221 1749 1284 relationis
1799 1220 1975 1301 prior
2023 1220 2106 1282 sit
2153 1220 2396 1283 ratione

894 1318 1260 1381 accidentis.
1294 1353 1376 1364 —
1404 1319 1548 1382 Haec
1590 1319 1964 1381 Alexander.

976 1417 1279 1480 Praeterea
1322 1417 1401 1478 de
1444 1416 1543 1478 his
1588 1417 1655 1478 in
1700 1417 1960 1478 Summa
2009 1433 2144 1491 sua,
2190 1415 2398 1497 primo

900 1514 1085 1589 libro,
1104 1521 1328 1578 tractat
1356 1514 1916 1589 AntisiodorensiS,
1937 1515 2212 1576 recitans
2247 1533 2400 1595 prae·

900 1620 1096 1675 tactas
1154 1613 1509 1695 opinioneS,
1560 1621 1625 1675 et
1672 1631 1943 1693 arguens
1998 1620 2218 1674 contra
2267 1629 2394 1685 eaS,

900 1711 1253 1793 praesertim
1298 1719 1516 1773 contra
1558 1729 1837 1774 errorem
1886 1712 2394 1773 Porretanorum.

2503 731 2683 795 Pater
2725 751 2839 813 per
2883 733 3279 796 intellectum
3323 732 3564 816 profert
3601 732 3906 806 Verbum,
3941 738 4007 793 et

2507 848 2621 910 per
2675 831 3068 895 voluntatem
3126 833 3327 914 spirat
3379 849 3710 908 amorem3
3766 831 4008 912 illaque

2508 927 2804 1002 maxima,
2829 929 2999 1012 quod
3029 929 3200 992 idem
3234 929 3301 992 in
3331 936 3642 1012 quantum
3672 929 3865 1002 idem,
3888 945 4008 989 seu

2508 1023 2677 1087 idem
2727 1027 2952 1089 eodem
3015 1027 3203 1090 modo
3261 1045 3329 1089 se
3377 1026 3642 1100 habenS,
3691 1025 3847 1088 facit
3893 1043 4012 1088 scu

2505 1123 2635 1204 agit
2665 1123 2856 1198 idem,
2878 1123 3303 1188 infallibiliter
3332 1144 3482 1188 vera
3510 1132 3610 1187 est
3633 1124 3808 1207 apud
3837 1123 4014 1186 theo-

2509 1221 2682 1303 logos
2749 1229 2941 1304 atque
3007 1223 3440 1306 philosophos.
3509 1223 3772 1304 Propter
3835 1221 4012 1305 quod

2507 1320 2716 1383 omnis
2780 1321 3108 1384 distinctio
3169 1323 3626 1404 productorum
3688 1339 3766 1382 ex
3827 1327 4012 1402 parte

2510 1418 2919 1498 producentis
2959 1419 3175 1501 aliquo
3215 1420 3402 1482 modo
3440 1419 3633 1481 habet
3667 1419 4010 1500 originem,

2510 1517 2676 1578 sicut
2704 1518 2782 1579 de
2813 1519 2933 1580 hoc
2963 1518 3258 1599 superius
3299 1518 3558 1580 inducta
3596 1524 3746 1580 sunt
3773 1516 4013 1594 multa3

2510 1622 2700 1696 atque
2731 1633 2808 1677 ex
2848 1616 3242 1697 argumentis
3275 1615 3450 1678 Scoti
3489 1623 3552 1677 et
3581 1615 3900 1677 Francisci
3933 1616 4015 1676 de

2511 1713 3080 1796 Mayronis,opinio
3111 1714 3221 1776 illa
3251 1722 3458 1796 potest
3487 1713 3838 1776 clarissime
3869 1730 4016 1776 con·

900 1809 1348 1872 Verumtamen
1378 1810 1750 1892 opinionem
1785 1807 2178 1892 Praepositivi
2221 1809 2400 1869 indu·
2435 1812 2482 1874 B
2513 1809 2723 1873 futari.
2785 1812 3026 1874 Idcirco
3083 1820 3394 1893 quantum
3453 1812 3534 1874 ad
3593 1812 3735 1886 hoc,
3797 1812 4014 1893 potius

898 1916 1065 1970 ctam
1109 1907 1391 1970 affirmat
1434 1927 1572 1970 esse
1616 1909 1891 1970 multum
1938 1907 2334 1988 probabilem
2380 1923 2394 1967 :

897 2006 1252 2068 Videndum
1280 2014 1396 2080 est,
1413 2005 1734 2087 inquienS‚
1750 2006 2066 2086 quomodo
2096 2003 2398 2066 sustineri

898 2105 1098 2185 possit
1128 2104 1346 2185 opinio
1376 2104 1663 2185 magistri
1693 2103 2108 2184 Praepositivi‚
2127 2103 2398 2164 dicentis

899 2202 1068 2284 quod
1116 2203 1284 2264 sicut
1333 2202 1677 2284 paternitas
1726 2208 1824 2265 est
1869 2202 2069 2274 Pater,
2114 2201 2202 2263 ita
2251 2220 2400 2282 sup-

899 2300 1106 2383 posita
1164 2300 1540 2382 paternitate
1588 2299 1972 2382 supponitur
2026 2300 2228 2373 Pater,
2282 2317 2400 2360 nec

898 2405 995 2460 est
1023 2397 1409 2473 differentia,
1443 2399 1567 2460 nisi
1609 2398 1674 2460 in
1716 2398 1904 2460 modo
1945 2397 2247 2478 loquendi
2288 2415 2399 2458 seu

901 2495 1328 2576 significandi.
1374 2497 1571 2577 Cujus
1614 2496 1937 2579 opinionis
1981 2494 2400 2577 probabilitas

900 2602 1163 2677 apparet
1204 2595 1269 2657 in
1308 2596 1450 2669 hoc,
1493 2595 1796 2676 quoniam
1842 2594 2009 2656 sicut
2046 2594 2213 2655 Deus
2258 2610 2403 2675 pro-

903 2701 1044 2774 pter
1073 2692 1193 2755 hoc
1223 2694 1391 2774 quod
1422 2701 1519 2754 est
1548 2693 1914 2755 omnimode
1948 2691 2247 2773 simplex,
2273 2708 2401 2752 non

902 2799 1045 2872 eget
1072 2791 1287 2872 aliqua
1318 2791 1567 2853 actione
1596 2790 1675 2852 ad
1707 2790 1827 2852 hoc
1860 2798 1929 2851 ut
1958 2796 2101 2871 agat
2133 2790 2198 2850 in
2230 2807 2400 2850 crea-

903 2898 1133 2964 turam,
1167 2890 1276 2951 sed
1322 2908 1388 2951 se
1430 2890 1568 2972 ipso
1605 2888 1737 2970 agit
1776 2889 1841 2950 in
1884 2905 2062 2967 eam;
2106 2906 2223 2949 nec
2261 2895 2403 2968 eget

2513 1927 2654 1972 reor
2711 1910 3236 1973 consentiendum
3291 1909 3668 1982 AlexandrO,
3727 1910 4011 1980 Thomas,

2509 2006 2790 2082 Alberto‚
2859 2008 3336 2081 Bonaventurae,
3404 2008 3608 2080 Petro,
3671 2007 4011 2080 Richardo‚

2509 2107 2756 2187 AEgidio
2797 2126 2810 2169 :
2855 2124 3129 2188 quorum
3173 2106 3406 2188 positio
3451 2107 3516 2168 in
3560 2107 3680 2170 bac
3723 2125 3790 2168 re
3831 2125 4013 2168 nunc

2510 2205 2692 2286 quasi
2733 2204 2815 2266 ab
2856 2204 3155 2267 omnibus
3198 2204 3592 2267 observatur.

2590 2400 2684 2462 Ad
2727 2400 3009 2482 primum
3051 2417 3202 2480 ergo
3246 2399 3611 2474 dicendum,
3652 2400 3823 2481 quod
3865 2418 4018 2481 pro-

2511 2496 2810 2579 prietates
2850 2506 3000 2560 sunt
3031 2498 3096 2559 in
3127 2499 3416 2580 personis
3454 2515 3580 2560 non
3611 2497 3792 2579 quasi
3827 2497 4018 2560 reali·

2510 2603 2607 2657 ter
2650 2595 2731 2657 ab
2775 2596 2931 2678 ipsis
2975 2595 3311 2668 distinctae,
3354 2597 3520 2658 sicut
3562 2604 3628 2658 et
3669 2597 4012 2678 sapientia,

2513 2695 2714 2776 pietas
2763 2702 2954 2776 atque
2993 2694 3242 2776 justitia
3283 2703 3379 2757 est
3419 2695 3482 2757 in
3532 2695 3661 2757 Deo
3703 2712 3826 2757 non
3869 2703 4016 2758 tan-

2511 2811 2703 2875 quam
2753 2793 2909 2875 quid
2957 2793 3211 2855 realiter
3257 2793 3630 2855 distinctum
3676 2792 3756 2854 ab
3803 2810 3903 2866 eo,
3947 2801 4016 2855 et

2513 2899 2724 2953 tamen
2758 2890 2933 2953 aliud
2963 2891 3260 2953 convenit
3288 2891 3417 2953 Deo
3446 2890 3687 2952 ratione
3714 2889 4010 2971 justitiae,

900 2987 1116 3069 aliqua
1163 2988 1467 3050 relatione
1515 3007 1643 3069 qua
1691 2987 2001 3050 referatur
2046 2988 2124 3050 ad
2168 2996 2397 3061 creata,
2439 2991 2481 3054 C
2511 2989 2685 3051 aliud
2728 2989 2970 3051 ratione
3013 2989 3481 3052 misericordiae.
3515 2988 3731 3071 Neque
3771 3005 4014 3068 negan-

902 3088 1015 3151 sed
1044 3105 1111 3150 se
1144 3087 1282 3169 ipso
1312 3086 1583 3150 refertur
1612 3088 1691 3150 ad
1721 3107 1795 3150 ea
1829 3105 1841 3149 :
1877 3087 1963 3149 ita
1991 3088 2170 3150 Pater
2198 3105 2398 3169 quum

902 3187 987 3248 sit
1043 3186 1407 3249 omnimode
1467 3186 1762 3267 simplex,
1814 3205 1881 3247 se
1932 3187 2071 3268 ipso
2129 3186 2404 3248 refertur

901 3285 980 3346 ad
1031 3282 1282 3345 Filium.
1316 3319 1396 3329 —
1433 3283 1551 3356 Qui
1592 3302 1741 3365 ergo
1790 3284 2159 3366 opinionem
2215 3282 2401 3345 istam

902 3383 1042 3445 vult
1099 3381 1435 3455 sustinere,
1489 3383 1721 3464 poterit
1776 3382 1853 3443 ad
1917 3381 2248 3443 instantias
2307 3400 2401 3443 re-

902 3480 1236 3563 spondere,
1288 3488 1359 3541 ut
1416 3499 1617 3563 quum
1678 3480 1763 3542 ita
1814 3479 2102 3560 arguitur
2153 3496 2167 3541 :
2225 3480 2403 3541 Pater

900 3586 1180 3660 generat,
1231 3586 1294 3641 et
1342 3580 1521 3641 Pater
1576 3580 1776 3661 spirat
1826 3595 1841 3639 ε
1894 3578 1948 3640 si
2006 3578 2073 3639 in
2132 3586 2402 3659 utraque

902 3677 1334 3760 propositione
1376 3694 1505 3739 non
1546 3677 1882 3739 denotatur
1922 3675 2046 3737 nisi
2090 3676 2271 3737 Pater
2309 3674 2401 3736 sic

900 3793 1115 3856 agenS,
1150 3776 1319 3837 idem
1358 3775 1481 3837 erit
1518 3775 1751 3847 dicere,
1784 3775 1964 3836 Pater
2001 3781 2280 3854 generat,
2313 3780 2397 3847 et,

901 3874 1082 3936 Pater
1118 3874 1335 3957 spirat.
1370 3874 1464 3936 Ad
1503 3873 1673 3954 quod
1711 3873 2052 3946 diceretur,
2085 3872 2257 3953 quod
2297 3872 2402 3934 Pa-

902 3980 999 4033 ter
1036 3979 1295 4053 propter
1332 3990 1513 4033 suam
1553 3970 2052 4052 simplicitatem,
2087 3975 2399 4051 quantum

902 4071 968 4132 in
1020 4089 1087 4132 se
1138 4078 1253 4143 est,
1304 4070 1527 4132 eodem
1589 4069 1777 4131 modo
1826 4086 1893 4129 se
1940 4068 2131 4129 habet
2177 4068 2258 4129 ad
2307 4066 2401 4129 Fi·

2514 3087 2667 3149 dum
2706 3095 2802 3149 est
2831 3086 2990 3170 quin
3029 3093 3092 3149 et
3123 3087 3540 3169 proprietates
3575 3095 3638 3149 et
3667 3086 4014 3150 relationes

2513 3186 2640 3247 sint
2686 3185 2902 3266 aliquo
2951 3187 3138 3248 modo
3183 3186 3247 3247 in
3291 3185 3510 3248 divina
3555 3186 3828 3247 essentia
3875 3194 4018 3247 tan-

2512 3302 2708 3366 quam
2759 3282 2824 3345 in
2875 3282 3311 3358 fundamentO,
3353 3300 3428 3345 eo
3468 3284 3639 3364 quod
3681 3301 3868 3346 omne
3916 3302 4020 3345 re-

2515 3382 2779 3444 lativum
2821 3382 2886 3443 in
2919 3382 3136 3463 aliquo
3173 3382 3465 3445 absoluto
3495 3381 3816 3445 fundetur.
3849 3382 4019 3455 Qua-

2515 3479 2657 3541 liter
2698 3489 2912 3543 autem
2955 3481 3076 3543 hoc
3121 3480 3225 3555 sit,
3259 3488 3322 3542 et
3360 3480 3634 3561 qualiter
3673 3480 3740 3542 in
3779 3499 3910 3541 una
3951 3488 4020 3541 et

2512 3579 2732 3640 eadem
2773 3578 2990 3641 divina
3017 3578 3293 3641 essentia
3321 3579 3631 3660 oppositae
3670 3577 4018 3640 relationes

2512 3676 2775 3756 originis
2834 3684 3069 3758 queant
3127 3675 3404 3749 fundari,
3457 3694 3650 3757 supra
3695 3694 3774 3737 ex
3823 3676 4018 3739 dictis

2513 3774 2867 3848 doctorum,
2932 3774 3283 3856 praesertim
3341 3774 3544 3835 sancti
3600 3773 3885 3836 Doctoris
3947 3776 4016 3836 in

2513 3872 2775 3934 Summa
2804 3881 3023 3936 contra
3052 3872 3341 3953 gentileS,
3369 3880 3681 3954 quantum
3713 3873 4018 3935 humanm

2513 3968 2936 4033 imbecillitati
2981 3971 3048 4032 in
3087 3970 3381 4052 praesenti
3423 3970 3729 4051 possibile
3765 3980 3885 4045 est,
3919 3972 4018 4034 di-

2511 4068 2850 4130 stinctione
2885 4068 3164 4130 secunda
3192 4076 3256 4130 et
3287 4068 3492 4143 tertia,
3526 4076 3856 4131 ostensum
3883 4078 4008 4133 est.
4075 4095 4184 4134 ιω..
4203 4088 4298 4139 111,

4043 4168 4090 4209 p.
4117 4158 4192 4197 1⁸9
4209 4160 4250 4196 ct
4267 4168 4297 4195 s.

905 4167 1063 4231 lium
1093 4176 1156 4229 et
1186 4168 1495 4249 Spiritum
1536 4166 1860 4239 Sanctum,
1894 4173 2105 4227 tamen
2148 4164 2400 4226 diverso
2430 4169 2480 4231 D
2511 4164 2680 4228 Infra
2724 4184 2977 4248 quoque
3022 4173 3358 4247 tangentur
3405 4167 3680 4229 rationes
3722 4167 4014 4231 Durandi

904 4266 1093 4329 modo
1130 4283 1198 4327 se
1227 4264 1419 4327 habet
1455 4266 1533 4326 ad
1580 4263 1721 4326 illos
1766 4262 1831 4325 in
1863 4269 2174 4344 quantum
2216 4262 2399 4343 quasi

900 4364 981 4425 ad
1012 4363 1226 4445 plures
1260 4360 1553 4435 effectuS,
1588 4361 1654 4423 id
1682 4368 1779 4422 est
1810 4361 2149 4441 productos
2184 4379 2198 4422 :
2234 4359 2400 4421 sicut

902 4462 1069 4525 Deus
1106 4468 1417 4543 quantum
1462 4460 1527 4521 in
1567 4478 1634 4521 se
1676 4467 1792 4533 est,
1835 4458 2058 4521 eodem
2104 4458 2293 4521 modo
2331 4478 2398 4520 se

901 4560 1092 4622 habet
1118 4560 1196 4621 ad
1228 4558 1519 4621 homines
1559 4557 1913 4631 universoS,
1947 4556 2151 4620 nihilo
2185 4556 2396 4617 minus

900 4658 1086 4721 aliter
1124 4656 1316 4720 habet
1356 4675 1422 4719 se
1461 4657 1540 4718 ad
1582 4656 1781 4719 bonos
1819 4674 2012 4738 quam
2051 4656 2130 4717 ad
2175 4654 2392 4717 malos

900 4758 1208 4822 Similiter
1254 4756 1418 4830 dico,
1471 4756 1641 4837 quod
1691 4754 1885 4816 verba
1932 4754 2088 4827 haec,
2138 4761 2398 4835 generat

898 4864 962 4919 et
1000 4856 1220 4937 spirat,
1254 4861 1564 4937 quantum
1600 4852 1679 4915 ad
1711 4852 1912 4914 Deum
1952 4852 2196 4913 Patrem
2229 4851 2396 4913 idem

898 4954 1287 5036 significant,
1304 4954 1416 5017 sed
1446 4959 1790 5017 connotant
1820 4950 2071 5013 diversa
2098 4968 2177 5013 ex
2211 4951 2398 5013 modo

899 5052 1327 5135 significandi.
1364 5052 1509 5114 Haec
1550 5049 2109 5113 Antisiodorensis.

980 5152 1213 5215 Verum
1242 5151 1298 5213 si
1331 5148 1724 5232 praeinducta
1757 5148 2014 5219 motiva,
2040 5147 2394 5229 praesertim

899 5250 1377 5323 Bonaventurae,
1437 5248 1557 5310 rite
1614 5253 1984 5329 pensentur,
2045 5246 2394 5309 solutiones

2510 4272 2573 4326 et
2634 4264 2824 4338 Scoti‚
2885 4264 3038 4326 satis
3101 4264 3341 4328 idoneae
3395 4265 3473 4326 ad
3531 4264 4012 4346 reprobandum

2511 4362 2685 4425 illam
2715 4362 3106 4444 opinionem.
3131 4362 3395 4425 Intendo
3423 4363 3664 4445 quippe
3695 4363 3846 4425 huic
3877 4382 4018 4426 ma-

2511 4462 2683 4523 teriae
2733 4461 3080 4533 immorari,
3121 4477 3197 4523 eo
3238 4460 3410 4543 quod
3450 4460 3738 4524 doctores
3787 4462 4018 4542 praeci-

2509 4560 2622 4642 pui
2666 4560 2848 4622 valde
2891 4560 2958 4622 in
3001 4559 3196 4640 hujus
3243 4559 3672 4622 distinctionis
3723 4561 4018 4623 materiis

2509 4656 2844 4719 videantur
2891 4656 3083 4719 variis
3135 4656 3338 4719 modis
3387 4655 3645 4729 sentire,
3691 4664 4018 4738 quatenus

2509 4754 2777 4818 diversis
2817 4754 3228 4836 opinionibus
3266 4761 3456 4835 atque
3487 4772 3707 4816 earum
3749 4754 4020 4817 motivis

2509 4853 2660 4915 hinc
2692 4852 2836 4914 inde
2869 4859 3292 4933 congruenter
3320 4852 3598 4926 attentiS‚
3618 4852 3852 4914 veritas
3879 4854 4022 4915 evi·

2507 4951 2761 5012 dentius
2791 4950 3126 5013 elucescat.
3160 4985 3240 4995 —
3268 4949 3362 5011 Ad
3401 4950 3756 5013 secundum
3793 4950 4022 5013 dicen·

2508 5050 2683 5122 dum,
2733 5048 2906 5130 quod
2953 5048 3121 5110 sicut
3167 5047 3400 5110 divinae
3447 5055 3513 5110 et
3553 5046 4021 5129 superbenedi-

2508 5156 2624 5210 ctae
2658 5163 2944 5229 personae
2979 5154 3127 5209 sunt
3165 5146 3680 5229 simplicissimas,
3715 5146 3804 5207 ita
3832 5149 4018 5228 quod

2507 5246 2574 5308 in
2621 5245 2716 5307 eis
2762 5263 2888 5308 non
2935 5253 3034 5308 est
3080 5245 3267 5307 realis
3313 5244 3662 5319 distinctio,
3707 5246 4018 5326 quamvis
