4359 6250
882 471 1002 535 656
1506 488 1572 534 m
1610 488 1833 534 LIBRUM
1875 488 1895 532 1
1936 482 2418 533 SENTENTIARUH.
2465 502 2545 512 —
2585 484 2738 531 msr.
2783 484 3010 546 xw1113
3054 484 3276 542 ouAEsr.
3323 484 3344 531 1

883 659 1151 741 spondet
1180 658 1340 721 ratio
1372 658 1535 731 talis,
1561 676 1685 721 non
1720 657 1975 719 tendere
2009 656 2074 719 in
2106 646 2247 729 hoc,
2268 655 2377 717 sed
2405 656 2456 717 A
2486 654 2752 728 Psalmo,
2816 655 3159 719 Laetabitur
3214 655 3426 736 justus
3487 674 3685 737 quum
3747 654 3984 717 viderit
4009 672 4158 715 Pam

882 757 1096 818 forsan
1141 756 1204 817 in
1251 757 1662 829 contrarium,
1697 756 1749 818 si
1795 756 2021 818 habeat
2066 755 2376 817 rationem

883 856 1263 917 contrariam
1312 872 1325 916 :
1380 854 1546 917 sicut
1592 854 1793 916 secari
1844 861 2101 935 propter
2148 852 2377 916 sanita-

884 961 1035 1027 tem,
1069 960 1164 1015 est
1208 953 1645 1016 contristabile
1690 953 2041 1016 secundum
2092 971 2374 1025 sensum,

880 1070 1089 1133 neque
1136 1052 1489 1114 secundum
1539 1072 1607 1114 se
1650 1052 1889 1114 bonum
1938 1060 2053 1124 est,
2088 1051 2197 1113 sed
2244 1058 2376 1112 tan·

811 1228 815 1231 ⁴
880 1157 1017 1211 tum
1061 1169 1139 1212 ex
1183 1150 1353 1223 ‚fiue3
1397 1158 1655 1233 propter
1694 1150 1863 1231 quod
1908 1151 2041 1213 sola
2084 1150 2377 1212 voluntas

879 1248 1225 1311 deliberata
1272 1248 1450 1328 eligit
1499 1248 1868 1321 sectionem,
1911 1267 2105 1329 quam
2154 1247 2376 1309 volun-

878 1354 975 1407 tas
1020 1345 1325 1408 naturalis
1382 1346 1830 1427 appetitusque
1880 1346 2223 1408 sensitivus
2273 1344 2379 1405 ab·

879 1445 1157 1508 horrent.
1191 1480 1271 1490 -
1310 1444 1618 1506 Similiter
1667 1445 1731 1506 in
1780 1445 2107 1526 proposito
2152 1451 2247 1505 est
2289 1442 2378 1504 di-

881 1545 1174 1605 cendum.
1229 1543 1293 1605 Si
1343 1544 1513 1604 enim
1574 1544 2086 1625 apprehendatur
2134 1541 2376 1623 aliquid

879 1642 1149 1704 volitum
1198 1662 1336 1705 esse
1386 1662 1422 1703 a
1473 1642 1618 1715 De0,
1671 1642 1841 1723 quod
1892 1642 2213 1723 praecipue
2264 1658 2377 1721 per

880 1740 1133 1822 signum
1166 1741 1550 1823 operationis
1588 1740 2048 1814 manifestatur,
2084 1738 2398 1801 voluntas·

2487 752 2854 815 vindictam.

2567 852 2630 913 Si
2675 859 2888 914 autem
2932 853 3032 914 his
3073 852 3435 932 objiciatur,
3477 852 3646 934 quod
3690 852 3980 914 divinum

2486 949 2754 1011 volitum
2785 958 2882 1012 est
2913 950 3099 1013 nobis
3137 969 3304 1031 saepe
3339 951 3648 1032 ignotum,
3675 968 3824 1030 ergo
3853 968 3984 1013 non

2488 1066 2828 1128 possumus
2861 1066 2974 1111 nos
3003 1049 3059 1111 ei
3095 1048 3513 1111 conformare.
3531 1084 3610 1093 -
3630 1049 3810 1119 Item,
3836 1048 3986 1110 dato

2487 1146 2657 1228 quod
2705 1146 2896 1208 alicui
2948 1166 3062 1209 sua
3113 1146 3428 1210 reveletur
3476 1146 3692 1208 futura
3731 1147 3990 1208 damna-

2488 1244 2596 1317 tio,
2621 1244 2828 1306 adhuc
2859 1263 2988 1307 non
3021 1252 3271 1306 tenetur
3301 1263 3481 1307 suam
3512 1244 3988 1306 damnationem

2488 1342 2650 1403 velle
2686 1361 2699 1405 ε
2737 1343 2867 1404 imo
2905 1344 3112 1406 adhuc
3152 1343 3472 1424 obligatur
3509 1362 3576 1406 se
3612 1362 3690 1405 ex
3727 1344 3987 1405 caritate

2488 1442 2771 1522 diligere,
2805 1447 2872 1504 et
2906 1462 3019 1524 per
3057 1460 3454 1525 consequens
3491 1461 3672 1504 suam
3713 1442 3985 1504 salutem

2486 1548 2740 1621 optare3
2783 1550 2846 1603 et
2881 1540 2966 1602 ita
3006 1558 3132 1603 non
3168 1548 3420 1602 tenetur
3450 1540 3614 1602 velle
3654 1540 3822 1622 quod
3863 1540 3986 1601 scit

2487 1639 2685 1700 Deum
2720 1640 2901 1702 velle.
2927 1638 3340 1721 —AmpliuS,
3369 1638 3656 1701 Christus
3688 1638 3985 1719 cognovit

2487 1756 2666 1799 suam
2727 1738 3088 1819 passionem
3137 1758 3174 1799 a
3222 1738 3349 1800 Deo
3398 1738 3658 1799 volitam
3707 1756 3867 1810 esse,
3920 1745 3984 1798 et

879 1838 1246 1914 deliberata,
1300 1859 1442 1921 quae
1489 1839 1772 1922 sequitur
1820 1839 2129 1901 rationem
2189 1843 2378 1919 prout
2407 1830 2454 1892 B
2489 1841 2698 1897 tamen
2741 1835 2955 1916 aliquo
2999 1837 3186 1898 modo
3229 1834 3434 1897 noluit
3477 1854 3638 1897 eam.

879 1945 976 1999 est
1004 1937 1488 2019 apprehendens
1528 1947 1591 2000 et
1621 1937 1955 2000 conferens
1994 1938 2071 1999 de
2112 1936 2231 1997 hac
2273 1935 2378 1996 bo-

882 2036 1099 2098 nitatis
1145 2036 1405 2111 ratione,
1443 2044 1690 2098 tenetur
1735 2036 1891 2097 illud
1934 2035 2121 2105 velle,
2156 2053 2378 2116 quam-

884 2135 980 2196 vis
1019 2135 1313 2198 voluntas
1364 2134 1668 2197 naturalis
1711 2143 1770 2197 et
1815 2134 2135 2216 appetitus
2180 2133 2378 2195 sensi-

883 2234 1053 2295 tivus
1084 2233 1436 2315 refugiant3
1476 2244 1538 2296 et
1572 2234 1636 2295 in
1669 2233 2039 2314 refugiendo
2069 2231 2378 2294 voluntati

883 2332 1117 2396 divinae
1148 2333 1645 2407 conformantur,
1672 2332 1738 2394 in
1768 2338 2077 2413 quantum
2112 2330 2379 2392 tendunt

885 2432 950 2494 in
992 2431 1232 2493 bonum
1276 2432 1629 2494 secundum
1674 2431 1981 2493 rationem
2024 2429 2378 2511 apprehen-

882 2548 1040 2603 sam,
1070 2531 1239 2592 sicut
1281 2530 1347 2593 in
1392 2529 1504 2592 illo
1544 2530 1655 2612 qui
1700 2530 1804 2612 pie
1845 2529 2017 2591 dolet
2060 2529 2137 2590 de
2178 2534 2378 2589 morte

884 2637 1218 2710 parentum
1258 2638 1365 2691 aut
1396 2629 1670 2708 alicujus
1702 2628 1811 2710 qui
1846 2627 1910 2689 in
1944 2626 2228 2689 Ecclesia
2262 2625 2380 2687 uti-

889 2725 969 2787 lis
1013 2726 1153 2789 fuit.

963 2826 1031 2885 ln
1080 2824 1315 2888 talibus
1364 2832 1576 2887 autem
1632 2832 1839 2887 motus
1885 2823 2228 2886 voluntatis
2277 2822 2381 2884 de-

884 2923 1164 2986 liberatae
1205 2924 1271 2985 in
1314 2924 1553 3005 iniquis
1592 2923 1853 2987 omnino
1886 2929 2222 3002 corruptus
2257 2929 2374 2995 est,

2573 1933 2921 1995 Dicendum
2981 1935 3057 1996 ad
3119 1934 3422 2016 primum,
3484 1934 3653 2015 quod
3714 1933 3980 1995 volitum
4065 2012 4068 2015 Α

2487 2031 2597 2093 Dei
2639 2032 2962 2094 voluntate
3002 2033 3437 2105 antecedente,
3471 2039 3693 2093 notum
3733 2038 3830 2093 est
3873 2050 3982 2093 no-

2487 2129 2586 2191 bis
2625 2148 2702 2191 ex
2743 2129 3015 2192 naturali
3063 2130 3474 2193 inclinatione
3512 2130 3590 2192 ad
3636 2129 3838 2209 bona3
3879 2148 3986 2192 vo·

2487 2228 2671 2289 litum
2731 2236 2945 2291 autem
2995 2228 3105 2291 Dei
3155 2229 3480 2291 voluntate
3529 2236 3979 2309 consequente,

2489 2327 2828 2389 innotescit
2859 2326 3042 2389 nobis
3075 2346 3190 2408 per
3217 2327 3670 2390 reve-lationem
3700 2334 3810 2388 aut
3838 2344 3984 2407 ope-

2488 2425 2816 2487 rationem.
2871 2462 2952 2469 —
2998 2425 3092 2488 Ad
3149 2426 3526 2499 secundum,
3579 2425 3747 2507 quod
3798 2443 3980 2486 casus

2490 2523 2596 2585 ille
2635 2532 2733 2586 est
2771 2525 2952 2605 quasi
3000 2524 3440 2605 impossibiliS,
3473 2523 3775 2607 quoniam
3819 2522 3980 2584 nulli

2488 2640 2602 2683 sua
2647 2622 2970 2685 damnatio
3025 2622 3341 2684 revelatur
3365 2640 3382 2701 ;
3434 2623 3486 2684 si
3540 2630 3754 2683 tamen
3805 2639 3978 2683 reve-

2489 2721 2744 2796 laretur,
2797 2730 3006 2804 posset
3061 2722 3417 2803 intelligere
3475 2721 3656 2804 quasi
3716 2720 3977 2783 commi-

2489 2821 2728 2883 natorie
2769 2821 3011 2883 dictum
3051 2840 3064 2885 :
3111 2828 3362 2883 tenetur
3405 2828 3618 2882 tamen
3664 2819 3828 2881 velle
3870 2837 3976 2881 vo-

2488 2918 2727 2981 luntate
2763 2919 3111 2983 deliberata
3139 2919 3429 2982 ordinem
3463 2919 3658 2982 istum
3687 2917 3972 2998 justitiae,

883 3022 1033 3103 quia
1062 3023 1141 3085 de
1170 3022 1567 3085 ordinatione
1600 3022 1816 3083 divina
1852 3019 2173 3083 multoties
2211 3038 2378 3081 mur·
2409 3020 2452 3082 C
2487 3018 2657 3099 quod
2718 3019 2770 3081 si
2837 3018 2902 3081 in
2968 3026 3229 3101 peccato
3294 3017 3545 3080 mortali
3606 3017 3970 3090 decesserit,

883 3129 1157 3196 murant,
1179 3121 1491 3204 impetum
1522 3119 1949 3183 sensualitatis
1978 3128 2042 3182 et
2072 3117 2378 3180 naturalis

879 3219 1224 3282 voluntatis
1255 3219 1518 3282 omnino
1549 3227 1904 3300 sequentes
1929 3219 2119 3281 Porro
2150 3217 2216 3279 in
2248 3216 2377 3278 via-

880 3317 1125 3381 toribus
1162 3318 1352 3398 justis
1391 3327 1599 3380 motus
1633 3317 1976 3380 voluntatis
2016 3316 2376 3379 deliberatae

880 3425 1211 3498 permanet
1250 3417 1513 3498 integer,
1555 3416 1665 3478 sed
1715 3414 2126 3498 imperfectus
2175 3414 2377 3496 dupli-

880 3515 1039 3578 citer
1072 3534 1086 3579 :
1120 3522 1257 3577 tum
1288 3534 1364 3577 ex
1405 3523 1583 3597 parte
1622 3514 2023 3596 cognitionis,
2059 3513 2211 3595 quia
2248 3531 2372 3575 non

879 3612 1067 3695 plene
1098 3614 1381 3675 divinam
1412 3614 1803 3676 voluntatem
1836 3611 2196 3692 cognoscit3
2235 3619 2372 3673 tum

878 3731 955 3772 ex
998 3720 1173 3793 parte
1216 3711 1599 3786 affectionis,
1642 3712 1793 3793 quia
1835 3731 1913 3774 ex
1958 3710 2233 3773 motibus
2285 3710 2375 3771 in—

877 3810 1221 3874 ferioribus
1262 3812 1633 3874 retardatur.
1672 3811 1845 3874 Unde
1878 3811 1942 3872 in
1973 3810 2207 3872 talibus
2246 3809 2375 3871 suf-

877 3909 1019 3971 ficit
1060 3928 1188 3972 non
1230 3910 1628 3973 recalcitrare
1672 3909 2072 3991 dispositioni
2116 3907 2370 3982 divinae,

877 4027 995 4070 nec
1039 4015 1287 4090 oportet
1328 4009 1491 4071 intra
1530 4028 1597 4070 se
1636 4007 1939 4089 gaudium
1979 4007 2255 4089 experiri
2295 4008 2373 4068 de

878 4125 953 4169 eo
992 4108 1162 4189 quod
1202 4108 1554 4169 secundum
1590 4107 1778 4168 talem
1818 4107 1900 4168 sit
1929 4107 2320 4169 voluntatem
2355 4124 2369 4169 ε

2487 3116 2893 3180 damnabitur
2937 3139 2950 3182 :
2992 3117 3293 3200 quoniam
3339 3117 3504 3180 Deus
3547 3116 3667 3180 hoc
3709 3116 3870 3190 vult,
3912 3124 3974 3178 et

2485 3234 2611 3278 non
2653 3217 3125 3291 damnationem
3165 3235 3280 3299 per
3322 3235 3412 3291 se,
3447 3233 3654 3297 neque
3695 3215 3970 3297 culpam.

2483 3349 2563 3358 —
2610 3315 2702 3377 Ad
2755 3315 3037 3390 tertium,
3090 3315 3260 3397 quod
3312 3315 3600 3378 Christus
3647 3313 3973 3376 voluntate

2484 3413 2744 3475 rationis
2810 3413 3160 3476 deliberata
3227 3433 3409 3475 suam
3479 3412 3679 3476 voluit
3739 3413 3973 3494 passio-

2483 3530 2653 3584 nem,
2706 3512 3002 3574 similiter
3054 3511 3572 3574 benedictissima
3629 3518 3692 3572 et
3747 3510 3976 3590 glorio-

2482 3609 2735 3671 sissima
2791 3628 2863 3671 ac
2925 3609 3335 3672 devotissima
3395 3609 3578 3689 virgo
3639 3609 3852 3682 Maria,
3913 3616 3976 3670 et

2483 3709 2676 3770 ceteri
2720 3709 2953 3782 Sancti,
2994 3708 3288 3791 quamvis
3331 3707 3636 3770 naturalis
3676 3706 3972 3770 voluntas

2482 3807 2800 3869 dissensit.

2562 3905 2682 3968 Sed
2742 3906 2952 3968 denuo
3008 3904 3206 3985 objici
3266 3911 3472 3987 potest
3536 3921 3551 3965 :
3613 3903 3827 3966 Passio
3881 3910 3976 3965 est

2482 4002 2752 4065 effectus
2813 4003 3101 4066 actionis,
3155 4003 3318 4083 Ergo
3374 4003 3427 4065 si
3485 4003 3587 4082 (ut
3643 4001 3709 4063 in
3771 4001 3976 4063 littera

2482 4101 2744 4182 dicitur)
2782 4102 2947 4163 Deus
2994 4103 3174 4164 Pater
3216 4100 3418 4163 voluit
3461 4099 3692 4162 Christi
3747 4099 3976 4180 passio-

878 4207 1045 4268 sicut
1074 4214 1138 4267 et
1169 4207 1353 4268 tertio
1394 4205 1763 4268 Ethicorum
1802 4205 1888 4267 ait
1927 4204 2371 4287 PhilosophuS,
2402 4206 2451 4268 D
2483 4218 2652 4272 nem,
2693 4219 2843 4280 ergo
2879 4208 2942 4262 et
2980 4200 3295 4274 actionem
3346 4199 3692 4280 impiorum
3738 4196 3977 4260 interfi-

880 4304 1049 4385 quod
1089 4303 1331 4365 sufficit
1364 4302 1512 4365 forti
1544 4304 1621 4365 de
1654 4303 1958 4385 periculis
1994 4303 2216 4365 mortis
2247 4321 2372 4364 non

880 4401 1258 4464 contristari.
1295 4401 1370 4463 Et
1402 4402 1534 4464 haec
1568 4408 1664 4463 est
1694 4401 2104 4464 conformitas
2134 4400 2276 4473 viae,
2310 4401 2372 4461 id

878 4507 975 4561 est
1022 4499 1440 4562 conformatio
1489 4499 1833 4561 voluntatis
1881 4500 2175 4562 humauae
2225 4517 2372 4560 cum

877 4597 1095 4660 divina
1154 4598 1219 4658 in
1271 4598 1401 4660 vita
1452 4598 1589 4659 hac.
1651 4598 1719 4659 In
1777 4598 1983 4660 Beatis
2035 4615 2186 4660 vero
2243 4615 2374 4658 mo-

878 4705 980 4759 tus
1039 4697 1381 4760 voluntatis
1439 4695 1803 4758 deliberatae
1858 4704 1953 4757 est
2009 4695 2254 4776 integer
2299 4713 2372 4756 ac

878 4796 1222 4878 perfectuS‚
1266 4806 1402 4858 tum
1442 4815 1519 4858 ex
1560 4803 1736 4877 parte
1778 4794 2179 4876 cognitionis,
2224 4812 2376 4876 quo-

881 4895 1053 4956 niam
1105 4894 1496 4956 voluntatem
1556 4893 1839 4955 divinam
1902 4892 2087 4974 plene
2146 4910 2373 4973 cogno·

880 5000 1103 5071 scunt3
1139 5001 1277 5054 tum
1316 5011 1393 5054 ex
1434 5000 1611 5074 parte
1652 4990 2033 5064 affectioniS,
2066 5011 2208 5072 quae
2247 5009 2378 5052 om-

879 5091 944 5152 ni
1019 5089 1304 5153 inferiori
1375 5089 1686 5172 appetitui
1760 5089 2140 5152 dominatur.
2215 5089 2374 5150 Hinc

877 5189 1151 5252 videndo
1198 5188 1370 5271 quod
1419 5189 1584 5250 Deus
1627 5188 1787 5262 vult,
1830 5188 1999 5269 quod
2044 5188 2266 5250 volunt
2313 5195 2376 5249 et

877 5288 1023 5372 ipsi,
1082 5288 1388 5369 gaudium
1448 5287 1866 5370 experiuntur
1916 5307 1930 5350 :
1984 5286 2061 5349 de
2120 5304 2248 5368 quo
2307 5285 2373 5348 in

2483 4299 2788 4360 cientium
2822 4299 3033 4380 ipsum
3059 4316 3073 4360 :
3095 4299 3278 4378 cujus
3307 4297 3674 4379 oppositum
3709 4297 3977 4360 habetur

2485 4397 2552 4458 in
2593 4404 2785 4458 textu.
2818 4433 2899 4440 —
2928 4397 3304 4471 Dicendum,
3340 4396 3510 4477 quod
3555 4396 3768 4476 passio
3808 4395 3976 4458 Chri·

2482 4496 2562 4557 sti
2612 4495 2853 4577 duplici
2905 4495 3226 4575 subjacuit
3273 4493 3649 4575 operationi,
3699 4502 3918 4576 utpote
3958 4511 3972 4554 :

2481 4595 2714 4655 actioni
2761 4601 3264 4676 persecutorum,
3308 4593 3372 4654 in
3416 4600 3728 4674 quantum
3774 4591 3976 4654 fuerat

2481 4692 2812 4766 afflictiva,
2845 4699 2909 4754 et
2949 4693 3035 4754 ita
3074 4711 3200 4756 non
3241 4691 3362 4753 fuit
3389 4710 3424 4753 a
3454 4692 3582 4753 Deo
3611 4691 3830 4763 volita,
3865 4691 3977 4753 sic-

2485 4798 2554 4852 ut
2593 4809 2711 4852 nec
2757 4791 2922 4853 actio
2972 4791 3117 4870 illa3
3158 4798 3221 4852 et
3269 4791 3421 4852 item
3470 4789 3830 4871 operationi
3877 4807 3978 4852 vo-

2486 4889 2745 4950 luntatis
2792 4889 3021 4951 animae
3070 4888 3324 4962 Christi,
3378 4889 3443 4950 in
3493 4895 3808 4969 quantum
3858 4887 3979 4949 fuit

2484 4987 2829 5061 meritoria,
2882 4987 3102 5068 sicque
3161 4985 3284 5048 fuit
3342 4986 3576 5067 placita
3635 4986 3784 5047 Deo.
3837 4987 3978 5047 Fre-

2482 5093 2752 5168 quenter
2789 5087 3028 5168 quippe
3059 5085 3352 5148 voluntas
3391 5092 3454 5146 et
3483 5082 3643 5146 ratio
3683 5083 3978 5146 dividunt

2483 5205 2624 5269 quae
2665 5193 2888 5248 natura
2929 5184 3279 5265 conjungit.
3315 5219 3395 5230 -—
3423 5184 3567 5246 Haec
3597 5183 3874 5246 Thomas
3911 5183 3974 5246 in

2483 5283 2750 5368 Scripto.

4160 678 4246 723 m.
