4359 6250
1253 502 1338 547 AN
1379 502 1636 548 GARITAS
1679 501 1881 548 Possm*
1921 502 2146 548 AUGRRI
2192 503 2253 547 {N
2296 504 2609 550 leNl'rUn
3407 487 3487 552 49

385 671 530 733 tatis
579 671 953 746 essentiam,
986 693 1184 755 quum
1233 673 1461 737 caritas
1511 672 1730 754 patriae
1779 691 1884 734 ne·
1912 672 1963 735 A
1997 690 2112 754 pro
2160 691 2227 735 se
2275 673 2523 755 allegat,
2570 674 2719 756 quia
2770 675 2832 736 in
2880 674 3042 738 libro
3090 675 3492 738 Retractatio-

381 778 574 852 queat
635 771 704 832 in
765 769 1090 833 infinitum
1145 773 1362 854 augeri
1416 789 1430 833 :
1485 772 1614 833 imo
1672 779 1884 854 posset

379 870 811 950 quorumdam
861 870 1194 932 Beatorum
1244 871 1572 932 caritatem
1621 871 1881 932 excede-

379 985 474 1037 re,
509 966 632 1029 nisi
663 967 839 1030 aliud
869 967 1082 1031 forsan
1117 969 1413 1032 obstaret.
1451 969 1748 1042 Quamvis
1777 988 1883 1030 au-

379 1073 516 1127 tem
572 1067 803 1129 caritas
850 1067 971 1130 viae
1020 1075 1233 1149 posset
1280 1067 1496 1148 augeri
1551 1066 1616 1128 in
1667 1066 1882 1128 infini-

377 1171 546 1238 tum,
597 1184 928 1247 nunquam
977 1172 1189 1227 tamen
1250 1173 1464 1248 posset
1521 1166 1882 1248 pertingere

375 1263 460 1324 ad
503 1262 768 1343 gradum
811 1282 923 1325 seu
965 1263 1422 1346 perfectionem
1462 1271 1651 1345 atque
1683 1262 1884 1325 fervo-

377 1379 524 1422 rem
570 1361 848 1423 caritatis
889 1361 1222 1424 Beatorum
1267 1369 1578 1444 quantum
1616 1362 1694 1422 ad
1735 1380 1880 1443 ope·

377 1459 698 1521 rationem
742 1477 758 1520 :
801 1460 1104 1541 quoniam
1150 1460 1324 1522 Beati
1375 1461 1590 1522 vident
1637 1467 1698 1521 et
1747 1459 1887 1521 dili-

373 1565 550 1638 gunt
617 1558 814 1620 Deum
878 1567 948 1621 ut
1010 1566 1409 1641 praesentem,
1473 1559 1746 1622 viatores
1817 1566 1884 1619 ut

375 1656 740 1731 absentem,
783 1657 849 1718 id
899 1664 993 1720 est
1043 1674 1170 1720 non
1221 1658 1388 1720 clare
1436 1657 1666 1720 visum.
1703 1657 1883 1720 Nunc

374 1771 542 1836 ergo
568 1754 984 1818 desiderando
1023 1755 1176 1818 illuc
1214 1756 1569 1829 tendamuS‚
1605 1755 1754 1837 quia
1783 1755 1885 1817 de-

1997 790 2150 832 num
2194 773 2584 852 Augustinus
2638 779 2932 835 retractat
2986 775 3155 855 quod
3211 773 3275 835 in
3326 773 3491 836 libro

1996 870 2073 932 de
2124 870 2403 932 Moribus
2454 871 2751 934 Ecclesiae
2802 872 2983 946 dixit,
3025 873 3249 946 Deum,
3298 891 3488 954 quem

1999 987 2377 1049 cognoscere
2427 969 2745 1043 volumuS‚
2780 971 2957 1052 prius
3002 971 3189 1053 plena
3231 970 3491 1033 caritate
3544 957 3553 966 ’

1996 1066 2375 1147 diligamus3
2406 1075 2470 1128 et
2508 1067 2595 1128 ait
2630 1084 2643 1128 :
2678 1067 2899 1130 Melius
2938 1068 3257 1130 diceretur
3292 1069 3495 1130 since-

1997 1183 2086 1238 ra,
2139 1183 2333 1246 quam
2394 1165 2602 1247 plena,
2656 1166 2779 1228 nisi
2837 1165 2999 1228 forte
3057 1174 3315 1248 putetur
3364 1185 3491 1230 non

1997 1281 2134 1324 esse
2169 1263 2473 1344 majorem
2508 1264 2813 1337 futuram,
2849 1266 3103 1346 quando
3130 1264 3491 1327 videbimus

1997 1360 2161 1422 facie
2192 1360 2270 1422 ad
2303 1360 2554 1423 faciem.
2592 1362 2693 1424 Sic
2726 1362 2938 1444 itaque
2967 1363 3336 1444 accipiatur,
3361 1369 3493 1424 tan-

1998 1478 2191 1540 quam
2224 1459 2412 1541 plena
2451 1460 2620 1522 dicta
2658 1461 2761 1534 sit,
2795 1480 2921 1542 qua
2954 1461 3157 1541 major
3195 1479 3332 1523 esse
3364 1479 3491 1523 non

1998 1559 2201 1639 possit
2262 1558 2567 1640 quamdiu
2629 1558 3033 1620 ambulamus
3095 1578 3208 1640 per
3267 1558 3485 1622 fidem.

1999 1655 2134 1716 Erit
2172 1656 2345 1718 enim
2388 1655 2655 1739 plenior,
2693 1657 2822 1720 imo
2860 1657 3254 1739 plenissima,
3287 1658 3491 1719 sedin

1999 1753 2243 1815 visione
2275 1773 2387 1835 per
2418 1755 2720 1836 speciem.
2748 1755 2822 1816 Et
2852 1755 2986 1817 haec
3015 1755 3233 1836 opinio
3262 1755 3493 1820 certior

373 1855 723 1918 siderando
771 1855 1133 1938 capaciores
1180 1853 1526 1917 efficimur.
1581 1855 1885 1928 Quemad-
1921 1857 1968 1919 B
1998 1871 2135 1914 esse
2176 1852 2448 1927 videtur,
2484 1860 2545 1914 et
2585 1854 2785 1935 magis
2826 1854 2903 1915 de
2949 1861 3160 1916 mente
3198 1855 3492 1936 Augusti-

377 1953 650 2016 modum
679 1954 852 2016 enim
884 1955 939 2016 si
969 1954 1164 2015 velles
1204 1954 1418 2017 sinum
1450 1962 1631 2015 tuum
1665 1953 1887 2034 imple-

373 2071 450 2114 re
505 2052 721 2134 aliquo
767 2051 937 2115 bono
983 2051 1101 2114 tibi
1153 2053 1532 2135 praestandO,
1577 2059 1641 2114 et
1689 2051 1884 2112 scires

374 2169 583 2231 quam
633 2169 933 2231 magnum
983 2158 1150 2213 esset
1198 2151 1318 2214 hoc
1369 2150 1632 2225 bonum,
1673 2157 1887 2212 exten-

375 2249 570 2310 deres
615 2249 828 2311 sinum
869 2255 1074 2323 tuum,
1107 2257 1171 2311 et
1208 2249 1606 2312 extendendo
1643 2248 1885 2310 faceres

376 2348 819 2428 capaciorem3
851 2347 946 2409 sic
996 2349 1160 2410 Deus
1209 2347 1569 2410 differendo
1617 2346 1888 2408 beatitu-

375 2446 608 2508 dinem
652 2446 940 2508 extendit
983 2446 1394 2520 desiderium,
1429 2453 1742 2528 quatenus
1785 2463 1886 2506 ex-

376 2551 642 2606 tensum
685 2543 802 2607 fiat
844 2544 1164 2626 capaciuS,
1197 2551 1260 2606 et
1304 2551 1520 2626 postea
1564 2542 1886 2624 copiosius

377 2641 728 2724 repleatur.
761 2677 842 2688 ——
884 2643 1058 2706 Unde
1107 2643 1334 2706 caritas
1382 2642 1502 2705 viae
1553 2641 1887 2724 perficitur

377 2741 448 2802 in
483 2741 691 2822 patria
731 2741 932 2822 magis
965 2748 1276 2823 quantum
1308 2741 1386 2803 ad
1427 2759 1616 2802 suum
1645 2747 1882 2812 actum,

374 2859 582 2921 quam
631 2840 700 2901 in
747 2859 863 2902 sua
909 2839 1208 2914 essentia,
1242 2839 1534 2921 quamvis
1583 2846 1648 2900 et
1699 2837 1764 2899 in
1813 2855 1886 2898 ea

377 2937 764 3020 perficiatur
793 2956 906 3020 per
925 2939 1199 3020 ⁴gradum
1230 2937 1620 3020 completum
1651 2943 1716 2998 et
1746 2935 1887 2997 ulti-

1998 1949 2082 2010 ni.
2130 1985 2212 1995 —
2253 1951 2396 2014 Haec
2437 1951 2763 2013 HenricuS.

2076 2048 2375 2111 Albertus
2430 2057 2644 2111 tamen
2699 2051 2765 2111 in
2824 2049 2987 2112 libro
3046 2052 3123 2112 de
3172 2050 3493 2113 Laudibus

1995 2145 2471 2227 gloriosissimae
2500 2148 2778 2229 Virginis
2818 2148 3028 2210 Matris
3060 2149 3194 2223 Dei,
3230 2155 3494 2211 testatur

1997 2245 2166 2325 quod
2209 2245 2345 2328 ipsa
2388 2245 2904 2328 incomparabilis
2943 2254 3132 2328 atque
3173 2247 3492 2309 sanctissi-

1999 2362 2100 2404 ma
2145 2343 2517 2406 christifera
2558 2344 3037 2430 Virthabuit
3086 2346 3152 2406 in
3200 2346 3319 2407 hac
3360 2346 3491 2407 vita

1997 2442 2324 2504 caritatem
2383 2443 2723 2524 (quantum
2774 2444 2851 2504 ad
2908 2443 3229 2524 habitum)
3285 2442 3489 2526 perfe-

1997 2540 2261 2604 ctiorem
2313 2542 2572 2603 caritate
2620 2542 2909 2605 omnium
2962 2543 3296 2606 Bea'torum
3348 2549 3493 2624 post

1999 2639 2339 2702 Christum.
2375 2641 2451 2702 Et
2490 2641 2633 2703 talis
2671 2641 2889 2723 opinio
2925 2649 3257 2704 attestatur
3288 2642 3490 2723 digni-

2001 2739 2109 2799 tati
2161 2739 2700 2820 praestantissimae
2744 2741 3041 2822 VirginiS,
3074 2741 3203 2804 imo
3250 2748 3315 2802 et
3364 2741 3493 2822 pie-

1995 2837 2108 2898 tati
2159 2838 2413 2912 divinae,
2466 2857 2608 2919 quae
2654 2838 2875 2900 electis
2924 2839 3057 2900 suis
3106 2840 3213 2901 dat
3260 2840 3327 2901 in
3372 2839 3491 2901 hac

1997 2936 2127 2998 vita
2161 2944 2354 2999 totam
2395 2937 2720 2999 caritatem
2760 2956 2953 3019 quam
2994 2948 3387 3015 meruerunt,
3423 2947 3493 3002 ut

377 3044 652 3099 matum.
683 3037 872 3100 Porro
913 3037 1140 3099 caritas
1185 3037 1542 3110 Beatorum,
1573 3042 1884 3117 quantum
1922 3038 1965 3100 C
1996 3054 2137 3097 eam
2169 3035 2489 3117 copiosius
2532 3044 2917 3112 mereantur,
2950 3055 3069 3099 nec
3110 3046 3389 3101 reservat
3418 3057 3491 3100 ac

373 3144 480 3199 est
511 3154 592 3197 ex
631 3143 808 3218 parte
839 3135 1141 3211 caritatiS,
1177 3143 1391 3217 posset
1427 3135 1645 3216 augeri
1683 3152 1696 3197 :
1730 3152 1883 3216 quo-

373 3236 560 3297 niam
593 3252 720 3297 non
752 3234 1041 3316 pervenit
1071 3234 1150 3296 ad
1183 3234 1528 3296 terminum
1564 3252 1754 3295 suum
1785 3252 1886 3294 su-

375 3351 706 3415 premum,
757 3352 959 3414 quum
1011 3332 1094 3394 sit
1141 3332 1344 3413 major
1395 3332 1460 3393 in
1511 3348 1639 3393 uno
1695 3331 1884 3393 Beato

371 3450 578 3514 quam
613 3430 758 3494 alio.
795 3430 970 3504 Quod
1013 3438 1226 3493 autem
1266 3429 1485 3511 augeri
1525 3446 1652 3491 non
1691 3429 1879 3503 valet,

371 3537 480 3592 est
519 3548 598 3592 ex
639 3536 816 3611 parte
853 3536 1053 3591 status
1091 3545 1312 3591 eorum
1349 3545 1363 3589 :
1398 3528 1701 3610 quoniam
1733 3535 1884 3589 sunt

373 3628 448 3690 in
490 3628 790 3702 termino,
834 3645 962 3690 non
1005 3627 1072 3689 in
1114 3627 1236 3689 via.

463 3728 532 3791 Si
579 3734 796 3790 autem
843 3726 988 3810 quis
1047 3727 1260 3803 instet,
1311 3727 1616 3809 quoniam
1675 3725 1879 3789 fomes

375 3828 592 3890 minui
634 3833 842 3909 potest
872 3826 938 3888 in
979 3824 1332 3900 infinitum,
1365 3842 1514 3907 ergo
1554 3824 1782 3887 caritas
1814 3824 1880 3887 in

371 3926 716 3988 infinitum
756 3932 966 4007 potest
1001 3924 1240 4006 augeri,
1273 3942 1473 4006 quum
1513 3922 1754 3986 fomitis
1791 3923 1882 3984 di-

373 4024 659 4088 minutio
706 4023 788 4086 sit
835 4022 1115 4085 caritatis
1163 4029 1578 4104 augmentum
1617 4039 1632 4084 ι
1667 4021 1878 4083 dicen-

371 4125 536 4186 dum
593 4123 768 4205 quod
826 4138 955 4185 non
1013 4121 1322 4203 sequitur,
1381 4121 1531 4203 quia
1593 4120 1880 4182 infinitas

1997 3134 2218 3197 differt
2266 3136 2333 3197 in
2385 3135 2693 3198 futurum.
2730 3136 2936 3209 Quum
2984 3137 3157 3199 enim
3206 3139 3312 3200 dat
3356 3157 3493 3220 gra-

1995 3233 2150 3296 tiam
2202 3233 2587 3296 immeritam
2644 3234 2709 3295 in
2759 3236 3077 3316 praesenti,
3118 3236 3319 3300 multo
3366 3237 3491 3301 for-

1999 3331 2121 3393 tius
2151 3332 2259 3393 dat
2285 3349 2541 3394 omnem
2584 3332 2877 3395 meritam
2908 3334 3235 3397 caritatem
3265 3342 3329 3397 et
3355 3354 3491 3416 gra-

1996 3430 2152 3492 tiam
2200 3430 2263 3492 in
2308 3432 2539 3494 saeculo
2582 3431 2721 3494 isto.

2074 3528 2235 3590 Huic
2292 3528 2592 3610 positioni
2649 3530 2902 3593 Henrici
2962 3539 3263 3594 consonat
3318 3535 3488 3614 quod

1994 3627 2434 3689 Bonaventura
2491 3627 2597 3690 hic
2656 3628 2878 3690 scribit
2930 3646 2945 3691 ε
2997 3630 3205 3693 Status
3266 3639 3365 3693 est
3420 3632 3487 3693 in

1992 3734 2335 3808 augmento
2366 3727 2645 3790 caritatis
2675 3728 3029 3789 secundum
3066 3746 3323 3791 omnem
3356 3748 3487 3793 mo-

1991 3824 2146 3886 dum
2198 3842 2324 3907 quo
2370 3824 2668 3888 convenit
2712 3844 2851 3887 esse
2893 3833 3129 3889 statum
3171 3834 3237 3889 et
3278 3827 3486 3910 perfe-

1993 3922 2271 3985 ctionem
2321 3922 2387 3985 in
2438 3931 2613 3986 motu
2657 3925 3000 4005 augmenti.
3052 3925 3482 4007 Augmentum

1991 4020 2253 4103 quippe,
2288 4022 2455 4084 sicut
2489 4023 2555 4085 in
2594 4021 3029 4104 corporalibus
3070 4031 3262 4105 patet,
3296 4024 3488 4087 habet

1991 4126 2226 4182 statum
2256 4139 2292 4181 a
2326 4120 2549 4195 tribuS,
2574 4121 2871 4183 videlicet
2898 4141 2934 4183 a
2964 4122 3200 4185 virtute
3230 4132 3480 4206 agente,

369 4221 672 4303 negative
715 4227 780 4283 et
820 4220 1130 4303 privative
1173 4220 1344 4282 dicta
1386 4226 1594 4302 potest
1633 4236 1882 4301 compe·
1911 4223 1960 4285 D
1989 4237 2026 4280 a
2075 4218 2356 4299 potentia
2405 4219 2814 4301 suscipiente,
2847 4226 2911 4281 et
2956 4238 2993 4281 a
3040 4219 3245 4284 forma
3294 4222 3484 4305 perfi-

373 4330 512 4384 tere
571 4319 906 4392 creaturis,
968 4335 1095 4382 non
1151 4326 1366 4381 autem
1425 4316 1712 4381 infinitas
1771 4334 1880 4399 po-

373 4420 591 4483 sitiva.

449 4506 592 4582 Alia
621 4533 776 4581 vero
803 4524 902 4579 est
931 4515 1291 4580 communis
1321 4515 1561 4597 opinio,
1588 4514 1760 4597 quod
1790 4532 1884 4577 ca-

375 4619 540 4681 ritas
579 4616 792 4699 quoad
844 4633 1026 4677 suam
1063 4613 1406 4676 essentiam
1446 4631 1574 4676 non
1613 4612 1882 4675 habetur

375 4717 494 4780 hic
531 4714 837 4799 perfecta,
871 4731 989 4775 nec
1029 4712 1135 4774 hic
1177 4712 1376 4793 possit
1414 4711 1647 4774 habere
1679 4710 1883 4794 perfe-

373 4824 564 4878 etum
590 4819 1034 4895 augmentum,
1053 4810 1140 4873 ita
1169 4812 1339 4892 quod
1367 4817 1541 4874 tanta
1569 4817 1666 4873 est
1692 4818 1885 4892 quan-

373 4915 534 4977 titas
581 4912 860 4975 caritatis
904 4909 1126 4991 patriae
1167 4909 1522 4971 secundum
1562 4928 1743 4971 suam
1790 4928 1884 4970 es-

371 5013 656 5076 sentiam
700 5010 768 5072 in
811 5007 1084 5071 minimo
1121 5007 1330 5082 Beato,
1365 5014 1434 5069 ut
1472 5006 1714 5069 nullius
1751 5007 1882 5069 vita

373 5117 980 5195 quantumcumque
1031 5106 1278 5188 prolixa
1324 5112 1388 5167 et
1429 5112 1667 5179 sancta,
1701 5105 1882 5168 suffi-

373 5212 518 5275 ciat
553 5209 628 5272 ad
668 5206 1163 5291 promerendum
1203 5212 1617 5285 augmentum
1658 5205 1880 5267 carita-

375 5312 470 5375 tis
502 5309 732 5392 aequale
761 5304 1010 5370 caritati
1041 5304 1392 5367 Beatorum.
1412 5304 1488 5366 Et
1519 5304 1639 5366 ista
1666 5304 1883 5386 opinio

635 5444 698 5499 T.
735 5442 812 5493 20.

1993 4312 2199 4375 ciente
2232 4331 2247 4375 ε
2281 4315 2447 4376 sicut
2485 4314 2550 4375 in
2590 4314 2848 4377 homine
2886 4322 3008 4377 stat
3038 4325 3479 4398 augmentum,

1993 4412 2247 4495 quando
2273 4412 2477 4475 virtus
2517 4413 2743 4475 caloris
2781 4421 2841 4475 et
2882 4414 3089 4477 carnis
3128 4419 3482 4480 secundum

1992 4511 2275 4594 speciem
2304 4529 2432 4574 non
2462 4518 2668 4593 potest
2707 4512 2851 4593 plus
2891 4522 3258 4578 convertere
3290 4535 3481 4599 quam

1991 4610 2382 4693 deperditur,
2415 4618 2479 4672 et
2506 4610 2760 4692 quando
2790 4613 3073 4692 potentia
3112 4613 3359 4678 humidi
3392 4634 3485 4678 ra-

1993 4710 2215 4773 dicalis
2247 4727 2374 4772 non
2407 4716 2613 4791 potest
2653 4710 2852 4791 magis
2892 4713 3168 4787 extendi,
3201 4722 3265 4776 et
3292 4733 3487 4796 quan·

1993 4809 2073 4872 do
2114 4827 2345 4891 corpus
2390 4806 2747 4890 perfectum
2786 4817 2883 4871 est
2924 4812 3278 4875 secundum
3316 4814 3487 4894 quod

1993 4906 2371 4990 perfectioni
2431 4898 2724 4990 congruit
2784 4909 3031 4973 animae.
3096 4910 3198 4973 Sic
3259 4912 3486 4974 caritas

1993 5015 2116 5069 stat
2157 5026 2235 5069 ex
2286 5014 2462 5089 parte
2506 5008 2759 5071 virtutis
2804 5009 3065 5089 agentis.
3102 5009 3221 5071 Sed
3267 5009 3485 5091 hujus-

1993 5106 2164 5169 modi
2206 5113 2406 5169 status
2448 5106 2513 5167 in
2553 5106 2864 5187 corporali
2899 5115 3241 5188 augmento
3279 5116 3486 5190 potest

1991 5224 2130 5267 esse
2184 5204 2542 5288 dupliciter.
2596 5204 2753 5267 Nam
2801 5206 3003 5268 virtus
3060 5206 3170 5269 illa
3225 5216 3336 5270 aut
3388 5215 3485 5272 est

1992 5322 2261 5386 operans
2293 5304 2683 5379 naturaliter,
2700 5312 2810 5366 aut
2837 5322 2875 5366 a
2904 5306 3229 5387 proposito
3253 5308 3345 5371 :si
3376 5327 3482 5372 na-

3204 5442 3233 5495 4
