4359 6250
989 511 1075 557 AN
1117 511 1312 557 PATER
1352 511 1427 556 m·
1468 511 1661 556 nnus
1702 509 1774 556 SE
1816 508 2064 556 mvlcm!
2106 507 2392 554 DILIGANT
2434 508 2667 554 srtmw
2708 507 2938 554 SANCTo

3391 486 3506 550 331

420 682 543 744 ritu
589 683 841 757 Sancto,
874 690 937 745 et
974 682 1125 745 item
1170 682 1340 763 quod
1381 682 1559 744 Pater
1598 699 1673 742 ac
1716 679 1911 741 Filius
1941 679 1990 741 Α
2024 697 2211 742 onem
2251 678 2450 740 verbi.
2496 679 2737 740 Idcirco
2772 687 2868 740 est
2906 697 3074 753 vera,
3117 685 3338 760 estque
3377 695 3516 739 sen-

418 799 546 844 non
597 780 866 862 diligant
912 799 979 844 se
1038 780 1313 842 invicem
1363 779 1601 861 Spiritu
1660 779 1905 841 Sancto.

416 881 593 954 Quod
634 881 825 943 etiam
874 879 1258 962 specialibus
1304 878 1657 941 rationibus
1704 883 1912 959 potest

417 979 675 1061 probari
725 996 739 1041 :
785 979 1087 1060 quoniam
1145 979 1199 1040 si
1256 976 1370 1051 sic,
1423 976 1604 1058 sequi
1661 975 1913 1038 videtur

417 1077 591 1159 quod
628 1078 809 1140 Pater
850 1076 1073 1158 diligat
1116 1096 1183 1139 se
1223 1075 1437 1158 ipsum
1478 1075 1717 1157 Spiritu
1766 1075 1913 1137 San-

418 1183 543 1248 cto,
589 1175 890 1238 similiter
933 1175 1151 1246 Filius,
1192 1182 1381 1256 atque
1428 1175 1597 1255 quod
1636 1175 1813 1236 Pater
1851 1181 1913 1234 et

420 1274 619 1336 Filius
662 1273 927 1356 diligant
968 1273 1305 1336 rationales
1348 1280 1411 1334 et
1455 1271 1913 1334 intellectuales

418 1380 741 1435 creaturas
784 1373 1024 1455 Spiritu
1068 1373 1315 1434 Sancto.

499 1472 719 1533 Posset
760 1471 983 1552 qua-ri,
1016 1490 1095 1532 an
1142 1469 1416 1551 Spiritus
1465 1469 1731 1530 Sanctus
1774 1468 1915 1529 dili-

418 1579 523 1650 gat
554 1589 624 1631 se
656 1589 771 1651 per
800 1589 866 1632 se
895 1578 957 1631 et
988 1587 1065 1631 ex
1096 1589 1185 1644 se,
1220 1576 1282 1631 et
1312 1587 1391 1630 an
1421 1568 1642 1648 diligat
1671 1568 1914 1629 Patrem

418 1677 481 1729 et
530 1668 765 1730 Filium
817 1687 932 1750 per
980 1687 1066 1730 se.
1113 1667 1344 1729 Omnes
1391 1666 1771 1748 quaestiones
1820 1665 1917 1726 hae

420 1767 805 1848 dependent,
837 1774 898 1828 et
928 1767 1217 1829 eamdem
1258 1784 1367 1828 seu
1402 1764 1677 1826 similem
1709 1763 1917 1844 requi-

422 1875 571 1928 runt
615 1866 1105 1929 declarationem
1150 1884 1223 1926 ac
1269 1863 1671 1926 solutionem.

510 2061 694 2125 Circa
761 2063 895 2124 haec
960 2061 1185 2122 scribit
1250 2057 1785 2122 Antisiodoreusis
1854 2057 1917 2118 in

423 2161 689 2222 Summa
716 2178 854 2233 sua,
888 2158 1051 2221 libro
1081 2158 1292 2240 primo
1327 2175 1339 2218 ε
1375 2156 1605 2218 Dicunt
1633 2155 1916 2237 quidam,

420 2259 593 2342 quod
644 2277 847 2340 quum
894 2257 1153 2331 dicitur,
1195 2257 1374 2319 Pater
1421 2263 1483 2317 et
1533 2255 1730 2316 Filius
1779 2253 1919 2315 dili-

420 2364 581 2438 gunt
612 2377 681 2418 se
712 2357 954 2437 Spiritu
991 2357 1239 2428 Sanct0,
1273 2354 1589 2417 ablativus
1622 2353 1751 2426 ille,
1784 2351 1921 2434 Spi-

421 2457 549 2518 ritu
584 2456 836 2528 Sancto,
871 2473 995 2517 non
1034 2463 1131 2516 est
1170 2454 1551 2526 causativuS,
1585 2453 1695 2514 sed
1734 2452 1924 2532 signi-

420 2554 745 2616 ficativus,
799 2553 954 2615 Nam
1010 2551 1284 2633 Spiritus
1331 2552 1597 2614 Sanctus
1654 2567 1780 2611 non
1830 2557 1923 2610 est

422 2671 616 2714 causa
644 2670 762 2713 nec
793 2651 974 2732 quasi
1005 2668 1196 2712 causa
1225 2650 1394 2731 quod
1426 2649 1603 2710 Pater
1633 2655 1696 2708 et
1728 2647 1922 2708 Filius

422 2769 493 2813 se
532 2750 833 2830 diligunt,
868 2750 979 2811 sed
1020 2749 1272 2830 signum
1308 2765 1323 2809 :
1357 2747 1508 2829 quia
1547 2747 1666 2809 hoc
1710 2746 1921 2828 ipsum

422 2849 595 2930 quod
644 2849 825 2910 Pater
866 2855 928 2908 et
978 2847 1173 2908 Filius
1220 2845 1413 2908 simul
1464 2845 1685 2908 eodem
1738 2845 1923 2906 modo

422 2955 619 3028 atque
668 2945 1066 3009 concorditer
1123 2944 1368 3026 spirant
1416 2944 1725 3025 Spiritum
1776 2943 1925 3004 San-

2023 797 2132 839 sus
2185 795 2199 839 :
2252 779 2430 840 Pater
2477 785 2539 839 et
2586 779 2782 841 Filius
2839 779 3112 859 diligunt
3158 796 3225 838 se
3275 775 3515 856 Spiritu

2024 877 2252 940 Sancto
2292 877 2391 939 vel
2433 897 2547 959 per
2585 878 2891 959 Spiritum
2933 877 3258 948 Sanctum,
3293 875 3353 936 id
3397 880 3514 945 est,

2025 976 2299 1058 Spiritus
2340 976 2605 1038 Sanctus
2644 975 2852 1057 diligit
2890 977 3134 1037 Patrem
3167 981 3227 1036 et
3257 972 3512 1044 Filium,

2024 1082 2087 1137 et
2130 1075 2252 1136 hoc
2294 1073 2484 1136 habet
2523 1094 2559 1135 a
2596 1076 2792 1137 Patre.
2825 1075 2968 1136 Haec
3009 1089 3160 1134 vero
3197 1079 3293 1134 est
3333 1070 3514 1144 falsa,

2025 1174 2204 1236 Pater
2251 1181 2346 1236 est
2393 1174 2648 1254 sapiens
2698 1173 2858 1234 Filio
2908 1172 3008 1234 vel
3059 1190 3172 1253 per
3219 1170 3450 1233 Filium
3499 1189 3513 1232 :

2028 1273 2179 1355 quia
2226 1279 2483 1334 notatur
2527 1273 2867 1334 auctoritas
2911 1290 3025 1352 per
3064 1270 3412 1332 ablativum
3456 1276 3520 1330 et

2030 1391 2143 1453 per
2174 1371 2709 1453 praepositionem,
2733 1389 2932 1452 quum
2964 1387 3090 1431 non
3121 1369 3205 1431 sit
3233 1367 3322 1430 ibi
3355 1377 3520 1429 tran-

2030 1470 2330 1547 sitivum;
2382 1469 2602 1551 sicque
2661 1468 3023 1550 praepositio
3079 1467 3188 1529 illa
3243 1466 3522 1547 exigeret

2031 1570 2200 1650 quod
2246 1568 2442 1630 Filius
2491 1575 2656 1630 esset
2697 1575 2918 1630 auctor
2961 1567 3120 1629 Patri
3167 1565 3336 1648 quod
3386 1565 3524 1647 ipse

2028 1668 2209 1730 Pater
2251 1675 2346 1728 est
2389 1668 2660 1748 sapiens⁸

2126 1765 2354 1827 Contra
2420 1765 2691 1846 primam
2757 1763 3126 1845 opinionem
3196 1760 3520 1842 objicitur,

1956 1864 2002 1926 B
2033 1865 2183 1947 quia
2232 1864 2400 1945 quod
2458 1864 2636 1925 Pater
2691 1863 2912 1944 genuit
2960 1861 3213 1933 Filium,
3267 1859 3376 1943 qui
3430 1865 3524 1922 est

2033 1982 2284 2025 summa
2323 1962 2654 2043 sapientia,
2691 1961 2876 2043 cujus
2918 1960 3074 2022 radii
3116 1967 3264 2022 sunt
3303 1976 3525 2021 omnes

2033 2062 2361 2143 sapientiae
2411 2067 2656 2134 creatae,
2699 2068 2794 2121 est
2840 2058 3395 2141 expressissimum
3447 2057 3526 2118 si-

2030 2179 2226 2242 gnum
2278 2160 2447 2241 quod
2495 2161 2672 2222 Pater
2719 2167 2815 2221 est
2865 2157 3117 2239 sapiens
3161 2175 3174 2218 ε
3219 2175 3367 2237 ergo
3417 2155 3526 2217 illa

2031 2267 2198 2322 esset
2227 2277 2395 2331 vera,
2430 2257 2606 2320 Pater
2637 2265 2730 2318 est
2761 2256 3013 2338 sapiens
3045 2255 3220 2318 Filio.
3241 2291 3320 2300 —
3342 2256 3521 2327 item,

2032 2359 2287 2438 signum
2338 2374 2460 2417 non
2512 2355 2807 2418 convenit
2849 2355 2942 2417 eis
2991 2373 3262 2434 quorum
3309 2360 3405 2415 est
3447 2353 3527 2414 si-

2032 2475 2250 2538 gnum.
2308 2455 2372 2517 Si
2421 2473 2569 2535 ergo
2617 2453 2890 2535 Spiritus
2941 2453 3206 2514 Sanctus
3255 2469 3381 2514 non
3431 2459 3528 2512 est

2034 2555 2155 2616 nisi
2202 2555 2455 2634 signum
2496 2553 2663 2634 quod
2697 2553 2876 2613 Pater
2913 2558 2976 2611 et
3017 2549 3213 2612 Filius
3253 2550 3528 2630 diligunt

2034 2672 2122 2728 se,
2155 2670 2284 2715 non
2323 2659 2488 2713 esset
2528 2669 2727 2712 nexus
2771 2667 2887 2710 nec
2927 2666 3104 2710 amor
3139 2647 3472 2709 amborum
3509 2665 3522 2709 :

2035 2770 2160 2813 non
2212 2751 2382 2812 enim
2443 2757 2538 2812 est
2587 2768 2786 2811 nexus
2845 2747 3042 2810 Patris
3088 2755 3151 2809 et
3200 2745 3342 2808 Filii
3402 2746 3528 2808 nisi

2033 2850 2186 2931 quia
2221 2856 2319 2910 est
2360 2865 2538 2910 amor
2585 2847 2935 2928 utriusque.

2116 2947 2480 3011 Consimilis
2535 2945 2815 3026 objectio
2865 2945 3004 3007 fieri
3056 2951 3262 3026 potest
3310 2949 3528 3005 contra

425 3055 629 3118 ctum,
680 3045 933 3127 signum
982 3052 1077 3107 est
1128 3051 1362 3106 mutuae
1410 3043 1771 3105 dilectionis
1819 3061 1921 3104 eo·
1961 3051 2004 3114 C
2035 3047 2402 3129 opinionem
2447 3045 2813 3116 secundam,
2857 3043 3008 3126 quia
3042 3062 3156 3126 per
3200 3042 3317 3105 hoc
3358 3043 3525 3125 quod

426 3164 594 3205 rum.
648 3143 845 3206 Filius
893 3151 1107 3205 autem
1166 3161 1292 3204 non
1342 3150 1437 3205 est
1485 3141 1571 3203 ita
1626 3161 1921 3223 expresse

423 3244 709 3325 signum,
741 3242 911 3325 quod
953 3242 1130 3303 Pater
1175 3242 1257 3302 sit
1299 3241 1571 3323 sapienS.
1606 3241 1751 3304 Ideo
1795 3258 1921 3302 non

422 3341 801 3403 conceditur
840 3339 960 3402 ista
992 3359 1006 3402 t
1041 3341 1217 3402 Pater
1247 3347 1343 3401 est
1381 3338 1634 3421 sapiens
1676 3339 1924 3420 sapien-

423 3441 514 3502 tia
558 3439 793 3520 genita.
836 3438 1135 3511 Quamvis
1177 3438 1413 3499 etenim
1460 3438 1678 3511 Filius,
1722 3457 1921 3519 quum

422 3538 633 3601 factus
680 3544 777 3599 est
824 3536 1036 3609 homo,
1092 3536 1394 3597 indicavit
1443 3535 1627 3597 nobis
1678 3536 1924 3617 sapien—

420 3638 580 3699 tiam
640 3636 877 3714 Patris3
928 3643 1136 3696 tamen
1198 3635 1261 3695 in
1320 3643 1631 3716 quantum
1692 3642 1787 3697 est
1841 3634 1923 3696 ab

418 3744 662 3799 aeteruo
702 3735 889 3807 DeuS,
925 3750 1052 3795 non
1092 3740 1189 3795 est
1219 3734 1305 3795 ita
1332 3751 1629 3814 expresse
1669 3734 1922 3813 signum

420 3834 714 3896 scientiae
762 3832 981 3894 Patris.
1022 3868 1103 3877 —
1142 3832 1434 3912 Magister
1480 3832 1924 3912 Praepositivus

418 3932 533 4005 ait,
592 3932 763 4012 quod
820 3950 1019 4012 quum
1078 3930 1335 4004 dicitur,
1388 3930 1565 3993 Pater
1616 3938 1679 3992 et
1728 3931 1925 3993 Filius

420 4029 705 4111 diligunt
736 4048 803 4091 se
835 4028 1077 4110 Spiritu
1117 4029 1367 4102 SanctO,
1402 4028 1518 4090 iste
1560 4007 1643 4090 sii
1677 4049 1922 4101 sensuS,

422 4130 610 4191 Pater
656 4136 722 4189 et
772 4127 971 4189 Filius
1018 4126 1293 4208 diligunt
1340 4146 1406 4189 se
1456 4146 1569 4209 per
1618 4127 1926 4209 Spiritum

2036 3146 2310 3227 Spiritus
2355 3147 2620 3207 Sanctus
2664 3144 2873 3225 diligit
2911 3144 3155 3205 Patrem
3195 3150 3259 3203 et
3297 3142 3526 3204 Filium

2035 3254 2099 3308 et
2128 3244 2318 3307 habet
2357 3245 2476 3307 hoc
2518 3243 2597 3305 ab
2635 3243 2750 3317 eis,
2785 3261 2912 3305 non
2952 3249 3048 3305 est
3078 3242 3352 3323 Spiritus
3384 3242 3531 3304 San-

2036 3351 2175 3406 ctus
2222 3362 2421 3405 nexus
2469 3343 2800 3425 utriusque
2836 3361 2849 3405 :
2886 3340 3048 3403 sicut
3090 3340 3140 3402 si
3183 3358 3297 3420 ego
3337 3339 3533 3419 diligo

2034 3443 2216 3515 ἀυοε,
2240 3459 2366 3503 non
2400 3449 2658 3523 propter
2687 3439 2806 3502 hoc
2839 3448 2986 3503 sunt
3019 3440 3183 3500 inter
3213 3457 3279 3500 se
3311 3456 3536 3499 conne-

2037 3542 2135 3619 xi3
2180 3540 2310 3603 imo
2350 3547 2615 3622 possunt
2647 3557 2783 3600 θεεθ
2823 3537 3070 3599 inimici
3109 3537 3186 3598 ad
3230 3536 3525 3597 invicem.

2033 3675 2114 3684 —
2143 3639 2323 3711 Item,
2360 3637 2632 3718 Spiritus
2667 3637 2932 3696 Sanctus
2973 3634 3256 3717 procedit
3287 3652 3323 3694 a
3353 3632 3528 3695 Patre

2034 3745 2097 3798 et
2128 3736 2289 3799 Filio
2320 3756 2433 3817 per
2475 3735 2733 3797 modum
2775 3732 3206 3814 benignitatis,
3241 3739 3303 3793 et
3335 3732 3422 3793 ita
3460 3739 3529 3792 ut

2036 3837 2274 3899 donum
2307 3842 2496 3915 atque
2527 3842 2597 3895 ut
2627 3833 2908 3915 primum
2939 3831 3200 3905 donum,
3234 3831 3400 3913 quod
3433 3837 3526 3890 est

2036 3953 2214 3997 amor
2239 3952 2252 3995 ε
2277 3951 2428 4014 ergo
2459 3932 2734 4014 Spiritus
2766 3932 3032 3993 Sanctus
3066 3930 3322 4011 proprie
3351 3946 3528 3990 amor

2036 4040 2133 4095 est
2179 4050 2308 4114 quo
2366 4033 2543 4094 Pater
2592 4030 2800 4111 diligit
2858 4030 3086 4091 Filium
3139 4036 3204 4089 et
3248 4035 3522 4090 econtra.

2038 4132 2158 4194 Sed
2203 4148 2381 4193 amor
2426 4130 2681 4211 proprie
2727 4128 3041 4211 loquendo
3086 4126 3385 4189 informat
3426 4128 3533 4188 Pa-

422 4228 771 4303 Sanctum3
802 4233 865 4288 et
895 4226 1065 4307 quod
1098 4225 1159 4307 ly
1179 4244 1304 4302 per
1333 4232 1507 4287 notat
1540 4225 1929 4288 subauctori—
1959 4230 2008 4291 D
2041 4237 2200 4290 trem
2257 4236 2322 4289 et
2377 4227 2630 4301 Filium,
2685 4228 2771 4288 ita
2822 4227 2991 4308 quod
3046 4227 3210 4287 inest
3259 4225 3352 4287 eis
3405 4242 3530 4286 non

422 4334 644 4389 tatem,
690 4326 801 4387 Est
844 4324 1141 4407 equidem
1193 4325 1427 4405 regula,
1472 4326 1641 4406 quod
1690 4344 1929 4407 praepo-

420 4425 578 4487 sitio
618 4442 745 4500 per
789 4424 1013 4504 juncta
1060 4422 1272 4484 verbis
1330 4422 1703 4497 transitiviS,
1756 4432 1929 4487 notat

420 4523 1034 4601 subauctoritatem;
1074 4541 1221 4583 cum
1264 4521 1406 4583 aliis
1445 4539 1615 4595 vero,
1656 4523 1926 4584 auctori-

418 4628 643 4683 tatem.
688 4622 896 4695 Quum
943 4620 1115 4682 enim
1158 4620 1323 4693 dico,
1366 4620 1494 4682 Rex
1534 4620 1797 4702 corripit
1840 4622 1925 4683 ci-

420 4740 537 4785 ves
586 4722 781 4803 hujus
831 4720 1108 4783 civitatis
1161 4739 1273 4801 per
1325 4720 1758 4801 praepositum,
1808 4741 1928 4797 per

418 4828 602 4882 notat
650 4818 1251 4896 subauctoritatem3
1302 4818 1354 4879 si
1406 4826 1617 4879 autem
1668 4818 1923 4892 dicitur,

418 4920 549 4981 Iste
592 4926 689 4980 est
730 4917 935 4980 bonus
982 4935 1095 4997 per
1140 4916 1346 4989 illum,
1382 4923 1555 4977 notat
1595 4916 1928 4977 auctorita-

418 5027 578 5080 tem.
612 5015 921 5079 Similiter
959 5034 1158 5096 quum
1203 5015 1367 5087 dico,
1402 5016 1583 5077 Pater
1625 5022 1689 5076 et
1730 5015 1925 5077 Filius

418 5116 710 5196 diligunt
750 5134 817 5177 εθ
862 5113 1104 5195 Spiritu
1152 5112 1381 5175 Sancto
1423 5112 1523 5174 vel
1575 5132 1687 5194 per
1730 5113 1925 5194 Spiri-

418 5224 565 5277 tum
619 5214 946 5286 Sanctum,
999 5218 1255 5274 notatur
1300 5211 1764 5273 subauctoritas
1813 5232 1926 5293 per

420 5312 783 5377 ablativum
824 5318 889 5374 et
928 5328 1043 5392 per
1085 5311 1146 5393 ly
1182 5329 1308 5386 per
1351 5317 1610 5391 propter
1655 5310 1928 5372 transiti-

2040 4326 2366 4389 inhaesive.
2403 4326 2566 4406 Ergo
2607 4344 2808 4406 quum
2848 4323 3103 4396 dicitur,
3138 4324 3315 4385 Pater
3343 4330 3406 4384 et
3441 4322 3536 4383 Fi-

2042 4425 2163 4487 lius
2209 4424 2486 4505 diligunt
2532 4442 2599 4485 se
2647 4423 2886 4505 Spiritu
2933 4423 3180 4495 Sancto,
3220 4421 3535 4484 ablativus

2040 4523 2296 4605 proprie
2341 4529 2436 4583 est
2479 4521 2782 4583 formalis.

2120 4621 2295 4694 Quod
2337 4620 2597 4702 quidam
2638 4620 3016 4691 concedunt,
3049 4618 3332 4681 dicentes
3364 4620 3531 4701 quod

2038 4719 2295 4781 dilectio
2335 4718 2590 4799 proprie
2631 4717 2866 4779 dicitur
2896 4717 2973 4778 de
3009 4717 3248 4798 Spiritu
3280 4717 3525 4779 Sancto.

2038 4818 2113 4879 Et
2142 4818 2220 4879 ad
2253 4817 2504 4897 objecta
2536 4817 2942 4898 respondent,
2977 4816 3145 4898 quod
3175 4815 3432 4877 dilectio
3463 4815 3526 4876 in

2037 4916 2272 4978 divinis
2305 4916 2624 4977 interdum
2658 4915 2934 4977 sumitur
2963 4914 3404 4987 essentialiter,
3437 4913 3528 4975 di-

2037 5022 2220 5077 cente
2277 5014 2600 5095 Apost010,
2663 5014 2840 5075 Pater
2900 5010 3218 5073 transt-ulit
3282 5030 3395 5073 nos
3457 5012 3522 5073 in
3598 5032 3818 5081 Calvum,

2038 5132 2303 5194 regnum
2354 5112 2493 5173 Filii
2541 5112 2900 5173 dilectionis
2943 5130 3095 5184 suae,
3139 5110 3199 5171 id
3247 5118 3341 5172 est
3383 5110 3526 5171 Filii
3559 5098 3623 5137 ¹³·

2038 5212 2136 5273 sui
2169 5212 2425 5285 dilecti;
2457 5210 2799 5291 aliquando
2831 5207 3269 5291 personaliter,
3303 5227 3526 5270 secun-

2038 5310 2192 5372 dum
2226 5310 2394 5392 quod
2424 5326 2601 5371 amor
2631 5308 2887 5390 proprie
2917 5306 3151 5370 dicitur
3181 5308 3258 5370 de
3288 5308 3529 5390 Spiritu
