4359 6250
159 5212 206 5250 hs
227 5215 264 5252 et

161 5269 330 5317 titudinis

285 5213 398 5254 εἰωι-

889 459 1112 515 QUAEST.
1161 461 1203 505 11
1247 460 1261 505 :
1309 460 1510 505 UTRUM
1551 458 1904 504 MAGNJTUDO
1947 458 2290 505 coNvl-:NJAT
2330 459 2556 505 Dllels
2599 461 2908 517 PERSONIS,
2950 461 3077 507 ETG.

3415 441 3533 505 103

431 628 771 691 individua
811 626 1101 710 ejusdem
1151 627 1386 707 speciei
1439 634 1586 687 sunt
1635 626 1934 687 essentia·
1966 626 2016 687 A
2044 627 2397 688 secundum
2443 628 2781 708 quamdam
2826 630 3086 691 rationis
3132 629 3535 691 considerati-

431 726 586 788 liter
629 726 884 790 similia.
922 726 1026 789 Sic
1070 742 1322 806 quoque
1369 725 1793 787 communiter
1833 746 1936 787 su-

431 826 672 887 mendo
705 826 854 887 istas
895 824 1232 886 relationes
1273 841 1667 895 communeS‚
1703 824 1790 884 ait
1831 826 1935 887 de-

428 924 611 987 cimo
659 923 1119 1005 Metaphysicae,
1158 922 1326 1003 quod
1371 940 1558 983 omne
1601 941 1714 983 ens
1761 924 1935 985 omni

427 1041 554 1084 seu
585 1023 968 1103 cuicumque
999 1021 1128 1083 enti
1162 1028 1620 1101 comparatum,
1640 1030 1732 1082 est
1766 1022 1935 1083 idem

427 1121 538 1181 vel
585 1121 908 1183 diversum
944 1138 958 1181 ε
995 1120 1123 1182 imo
1153 1127 1214 1180 et
1255 1118 1347 1179 sic
1388 1136 1576 1180 omne
1607 1138 1719 1181 ens
1760 1120 1934 1181 omni

427 1220 570 1281 enti
605 1226 1172 1301 comparatum,est
1203 1218 1440 1299 aequale
1471 1226 1577 1278 aut
1613 1219 1932 1299 inaequale,

429 1324 660 1399 utpote
693 1319 889 1399 magis
920 1328 1028 1380 aut
1058 1318 1264 1381 minus
1295 1316 1671 1399 perfectum,
1694 1336 1804 1379 seu
1839 1338 1938 1400 pa-

428 1417 524 1478 ris
569 1417 909 1498 imparisve
942 1418 1216 1479 virtutis.
1252 1416 1798 1490 Quemadmodum
1829 1417 1938 1497 igi-

431 1524 542 1575 tur
584 1515 1072 1577 fundamentum
1117 1515 1466 1577 identitatis
1507 1522 1571 1576 et
1613 1516 1932 1595 aequalita—

427 1615 514 1675 tis
550 1632 625 1675 ac
657 1613 1100 1676 similitudinis
1132 1614 1250 1677 hoc
1291 1615 1476 1677 modo
1507 1615 1934 1676 communiter

423 1719 792 1792 sumptum,
823 1720 922 1772 est
965 1729 1077 1772 ens
1128 1710 1194 1772 in
1240 1712 1566 1772 communi
1611 1729 1934 1792 compara-

2043 742 2231 787 onem
2286 725 2637 799 formalem,
2695 728 2779 789 ita
2837 730 3003 810 quod
3056 728 3408 790 substantia
3467 728 3533 789 in

2046 831 2355 904 quantum
2408 824 2780 899 substantia,
2835 844 2963 887 non
3012 834 3107 887 est
3160 826 3534 888 fundamen-

2047 928 2181 983 tum
2226 922 2594 997 identitatiS,
2629 925 2738 985 sed
2780 932 2849 985 ut
2888 942 3047 1003 una3
3078 934 3141 986 et
3172 924 3307 1006 pari
3350 924 3537 987 modo

2046 1021 2122 1082 de
2171 1020 2601 1083 fundamentis
2644 1023 3021 1104 {equalitatis
3068 1031 3131 1083 et
3173 1022 3538 1084 similitudi-

2045 1118 2145 1178 nis
2177 1118 2454 1179 occurrit
2493 1119 2855 1182 dicendum.
2892 1122 3049 1182 Vere
3078 1121 3249 1183 enim
3286 1121 3540 1183 realiter

2047 1218 2185 1298 ipsa
2228 1218 2453 1279 albedo
2494 1220 2751 1281 Joannis
2795 1229 2858 1281 et
2898 1221 3070 1282 Pauli
3112 1227 3208 1283 est
3248 1221 3537 1284 immedi-

2044 1324 2221 1378 atum
2266 1316 2753 1379 fundamentum
2798 1319 3239 1381 similitudinis
3287 1337 3536 1381 eorum-

2045 1416 2213 1487 dem,
2256 1423 2464 1477 tamen
2510 1416 2576 1477 in
2622 1424 2931 1497 quantum
2976 1426 3071 1479 est
3116 1437 3241 1480 una
3286 1417 3351 1479 in
3396 1437 3533 1500 spe—

2045 1516 2175 1593 cie3
2212 1534 2326 1577 nec
2365 1516 2572 1578 unitas
2612 1516 2722 1578 illa
2758 1517 3093 1593 albediniS‚
3128 1518 3207 1581 ab
3240 1518 3533 1581 albedine

2044 1613 2299 1675 realiter
2340 1622 2436 1676 est
2478 1616 2794 1678 distincta.

427 1818 574 1869 tum
625 1810 701 1871 ad
752 1810 1202 1891 quodcumque
1261 1828 1374 1871 ens
1436 1810 1500 1870 in
1551 1810 1876 1873 communi
1912 1828 1928 1888 3
1969 1807 2016 1869 B
2126 1810 2215 1871 Ex
2257 1810 2443 1872 dictis
2484 1817 2653 1891 patet
2694 1811 2771 1873 ad
2811 1811 3061 1891 objecta
3091 1812 3345 1885 solutio,
3378 1831 3534 1892 prae-

423 1907 524 1969 sic
559 1914 622 1967 et
652 1906 786 1969 istae
826 1907 1161 1969 relationes
1203 1914 1351 1967 sunt
1395 1909 1928 1978 transcendenteS,

423 2004 728 2084 quamvis
782 2022 908 2066 non
961 2004 1433 2076 convert-ibileS‚
1480 2013 1758 2067 attamen
1807 2006 1932 2067 dis-

425 2102 632 2164 tincte
691 2102 1047 2164 dividentes
1097 2122 1233 2175 em,
1287 2103 1453 2165 sicut
1510 2103 1818 2166 dividitur
1867 2106 1933 2167 in

423 2200 868 2262 necessarium
913 2207 1102 2281 atque
1145 2199 1472 2282 possibile.

513 2300 730 2381 ltaque
761 2299 926 2373 dico,
953 2299 1123 2379 quod
1155 2300 1221 2361 in
1253 2299 1488 2361 divinis
1521 2301 1808 2381 personis
1839 2308 1934 2362 est

425 2397 718 2479 perfecta
771 2397 1119 2479 aequalitaS‚
1164 2406 1301 2459 tum
1352 2398 1654 2479 quoniam
1705 2398 1793 2459 ibi
1838 2406 1934 2460 est

422 2497 634 2559 virtus
667 2496 970 2577 perfecta,
990 2496 1236 2558 scilicet
1267 2496 1542 2569 infinita,
1562 2496 1670 2557 sed
1703 2502 1766 2557 et
1797 2497 1935 2558 sim-

423 2596 787 2677 plicissima
839 2595 1046 2657 unitas
1099 2594 1355 2657 virtutis
1417 2594 1589 2657 illius
1645 2612 1658 2655 ι
1712 2595 1931 2675 sicque

421 2694 922 2755 fundamentum
955 2692 1331 2773 aequalitatis
1368 2693 1536 2754 illius
1569 2700 1698 2753 tam
1732 2693 1935 2774 proxi-

421 2812 610 2854 mum
660 2810 856 2873 quam
902 2798 1240 2861 remotum,
1285 2800 1380 2853 est
1429 2810 1678 2853 summe
1730 2792 1933 2872 perfe-

419 2900 628 2963 ctum,
661 2897 724 2951 et
770 2908 848 2951 ex
893 2890 1307 2971 consequenti
1355 2890 1680 2971 {equalitas
1725 2890 1791 2951 in
1835 2891 1928 2952 eis

2045 1914 2333 1989 terquam
2365 1908 2441 1969 ad
2474 1908 2631 1969 illud
2664 1909 2741 1970 de
2772 1909 3406 1971 commensuratione.
3442 1910 3534 1971 Ad

2045 2006 2214 2087 quod
2264 2006 2703 2068 Bonaventura
2751 2008 3089 2089 respondet
3137 2025 3150 2069 ε
3192 2007 3537 2089 AEqualitas

2047 2104 2110 2165 in
2163 2104 2468 2165 creaturis
2512 2106 2638 2167 duo
2688 2106 3009 2187 importat,
3044 2106 3339 2169 videlicet
3392 2125 3537 2169 con-

2048 2202 2558 2265 terminationem
2616 2211 2681 2265 et
2736 2223 3032 2267 excessus
3093 2204 3533 2285 privationem.

2044 2301 2327 2362 Primum
2358 2308 2454 2362 est
2487 2301 2991 2383 imperfectionis
3034 2304 3275 2365 ratione
3309 2304 3537 2365 limita-

2043 2398 2255 2470 tioniS,
2276 2399 2626 2461 secundum
2661 2400 3103 2481 perfectionis:
3125 2401 3267 2464 ideo
3297 2402 3537 2465 ratione

2044 2496 2237 2576 hujus
2283 2498 2545 2559 secundi
2589 2499 2969 2562 'transfertur
3010 2501 3088 2562 ad
3138 2500 3374 2575 divina,
3408 2519 3535 2563 non

2045 2595 2286 2657 ratione
2320 2596 2529 2676 primi.
2566 2631 2642 2641 -—
2674 2598 2880 2660 Potest
2911 2598 3103 2660 etiam
3140 2599 3530 2680 responderi,

2042 2694 2212 2774 quod
2245 2693 2573 2757 infinitum
2606 2696 2897 2776 quamvis
2928 2696 3009 2759 sit
3050 2698 3531 2778 incomprehen-

2042 2791 2229 2853 sibile
2280 2800 2339 2853 et
2392 2792 3036 2856 incommensurabile
3086 2795 3262 2857 omni
3320 2794 3529 2869 finit0,

2040 2896 2377 2952 esttamen
2418 2892 2994 2972 comprehensibile
3034 2899 3097 2954 et
3135 2911 3532 2956 commensu-

416 2989 710 3051 fundata.
775 2989 1226 3050 Verumtamen
1295 3006 1526 3069 genera
1588 3008 1802 3059 rerum
1865 2998 1927 3051 et
1966 2991 2009 3053 C
2041 2988 2239 3050 rabile
2300 2988 2577 3063 infinito,
2641 2991 2937 3053 videlicet
2994 2993 3173 3054 Pater
3229 2991 3409 3066 Filio,
3471 3000 3535 3053 et

417 3088 758 3170 passiones
787 3104 861 3150 ac
893 3086 1140 3169 species
1180 3104 1510 3168 generum,
1547 3104 1673 3149 non
1705 3087 1925 3150 dicun-

418 3196 528 3248 tur
581 3187 658 3248 de
711 3186 841 3247 Deo
891 3184 1243 3247 formaliter
1293 3204 1404 3246 seu
1457 3185 1726 3248 univoce
1778 3204 1926 3249 cum

416 3285 754 3348 creaturis
775 3320 856 3329 —
879 3284 988 3345 Est
1017 3292 1231 3346 autem
1262 3284 1366 3345 hic
1399 3283 1666 3345 dubium
1701 3304 1922 3360 unum,

417 3384 578 3466 quia
615 3401 817 3464 quum
862 3382 1232 3462 magnitudo
1272 3382 1337 3443 in
1378 3382 1505 3444 Deo
1546 3389 1818 3444 'transeat
1860 3384 1925 3445 in

415 3481 793 3553 essentiam,
828 3481 1083 3542 videtur
1112 3480 1438 3561 aequalitas
1470 3480 1578 3542 illa
1609 3500 1800 3562 super
1829 3501 1925 3543 es-

416 3580 697 3642 sentiam
758 3597 898 3640 esse
958 3577 1240 3652 fundata,
1294 3597 1412 3640 nec
1465 3579 1546 3640 ab
1596 3579 1923 3643 identitate

417 3678 710 3741 differre.
749 3677 1126 3750 Dicendum,
1160 3679 1330 3758 quod
1381 3678 1685 3739 fundatur
1732 3699 1927 3760 super

415 3777 768 3839 essentiam
813 3777 880 3838 in
923 3785 1231 3858 quantum
1264 3783 1361 3837 est
1403 3777 1770 3856 magnitudo
1800 3777 1924 3839 vir-

416 3875 635 3938 tualis
670 3910 752 3919 —
785 3875 928 3936 Haec
972 3873 1214 3936 ScotuS.

2041 3106 2437 3170 unaquaeque
2468 3088 2687 3151 divina
2718 3106 2985 3171 persona
3017 3089 3363 3172 unicuique
3395 3108 3534 3172 per-

2040 3204 2209 3248 sonae
2253 3186 2503 3248 divinae.

2475 3503 2947 3576 QUAESTIO
3019 3505 3095 3567 II

2159 3777 2420 3838 Ecundo
2450 3777 2775 3857 qtlaerit11r‚
2798 3776 3095 3842 Utrum
3124 3778 3526 3855 mag-mtu-

2188 3875 2287 3940 do
2331 3875 2758 3943 conveniat
2798 3875 3101 3942 divinis
3142 3878 3523 3959 personis,

500 3973 814 4046 Quocirca
861 3972 1112 4033 videtur
1156 3972 1522 4044 dicendum,
1557 3974 1724 4054 quod
1770 3974 1922 4035 dum
2034 3975 2117 4039 et
2163 3988 2266 4039 an
2309 3975 2615 4039 ratione
2664 3972 3006 4039 tnflnttae
3046 3975 3529 4052 magnit-,um-

419 4072 765 4133 relationes
800 4070 936 4133 istae
965 4071 1266 4132 dicuntur
1296 4070 1549 4132 fundari
1581 4091 1768 4152 super
1797 4073 1927 4134 uni-

2035 4072 2164 4137 nis
2192 4071 2674 4151 earumdem,
2706 4071 3083 4152 quaeubet
3110 4073 3222 4138 stt
3251 4073 3339 4138 112
3367 4072 3529 4139 alia

416 4179 618 4232 tatem
651 4167 1026 4230 substantiae
1064 4176 1126 4229 et
1156 4187 1348 4250 super
1380 4169 1687 4231 unitatem
1728 4189 1924 4252 quan—
1956 4173 2005 4234 D
2035 4184 2176 4250 pel·
2220 4169 3074 4237 circuminoessionem.

419 4269 625 4331 titatis
679 4267 1117 4348 unitatemque
1169 4267 1512 4348 qualitatis,
1558 4269 1766 4330 unitas
1817 4269 1926 4330 illa

417 4366 801 4429 substantiae
851 4382 979 4427 non
1030 4365 1210 4445 ponit
1261 4366 1326 4427 in
1377 4385 1718 4428 numerum
1778 4387 1924 4429 cum

417 4464 806 4536 substantia,
839 4463 952 4538 sed
992 4463 1246 4525 realiter
1277 4463 1445 4525 idem
1482 4472 1578 4526 est
1609 4484 1754 4526 cum
1791 4467 1927 4547 ipsa

416 4571 652 4626 natura
682 4560 1070 4624 substantiae.
1098 4562 1269 4624 ldem
1301 4561 1554 4624 videtur
1584 4563 1924 4625 dicendum

417 4662 498 4722 de
555 4659 800 4721 unitate
850 4659 1220 4740 quantitatis
1271 4667 1333 4721 et
1384 4660 1726 4741 qualitatis
1780 4662 1926 4724 Ideo

417 4759 596 4841 quod
647 4759 874 4820 Scotus
933 4755 1234 4830 affirmat,
1289 4758 1774 4821 fundamentum
1832 4779 1923 4822 re-

421 4863 676 4918 motum
732 4854 1082 4918 identitatis
1137 4874 1276 4917 esse
1331 4857 1751 4919 substantiam
1807 4859 1920 4933 rei,

421 4955 921 5016 fundamentum
952 4971 1104 5016 vero
1145 4955 1578 5035 propinquum
1617 4957 1923 5018 unitatem

421 5051 824 5125 substantiae,
850 5050 1283 5133 pariformiter
1311 5071 1565 5134 quoque
1598 5055 1673 5115 de
1705 5054 1925 5116 funda-

174 5147 396 5222 {eq-nnu-
427 5159 648 5214 mento
685 5149 932 5232 duplici
977 5150 1347 5232 quantitatis
1390 5169 1464 5212 ac
1505 5151 1825 5232 qualitatis
1849 5155 1873 5179 *
1907 5170 1920 5213 ε

425 5268 560 5314 non
590 5257 889 5312 censetur
919 5248 1130 5329 magni
1163 5249 1490 5324 momenti,
1511 5249 1634 5312 nisi
1665 5250 1927 5313 forsitan

2115 4268 2379 4328 Videtur
2419 4268 2586 4348 quod
2630 4267 2999 4348 magnitudo
3044 4286 3170 4331 non
3215 4278 3533 4350 competat

2036 4365 2151 4439 eis,
2187 4386 2389 4447 quum
2443 4385 2835 4448 unaquaeque
2885 4385 3103 4429 earum
3156 4368 3238 4429 sit
3286 4367 3532 4449 simpli-

2038 4464 2297 4526 cissima
2340 4465 2571 4538 unitas,
2612 4464 3025 4526 indivisibilis
3073 4483 3374 4546 prorsus;
3402 4486 3531 4529 ma-

2035 4562 2301 4642 gnitudo
2330 4570 2565 4635 autem,
2591 4562 2952 4624 divisibilis.
2978 4599 3060 4607 —
3088 4563 3327 4626 Deinde
3358 4565 3530 4628 vide-

2036 4668 2138 4720 tur
2194 4659 2361 4740 quod
2422 4679 2547 4720 una
2606 4678 2875 4740 persona
2934 4678 3060 4723 non
3118 4661 3199 4722 sit
3260 4662 3325 4724 in
3382 4663 3523 4724 alia.

2035 4756 2454 4837 Philosophus
2513 4775 2788 4837 namque
2839 4764 3063 4839 quarto
3116 4758 3526 4840 Physicorum

2037 4856 2217 4938 ponit
2245 4863 2387 4919 octo
2420 4856 2637 4918 modos
2668 4857 2922 4916 essendi
2952 4858 3049 4926 in,
3082 4874 3353 4938 quorum
3384 4857 3524 4918 nul—

2036 4956 2134 5016 lus
2175 4962 2382 5035 potest
2420 4954 2617 5037 aptari
2660 4955 2737 5016 ad
2772 4955 2892 5015 hoc
2933 4955 3103 5034 quod
3145 4974 3271 5016 una
3308 4955 3525 5018 divina

2036 5071 2305 5135 persona
2337 5053 2401 5114 in
2435 5054 2558 5115 alia
2587 5053 2685 5115 sit.
2721 5052 2848 5115 Nec
2878 5053 3053 5113 enim
3084 5051 3203 5115 hoc
3233 5060 3330 5115 est
3359 5054 3525 5116 sicut

2040 5158 2241 5214 totum
2274 5151 2340 5212 in
2382 5151 2690 5231 partibuS,
2725 5169 2841 5212 nec
2879 5157 3171 5230 econtra3
3204 5170 3322 5212 nec
3362 5152 3528 5214 sicut

2038 5268 2239 5331 genus
2292 5249 2359 5310 in
2408 5248 2766 5331 speciebuS,
2814 5267 2931 5311 nec
2979 5249 3371 5332 econtrari03
3412 5270 3529 5314 nec
