4359 6250
582 2840 597 2880 Ι
609 2840 771 2884 Ioann.
785 2855 841 2891 iv,

876 481 952 544 76
1503 500 1566 545 IN
1607 500 1829 546 LIBRUM
1874 500 1890 543 Ι
1934 498 2416 545 8ΕΝΤΕΝΤΙΑΒΙῙΜ.
2464 515 2545 525 -
2584 497 2736 542 DlST.
2784 497 2973 556 xvm3
3018 496 3242 550 QUAEST.
3290 495 3333 540 11

873 670 1296 732 motionis-est
1328 679 1535 732 motus
1570 687 1583 730 :
1618 669 1982 742 dicendum,
2015 668 2183 750 quod
2214 668 2364 730 alte·
2391 666 2444 728 A
2554 667 2645 729 Ad
2698 666 2817 730 hoc
2862 666 3214 729 Alexander
3262 664 3602 746 respondet
3633 682 3649 725 ε
3682 663 3971 744 Proprie—

871 769 1132 829 rationis
1166 786 1292 831 non
1322 777 1416 830 est
1446 768 1754 840 alteratio,
1791 768 1877 829 ita
1907 767 2074 848 quod
2107 765 2363 847 proprie
2473 774 2631 829 tates
2676 765 3058 828 distinctivae
3096 771 3244 826 sunt
3285 781 3696 845 personarum
3740 781 3975 823 secun-

873 865 1248 927 terminetur
1295 866 1371 926 ad
1417 865 1608 926 aliam
1653 864 2128 942 alterationem3
2163 863 2365 926 nihilo
2476 865 2627 927 dum
2687 883 2775 937 sc,
2831 862 3313 943 circumscripta
3360 861 3533 924 omni
3594 860 3977 922 habitudine

874 964 1085 1025 minus
1129 984 1292 1025 unus
1335 971 1542 1026 motus
1584 971 1790 1044 potest
1826 982 1966 1024 esse
2005 963 2084 1024 ab
2123 963 2270 1035 alio,
2304 969 2366 1024 et
2476 964 2829 1026 secundum
2870 970 3081 1024 actum
3124 969 3186 1022 et
3225 961 3577 1022 secundum
3618 960 3977 1041 potentiam

869 1081 1070 1124 unum
1115 1063 1350 1124 donum
1396 1082 1470 1124 ex
1516 1062 1658 1124 alio.

1315 1379 1788 1453 QUAESTIO
1856 1379 1932 1441 II

997 1644 1256 1705 Ecundo
1288 1643 1615 1724 quaeritur,
1651 1645 1780 1709 An
1811 1644 2106 1710 donum
2136 1645 2222 1709 111
2257 1645 2369 1709 di-

1014 1741 1232 1808 vinis
1270 1743 1379 1807 sit
1420 1755 1707 1807 nomen
1745 1742 2193 1823 essentiale,
2225 1743 2368 1809 aut

2477 1062 2555 1124 ad
2596 1066 2820 1122 creata.
2857 1060 3003 1121 Ideo
3037 1057 3333 1121 donabile
3374 1057 3617 1120 ratione
3656 1057 3981 1118 habitudi-

2480 1160 2579 1221 nis
2628 1159 2706 1220 ad
2758 1167 3097 1230 creaturaS,
3150 1174 3277 1218 non
3325 1164 3421 1219 est
3471 1154 3644 1219 notio
3695 1154 3978 1237 Spiritus

2480 1256 2729 1334 Sancti3
2762 1256 2872 1319 sed
2914 1264 3141 1338 praeter
3180 1255 3341 1317 hanc
3381 1253 3821 1318 habitudinem
3865 1255 3981 1317 ha-

2480 1358 2587 1419 bet-
2633 1355 3081 1437 proprietatem
3122 1374 3249 1436 qua
3292 1353 3565 1415 refertur
3604 1353 3684 1414 ad
3724 1353 3977 1415 Patrem

2480 1463 2543 1517 et
2574 1454 2827 1523 Filium,
2862 1453 3103 1516 ratione
3146 1453 3330 1532 cujus
3360 1452 3596 1514 dicit-ur
3626 1452 3799 1514 notio
3834 1452 3981 1533 Spi-

2482 1554 2641 1615 ritus
2682 1552 2915 1626 Sancti,
2949 1552 3348 1632 distinguens
3390 1551 3601 1633 ipsum
3641 1571 3677 1614 a
3704 1550 3881 1614 Patre
3911 1559 3982 1612 et

2484 1652 2658 1714 Filio.
2696 1652 2869 1714 Unde
2910 1651 3263 1712 secundum
3294 1650 3719 1731 Augustinum
3750 1649 3983 1731 quinto

2483 1751 2560 1812 de
2590 1751 2914 1814 Trinitate.
2951 1749 3223 1811 refertur
3252 1756 3381 1810 tam
3418 1749 3496 1810 ad
3528 1766 3634 1810 eos
3673 1767 3710 1810 a
3738 1747 3982 1830 quibus

870 1841 1282 1921 personale
1325 1855 1468 1906 seu
1505 1840 1914 1907 notionale
1947 1842 2029 1906 et
2063 1842 2367 1922 propri·
2408 1853 2453 1914 Β
2483 1857 2599 1921 est,
2633 1868 2823 1930 quam
2856 1849 2933 1910 ad
2965 1865 3072 1910 eos
3113 1845 3347 1928 quihus
3387 1846 3589 1908 datur.
3624 1846 3767 1910 Haec
3796 1847 3985 1910 Alex-

869 1954 1006 2006 um
1051 1941 1398 2020 spu-itui
1443 1939 1761 2006 SanotO.

949 2039 1213 2100 Videtur
1252 2039 1420 2120 quod
1462 2055 1590 2099 non
1631 2038 1712 2099 sit
1750 2038 2080 2120 personale
2123 2057 2235 2099 seu
2282 2057 2373 2100 re-

872 2137 1136 2200 lativum
1187 2144 1295 2198 aut
1344 2137 1688 2210 notionale,
1737 2137 1846 2198 sed
1895 2135 2259 2198 absolutum
2310 2146 2371 2200 et

869 2235 1224 2297 essentiale.
1261 2235 1491 2310 Primo,
1526 2235 1828 2317 quoniam
1871 2236 2109 2298 donum
2151 2235 2217 2296 in
2258 2255 2372 2298 sua

869 2333 1340 2415 significatione
1371 2352 1496 2396 non
1531 2334 1803 2396 includit
1834 2334 2229 2405 relationem,
2255 2334 2371 2396 sic-

871 2441 940 2494 ut
985 2452 1102 2495 nec
1153 2450 1350 2506 amor,
1384 2452 1584 2515 quum
1636 2440 1982 2513 utrumque
2034 2432 2372 2494 conveniat

869 2531 1087 2613 aliquo
1119 2532 1306 2593 modo
1336 2531 1568 2593 divinae
1607 2531 1919 2599 essentiae,
1956 2549 2096 2612 quae
2127 2550 2162 2591 a
2194 2531 2369 2592 Patre

871 2631 1014 2692 data
1066 2639 1128 2691 et
1181 2629 1648 2693 communicata
1697 2637 1792 2689 est
1843 2629 2038 2706 Filio;
2089 2637 2153 2689 et
2203 2649 2371 2710 quae—

875 2729 1028 2790 libet
1061 2729 1278 2790 divina
1317 2735 1380 2788 et
1417 2728 1694 2788 increata
1733 2745 2002 2808 persona
2041 2735 2131 2788 est
2170 2746 2368 2801 amor,

873 2827 1038 2888 sicut
1083 2834 1144 2888 et
1186 2825 1434 2892 caritas,
1467 2825 1649 2906 juxta
1692 2824 1850 2885 illud
1888 2841 1900 2885 :
1937 2825 2101 2886 Deus
2144 2826 2370 2887 caritas

872 2934 986 2987 est.
1020 2961 1101 2970 —
1131 2924 1442 2998 Secundo,
1477 2924 1726 2985 nullum
1771 2941 2004 2985 nomen
2042 2924 2370 3005 personale

2482 1948 2695 2008 ander.

2560 2045 2751 2106 Porro
2778 2043 3219 2106 Bonaventura
3238 2060 3251 2104 ε
3271 2042 3839 2116 Quemadmodum,
3860 2043 3978 2113 ait,

2480 2162 2558 2205 ex
2616 2141 2828 2205 verbis
2877 2141 3213 2221 Augustini
3274 2141 3564 2214 habetur,
3618 2142 3855 2204 donum
3908 2141 3979 2202 in

2481 2241 2718 2303 divinis
2775 2240 3011 2302 dicitur
3059 2240 3315 2322 proprie
3372 2259 3483 2301 seu
3536 2240 3979 2321 personaliter,

2482 2358 2609 2402 non
2668 2338 3111 2410 essentialiter,
3164 2339 3330 2402 sicut
3381 2337 3659 2401 Verbum
3720 2339 3983 2420 proprie

2483 2438 2718 2499 dicitur
2747 2438 2825 2498 de
2869 2437 3045 2499 Filio.
3081 2437 3309 2498 Datum
3350 2453 3521 2510 vern,
3556 2436 3985 2498 essentialiter

2482 2544 2545 2597 et
2589 2536 3007 2617 personaliter
3050 2535 3256 2616 accipi
3303 2541 3528 2617 potest,
3562 2554 3675 2596 seu
3722 2536 3983 2617 proprie

2482 2643 2671 2716 atque
2721 2634 3164 2696 communiter.
3218 2634 3371 2695 Tota
3418 2633 3655 2696 etenim
3706 2633 3983 2696 Trinitas

2484 2734 2589 2795 dat
2638 2751 2742 2800 se:
2775 2741 2837 2794 et
2890 2739 3097 2795 tamen
3142 2733 3322 2795 Pater
3363 2751 3435 2794 ac
3480 2732 3677 2794 Filius
3724 2733 3984 2814 proprie

2483 2831 2631 2892 dant
2683 2829 2989 2911 Spiritum
3046 2831 3367 2892 Sanctum.
3424 2830 3648 2891 Datum
3702 2849 3983 2911 namque

2483 2931 2560 2991 de
2592 2929 2688 2990 sui
2724 2928 2965 2990 ratione
3006 2935 3102 2989 est
3144 2928 3312 2989 idem
3354 2928 3521 3009 quod
3554 2928 3985 2989 communica-

872 3024 1028 3086 dicit
1060 3032 1419 3104 respectum
1462 3023 1539 3084 ad
1573 3031 1950 3091 creaturam,
1986 3041 2101 3084 nec
2142 3040 2372 3085 conno-
2408 3028 2451 3091 C
2484 3035 2640 3088 tum.
2676 3027 2804 3088 Hoc
2837 3043 2985 3107 ergo
3015 3027 3182 3107 quod
3214 3026 3431 3087 datum
3464 3032 3581 3098 est,
3616 3033 3821 3107 potest
3850 3026 3981 3089 dici

871 3130 961 3185 tat
1000 3121 1304 3185 effectum
1350 3124 1412 3184 in
1445 3141 1518 3185 ea
1553 3140 1565 3185 :
1601 3120 1758 3184 alias
1798 3140 1926 3184 non
1969 3123 2369 3185 convenisset

872 3239 1158 3303 personae
1216 3220 1450 3283 divinae
1508 3221 1586 3283 ab
1637 3228 1892 3283 aeterno.
1949 3221 2067 3283 Sed
2130 3222 2368 3283 donum

871 3320 1028 3382 dicit
1072 3327 1431 3401 respectum
1480 3322 1557 3382 ad
1611 3329 1988 3393 creaturam,
2022 3329 2092 3382 ut
2142 3340 2371 3403 praece-

872 3419 1044 3480 denti
1100 3419 1302 3500 patuit
1351 3418 1721 3500 quaestione,
1757 3426 1820 3480 et
1870 3426 2168 3481 connotat
2220 3418 2371 3481 effe-

781 3542 788 3549 ·
873 3524 1045 3579 ctum
1081 3518 1146 3580 in
1176 3536 1270 3591 ea,
1305 3518 1600 3580 videlicet
1635 3517 2191 3599 participationem
2221 3517 2368 3579 doni

873 3617 1156 3679 increati.
1191 3652 1270 3661 —-
1299 3617 1528 3686 Tertio,
1564 3617 1866 3699 quoniam
1910 3616 2183 3698 Spiritus
2225 3617 2373 3678 San-

872 3724 1012 3777 ctus
1062 3716 1298 3777 dicitur
1339 3716 1600 3789 donum,
1637 3717 1700 3777 in
1745 3723 2057 3797 quantum
2102 3714 2372 3775 habetur

871 3815 951 3877 ab
980 3814 1195 3896 aliquo
1225 3814 1334 3895 qui
1380 3814 1578 3876 libere
1622 3814 1855 3875 fruitur
1883 3831 1977 3876 eo.
2015 3813 2116 3875 Sic
2157 3822 2370 3875 autem

875 3921 1086 3995 posset
1125 3914 1290 3974 Deus
1335 3912 1554 3974 haberi
1585 3932 1622 3974 a
1653 3911 1941 3974 rationali
1985 3917 2275 3972 creatura
2309 3918 2371 3972 et

872 4030 1010 4075 esse
1055 4013 1292 4073 donum
1333 4011 1558 4091 ipsium,
1593 4010 1883 4092 quamvis
1929 4028 2054 4073 non
2097 4018 2264 4071 esset
2305 4010 2367 4071 in

873 4129 948 4173 eo
982 4128 1394 4191 personarum
1424 4107 1769 4169 distinctio.
1808 4108 1968 4187 Ergo
2003 4109 2243 4170 donum
2274 4117 2364 4169 est

2483 3129 2700 3189 datum
2742 3145 2819 3187 ex
2856 3125 3231 3187 liberalitate
3268 3142 3281 3186 ε
3317 3132 3379 3187 et
3421 3124 3507 3187 ita
3544 3125 3657 3187 toti
3688 3124 3983 3187 Trinitati

2482 3225 2809 3287 altissimae
2867 3232 2961 3286 est
3012 3242 3371 3286 commune.
3424 3223 3534 3285 Vel
3596 3232 3805 3305 potest
3852 3224 3983 3287 dici

2482 3324 3027 3387 communicatum
3083 3342 3160 3384 ex
3210 3322 3591 3385 liberalitate
3642 3330 3705 3384 et
3754 3324 3987 3385 subau-

2484 3422 2771 3484 ctoritate
2806 3440 2819 3483 τ
2854 3422 3075 3502 sicque
3106 3420 3403 3483 convenit
3432 3420 3591 3483 Filio
3620 3428 3685 3482 et
3714 3421 3983 3503 Spiritui

2484 3521 2733 3590 Sancto,
2770 3519 2881 3601 qui
2924 3526 3215 3601 respectu
3246 3518 3445 3581 Patris
3484 3518 3718 3581 habent
3749 3519 3983 3581 subau-

2484 3618 2859 3680 ctoritatem.
2897 3618 3104 3680 Potest
3148 3617 3339 3679 etiam
3386 3616 3602 3679 datum
3646 3617 3857 3679 vocari
3902 3638 3983 3679 ex

2484 3717 2862 3779 liberalitate
2892 3724 2952 3778 et
2995 3716 3367 3778 auctoritate
3406 3733 3534 3778 non
3564 3715 3771 3779 solum
3814 3734 3985 3779 com-

2484 3814 2904 3889 municatum,
2944 3815 3055 3876 sed
3106 3814 3259 3875 item
3312 3815 3692 3895 productum
3728 3833 3741 3875 ε
3776 3822 3839 3877 et
3886 3814 3983 3877 sic

2484 3912 2815 3995 proprium
2855 3920 2951 3973 est
2992 3912 3256 3993 Spiritui
3304 3912 3552 3986 Sancte,
3588 3913 3690 3973 cui
3737 3911 3987 3993 propri-

2484 4031 2592 4073 um
2638 4018 2731 4072 est
2778 4011 3121 4091 procedere
3166 4010 3517 4072 secundum
3568 4010 3877 4073 rationem
3918 4020 3987 4072 et

2484 4110 2742 4171 modum
2791 4108 3189 4170 liberalitatis
3232 4126 3305 4169 ac
3348 4108 3497 4170 doni
3542 4108 3675 4170 sive
3724 4108 3989 4170 donabi-

871 4207 1259 4277 absolutum‚
1292 4223 1418 4268 non
1451 4205 1805 4267 relativum.
1831 4206 2184 4280 —Quarto,
2219 4225 2370 4288 quo·
2400 4207 2449 4270 D
2481 4207 2578 4269 lis,
2625 4207 2727 4269 Sic
2774 4224 3028 4289 quoque
3065 4207 3303 4268 donum
3344 4213 3408 4267 et
3445 4207 3661 4267 datum
3707 4206 3987 4288 aequiva-

874 4306 1046 4368 niam
1090 4304 1364 4387 Spiritus
1406 4305 1672 4366 Sanctus
1711 4303 1896 4365 datur
1933 4322 1970 4365 a
2007 4323 2076 4365 se
2121 4304 2261 4385 ipso
2300 4312 2370 4365 ut

874 4406 1116 4467 dictum
1149 4412 1246 4466 est
1279 4422 1292 4464 :
1328 4420 1454 4465 non
1495 4420 1644 4483 ergo
1684 4403 1918 4464 dicitur
1949 4403 2189 4464 donum
2228 4402 2370 4464 rati-

875 4522 994 4566 one
1025 4503 1312 4583 originiS‚
1346 4519 1496 4582 ergo
1535 4520 1651 4563 nec
1691 4501 1969 4563 relative.
2007 4537 2084 4546 —
2114 4500 2367 4574 Quinto,

874 4602 1026 4684 quia
1067 4602 1133 4663 in
1178 4600 1386 4662 littera
1424 4599 1659 4661 dicitur
1699 4600 1868 4681 quod
1909 4599 2184 4681 Spiritus
2226 4600 2374 4662 San-

875 4709 1015 4762 ctus
1075 4699 1155 4762 ab
1223 4706 1458 4761 aeterno
1525 4698 1648 4760 fuit
1708 4700 1970 4771 donum,
2031 4698 2184 4780 quia
2250 4698 2373 4761 fuit

875 4796 1210 4861 donabilis
1266 4796 1520 4860 Bonitas
1577 4803 1790 4857 autem
1849 4803 1945 4857 est
1994 4797 2156 4858 ratio
2208 4815 2374 4859 com—

877 4894 1403 4959 municabilitatis
1451 4901 1514 4956 et
1567 4893 1998 4956 donabilitatis
2053 4912 2067 4955 :
2122 4894 2373 4957 bonitas

875 5013 1022 5059 vcro
1057 4993 1164 5057 toti
1197 4992 1485 5055 Trinitati
1516 4993 1847 5056 adorandae
1877 4993 2230 5055 communis
2262 5000 2370 5066 cst,

875 5112 1026 5175 ergo
1067 5102 1130 5155 et
1173 5094 1431 5155 donum.

959 5194 1029 5255 In
1089 5190 1477 5256 contrarium
1537 5200 1682 5253 sunt
1740 5210 1884 5273 quae
1943 5190 2261 5254 habentur
2310 5190 2375 5251 in

881 5297 1077 5351 textu.

2484 4307 2637 4379 lent,
2685 4305 2809 4366 nisi
2860 4305 3030 4386 quod
3080 4304 3300 4365 datum
3349 4304 3505 4365 dicit
3552 4304 3989 4366 communica-

2484 4405 2721 4465 tionem
2774 4404 2836 4464 in
2887 4411 3054 4476 actu,
3108 4403 3346 4464 donum
3398 4402 3465 4463 in
3513 4403 3869 4484 aptitudine
3916 4412 3985 4464 et

2482 4503 2704 4565 habitu
2740 4520 2754 4563 ε
2790 4510 2853 4564 et
2902 4502 2988 4563 ita
3036 4501 3271 4563 donum
3325 4501 3582 4583 proprie
3632 4500 3867 4563 dicitur
3914 4502 3983 4563 in

2481 4601 2719 4664 divinis
2763 4602 2842 4663 de
2887 4600 3128 4681 Spiritu
3174 4600 3422 4673 Sancte,
3456 4608 3518 4661 et
3560 4600 3702 4675 hoc,
3738 4599 3985 4663 ratione

2484 4707 2810 4781 respectus
2853 4699 2929 4761 ad
2979 4699 3272 4776 dantem3
3308 4714 3434 4761 non
3481 4705 3692 4759 tamen
3738 4698 3986 4760 ratione

2483 4804 2810 4881 respectus
2852 4796 3254 4879 simpliciter,
3288 4796 3399 4858 sed
3439 4795 3682 4859 ratione
3712 4796 3856 4859 talis
3890 4816 3989 4857 re-

2484 4904 2763 4979 spectuS,
2818 4894 2971 4977 quia
3024 4901 3274 4955 emanat
3328 4913 3441 4975 per
3488 4895 3747 4957 modum
3796 4895 3993 4956 dona-

2486 4995 2657 5067 bilis,
2692 4994 2861 5075 quod
2910 4992 3177 5075 Spiritui
3223 4992 3451 5055 Sancto
3489 5000 3585 5055 est
3628 4992 3984 5075 proprium.

2482 5127 2565 5137 —
2612 5092 2801 5154 Porro
2850 5109 3191 5154 commune
3252 5090 3410 5153 illud
3464 5090 3731 5165 dictum,
3784 5090 3992 5154 Omne

2486 5208 2721 5254 nomen
2762 5190 2983 5253 dicens
3023 5196 3385 5272 respectum
3426 5189 3527 5252 vel
3567 5188 3873 5253 effectum
3903 5191 3989 5253 ad

2492 5294 2833 5361 creaturaS,
2882 5295 2978 5350 est
3024 5304 3365 5350 commune
3415 5286 3622 5349 tribus
3670 5286 3989 5369 personiS,
