4359 6250
894 483 1015 546 226

1525 500 1588 546 m
1629 501 1847 546 manum
1892 500 1911 544 1
1954 499 2436 544 SENTEN'HARFM.
2483 515 2564 524 —
2607 498 2757 543 mST.
2805 498 2990 560 xxv13
3035 497 3260 552 QUAEST.
3309 497 3368 542 lV

974 671 1277 733 Praeterea
1323 670 1591 732 Thomas
1638 687 1652 730 :
1700 668 2074 731 Differentia
2122 665 2390 748 (inquit)
2419 665 2468 726 A
2500 673 2807 747 quantum
2857 667 2930 728 ad
2985 666 3244 729 modum
3291 666 3556 747 originis
3599 667 3832 729 amoris
3883 685 3998 728 seu

897 768 1193 841 notioniS,
1230 768 1654 850 proprietatiS,
1688 775 1748 828 et
1800 765 2145 835 relationiS‚
2187 771 2388 846 potest

896 867 1233 948 tripliciter
1278 865 1605 946 assignari.
1658 866 1889 939 Prim0,
1942 873 2253 946 quantum
2313 864 2388 924 ad

895 965 1203 1028 rationem
1246 964 1732 1045 significationis
1768 981 1782 1026 t
1816 973 1881 1026 et
1920 964 2011 1026 sic
2050 962 2391 1044 paternitas

894 1070 1157 1126 vocatur
1196 1062 1438 1136 relatio,
1472 1062 1825 1124 seeundum
1866 1062 2035 1144 quod
2070 1062 2251 1123 Pater
2281 1079 2393 1141 per

895 1181 1033 1225 eam
1085 1161 1358 1224 refertur
1405 1161 1484 1222 ad
1534 1161 1801 1233 Filium3
1856 1160 2091 1222 dicitur
2138 1177 2392 1242 quoque

896 1261 1269 1343 proprietas,
1304 1267 1491 1340 prout
1540 1259 1656 1321 soli
1708 1258 2005 1321 convenit
2053 1258 2254 1336 Patri3
2286 1275 2394 1321 vo·-

894 1366 1074 1420 catur
1103 1366 1166 1420 et
1196 1359 1391 1431 notio,
1416 1358 1768 1419 secundum
1803 1358 1971 1439 quod
2000 1365 2097 1418 est
2126 1355 2392 1418 formale

896 1455 1288 1538 principium
1332 1454 1767 1518 innotescendi
1800 1455 2065 1517 Patrem.
2102 1453 2393 1517 Secundo

893 1554 1251 1634 assignatur
1291 1553 1654 1616 differentia
1694 1554 1920 1617 horum
1961 1560 2272 1634 quantum
2315 1551 2392 1614 ad

895 1653 1185 1714 ordinem
1244 1653 1639 1733 intelligendi
1693 1670 1707 1714 :
1760 1653 1911 1734 quia
1968 1670 2168 1734 quum
2231 1650 2392 1712 nihil

896 1751 1097 1832 possit
1154 1769 1291 1812 esse
1341 1750 1730 1832 principium
1782 1749 2218 1812 innotescendi
2278 1749 2392 1810 ali-

2501 764 2862 825 voluntatiS.
2900 764 2962 825 Si
2997 773 3209 826 autem
3253 763 3654 845 significatur
3685 765 3997 844 negative,

2501 870 2610 923 aut
2651 871 2917 942 negatur
2957 863 3115 926 ratio
3153 863 3479 946 principii,
3513 873 3624 926 aut
3663 864 3822 926 ratio
3855 864 4002 944 ejus

2503 961 2673 1042 quod
2705 969 2800 1023 est
2828 981 2865 1023 a
2895 961 3232 1044 principio.
3255 963 3317 1024 Si
3351 969 3616 1043 negatur
3646 963 3804 1024 ratio
3831 963 4005 1043 prin·

2506 1059 2680 1140 cipii,
2717 1077 2843 1122 non
2874 1068 2967 1122 est
3001 1061 3326 1142 pertinens
3357 1061 3437 1122 ad
3469 1060 3842 1140 dignitatem
3871 1078 3886 1122 ε
3915 1061 4006 1123 id-

2504 1175 2580 1219 eo
2624 1176 2748 1220 non
2795 1166 2998 1239 potest
3043 1177 3181 1221 esse
3225 1160 3399 1222 notio
3442 1159 3718 1240 Spiritus
3762 1160 4000 1230 Sancti,

2505 1273 2630 1318 non
2673 1274 2810 1317 esse
2852 1256 3244 1339 principium
3284 1256 3560 1337 alicujus
3599 1257 3830 1320 divinae
3862 1275 4003 1337 per—

2505 1371 2693 1416 sonae.
2741 1354 2801 1416 Si
2853 1362 3065 1417 autem
3116 1363 3382 1436 negatur
3432 1354 3592 1416 ratio
3639 1354 3780 1435 ejus
3827 1353 4000 1436 quod

2504 1459 2600 1513 est
2628 1471 2664 1513 a
2695 1452 3035 1534 principio,
3069 1453 3188 1515 hoc
3219 1461 3312 1514 est
3344 1452 3443 1514 vel
3477 1453 3542 1514 in
3571 1453 3876 1534 generali,
3899 1451 4002 1514 vel

2505 1550 2571 1612 in
2603 1551 2883 1632 speciali.
2921 1552 2982 1614 Si
3017 1552 3081 1612 in
3113 1551 3395 1633 speciali,
3429 1569 3557 1614 non
3591 1558 3794 1633 potest
3825 1552 4003 1613 notio

2503 1667 2692 1711 esse:
2727 1649 2878 1730 quia
2924 1667 3052 1730 quo
3098 1648 3446 1712 affirmatio
3493 1657 3588 1712 est
3639 1649 4000 1731 specialior,

2503 1764 2582 1810 eo
2623 1747 2874 1828 negatio
2917 1749 3208 1830 opposita
3255 1749 3505 1810 exsistit
3548 1749 3999 1811 communior:

894 1847 1073 1929 quid,
1126 1847 1247 1908 nisi
1296 1847 1379 1908 sit
1428 1848 1759 1928 proprium
1812 1847 1893 1920 ei,
1948 1847 2090 1908 ideo
2149 1846 2392 1907 intelle-
2428 1848 2475 1910 B
2507 1845 2671 1907 sicut
2703 1865 2828 1909 non
2859 1847 3049 1908 homo
3079 1854 3174 1908 est
3215 1847 3619 1909 communius
3649 1865 3836 1928 quam
3875 1865 4004 1908 non

896 1953 1069 2007 ctum
1131 1945 1409 2007 notionis
1471 1945 1767 2026 praecedit
1828 1944 2189 2006 intellectus
2250 1961 2391 2025 pro-

896 2043 1219 2125 prietatis3
1252 2051 1314 2105 et
1344 2043 1495 2124 quia
1534 2043 1886 2124 proprietas
1928 2060 2053 2104 non
2096 2041 2394 2104 convenit

896 2142 1020 2204 nisi
1064 2142 1152 2204 rei
1195 2141 1510 2204 distinctae
1549 2141 1628 2202 ab
1662 2141 1826 2214 aliis,
1861 2148 1923 2203 et
1956 2141 2284 2203 distinctio
2326 2140 2392 2202 in

895 2238 1131 2301 divinis
1172 2257 1299 2302 non
1344 2247 1439 2300 est
1478 2238 1602 2300 nisi
1642 2258 1757 2321 per
1794 2239 2262 2320 oppositionem
2303 2257 2395 2299 re-

896 2337 1171 2412 lationis,
1206 2337 1356 2399 hinc
1406 2337 1470 2399 in
1521 2336 1757 2398 divinis
1810 2337 2206 2399 intellectum
2256 2354 2396 2418 pro-

895 2435 1185 2518 prietatis
1254 2435 1555 2516 praecedit
1620 2435 1981 2498 intellectus
2044 2434 2388 2496 relationis,

895 2535 1127 2609 Tertio,
1170 2542 1479 2616 quantum
1524 2534 1602 2596 ad
1647 2553 1986 2596 numerum
2031 2551 2046 2594 z
2090 2533 2394 2614 quoniam

894 2633 1183 2715 quinque
1226 2640 1375 2694 sunt
1418 2633 1731 2705 notioneS,
1766 2640 1913 2701 etc.‚
1948 2639 2017 2692 ut
2060 2650 2271 2714 supra.

976 2730 1379 2793 sufficientia
1411 2731 1669 2792 demum
1712 2731 2043 2792 notionum
2074 2730 2167 2791 sic
2201 2737 2390 2812 patet.

893 2829 1051 2892 Nam
1089 2830 1168 2891 ad
1209 2830 1329 2892 hoc
1369 2829 1538 2910 quod
1577 2829 1819 2910 aliquid
1856 2829 2031 2891 notio
2070 2847 2397 2911 nuncupa-

893 2937 1019 3003 tur,
1056 2929 1176 2990 tria
1206 2928 1621 3009 requiruntur
1654 2944 1668 2988 ε
1704 2928 1932 3009 primo,
1968 2929 2137 3009 quod
2165 2929 2246 2989 ad
2277 2929 2397 2990 ori-

2503 1945 2762 2019 animal,
2814 1946 2966 2027 quia
3013 1963 3200 2008 omne-
3249 1963 3378 2008 non
3435 1946 3669 2008 animal
3727 1953 3822 2007 est
3875 1963 4002 2007 non

2504 2043 2716 2116 hom0‚
2765 2044 2875 2106 sed
2927 2062 3052 2106 non
3104 2045 3513 2106 convertitur.
3557 2044 3618 2106 Si
3669 2052 3886 2106 autem
3939 2043 4005 2104 in

2502 2141 2805 2221 generali,
2859 2141 2952 2204 sic
3003 2143 3123 2204 erit
3170 2142 3421 2223 negatio
3469 2142 3764 2224 specialis
3811 2150 3880 2204 et
3927 2142 4004 2203 ad

2504 2239 2878 2320 dignitatem
2921 2240 3246 2321 pertinens
3290 2256 3306 2301 ε
3349 2239 3517 2302 unde
3561 2239 3748 2302 faciet
3799 2241 4006 2303 notio-

2506 2356 2652 2398 nem
2684 2338 2879 2399 Patris
2920 2357 3062 2419 quae
3098 2346 3194 2399 est
3235 2337 3718 2411 innascibilitas,
3750 2357 3898 2419 quae
3927 2338 4006 2399 si-

2504 2433 2770 2515 gnificat
2814 2453 2938 2497 non
2979 2455 3118 2497 esse
3155 2434 3237 2497 ab
3275 2435 3400 2497 alio
3439 2436 3789 2497 secundum
3830 2437 4006 2517 quod

2505 2539 2600 2594 est
2633 2532 2986 2614 proprietas
3015 2533 3229 2595 Patris.
3251 2533 3716 2596 Innascibilitas
3745 2550 4006 2616 quoque

2508 2646 2634 2691 non
2673 2638 2767 2692 est
2807 2630 3064 2712 proprie
3104 2630 3325 2694 relatio
3369 2632 3493 2694 nisi
3539 2651 3652 2713 per
3690 2631 4010 2694 reductio—

2508 2747 2677 2803 nem,
2729 2729 3082 2791 secundum
3140 2729 3312 2811 quod
3368 2729 3618 2811 negatio
3665 2730 3742 2792 ad
3799 2748 4006 2810 genus

2505 2826 2955 2890 affirmationis
3013 2828 3358 2890 reducitur.
3409 2864 3492 2874 --
3537 2829 3682 2892 Haec
3729 2828 4008 2891 Thomas

2508 2927 2574 2987 in
2618 2927 2886 3007 Scripto.

894 3026 1111 3106 ginem
1162 3027 1496 3108 pertineat,
1544 3025 1695 3106 quia
1746 3026 2161 3088 relationibus
2211 3026 2397 3106 origi-
2434 3030 2476 3092 C
2588 3024 2854 3106 Insuper
2901 3023 2966 3084 in
3019 3024 3224 3105 prima
3271 3032 3448 3105 parte
3498 3025 3796 3099 Summae,
3833 3043 4009 3106 quae-

896 3124 997 3186 nis
1028 3124 1510 3204 distinguuntur
1541 3142 1857 3205 personae3
1890 3124 2191 3189 secundo,
2226 3124 2394 3205 quod

898 3228 1139 3304 spectet
1169 3221 1247 3282 ad
1287 3220 1682 3302 dignitatem,
1716 3223 1867 3303 quia
1906 3222 2261 3304 hypostasis
2303 3230 2396 3283 est

900 3338 1169 3401 persona
1220 3319 1519 3382 distincta
1567 3322 1952 3402 proprietate
2004 3321 2079 3381 ad
2131 3320 2398 3401 dignita-

898 3426 1029 3481 tem
1062 3418 1453 3500 pertinent&
1488 3418 1695 3489 tertio,
1734 3419 1902 3499 quod
1945 3418 2113 3480 dicat
2152 3418 2396 3500 aliquid

898 3516 1196 3598 speciale,
1228 3516 1381 3598 quia
1411 3534 1749 3578 commune
1780 3534 1906 3578 non
1938 3524 2033 3578 est
2062 3515 2398 3578 sufficiens

899 3615 1291 3697 principium
1339 3615 1796 3678 innotescendi.
1830 3651 1912 3660 —
1947 3616 2164 3696 ltaque
2211 3616 2400 3698 perti-

900 3733 1057 3775 nens
1087 3714 1166 3775 ad
1195 3712 1509 3793 originem
1552 3720 1755 3794 potest
1796 3713 2146 3793 significari
2180 3714 2282 3775 vel
2312 3713 2400 3775 af-

899 3811 1220 3874 firmative
1260 3811 1361 3873 vel
1403 3812 1710 3891 negative.
1748 3812 1811 3874 Si
1852 3811 2265 3885 affirmative,
2299 3812 2397 3873 vel

900 3909 1149 3971 dicetur
1178 3910 1529 3972 secundum
1560 3910 1869 3971 rationem
1904 3910 2230 3993 principii,
2266 3918 2334 3971 ut
2364 3929 2401 3972 a

901 4025 1029 4089 quo
1085 4007 1285 4085 alius;
1337 4007 1436 4069 vel
1486 4008 1839 4070 secundum
1899 4008 2210 4071 rationem
2260 4008 2400 4088 ejus

901 4106 1071 4187 quod
1113 4114 1208 4167 est
1247 4125 1283 4167 a
1324 4106 1661 4187 principio,
1698 4116 1763 4167 ut
1805 4107 1913 4188 qui
1946 4106 2025 4168 ab
2065 4108 2208 4168 alio.
2245 4108 2403 4180 Quo-

2507 3123 2711 3185 stione
2761 3121 3082 3184 tricesima
3127 3118 3425 3197 secunda,
3469 3121 3798 3185 affirmat:
3833 3124 4010 3186 Divi-

2508 3240 2609 3296 na,
2645 3222 2887 3284 ratione
2933 3240 3063 3283 suae
3101 3221 3552 3302 simplicitatiS,
3587 3240 3700 3303 per
3741 3224 4010 3285 nomina

2506 3319 2821 3381 abstracta
2849 3318 3288 3399 significamus
3315 3336 3489 3401 :quae
3519 3320 3710 3382 etiam
3741 3330 4010 3403 propter

2508 3435 2730 3479 eorum
2788 3417 3264 3479 subsistentiam
3313 3426 3376 3479 et
3435 3420 4007 3501 complementum,

2510 3536 2623 3597 per
2653 3523 2946 3578 concreta
2976 3516 3234 3577 nomina
3263 3517 3690 3597 designamus,
3715 3518 3790 3579 Et
3817 3535 4016 3599 opor-

2511 3613 2631 3675 tuit
2669 3614 2761 3675 sic
2801 3613 3162 3694 significare
3203 3632 3329 3676 non
3367 3616 3574 3677 solum
3618 3615 3880 3677 nomina
3917 3636 4017 3679 es-

2510 3711 2820 3784 sentialia,
2873 3712 2982 3773 sed
3030 3712 3221 3775 etiam
3269 3713 3644 3794 personalia,
3698 3714 3785 3775 ita
3834 3716 4016 3796 quod

2511 3810 2677 3871 sicut
2724 3810 2997 3873 dicimus
3046 3812 3246 3873 Deum
3289 3818 3352 3872 et
3399 3811 3721 3885 deitatem,
3756 3812 3850 3874 sic
3911 3814 4019 3875 Pa-

2512 3915 2676 3971 trem
2708 3917 2770 3970 et
2809 3909 3271 3991 paternitatem.
3307 3910 3398 3972 Ad
3438 3910 3609 3991 quod
3649 3912 3856 3992 coegit
3897 3929 4018 3975 nos

2514 4007 2956 4071 haereticorum
2999 4008 3315 4070 instantia.
3351 4009 3556 4082 Quum
3595 4010 3769 4071 enim
3811 4011 4022 4073 confi-

2515 4114 2780 4181 teamur,
2805 4108 3046 4169 Patrem
3079 4116 3142 4169 et
3173 4107 3402 4169 Filium
3434 4116 3496 4169 et
3526 4108 3834 4189 Spiritum
3867 4110 4024 4173 San—

904 4223 1047 4264 rum
1091 4212 1433 4284 utrumque
1474 4204 1629 4265 dicit
1668 4204 1977 4284 originem
2021 4204 2083 4265 in
2118 4223 2402 4266 commu-
2433 4209 2482 4270 D
2515 4212 2688 4266 ctum
2739 4225 2937 4266 unum
2982 4224 3119 4267 esse
3164 4207 3363 4268 Deum
3405 4214 3468 4268 et
3511 4214 3638 4269 tres
3680 4226 4015 4288 personaS,

905 4300 971 4362 ni
1008 4317 1021 4361 z
1058 4300 1199 4361 ideo
1239 4308 1537 4361 neutrum
1579 4310 1675 4362 est
1716 4302 1910 4375 notin,
1946 4302 2067 4364 nisi
2109 4303 2404 4363 determi-

904 4405 1092 4461 netur
1135 4399 1212 4459 ad
1264 4398 1606 4480 specialem
1653 4400 1911 4460 modum
1961 4400 2251 4481 originiS,
2291 4401 2401 4483 qui

904 4514 1033 4559 non
1064 4503 1158 4558 est
1198 4495 1320 4557 nisi
1361 4495 1618 4576 duplex,
1654 4496 1947 4559 videlicet
1992 4517 2105 4579 per
2141 4499 2402 4561 modum

905 4602 1166 4666 naturae,
1200 4601 1262 4655 et
1304 4612 1417 4675 per
1458 4594 1718 4657 modum
1760 4596 2016 4669 amoris,
2053 4602 2120 4657 ut
2159 4596 2404 4659 dictum

903 4700 999 4755 est
1030 4710 1207 4773 saepe.
1232 4691 1307 4753 Et
1337 4692 1688 4753 secundum
1724 4700 2063 4774 utrumque
2093 4693 2403 4757 habemus

904 4791 1060 4853 duas
1102 4790 1436 4853 relationes
1471 4807 1484 4851 ε
1521 4809 1711 4851 unam
1752 4811 1895 4872 quae
1935 4791 2223 4873 designat
2264 4794 2407 4855 rati·

904 4908 1093 4953 onem
1128 4888 1453 4971 principii,
1478 4896 1540 4950 et
1576 4888 1765 4950 aliam
1808 4908 1949 4971 quae
1988 4890 2279 4971 designat
2315 4911 2406 4953 ra-

902 4988 1142 5051 tionem
1192 4987 1332 5067 ejus
1378 4986 1546 5068 quod
1590 4994 1685 5048 est
1733 5006 1769 5048 a
1818 4986 2155 5069 principie.
2195 4989 2271 5049 Et
2321 4990 2406 5051 ita

906 5096 1054 5149 sunt
1093 5094 1367 5167 quatuor
1406 5086 1717 5159 notioneS,
1752 5086 2049 5147 videlicet
2082 5103 2095 5147 ε
2131 5089 2406 5168 paterni-

907 5193 1001 5247 tas
1032 5192 1091 5247 et
1124 5184 1371 5258 filiatio,
1398 5192 1705 5265 quantum
1738 5185 1815 5246 ad
1851 5185 2107 5247 modum
2142 5186 2404 5265 originis

911 5291 1185 5361 naturae3
1230 5283 1548 5363 processio
1594 5291 1657 5344 et
1707 5283 2066 5345 communis
2116 5283 2401 5363 spiratio,

2513 4303 2944 4384 quaerentibus
2993 4322 3121 4385 quo
3168 4304 3296 4365 sint
3345 4324 3508 4367 unus
3559 4305 3724 4368 Deus
3771 4314 3834 4367 et
3880 4325 4019 4390 quo

2513 4400 2641 4463 sint
2683 4408 2806 4462 tres
2847 4420 3152 4484 personae,
3187 4402 3353 4464 sicut
3387 4404 3803 4485 respondetur
3833 4408 4016 4487 quod

2512 4500 2788 4561 essentia
2835 4518 2946 4561 seu
2996 4500 3226 4562 deitate
3275 4508 3422 4562 sunt
3475 4521 3676 4564 unum
3723 4511 3786 4564 et
3837 4523 4018 4567 unus

2515 4598 2700 4659 DeuS.
2755 4598 2840 4659 ita
2887 4598 3168 4679 oportuit
3213 4618 3350 4661 esse
3411 4600 3670 4662 nomina
3717 4603 4020 4682 quaedam

2513 4696 2829 4757 abstracta
2891 4696 3126 4777 quibus
3187 4697 3553 4779 responderi
3621 4706 3832 4780 posset
3903 4720 4026 4781 per

2515 4794 2668 4875 quid
2711 4813 2822 4857 seu
2865 4812 2992 4876 quo
3032 4794 3504 4875 distinguantur
3536 4814 3549 4858 ε
3583 4805 3646 4858 et
3686 4796 4028 4877 hujusmo-

2515 4892 2578 4953 di
2626 4899 2774 4953 sunt
2815 4892 3234 4973 proprietates
3277 4910 3388 4955 seu
3433 4894 3722 4957 notiones
3765 4894 3830 4956 in
3877 4896 4030 4960 abs-

2515 4998 2716 5053 tracto
2746 4990 3142 5071 significata»,
3167 4992 3333 5053 sicut
3368 4994 3734 5074 paternitaS,
3757 4992 4023 5059 filiatio.

2515 5089 2660 5150 Ideo
2723 5088 2998 5150 essentia
3062 5088 3464 5168 significatur
3521 5090 3587 5152 in
3650 5090 3890 5155 divinis
3957 5104 4032 5157 ut

2517 5186 2693 5268 quid,
2729 5205 2999 5268 persona
3042 5196 3114 5249 ut
3153 5187 3318 5269 quis,
3354 5190 3706 5271 proprietas
3752 5198 3820 5253 ut
3860 5212 4022 5273 quo.

2517 5321 2597 5330 —
2627 5285 2916 5347 Secundo
2959 5286 3037 5348 ad
3081 5287 3201 5349 hoc
3245 5287 3472 5367 coegit,
3511 5289 3660 5370 quia
3705 5308 3826 5351 una
3877 5310 4030 5373 per—
