4359 6250
1160 538 1383 595 QUAEsT.
1430 539 1499 585 111
1541 538 1555 583 2
1600 538 1687 585 AN
1728 539 1881 585 DEUS
1924 540 2147 587 POTBST
2186 540 2474 596 Quloomn
2515 541 2727 587 Porum·

3377 519 3497 583 597

404 704 581 779 tiam,
644 714 947 789 quantam
1014 727 1173 790 pura
1230 716 1517 771 creatura
1574 708 1897 772 rationalis
1928 709 1977 771 A
2010 710 2134 773 isse
2164 711 2244 773 de
2270 710 2570 793 opinione
2599 711 3238 775 Nominalium.Unde
3268 710 3500 775 solutio

400 823 543 884 quae
586 803 753 867 facta
793 813 911 879 est,
953 806 1046 868 sic
1095 807 1379 888 recipere
1430 808 1655 889 potuit.
1698 807 1899 880 Quan—

398 910 537 963 tum
579 910 795 965 autem
838 904 915 966 ad
959 913 1273 979 naturam,
1306 907 1399 969 sic
1438 906 1679 988 optima
1722 914 1897 967 natu-

398 1000 555 1062 ralia
594 1000 839 1075 habuit‚
875 1010 1063 1085 prout
1095 1003 1207 1066 l'ini
1240 1013 1609 1086 competens
1647 1003 1791 1075 fuit,
1827 1013 1897 1065 ut

398 1098 647 1161 scilicet
674 1107 840 1161 esset
872 1108 1019 1183 apta
1058 1120 1277 1183 parere
1310 1102 1717 1165 Salvatorem.
1752 1102 1895 1165 Haec

397 1197 857 1260 Bonaventura.

814 1524 1289 1597 QUAESTIO
1350 1528 1476 1590 III

522 1786 697 1849 Ertio
727 1787 1169 1869 principaliter
1199 1791 1663 1871 quaeritur‚An
1682 1794 1891 1859 Deus

538 1888 806 1967 potest
838 1887 1225 1969 quidquid
1268 1892 1554 1970 potuit.

473 1984 548 2045 Et
579 1985 659 2046 de
690 1985 809 2047 hoc
842 1985 1041 2047 multa
1070 1986 1175 2047 hic
1205 1995 1417 2049 essent
1449 1988 1733 2051 dicenda.
1769 1988 1888 2051 Sed

394 2082 749 2145 difficultas
798 2082 917 2145 ista
958 2103 1071 2164 per
1114 2086 1327 2147 omnia
1369 2088 1590 2149 eadem
1640 2095 1737 2149 est
1779 2106 1891 2149 seu

396 2180 743 2244 conformis
786 2182 1155 2245 difficultati
1207 2184 1575 2266 quaestionis
1619 2206 1745 2268 qua
1793 2206 1893 2248 su-

398 2279 953 2362 pra,distinctione
987 2282 1467 2363 quadragesima
1496 2283 1717 2365 prima,
1733 2304 1896 2366 quae-

395 2378 591 2440 situm
624 2386 739 2451 est,
773 2398 853 2441 an
884 2380 1049 2441 Deus
1080 2380 1201 2441 scit
1231 2380 1542 2463 quidquid
1574 2382 1780 2443 scivit.
1817 2382 1893 2444 Et

394 2476 561 2539 sicut
614 2477 726 2551 ibi,
778 2478 865 2539 ita
912 2486 973 2540 et
1025 2478 1129 2540 hic
1180 2479 1473 2561 Magister
1521 2480 1889 2563 opinionem

392 2574 826 2637 Nominalium
884 2575 1195 2657 sequitur,
1247 2586 1436 2659 prout
1484 2578 1781 2640 Alber‘tus
1830 2587 1892 2641 et

392 2674 833 2736 Bonaventura
892 2681 1221 2737 testantur.
1276 2676 1629 2739 Alexander
1682 2685 1889 2739 tamen

392 2771 764 2853 opinionem
798 2771 1073 2853 Magistri
1114 2772 1219 2834 hic
1252 2773 1355 2855 pie
1386 2774 1667 2856 exponit,
1700 2775 1893 2837 eluci-

394 2871 501 2932 dat
547 2878 739 2952 atque
790 2878 1019 2931 tuetur.
1074 2871 1531 2935 Bonaventurae
1579 2891 1731 2935 vero
1788 2893 1893 2955 ap-

392 2976 573 3050 paret
624 2968 793 3049 quod
840 2976 1004 3031 stare
1052 2986 1179 3031 non
1229 2969 1453 3043 valeat,
1499 2978 1563 3032 et
1611 2971 1777 3033 sicut
1826 2972 1891 3032 in

2007 808 2148 889 ejus
2189 817 2304 872 stat
2349 809 2414 871 in
2455 810 2596 880 hoc,
2639 811 2808 892 quod
2849 830 2976 872 una
3019 810 3300 893 potentia
3337 830 3500 873 sem-

2008 926 2122 989 per
2180 908 2603 988 significatur,
2661 928 2802 991 quae
2859 909 3133 971 refertur
3191 909 3269 972 ad
3331 909 3502 972 idem

2006 1005 2128 1069 sub
2172 1008 2424 1069 diverso
2467 1008 2656 1069 modo
2704 1007 3112 1088 significandi
3164 1007 3504 1090 importato

2009 1106 2074 1167 in
2113 1106 2309 1168 verbo
2349 1106 2448 1168 vel
2487 1106 2792 1168 adverbio
2831 1106 3190 1188 pertinente
3232 1106 3308 1167 ad
3349 1114 3506 1167 tem-

2006 1222 2125 1285 pus
2173 1223 2300 1286 quo
2347 1204 2766 1284 significatur.
2819 1205 2938 1268 Sed
2983 1204 3195 1266 verius
3242 1222 3316 1266 ac
3361 1221 3503 1285 pro-

2005 1299 2283 1362 babilius
2335 1300 2491 1362 mihi
2545 1301 2814 1375 videtur,
2857 1301 3025 1383 quod
3074 1307 3172 1362 est
3220 1300 3503 1383 potentia

2002 1398 2292 1461 absolute
2339 1398 2755 1473 considerata,
2808 1407 2870 1461 et
2918 1399 3053 1462 haec
3106 1417 3360 1481 semper
3405 1406 3502 1461 est

2003 1497 2258 1576 eadem;
2299 1497 2425 1560 alia
2461 1505 2557 1560 est
2601 1498 2882 1581 potentia
2922 1497 3093 1560 actui
3134 1498 3495 1579 conjuncta,

2002 1604 2065 1657 et
2097 1595 2218 1658 ista
2246 1596 2707 1659 determinatur
2737 1596 3088 1659 secundum
3124 1596 3383 1658 modum
3415 1595 3497 1657 si-

2002 1693 2352 1775 gnificandi
2395 1696 2471 1759 ad
2515 1714 2649 1759 rem
2687 1716 2830 1777 quae
2872 1694 3143 1757 refertur
3184 1694 3260 1757 ad
3300 1712 3439 1756 eam
3477 1713 3490 1757 :

2002 1800 2065 1854 et
2103 1793 2237 1855 haec
2281 1794 2564 1875 potentia
2611 1794 2963 1856 secundum
3011 1793 3322 1855 rationem
3367 1810 3495 1854 non

1926 1892 1974 1954 Β
2003 1898 2099 1953 est
2126 1893 2347 1955 eadem
2380 1911 2528 1954 cum
2571 1892 2696 1954 illa.
2731 1892 2890 1953 Hinc
2919 1890 3270 1953 secundum
3307 1891 3494 1953 istam

2004 1991 2169 2052 Deus
2211 2006 2338 2051 non
2379 1996 2587 2071 potest
2616 1988 2926 2071 quidquid
2966 1988 3191 2070 potuit.
3225 1989 3369 2052 Haec
3398 1989 3497 2051 Al-

2002 2086 2241 2149 bertus.

2082 2186 2354 2249 Thomas
2386 2203 2537 2248 vero
2579 2186 2919 2267 respondet
2954 2204 2968 2247 :
3001 2186 3177 2259 Quod
3210 2186 3356 2267 quis
3396 2206 3500 2248 ne-

2002 2294 2186 2365 getur
2214 2285 2454 2367 aliquid
2487 2302 2695 2367 posse,
2729 2303 2804 2346 ex
2836 2283 3085 2346 duobus
3117 2290 3324 2365 potest
3353 2303 3500 2347 con·

2004 2382 2266 2462 tingere.
2303 2382 2532 2455 Prim0‚
2567 2402 2643 2444 ex
2677 2381 2928 2443 defectu
2969 2382 3268 2462 potentiae
3293 2401 3307 2445 :
3333 2382 3500 2443 sicut

2002 2480 2112 2563 qui
2154 2488 2326 2541 caret
2355 2481 2560 2541 visiva
2600 2480 2883 2562 potentia
2922 2497 3047 2541 non
3090 2486 3296 2561 potest
3325 2480 3498 2541 vide-

2003 2596 2089 2639 re.
2144 2578 2456 2651 Secundo,
2509 2597 2586 2639 ex
2638 2585 2814 2660 parte
2860 2577 3093 2659 objecti
3145 2577 3315 2658 quod
3367 2595 3496 2640 non

2003 2675 2193 2738 habet
2241 2676 2549 2739 rationem
2599 2676 2924 2757 possibilis
2975 2670 3207 2739 :sicut
3253 2662 3494 2737 habens

2001 2775 2213 2836 visum
2262 2775 2495 2837 dicitur
2553 2792 2678 2837 non
2741 2791 2924 2856 posse
2973 2773 3188 2835 videre
3238 2790 3490 2847 sonum,

2002 2873 2303 2954 quoniam
2365 2891 2556 2935 sonus
2615 2890 2743 2935 non
2795 2881 2889 2934 est
2934 2871 3231 2933 visibilis,
3283 2872 3492 2934 Primo

2005 2971 2192 3033 modo
2223 2988 2349 3033 non
2382 2972 2614 3033 dicitur
2644 2972 2808 3033 Deus
2843 2970 3084 3051 aliquid
3117 2987 3247 3031 non
3279 2988 3489 3051 posse,

394 3067 655 3149 praefata
682 3066 1090 3130 distinctione
1122 3068 1199 3131 de
1228 3068 1515 3142 scientia,
1552 3068 1638 3131 ita
1678 3067 1780 3131 hic
1812 3069 1889 3131 de
1925 3070 1968 3134 C
2003 3087 2205 3151 quum
2249 3068 2531 3150 potentia
2568 3068 2707 3150 ejus
2747 3068 2829 3130 sit
2871 3067 3352 3150 perfectissima.
3389 3068 3494 3131 Se-

391 3166 678 3249 potentia
720 3166 830 3228 Dei
877 3167 1053 3240 dicit,
1096 3167 1264 3249 quod
1307 3167 1548 3249 aliquid
1593 3176 1888 3232 connotat

390 3283 471 3327 ex
530 3271 709 3346 parte
765 3264 857 3326 rei
913 3264 1237 3345 possibilis
1297 3284 1409 3327 seu
1468 3264 1775 3345 effectus;
1826 3275 1889 3328 et

392 3364 537 3426 ideo
578 3362 872 3445 quamvis
920 3363 1203 3444 potentia
1241 3364 1352 3426 Dei
1398 3365 1463 3425 in
1506 3383 1575 3426 se
1619 3365 1889 3427 invaria-

390 3461 543 3524 bilis
602 3468 983 3541 perseveret‚
1034 3468 1248 3524 tamen
1296 3462 1379 3524 ob
1428 3462 1548 3525 hoc
1596 3471 1889 3526 connota—

390 3567 529 3620 tum
564 3564 628 3620 et
659 3566 917 3640 propter
946 3578 1159 3620 rerum
1193 3560 1629 3634 variationem,
1653 3561 1889 3623 dicitur

390 3677 519 3720 non
554 3674 739 3740 posse
771 3657 940 3739 quod
970 3656 1313 3740 aliquando
1342 3659 1571 3740 potuit,
1605 3659 1755 3742 quia
1786 3679 1885 3722 res

390 3775 591 3837 capax
633 3773 761 3816 non
790 3761 889 3816 est.
918 3754 1057 3835 ejus
1089 3755 1273 3836 cujus
1313 3755 1655 3837 aliquando
1690 3777 1886 3839 capax

386 3853 537 3928 fuit,
591 3853 1127 3935 quemadmodum
1188 3853 1357 3934 quod
1415 3872 1586 3914 nunc
1645 3855 1883 3916 sactum

386 3959 507 4026 est,
563 3970 689 4014 non
750 3958 956 4032 potest
1004 3968 1131 4014 non
1187 3950 1427 4012 factum
1488 3971 1625 4014 esse
1678 3970 1692 4014 τ
1746 3952 1887 4014 ideo

386 4051 628 4112 dicitur
670 4048 829 4110 illud
872 4066 1000 4111 non
1042 4066 1247 4130 posse,
1291 4057 1530 4131 utpote,
1575 4051 1885 4112 mundum

386 4166 519 4210 non
568 4165 709 4208 esse
758 4153 1062 4217 creatum,
1104 4153 1166 4208 et
1210 4147 1529 4228 praeterita
1573 4165 1700 4209 non
1749 4167 1887 4210 esse

2003 3168 2215 3229 cundo
2261 3175 2472 3230 autem
2523 3167 2713 3229 modo
2759 3167 2992 3228 dicitur
3031 3168 3322 3249 quaedam
3367 3184 3495 3229 non

2000 3284 2208 3348 posse,
2260 3285 2400 3346 quae
2461 3265 2706 3327 scilicet
2763 3265 3112 3348 implicant.
3159 3302 3240 3312 —
3289 3265 3496 3328 Simili

2002 3364 2210 3436 mod0‚
2245 3363 2416 3444 quod
2446 3365 2591 3444 quis
2629 3381 2756 3426 non
2797 3371 3004 3446 potest
3034 3365 3346 3447 quidquid
3386 3382 3495 3446 po-

2000 3463 2141 3536 tuit,
2177 3481 2254 3524 ex
2299 3461 2546 3524 duobus
2592 3469 2799 3543 potest
2841 3463 3225 3543 contingere.
3260 3463 3490 3536 Prim0,

1999 3561 2151 3643 quia
2191 3561 2403 3622 amisit
2443 3560 2790 3642 potentiam
2833 3560 3113 3643 aliquam
3155 3579 3349 3641 quam
3389 3560 3493 3621 ha-

2000 3659 2190 3722 bebat
2224 3677 2237 3720 :
2273 3658 2440 3740 quod
2482 3658 2988 3720 incommutabili
3028 3659 3155 3720 Deo
3184 3675 3311 3719 non
3347 3677 3492 3720 con-

1998 3758 2193 3821 venit.
2221 3757 2533 3830 Secund0‚
2568 3775 2642 3818 ex
2675 3756 3023 3818 mutatione
3053 3755 3288 3836 objecti
3319 3757 3489 3838 quod

1973 3857 2234 3919 amittit
2280 3857 2589 3919 rationem
2645 3855 2968 3938 possibilis
3016 3873 3208 3936 quam
3265 3854 3492 3916 habuit

2000 3956 2177 4038 prius
2213 3974 2227 4018 τ
2263 3961 2330 4015 ut
2374 3955 2542 4036 quod
2593 3973 2870 4034 praesens
2918 3960 3012 4014 est
3054 3959 3197 4014 actu
3245 3959 3355 4015 aut
3404 3952 3492 4015 fa-

2000 4062 2173 4115 ctum
2222 4060 2338 4126 est,
2392 4069 2521 4114 non
2571 4058 2777 4134 potest
2824 4049 2967 4112 sieri
3018 4069 3135 4112 nec
3183 4050 3490 4132 possibile

1997 4159 2094 4213 est
2143 4170 2267 4215 non
2324 4150 2562 4228 fuisse3
2613 4150 2831 4231 sicque
2890 4148 3125 4210 amittit
3179 4147 3490 4210 rationem

386 4245 731 4328 praet-erita,
766 4243 986 4325 sicque
1017 4243 1082 4305 in
1115 4244 1577 4307 consimilibus.
1602 4245 1745 4308 Haec
1775 4246 1889 4309 Bo·
1919 4251 1967 4312 D
2001 4249 2344 4332 possibilis,
2377 4250 2639 4330 Propter
2668 4247 2836 4329 quod
2870 4246 3104 4309 dicitur
3133 4248 3297 4309 Deus
3329 4246 3491 4309 illud

388 4351 763 4406 naventura.
1082 4405 1099 4426 .

470 4442 645 4504 Idem
676 4447 895 4502 tenent
924 4438 1029 4502 hic
1060 4440 1351 4513 ThomaS‚
1385 4439 1703 4516 Albertus‚
1730 4441 1890 4522 AEgi-

388 4541 561 4615 diuS,
594 4538 945 4613 UdalricuS,
978 4557 1050 4600 ac
1089 4537 1197 4601 alii
1242 4537 1445 4600 multi.

474 4638 651 4702 Unde
692 4637 781 4699 ait
812 4635 1104 4699 Albertus
1138 4653 1153 4697 ι
1186 4636 1479 4718 Magister
1509 4637 1764 4700 videtur
1795 4638 1889 4700 fu-

2000 4365 2126 4408 non
2170 4365 2374 4429 posse,
2407 4345 2702 4428 quamvis
2739 4343 2821 4406 sit
2849 4343 3071 4406 eadem
3107 4363 3228 4418 reS‚
3261 4345 3371 4407 sed
3403 4345 3495 4406 di-

2000 4445 2202 4507 versis
2239 4442 2743 4506 enuntiabilibus
2787 4441 3210 4505 diversimode
3249 4442 3494 4524 signifi-

2000 4549 2138 4604 cata
2179 4548 2434 4624 propter
2465 4549 2826 4623 temporum
2858 4539 3311 4603 diversitatem.
3346 4541 3490 4604 Haec

1999 4641 2268 4704 Thomas
2312 4641 2378 4702 in
2421 4639 2689 4722 Scripta.
