4359 6250
522 1843 689 1898 Angue
699 1842 791 1887 Tri-

522 1907 674 1957 nitate‚
711 1905 787 1949 lib.

524 1983 594 2022 vu,
615 1983 660 2014 n.
684 1973 749 2012 11.

528 3618 593 3660 3⁰.

542 3901 557 3945 Ι
567 3900 715 3945 Joann

584 5036 778 5094 Δημὼ

525 5097 643 5142 noct.
652 5099 799 5142 christ.

817 446 936 510 192
1750 464 1923 510 11111111
1965 465 1986 514 1
2028 463 2510 510 summ-truanni.
2556 481 2637 492 —
2677 465 2829 511 ms'r.
2875 465 2999 510 xxv

1240 692 1319 757 F.
1372 695 1692 759 Ostendit
1736 697 1964 758 verba
2008 696 2399 771 Anausttnt
2442 697 2835 758 convenire
2879 697 3048 757 huic
3093 694 3494 758 sententiae.

946 897 1032 960 Et
1069 898 1176 960 hic
1212 913 1447 962 sensus
1484 897 1834 978 adjuvatur
1864 916 1947 962 ex
1976 897 2195 962 verbis
2232 898 2587 980 Augustini
2625 899 3012 979 praemissiS,
3045 899 3102 962 si
3131 898 3408 962 interius
3445 895 3927 977 intelligantur.

814 1014 985 1088 Quia
1041 1015 1218 1079 enim
1272 1015 1469 1079 Pater
1521 1017 1624 1079 est
1676 1031 1979 1097 persona,
2030 1015 2098 1079 id
2150 1017 2252 1079 est
2299 1015 2606 1095 essentia,
2657 1016 2722 1078 et
2769 1015 2982 1078 Filius
3027 1015 3128 1078 est
3175 1030 3477 1096 persona,
3521 1013 3588 1075 et
3635 1011 3930 1092 Spiritus

812 1131 1091 1195 Sanctus
1119 1133 1219 1195 est
1255 1148 1569 1213 persona3
1604 1131 1751 1194 ideo
1790 1131 2099 1194 dicuntur
2126 1134 2260 1195 tres
2295 1147 2616 1212 personae,
2651 1131 2719 1193 id
2748 1131 2848 1194 est
2875 1132 3006 1193 tres
3043 1129 3511 1210 subsistentiae,
3543 1131 3677 1192 tres
3712 1128 3923 1191 311133.

812 1245 962 1310 Non
1012 1247 1187 1311 enim
1235 1248 1505 1329 possent
1549 1247 1679 1309 dici
1722 1249 1855 1311 tres
1901 1247 2346 1311 subsistentiae
2385 1247 2490 1311 vel
2527 1247 2660 1310 tres
2705 1247 2911 1325 311133,
2952 1247 3082 1309 11131
3127 1246 3430 1328 singulus
3479 1262 3708 1309 eorum
3751 1244 3930 1308 esset

813 1379 1116 1444 persona,
1159 1363 1226 1426 id
1279 1364 1379 1426 est
1424 1363 1728 1427 essentia.
1772 1362 1942 1436 Quia
1989 1381 2143 1446 ergo
2193 1365 2288 1427 eis
2334 1380 2686 1426 commune
2732 1364 2832 1427 est
2873 1363 2942 1426 id
2986 1362 3165 1444 quod
3215 1363 3313 1426 est
3359 1378 3663 1444 persona,
3708 1360 3776 1423 id
3822 1363 3929 1424 est

816 1479 1122 1558 essentia,
1164 1479 1311 1542 ideo
1355 1479 1527 1542 recte
1572 1479 1881 1542 dicuntur
1918 1481 2049 1543 tres
2096 1496 2418 1561 personae,
2460 1481 2528 1542 id
2568 1482 2667 1544 est
2702 1478 3144 1544 subsistentiae
3186 1479 3290 1543 vel
3331 1479 3764 1542 subsistentes
3796 1498 3811 1539 :
3850 1479 3929 1540 ut

816 1596 989 1658 sicut
1036 1596 1339 1675 essentia,
1391 1613 1538 1677 quae
1595 1595 1691 1659 eis
1746 1598 1847 1660 est
1900 1597 2300 1677 communis,
2347 1614 2500 1661 vere
2554 1613 2629 1660 ac
2678 1597 2942 1678 proprie
2992 1597 3114 1677 est,
3168 1597 3263 1659 ita
3315 1595 3413 1659 illi
3463 1597 3596 1660 tres
3646 1611 3797 1658 vere
3847 1610 3930 1656 ac

816 1705 1079 1791 propri‘e
1129 1710 1571 1775 subsistentiae
1619 1711 1724 1774 vel
1773 1712 1956 1776 entes
2002 1712 2475 1792 intelligantur.
2519 1711 2806 1794 Ideoque
2850 1711 3265 1792 Augustinus
3314 1727 3544 1774 causas
3594 1710 3928 1773 dictorum

817 1826 1215 1906 discernens,
1258 1827 1418 1889 dicit
1454 1828 1585 1890 tres
1632 1843 1945 1907 personas
1981 1845 2123 1892 esse
2162 1844 2363 1891 unam
2411 1829 2764 1892 essentiam
2811 1828 2916 1890 vel
2962 1827 3260 1908 eJusdem
3306 1827 3629 1907 essentiae,
3669 1843 3803 1888 non
3843 1843 3931 1889 ex

819 1943 1047 2006 eadem
1096 1943 1400 2023 essentia,
1454 1960 1536 2007 ne
1588 1944 1768 2007 aliud
1814 1944 2220 2025 intelligatur
2270 1945 2363 2008 ibi
2413 1961 2556 2008 esse
2606 1961 2908 2024 persona,
2958 1944 3138 2008 aliud
3189 1945 3492 2009 essentia.
3534 1944 3695 2008 Tres
3743 1942 3932 2006 enim

817 2075 1139 2140 personae,
1178 2058 1249 2120 id
1292 2060 1392 2122 est
1435 2058 1903 2141 subsistentiae,
1935 2077 2067 2123 11113
2109 2063 2264 2124 sunt
2302 2058 2585 2124 essentia
2620 2062 2687 2124 et
2731 2063 2932 2124 unius
2968 2062 3301 2142 essentiae3
3341 2077 3474 2124 non
3509 2061 3732 2124 autem
3769 2059 3935 2122 sunt

818 2189 952 2235 una
997 2189 1276 2254 persona
1322 2174 1429 2238 vel
1478 2174 1677 2238 unius
1720 2191 2041 2256 personae,
2082 2176 2236 2239 licet
2283 2191 2564 2256 persona
2611 2175 2975 2239 secundum
3024 2175 3460 2240 substantiam
3503 2175 3758 2238 dicatur
3806 2172 3936 2236 ali-

817 2289 1080 2369 quando
1124 2309 1138 2351 :
1180 2306 1335 2352 nam
1380 2291 1438 2354 si
1486 2291 1611 2354 hoc
1656 2291 2003 2370 diceretur,
2044 2292 2345 2356 confusio
2391 2292 2576 2356 fieret
2621 2292 2692 2354 in
2736 2292 3057 2372 personis.

817 2519 897 2584 G.
956 2523 1359 2595 objectioni
1411 2526 1721 2587 illorum
1772 2527 1889 2586 hic
1942 2526 2361 2599 respondet,
2421 2539 2567 2600 qua
2622 2526 2971 2588 nituntur
3012 2527 3343 2599 probare
3390 2539 3759 2600 personas
3812 2540 3932 2588 se-

952 2644 1271 2703 cundum
1314 2641 1714 2704 essentiam
1759 2644 2025 2717 accipi,
2068 2645 2243 2717 quia
2288 2645 2817 2716 respondemus
2863 2644 3357 2718 (lucer-entibus
3401 2646 3576 2719 quid
3619 2644 3776 2706 tres
3811 2647 3934 2706 vel

955 2759 1129 2831 quid
1172 2758 1352 2819 tria.

954 2950 1059 3013 Ad
1105 2949 1233 3013 hoc
1282 2952 1504 3014 autem
1556 2950 1733 3031 quod
1787 2949 1887 3012 illi
1935 2950 2187 3030 dicunt,
2239 2969 2447 3033 quum
2495 2952 2812 3033 quaeritur
2867 2952 3028 3034 quid
3080 2954 3234 3035 tres,
3279 2954 3385 3018 vel
3434 2954 3595 3036 quid
3645 2955 3794 3037 tria,
3845 2955 3932 3020 de

822 3066 1107 3132 essentia
1142 3066 1481 3148 quaeritur,
1515 3067 1671 3149 quia
1705 3083 1839 3130 non
1867 3067 2203 3131 invenitur
2237 3068 2397 3150 quid
2436 3068 2534 3131 illi
2563 3070 2696 3133 tres
2733 3069 2866 3133 sint
2901 3069 3032 3133 nisi
3071 3070 3354 3135 essentia
3377 3069 3522 3156 (per
3549 3072 3676 3137 hoc
3701 3073 3937 3137 volen-

820 3186 921 3249 tes
963 3201 1086 3247 nos
1122 3183 1431 3247 inducere
1476 3185 1552 3247 ut
1600 3184 1869 3247 nomine
1917 3201 2214 3265 personae
2261 3186 2615 3249 essentiam
2665 3186 3137 3268 intelligamuS,
3171 3205 3378 3269 quum
3424 3189 3928 3271 respondemu5‚

821 3302 955 3364 tres
1004 3298 1371 3381 personas),
1422 3300 1515 3362 ita
1558 3299 1843 3363 dicimus
1886 3320 1900 3361 ε
1942 3299 2470 3366 Indubitabiliter
2517 3319 2750 3365 verum
2803 3302 2902 3365 est
2950 3304 3108 3384 quia
3154 3321 3290 3368 non
3337 3306 3671 3369 invenitur
3717 3323 3936 3370 unum

820 3416 1074 3497 aliquid
1110 3414 1289 3496 quod
1336 3414 1437 3478 illi
1474 3416 1606 3479 tres
1652 3416 1809 3495 sint,
1850 3416 1980 3479 nisi
2026 3417 2330 3480 essentia.
2375 3417 2601 3481 Unum
2648 3419 2826 3481 enim
2872 3418 3028 3482 sunt
3065 3419 3162 3481 illi
3197 3421 3354 3501 1133,
3394 3421 3464 3484 id
3503 3421 3603 3485 est
3646 3423 3938 3486 essentia

594 3566 621 3596 ο
684 3566 728 3597 η.
746 3566 789 3605 ι,
818 3532 1065 3595 divina.
1100 3532 1289 3597 Unde
1328 3530 1588 3595 Veritas
1626 3532 1720 3595 ait
1752 3552 1767 3594 :
1802 3533 1942 3613 Ego
1981 3534 2047 3598 et
2080 3534 2276 3597 Pater
2311 3550 2522 3598 unum
2558 3551 2814 3599 sumus.
2847 3534 3318 3601 Verumtamen
3356 3553 3567 3619 quum
3609 3538 3934 3620 quaeritur

821 3650 982 3730 quid
1026 3650 1181 3729 1133,
1214 3648 1322 3713 vel
1359 3648 1521 3729 quid
1556 3649 1705 3729 tria,
1739 3666 1872 3712 non
1908 3649 1990 3712 de
2020 3650 2305 3714 essentia
2342 3652 2682 3731 quaeritur,
2716 3668 2835 3715 nec
2872 3650 2965 3714 ibi
3005 3658 3179 3729 quid
3213 3652 3296 3715 ad
3340 3654 3694 3718 essentiam
3731 3654 3940 3719 refer-

821 3767 951 3831 tur.
986 3765 1114 3830 Sed
1150 3782 1359 3847 quum
1398 3764 1561 3829 fides
1598 3764 1919 3829 catholica
1954 3766 2089 3829 tres
2128 3782 2273 3829 esse
2309 3766 2745 3847 profiteretur,
2787 3768 2959 3830 sicut
2992 3768 3032 3831 J
3035 3785 3278 3833 oannes
3313 3770 3384 3833 in
3420 3770 3698 3851 epistola
3733 3788 3940 3835 cano-

722 3913 793 3951 .v‚
820 3882 969 3946 nica
1015 3883 1130 3962 ait,
1162 3881 1323 3946 Tres
1360 3881 1517 3945 sunt
1562 3881 1679 3962 qui
1726 3881 2183 3945 testimonium
2231 3881 2578 3962 perhibent
2624 3883 2694 3945 in
2740 3882 2939 3964 coe103
2993 3885 3407 3966 quaerebatur
3441 3886 3603 3967 quid
3651 3888 3750 3949 illi
3799 3889 3939 3951 tres

822 3998 1063 4077 essent,
1105 3998 1173 4061 id
1230 3998 1352 4077 est,
1405 4012 1489 4059 an
1538 3998 1758 4060 essent
1810 3998 1945 4061 tres
1998 4014 2125 4076 133,
2183 3998 2248 4061 31
2298 4013 2446 4079 quae
2494 3998 2627 4062 tres
2672 4016 2800 4077 133,
2852 4000 2917 4063 31
2970 4017 3102 4081 quo
3149 4002 3418 4066 nomine
3469 4001 3602 4067 illae
3650 4005 3782 4067 tres
3827 4021 3940 4067 res

820 4113 1367 4195 significarentur.
1408 4113 1495 4175 Et
1530 4112 1677 4175 ideo
1719 4111 2029 4193 loquendi
2073 4114 2462 4178 necessitate
2499 4114 2842 4179 inventum
2893 4118 2994 4180 est
3039 4117 3163 4181 hoc
3199 4133 3467 4199 nomen,
3504 4136 3805 4201 persona,
3847 4120 3938 4183 ad

820 4228 1377 4309 respondendum,
1418 4230 1483 4292 et
1527 4228 1779 4292 dictum
1826 4229 1949 4308 est,
1990 4231 2123 4293 tres
2167 4246 2489 4331 personae.

1421 4458 1513 4525 H.
1570 4462 1751 4527 Quid
1796 4462 1950 4525 tres
1990 4477 2118 4525 res
2161 4464 2233 4525 et
2278 4466 2451 4539 quid
2493 4478 2646 4527 una
2691 4478 2818 4527 rea
2861 4468 2976 4529 hic
3024 4468 3323 4530 dicitur.

956 4664 1107 4729 Non
1148 4666 1372 4729 autem
1409 4666 1473 4729 te
1503 4668 1767 4729 moveat
1803 4665 1983 4747 quod
2023 4666 2340 4746 diximus,
2373 4668 2506 4731 tres
2543 4685 2669 4732 res.
2708 4668 2860 4731 Non
2897 4669 3074 4732 enim
3114 4670 3240 4733 hoc
3277 4670 3589 4753 dicenteS,
3631 4673 3936 4738 diversa-

824 4799 973 4845 rum
1024 4799 1242 4846 rerum
1295 4798 1648 4845 numerum
1689 4782 2003 4863 ponimus
2050 4782 2121 4844 in
2165 4782 2520 4864 Trinitate3
2561 4784 2676 4847 sed
2725 4784 2819 4847 ita
2863 4785 2995 4849 tres
3045 4803 3150 4849 res
3198 4785 3507 4866 dicimuS,
3545 4790 3620 4853 ut
3667 4790 3936 4854 easdem

826 4915 968 4962 esse
1016 4914 1219 4962 unam
1259 4898 1617 4979 quamdam
1655 4914 1989 4961 summam
2036 4914 2177 4961 rem
2225 4899 2673 4963 confiteamur.
2718 4900 2904 4964 Unde
2942 4901 3354 4982 Augustinus
3401 4904 3470 4967 in
3506 4905 3723 4986 primo
3761 4905 3936 4969 libro

826 5013 907 5077 de
945 5015 1259 5078 Doctrina
1305 5013 1659 5077 christiana
1704 5014 1800 5076 sic
1837 5013 1985 5076 ait:
2026 5014 2161 5077 Res
2207 5013 2450 5095 quibus
2494 5013 2844 5079 fruendum
2883 5018 3005 5095 est,
3044 5032 3168 5079 nos
3213 5016 3440 5083 beatos
3486 5020 3756 5085 faciunt.
3797 5022 3940 5087 Res

530 5162 633 5205 hb.
661 5166 740 5207 Μ
754 5146 983 5211 tergo
1029 5130 1271 5212 quibus
1330 5129 1683 5194 fruendum
1732 5131 1855 5210 est,
1910 5131 2065 5193 sunt
2119 5130 2315 5193 Pater
2363 5132 2428 5194 et
2482 5131 2693 5194 Filius
2749 5132 2812 5195 et
2867 5133 3153 5213 Spiritus
3207 5135 3508 5200 Sanctus.
3550 5137 3940 5220 Eademque

826 5245 1113 5310 Trinitas
1148 5263 1281 5309 una
1316 5246 1621 5327 quaedam
1658 5262 1922 5311 summa
1958 5263 2063 5311 res
2092 5246 2214 5324 est,
2247 5247 2751 5327 communisque
2787 5247 3156 5314 fruentibus
3184 5268 3314 5315 ea:
3347 5253 3407 5316 si
3444 5255 3668 5327 tamen
3703 5272 3835 5335 ree,
3869 5258 3939 5321 et
