4359 6250
637 809 748 851 Rom
801 819 840 849 nx

595 876 661 923 ss,
685 838 765 914 ¹2..

634 1158 650 1202 1
665 1158 768 1203 Cor.
782 1171 836 1200 vu

592 1229 661 1272 2⁵.

881 479 1002 548 530
1821 501 1994 552 mmm
2039 506 2060 551 ι
2101 501 2584 552 snm-nuruum.
2630 523 2711 532 —
2754 502 2905 551 msr.
2952 502 3053 550 xm

885 675 1030 740 Hoc
1068 679 1288 740 autem
1325 679 1578 760 respuit
1614 679 1935 743 catholica
1971 680 2134 744 fides
2169 681 2435 762 propter
2472 681 2843 744 evidentem
2880 679 3185 761 Apostoli
3222 678 3614 742 sententiam
3665 695 3798 758 qua
3834 677 3929 740 ait
3974 697 3991 740 :

845 794 1108 866 ‚Quum
1147 795 1442 858 nondum
1477 795 1614 858 nati
1653 797 1893 876 essent,
1936 800 2049 860 aut
2085 797 2337 880 aliquid
2374 797 2531 860 boni
2568 797 2671 860 vel
2710 797 2869 860 mali
2912 797 3219 878 egissent,
3262 797 3385 858 etc.
3426 795 3659 858 Melior
3694 796 3797 858 est
3834 811 3995 874 ergo

885 911 1098 975 fidelis
1135 912 1503 992 ignorantia
1530 930 1730 993 quam
1760 912 2104 975 temeraria
2133 913 2426 976 scientia.
2456 914 2673 994 Elegit
2710 931 2861 994 ergo
2895 931 3009 977 eos
3038 931 3205 995 quos
3232 912 3446 976 voluit
3475 912 3760 992 gratuita
3793 912 3999 974 mise-

883 1027 1187 1107 ricordia,
1228 1045 1359 1091 non
1399 1028 1554 1109 quia
1601 1029 1824 1092 fideles
1873 1028 2076 1092 futuri
2115 1031 2320 1109 erant,
2370 1030 2485 1093 sed
2516 1031 2590 1094 ut
2624 1030 2851 1094 fideles
2898 1033 3150 1110 essent3
3189 1031 3415 1110 eisque
3451 1029 3731 1110 gratiam
3781 1028 3992 1106 dedit,

841 1188 853 1208 ‚
885 1161 1016 1232 non
1047 1146 1202 1226 quia
1239 1145 1463 1208 fideles
1492 1147 1697 1226 erant,
1721 1145 1836 1209 sed
1867 1147 1940 1208 ut
1976 1146 2227 1209 fierent.
2252 1147 2363 1210 Ait
2394 1147 2567 1210 enim
2598 1147 2960 1228 Apostolus
2992 1167 3007 1208 ε
3040 1145 3559 1210 Misericordiam
3596 1145 3997 1208 consecutus

885 1279 1058 1341 sum,
1101 1263 1175 1324 ut
1203 1261 1416 1325 fidelis
1454 1279 1690 1326 essem.
1723 1263 1872 1326 Non
1903 1262 2016 1343 ait,
2059 1263 2230 1336 Quia
2266 1264 2479 1328 fidelis
2516 1281 2717 1327 eram.
2753 1265 2961 1327 Datur
3008 1263 3279 1344 quidem
3327 1263 3393 1325 et
3437 1262 3639 1342 fideli,
3670 1261 3789 1324 sed
3836 1261 3997 1324 data

887 1381 986 1441 est
1014 1379 1212 1442 etiam
1242 1378 1428 1460 prius
1464 1380 1536 1441 ut
1575 1381 1746 1443 esset
1773 1379 2006 1442 fidelis.
2053 1381 2152 1442 Ita
2181 1381 2377 1443 etiam
2420 1380 2791 1461 reprobavit
2820 1398 2988 1460 quos
3026 1380 3259 1460 voluit,
3292 1395 3423 1442 non
3462 1380 3726 1460 propter
3766 1377 3996 1440 fut-ura

883 1495 1118 1558 merita
1153 1513 1300 1576 quae
1330 1494 1740 1576 praevideret,
1776 1495 2046 1559 veritate
2083 1496 2303 1558 tamen
2334 1496 2720 1575 rectissima,
2754 1498 2819 1558 et
2856 1513 2895 1558 a
2930 1495 3175 1559 nostris
3201 1494 3506 1559 sensibus
3532 1496 3805 1558 remota.

2188 1739 2267 1801 E.
2323 1741 2656 1807 Quaestio.

1009 1947 1138 2014 Sed
1175 1952 1514 2032 quaeritur,
1567 1953 1789 2015 utrum
1829 1951 2000 2016 sicut
2049 1949 2291 2013 dicitur
2328 1951 2603 2031 elegisse
2646 1950 2969 2030 quosdam
3017 1953 3087 2014 ut
3138 1949 3297 2014 boni
3342 1950 3574 2014 fierent
3618 1951 3684 2014 et
3730 1949 3986 2030 fideleS‚

877 2066 970 2129 ita
999 2067 1198 2129 etiam
1232 2068 1498 2131 concedi
1527 2067 1759 2132 debeat
1796 2066 2176 2149 reprobasse
2214 2067 2533 2147 quosdam
2575 2067 2649 2130 ut
2679 2067 2835 2129 mali
2874 2069 3091 2130 essent
3120 2068 3185 2130 et
3220 2067 3540 2143 infideleS,
3565 2067 3628 2131 et
3662 2065 3987 2130 obdurare

877 2184 953 2245 ut
988 2184 1278 2264 peccent.
1313 2183 1504 2257 Quod
1541 2184 1916 2248 nullatenus
1942 2183 2209 2246 concedi
2242 2183 2518 2264 oportet.
2544 2183 2692 2246 Non
2731 2183 2909 2246 enim
2936 2182 3306 2264 reprobatio
3347 2183 3439 2246 ita
3468 2185 3570 2247 est
3596 2199 3795 2246 causa
3822 2180 3987 2244 mali

878 2298 1051 2361 sicut
1084 2299 1572 2380 praedestinatio
1603 2302 1703 2364 est
1731 2317 1927 2364 causa
1963 2299 2142 2376 boni,
2169 2317 2382 2380 neque
2412 2298 2755 2362 obduratio
2788 2298 2880 2361 ita
2911 2298 3065 2361 facit
3089 2300 3428 2364 hominem
3459 2300 3711 2363 malum
3752 2315 3991 2379 quem-

877 2414 1237 2478 admodum
1275 2416 1724 2480 misericordia
1761 2415 1918 2478 facit
1954 2416 2228 2478 bonum.

963 2656 1039 2720 F.
1089 2661 1202 2722 An
1248 2673 1337 2722 ea
1386 2675 1546 2734 quoe
1589 2661 1819 2722 semel
1863 2659 2004 2720 scit
2049 2659 2241 2720 Deus
2284 2661 2398 2720 vel
2436 2659 2764 2733 praesctt,
2821 2673 3115 2731 semper
3159 2660 3352 2722 sciat
3387 2660 3459 2721 et
3496 2660 3880 2734 praesciat,

1741 2777 1812 2837 et
1856 2789 2151 2848 semper
2192 2776 2450 2836 scierit
2500 2779 2614 2837 vel
2657 2776 3106 2849 praescierit.

1009 2985 1334 3049 Praeterea
1370 2986 1766 3050 considerari
1807 2989 2084 3069 oportet,
2125 2988 2351 3050 utrum
2390 3005 2466 3051 ea
2496 2987 2719 3050 omnia
2746 3004 2894 3068 quae
2936 2986 3141 3050 semel
3183 2986 3309 3050 scit
3338 2987 3441 3050 vel
3470 2987 3735 3068 praescit
3771 2987 3981 3065 DeuS‚

878 3119 1139 3184 semper
1166 3102 1331 3166 sciat
1359 3103 1424 3167 et
1452 3102 1694 3183 scierit,
1728 3121 1804 3168 ac
1838 3103 2140 3186 praesciat
2178 3105 2244 3168 et
2270 3103 2669 3187 praesoierit;
2702 3121 2785 3168 an
2816 3103 2978 3167 olim
3006 3102 3227 3169 scierit
3264 3102 3369 3168 vel
3405 3103 3767 3186 praescierit
3803 3103 3987 3185 quod

879 3219 1078 3282 modo
1108 3235 1240 3281 non
1277 3219 1402 3282 scit
1429 3219 1534 3283 vel
1563 3220 1848 3300 praescit.

955 3408 961 3415 ,
1009 3336 1109 3399 De
1145 3336 1556 3416 praescientia
1601 3336 1817 3417 primo
1862 3336 2361 3418 respondemuS‚
2412 3336 2700 3400 dicentes
2745 3336 2956 3399 multa
2996 3354 3149 3400 eum
3202 3338 3539 3419 praescisse
3586 3354 3735 3418 quae
3784 3337 3985 3400 modo

878 3469 1011 3516 non
1053 3452 1336 3534 praescit.
1379 3452 1600 3526 Quum
1632 3454 1810 3516 enim
1848 3452 1992 3533 ejus
2033 3453 2447 3534 praesoientia
2482 3471 2616 3515 non
2654 3454 2742 3516 sit
2780 3453 2910 3516 nisi
2947 3453 3029 3517 de
3072 3452 3337 3533 futuriS,
3379 3471 3463 3518 ex
3499 3470 3631 3534 quo
3681 3453 3795 3516 illa
3832 3470 3985 3535 quae

877 3568 1100 3633 futura
1135 3569 1340 3649 erant,
1375 3569 1723 3650 praesentia
1749 3566 1917 3632 fiunt
1947 3569 2050 3632 vel
2085 3570 2503 3650 praetereunt,
2536 3569 2661 3632 sub
2696 3569 2820 3633 Dei
2858 3569 3269 3650 praescientia
3306 3588 3449 3633 esse
3485 3569 3818 3650 desinunt,
3860 3568 3990 3632 sub

877 3686 1151 3750 scientia
1186 3702 1341 3749 vero
1379 3702 1640 3766 semper
1669 3688 1845 3749 sunt.
1886 3685 2233 3750 Praescivit
2268 3702 2421 3766 ergo
2461 3686 2641 3749 Deus
2678 3687 2903 3749 omnia
2940 3685 3023 3750 ab
3050 3688 3295 3750 aeterno
3332 3704 3481 3768 quae
3513 3686 3735 3750 futura
3772 3687 3983 3765 erant,

877 3819 1090 3883 neque
1143 3802 1448 3883 praescire
1503 3801 1767 3881 desinit,
1817 3802 1946 3865 nisi
2003 3820 2211 3884 quum
2262 3802 2483 3865 futura
2537 3820 2679 3865 esse
2738 3802 3067 3866 desinunt.
3130 3803 3357 3884 Neque
3412 3820 3619 3884 quum
3675 3803 3987 3883 praescire

877 3918 1120 3982 desinit
1156 3918 1377 3998 aliqua
1415 3936 1562 3999 quae
1609 3921 1760 3982 ante
1797 3918 2205 3999 praesciebat,
2258 3918 2479 3981 minus
2526 3936 2603 3981 ea
2649 3920 2864 3982 noscit
2899 3937 3099 4001 quam
3146 3922 3295 3983 ante
3336 3919 3789 4001 cognoscebat.
3832 3920 3987 3984 Non

880 4035 1059 4097 enim
1095 4035 1336 4098 dicitur
1373 4052 1450 4098 ex
1491 4034 1750 4098 defectu
1798 4034 2088 4098 scientiae
2130 4036 2277 4115 Dei,
2311 4035 2489 4115 quod
2522 4035 2744 4116 aliqua
2784 4036 3145 4117 praescierit
3195 4036 3547 4118 aliquando
3592 4054 3741 4117 quae
3782 4036 3989 4099 modo

881 4166 1012 4213 non
1041 4151 1365 4231 praesciat,
1390 4150 1506 4214 sed
1536 4168 1618 4213 ex
1647 4152 1898 4214 ratione
1927 4150 2109 4213 verbi
2140 4152 2319 4232 quod
2348 4152 2448 4214 est
2475 4152 2909 4232 praescientia.
2940 4152 3257 4217 Praescire
3294 4152 3472 4217 enim
3502 4153 3603 4215 est
3637 4154 3787 4215 ante
3817 4154 3990 4216 scire

882 4266 1133 4346 aliquid
1164 4284 1365 4348 quam
1402 4267 1516 4330 fiat
1550 4287 1565 4328 :
1599 4267 1876 4348 ideoque
1915 4284 2046 4330 non
2082 4270 2301 4348 potest
2336 4268 2467 4330 dici
2505 4269 2684 4332 Deus
2721 4269 3049 4349 praescire,
3073 4269 3202 4332 nisi
3242 4286 3318 4333 ea
3353 4286 3503 4350 quae
3542 4268 3766 4331 futura
3801 4271 3985 4331 sunt.

1121 4505 1202 4569 G.
1251 4509 1386 4569 Hic
1434 4511 1520 4569 de
1565 4509 1905 4583 scientia,
1949 4511 2197 4571 dicens
2243 4512 2474 4573 Deum
2517 4524 2811 4583 semper
2855 4514 3049 4573 scire
3097 4527 3255 4587 quoe
3300 4516 3530 4575 semel
3574 4514 3738 4575 scit.

1013 4717 1113 4783 De
1149 4718 1426 4783 scientia
1461 4720 1683 4780 autem
1713 4716 1902 4779 aliter
1938 4716 2245 4780 dicimus,
2288 4717 2425 4780 Scit
2463 4717 2638 4780 enim
2677 4717 2860 4780 Deus
2896 4734 3155 4797 semper
3184 4717 3411 4780 omnia
3446 4734 3595 4798 quae
3629 4717 3989 4799 aliquando

879 4838 1005 4901 scit
1046 4856 1060 4897 :
1104 4853 1370 4900 omnem
1419 4834 1596 4899 enim
1653 4833 1998 4897 scientiam
2049 4850 2251 4913 quam
2300 4833 2653 4915 aliquando
2700 4833 2919 4913 habet,
2960 4850 3221 4914 semper
3268 4833 3502 4898 habuit
3558 4835 3623 4898 et
3672 4833 3872 4897 habet
3922 4838 3993 4899 et

880 4952 1168 5017 habebit.
1203 4952 1308 5014 Ad
1343 4951 1470 5013 hoc
1517 4951 1740 5013 autem
1790 4949 2144 5030 opponitur
2181 4949 2275 5011 ita
2307 4968 2321 5009 ε
2358 4949 2535 5013 Olim
2572 4949 2768 5011 scivit
2804 4949 2980 5012 hunc
3022 4949 3359 5013 hominem
3400 4951 3833 5031 nasciturum,
3870 4952 3992 5032 qui

881 5071 1076 5131 natus
1124 5068 1258 5148 est;
1299 5066 1497 5129 modo
1548 5082 1681 5127 non
1731 5065 1857 5128 soit
1907 5082 2059 5128 eum
2109 5065 2517 5127 nasciturum
2566 5084 2580 5125 :
2628 5064 2824 5128 scivit
2874 5081 3026 5145 ergo
3076 5064 3327 5145 aliquid
3369 5066 3550 5146 quod
3598 5066 3796 5129 modo
3853 5083 3989 5128 non

883 5186 1029 5248 scit.
1081 5186 1273 5263 ltem,
1325 5184 1521 5248 scivit
1566 5182 1891 5246 mundum
1945 5200 2087 5245 esse
2137 5182 2530 5263 creandum3
2580 5182 2778 5245 modo
2824 5199 2957 5245 non
3006 5182 3133 5247 scit
3178 5200 3332 5247 eum
3378 5199 3523 5247 esse
3570 5182 3927 5249 creandum
3969 5203 3986 5244 ε

886 5300 1137 5382 aliquid
1174 5317 1325 5381 ergo
1373 5298 1569 5363 scivit
1618 5296 1797 5379 quod
1847 5298 2044 5361 modo
2093 5316 2227 5361 non
2280 5298 2426 5361 scit.
2466 5298 2552 5361 Et
2593 5298 2721 5361 alia
2768 5298 3153 5379 hujusmodi
3200 5298 3460 5362 infinita
3500 5298 3633 5361 dici
3678 5300 3985 5380 possunt.
