4359 6250
774 505 978 554 mmm
1019 507 1432 554 PRAESGIENTM
1473 509 1586 556 SEU
1627 509 2032 556 PnovlnEerA
2075 509 2178 556 nm
2222 510 2489 556 IMPONAT
2528 509 2720 556 REBUS
2761 509 3212 557 NECESSITATEM

437 685 623 740 vetur
681 699 718 740 a
777 680 1004 760 prima,
1057 682 1414 744 necessario
1472 690 1684 744 movet
1732 681 1940 764 proxi·
1969 679 2017 742 A
2051 681 2280 763 prima,
2329 683 2415 744 ita
2462 691 2525 744 et
2574 683 3003 764 contingentia
3052 702 3065 746 :

441 796 610 838 main
670 777 798 840 sibi
855 779 956 842 vel
1018 780 1314 861 producit
1365 800 1552 843 suum
1607 781 1933 843 effectum.

438 877 590 938 Tota
647 894 799 958 ergo
857 897 1192 941 causarum
1244 879 1559 942 ordinatio
1608 899 1811 962 usque
1859 882 1937 942 ad

437 975 742 1037 ultimum
783 975 1088 1039 effectum
1136 978 1491 1041 necessario
1533 979 1846 1060 producit,
1885 980 1937 1042 si

437 1073 746 1137 habitudo
784 1076 1008 1157 primae
1056 1094 1262 1139 causae
1300 1077 1378 1138 ad
1420 1078 1772 1158 proximam
1813 1078 1936 1140 sibi

436 1191 696 1234 causam
740 1173 823 1235 sit
865 1175 1239 1236 necessaria.
1273 1211 1356 1222 -—
1393 1176 1716 1250 Praeterea,
1750 1195 1940 1238 causa

431 1271 612 1352 prior
660 1273 840 1352 prius
891 1272 1262 1335 naturaliter
1310 1274 1570 1356 respicit
1619 1294 1806 1336 suum
1851 1273 1938 1336 ef-

434 1369 680 1432 fectum
713 1389 904 1450 quam
939 1390 1129 1432 causa
1158 1373 1470 1453 posterior
1503 1393 1516 1436 :
1550 1390 1700 1454 ergo
1731 1372 1794 1434 in
1827 1373 1937 1436 illo

436 1469 632 1550 priori
684 1469 736 1531 si
786 1468 978 1531 habet
1021 1470 1445 1532 necessariam
1494 1471 1936 1533 habitudinem

433 1569 514 1629 ad
548 1569 784 1650 ipsum,
818 1568 994 1630 dabit
1033 1568 1158 1630 sibi
1200 1570 1628 1632 necessarium
1670 1589 1828 1632 esse.
1868 1571 1935 1632 ln

433 1667 718 1728 secundo
745 1673 960 1728 autem
991 1667 1253 1729 instanti
1294 1675 1533 1731 naturae
1573 1686 1699 1731 non
1730 1676 1937 1750 potest

434 1784 627 1828 causa
686 1766 1046 1848 propinqua
1107 1766 1256 1828 dare
1315 1767 1438 1829 sibi
1495 1785 1634 1829 esse
1693 1768 1934 1829 contin-

3420 489 3539 555 487

3120 682 3248 745 imo
3297 682 3540 745 contin-

2047 780 2261 860 gentia
2300 801 2413 863 per
2453 783 2631 863 prius
2668 789 2763 844 est
2799 800 2836 843 a
2876 800 3064 844 causa
3100 782 3309 864 prima
3347 800 3539 863 quam

2048 899 2085 942 a
2141 899 2331 942 causa
2389 883 2685 943 secunda.
2749 882 3007 962 Propter
3064 882 3233 963 quod
3291 881 3543 942 nullum

2049 987 2376 1042 causatum
2409 988 2575 1042 esset
2604 980 2975 1060 contingens
3013 978 3386 1053 formaliter,
3418 978 3543 1042 nisi

2048 1098 2085 1140 a
2116 1079 2322 1160 prima
2352 1097 2541 1140 causa
2580 1077 3017 1158 contingenter
3046 1087 3429 1141 causaretur.
3464 1112 3547 1123 —-

2047 1177 2191 1240 Haec
2236 1178 2478 1240 Scotus.

2127 1275 2271 1338 Haec
2300 1283 2515 1338 autem
2555 1293 2670 1358 pro
2711 1276 2917 1358 prima
2958 1283 3133 1358 parte
3171 1275 3469 1338 videntur
3505 1294 3544 1339 a

2047 1375 2374 1436 communi
2414 1375 2701 1437 doctrina
2743 1375 3071 1437 doctorum
3116 1375 3427 1437 recedere.
3472 1375 3541 1436 In

2046 1475 2274 1556 primis
2304 1475 2499 1550 enim,
2516 1475 2869 1536 secundum
2901 1474 3332 1556 philosophOS,
3348 1480 3541 1535 mate-

2047 1574 2140 1635 ria
2172 1573 2545 1655 perhibetur
2574 1573 3021 1654 contingentiae
3051 1572 3227 1634 radix
3254 1591 3267 1635 ε
3304 1572 3540 1634 idcirco

2046 1672 2112 1734 in
2161 1673 2311 1744 Deo,
2363 1672 2475 1755 qui
2527 1682 2624 1735 est
2672 1691 2871 1755 purus
2922 1679 3122 1746 actuS,
3175 1671 3539 1750 contingen-

2047 1770 2200 1832 tiam
2250 1786 2507 1851 ponere,
2549 1778 2659 1831 aut
2696 1770 2866 1852 quod
2916 1770 3052 1850 ipse
3101 1769 3541 1849 contingenter

431 1881 610 1944 genS‚
668 1863 820 1945 quia
872 1863 1007 1945 jam
1065 1865 1578 1946 praeintelligitur
1631 1883 1668 1926 a
1727 1865 1934 1946 prima
1969 1865 2017 1928 B
2047 1887 2114 1930 se
2158 1868 2388 1930 habeat
2436 1869 2501 1928 in
2550 1867 2887 1940 causando,
2932 1885 3060 1928 non
3096 1867 3349 1930 videtur
3397 1885 3541 1930 con-

433 1981 626 2024 causa
675 1961 909 2024 habere
959 1981 1099 2025 esse
1155 1982 1516 2044 repugnans
1565 1964 1935 2044 contingen·

433 2061 556 2123 tiae.
591 2059 722 2122 Nec
765 2066 945 2141 potes
983 2059 1217 2134 dicere,
1260 2061 1431 2148 quod
1471 2062 1537 2123 in
1576 2062 1800 2124 eodem
1845 2061 1936 2123 in-

433 2159 626 2221 stanti
678 2158 814 2221 istae
872 2159 1012 2221 duze
1071 2177 1276 2222 causae
1325 2160 1476 2221 dant
1522 2178 1660 2222 esse
1719 2178 1934 2222 causa-

431 2267 502 2320 to
544 2275 558 2320 :
602 2257 907 2339 quoniam
947 2275 1140 2340 super
1180 2257 1348 2320 idem
1384 2276 1523 2320 esse
1563 2275 1689 2320 non
1729 2266 1937 2340 potest

433 2356 690 2419 fundari
749 2356 1106 2419 necessaria
1172 2356 1480 2419 habitudo
1540 2357 1619 2418 ad
1679 2375 1934 2419 causam

432 2455 715 2538 perfecte
743 2456 1002 2518 dantem
1043 2473 1204 2530 esse,
1245 2464 1305 2518 et
1347 2455 1722 2537 contingens
1761 2455 1936 2518 habi-

432 2555 587 2617 tudo
628 2555 710 2616 ad
751 2554 944 2616 aliam
987 2573 1262 2618 causam.
1296 2591 1378 2600 —
1405 2555 1731 2629 Praeterea,
1757 2555 1936 2637 quid-

431 2653 586 2734 quid
639 2653 1013 2735 producitur
1057 2673 1094 2716 a
1139 2655 1348 2716 causis
1386 2653 1682 2716 secundis
1723 2661 1786 2715 et
1823 2672 1934 2736 po-

430 2751 830 2826 sterioribus,
882 2759 1090 2834 potest
1147 2752 1514 2816 immediate
1574 2753 1838 2834 produci
1897 2773 1934 2814 a

431 2850 644 2932 prima
701 2869 910 2924 causa,
965 2858 1027 2912 et
1083 2859 1236 2914 tunc
1295 2851 1556 2914 haberet
1603 2851 1932 2914 entitatem

429 2949 716 3011 eamdem
751 2968 940 3030 quam
975 2949 1161 3012 habet
1192 2950 1412 3028 modo;
1445 2957 1504 3012 et
1537 2957 1749 3012 tamen
1779 2959 1932 3013 tunc

431 3055 602 3111 esset
661 3049 1034 3131 contingens
1093 3047 1259 3111 sicut
1315 3057 1378 3110 et
1437 3050 1688 3112 modo:

427 3167 584 3231 ergo
621 3157 687 3211 et
731 3149 919 3211 modo
959 3148 1456 3229 contingentiam
1501 3168 1681 3211 suam
1724 3168 1761 3211 a
1803 3150 1930 3230 pri-

429 3270 536 3312 ma
565 3268 780 3322 causa,
803 3255 867 3309 et
896 3266 1024 3311 non
1055 3254 1302 3309 tantum
1332 3266 1368 3309 a
1399 3266 1588 3310 causa
1619 3249 1925 3328 proxima.

423 3384 509 3393 —
547 3348 838 3429 Insuper,
885 3347 1051 3409 Deus
1097 3346 1299 3408 multa
1346 3346 1710 3408 immediate
1759 3366 1928 3409 crea-

423 3446 541 3520 vit,
593 3453 669 3507 ut
716 3445 1051 3519 mundum,
1101 3453 1292 3527 atque
1352 3445 1636 3526 quotidie
1684 3445 1929 3507 animas

422 3553 596 3607 creat
623 3562 642 3623 ;
691 3552 756 3607 et
804 3551 1015 3606 tamen
1074 3544 1289 3606 omnia
1337 3543 1794 3623 contingenter.
1849 3580 1930 3589 —

419 3645 572 3707 Ideo
629 3642 797 3717 dico,
857 3643 1022 3725 quod
1085 3641 1261 3703 nulla
1319 3642 1600 3704 causatio
1654 3642 1928 3722 alicujus

419 3762 632 3805 causae
684 3748 892 3823 potest
941 3741 1184 3803 salvare
1232 3739 1754 3821 contingentiam,
1803 3740 1927 3802 nisi

419 3842 633 3924 prima
686 3859 878 3901 causa
932 3846 1204 3921 ponatur
1261 3839 1628 3901 immediate
1688 3839 1929 3902 contin-

416 3947 648 4021 genter
687 3957 948 4000 causare
981 3957 996 4003 :
1029 3944 1092 4000 et
1121 3937 1262 4011 hoc,
1299 3938 1592 4019 ponendo
1623 3939 1689 4000 in
1722 3938 1929 4020 prima

417 4058 616 4101 causa
677 4036 1113 4099 causalitatem
1171 4036 1543 4117 perfectam,
1595 4036 1762 4099 sicut
1821 4037 1928 4099 Ca-

417 4136 647 4200 tholici
692 4142 958 4217 ponunt.

2042 1984 2291 2047 gruere.
2328 1966 2390 2028 Si
2423 1974 2636 2027 autem
2678 1973 3013 2047 propterea
3048 1951 3205 2027 dieit'
3242 1967 3443 2028 Deum
3474 1986 3540 2028 se

2046 2065 2486 2146 contingenter
2515 2064 2749 2126 habere
2779 2064 3187 2146 producendo
3224 2065 3302 2126 ad
3340 2071 3539 2139 extra,

2045 2165 2348 2246 quoniam
2390 2163 2589 2226 libere
2628 2164 2757 2244 agit
2796 2183 2908 2226 seu
2949 2163 3149 2225 libera
3192 2163 3538 2237 voluntate,

2046 2279 2172 2325 non
2214 2269 2450 2336 coacte,
2493 2280 2611 2324 nec
2651 2262 2923 2325 naturali
2967 2261 3386 2340 necessitate;
3425 2261 3543 2324 lin-

2044 2379 2189 2442 gua,
2214 2379 2340 2423 non
2374 2363 2708 2435 sententia,
2733 2361 3103 2442 corrigenda
3132 2368 3445 2422 censetur.
3461 2395 3544 2406 —-

2045 2461 2332 2540 Insuper,
2366 2460 2512 2522 dato
2548 2460 2716 2541 quod
2754 2460 2918 2520 Deus
2950 2477 3068 2520 nec
3099 2459 3541 2538 contingenter

2045 2577 2163 2620 nec
2212 2558 2433 2632 libere,
2486 2558 2596 2620 sed
2645 2558 2917 2619 naturali
2966 2557 3389 2629 emanatione,
3438 2575 3538 2618 res

2045 2656 2353 2739 producit‚
2370 2657 2571 2718 nihilo
2596 2656 2807 2718 minus
2836 2655 3046 2718 omnis
3076 2654 3215 2735 ejus
3244 2653 3532 2728 effectuS‚

2044 2773 2119 2818 eo
2154 2755 2293 2836 ipso
2331 2755 2501 2836 quod
2546 2762 2831 2816 creatura
2872 2754 2936 2815 in
2978 2752 3305 2815 infinitum
3346 2753 3535 2815 distat

2043 2860 2106 2914 et
2154 2851 2377 2914 deficit
2432 2872 2468 2914 a
2526 2852 2937 2934 perfectione,
2994 2850 3531 2924 immutabilitate,

2045 2951 2421 3013 necessitate
2464 2959 2527 3013 et
2564 2951 2939 3013 excellentia
2980 2948 3535 3032 superdignissimi

1742 3049 1932 3112 habet
1966 3049 2011 3114 C
2046 3049 2380 3124 CreatoriS,
2445 3048 2683 3111 idcirco
2749 3048 3275 3131 potentialitatem
3345 3046 3536 3108 habet

2041 3149 2391 3211 admixtam
2429 3156 2492 3211 et
2534 3148 3007 3211 vertibilitatem
3050 3148 3114 3209 in
3145 3148 3447 3220 nihilum,
3481 3146 3536 3209 si

2040 3248 2165 3310 sibi
2217 3248 2340 3329 ipsi
2400 3247 2795 3329 relinquatur
2842 3265 2959 3308 nec
3011 3247 3287 3328 desuper
3334 3246 3535 3308 inces-

2039 3347 2328 3409 sabiliter
2385 3352 2815 3419 conservetur,
2869 3345 2997 3408 imo
3053 3351 3116 3407 et
3165 3344 3531 3419 vanitatem,

2040 3464 2183 3528 quae
2221 3454 2317 3508 est
2355 3445 2639 3507 defectus
2679 3464 2715 3506 a
2754 3462 2925 3516 vero,
2961 3444 3149 3525 pleno
3192 3451 3252 3505 et
3298 3443 3535 3505 incom-

2042 3545 2336 3607 mutabili
2395 3564 2534 3606 esse
2586 3561 2599 3605 ε
2662 3543 2880 3625 sicque
2944 3542 3270 3621 consurgit
3326 3543 3392 3603 in
3457 3561 3533 3606 eo

2040 3642 2473 3723 contingentia
2524 3642 2835 3723 quaedam,
2888 3640 3143 3722 proprie
3201 3646 3413 3702 autem
3466 3640 3531 3702 in

2039 3743 2138 3804 his
2188 3762 2330 3824 quae
2379 3740 2708 3802 materiam
2758 3739 2993 3801 habent
3041 3738 3380 3820 privationi
3429 3740 3533 3801 ad-

2040 3841 2324 3902 mixtam.

2118 3939 2424 4021 Denique,
2476 3945 2663 4019 prout
2706 3936 3135 4000 necessarium
3186 3944 3249 3998 et
3290 3936 3531 3998 contin·

2035 4056 2191 4118 gens
2231 4044 2555 4118 ponuntur
2595 4033 2777 4117 quasi
2817 4034 2957 4097 duae
3001 4052 3373 4096 communes
3415 4032 3533 4094 dif-

2037 4135 2323 4197 ferentiae
2381 4132 2949 4214 distinctionesque
3006 4132 3193 4206 entis,
3246 4130 3339 4193 sic
3388 4149 3532 4193 con-

503 4236 592 4298 De
623 4234 746 4295 hac
776 4251 844 4294 re
877 4232 1099 4294 scribit
1131 4233 1353 4296 Scotus
1387 4232 1672 4314 prolixe3
1704 4240 1766 4295 et
1796 4240 1928 4294 tan·
1955 4234 2005 4295 D
2036 4234 2391 4296 cedendum
2449 4240 2565 4305 est,
2628 4231 2796 4314 quod
2856 4230 3287 4309 contingentia
3344 4237 3533 4312 prout

414 4334 568 4397 dem
619 4330 968 4405 concludit,
1021 4332 1190 4413 quod
1243 4330 1674 4412 contingentia
1732 4331 1927 4393 relata

413 4432 499 4495 ad
539 4431 825 4493 divinam
867 4428 1222 4502 scientiam,
1255 4437 1404 4491 sunt
1435 4430 1790 4491 necessaria
1821 4448 1926 4491 ne-

417 4530 719 4593 cessitate
761 4528 1252 4609 consequentiae,
1287 4545 1413 4590 non
1454 4529 1921 4610 consequentis,

419 4629 548 4692 Sed
578 4628 777 4700 addit,
809 4626 981 4708 quod
1021 4626 1450 4708 contingentia
1486 4646 1614 4690 non
1653 4635 1751 4689 est
1794 4635 1926 4689 tan-

420 4735 566 4789 tum
615 4724 889 4808 privatio
935 4724 1036 4786 vel
1081 4723 1366 4787 defectus
1415 4726 1717 4800 entitatiS,
1761 4726 1928 4788 sicut

421 4824 800 4889 deformitas
851 4822 917 4884 in
965 4829 1111 4885 actu
1161 4822 1387 4886 vitioso
1439 4841 1452 4885 :
1507 4824 1638 4885 imo
1687 4824 1930 4887 contin-

420 4923 642 5007 gentia
671 4929 768 4985 est
799 4922 1026 4984 modus
1059 4921 1369 5002 positivus
1399 4922 1586 4995 entiS‚
1620 4922 1784 4984 sicut
1817 4942 1926 4984 ne-

421 5021 690 5086 cessitas
739 5027 837 5081 est
882 5018 1048 5081 alius
1100 5020 1367 5098 modus3
1412 5027 1476 5081 et
1523 5038 1712 5082 omne
1764 5020 1928 5101 posi-

423 5122 637 5183 tivum
671 5118 843 5201 quod
873 5125 969 5179 est.
999 5117 1064 5179 in
1097 5116 1356 5191 effectu,
1386 5118 1804 5199 principalius
1835 5124 1930 5180 est

423 5240 462 5283 a
506 5238 702 5281 causa
740 5217 972 5299 priore.
1005 5216 1153 5280 Ideo
1193 5234 1319 5279 non
1359 5216 1524 5278 sicut
1561 5215 1931 5278 deformitas

425 5326 611 5381 actus
647 5324 748 5377 est
783 5332 822 5376 a
859 5334 1050 5377 causa
1087 5316 1384 5390 secunda,
1417 5322 1480 5377 et
1519 5332 1646 5377 non
1677 5334 1714 5375 a
1744 5333 1932 5375 causa

2036 4332 2193 4393 dicit
2232 4331 2386 4413 quid
2427 4330 2795 4411 positivum,
2829 4329 2911 4390 sit
2944 4328 3054 4390 Dei
3090 4328 3379 4391 effectus,
3413 4328 3533 4391 Un-

2035 4432 2113 4493 de
2173 4438 2236 4492 et
2279 4429 2411 4512 jam
2472 4430 2536 4490 in
2586 4428 2798 4490 verbis
2844 4427 3074 4509 AEgidii
3124 4434 3361 4489 tactum
3412 4434 3528 4501 est,

2036 4531 2207 4612 quod
2238 4527 2667 4608 contingentia
2700 4545 2953 4609 quoque
2991 4545 3028 4588 a
3060 4526 3189 4588 Deo
3219 4526 3367 4598 sint,
3402 4525 3531 4588 imo

2036 4638 2100 4691 et
2129 4626 2561 4707 contingentia
2599 4632 2835 4708 queant
2865 4625 3075 4687 vocari
3116 4624 3178 4686 in
3220 4632 3529 4706 quantum

2037 4748 2073 4789 a
2102 4728 2230 4789 Deo
2261 4732 2610 4788 noscuntur
2642 4724 3071 4803 contingentia
3108 4742 3247 4785 esse
3281 4742 3295 4785 ε
3329 4722 3532 4784 nihilo

2039 4825 2251 4887 minus
2310 4825 2388 4885 ad
2456 4823 2861 4885 infallibilem
2926 4821 3034 4882 Dei
3103 4820 3529 4901 cognitionem

2039 4923 2254 4995 relata,
2287 4922 2643 4983 necessaria
2681 4925 3131 5000 nuncupantur
3165 4917 3348 4997 juxta
3390 4937 3531 4980 sen-

2038 4998 2181 5081 su'm
2235 5018 2674 5101 praehabitum.
2728 5017 2853 5079 Nec
2910 5016 3365 5078 inconveniens
3412 5025 3529 5090 est,

2039 5137 2239 5179 unum
2291 5126 2353 5179 et
2404 5116 2570 5178 idem
2620 5114 3042 5176 diversimode
3091 5121 3421 5195 sumptum
3471 5122 3535 5177 et

2039 5216 2529 5286 consideratum,
2573 5221 2701 5274 tam
2749 5211 3028 5273 diversas
3073 5212 3535 5275 denominatio—

2040 5332 2153 5374 nes
2198 5312 2427 5374 sortiri.
