4359 6250
744 498 947 545 U‘muu
988 496 1053 545 IN
1094 496 1213 545 ΠΕΟ
1256 498 1348 544 sn·
1386 496 1721 555 VOLUNTAS,
1764 498 1837 543 ΕΤ
1878 496 2021 553 QUID
2064 498 2157 545 SIT
2199 496 2426 545 DWINAE
2465 498 2838 546 vomN‘rmts
2879 497 3180 547 OBJEGTUM

3387 478 3507 545 607

410 670 853 733 faciendorum
905 671 969 733 in
1018 677 1184 743 actu,
1236 671 1347 732 sed
1396 669 1589 732 etiam
1639 669 1905 751 possibi-
1936 670 1987 734 A
2018 670 2346 752 quaeritur,
2381 678 2594 732 utrum
2638 670 2751 733 Dei
2793 670 3107 743 voluntaS‚
3140 669 3407 732 scientia
3445 675 3510 731 et

410 769 573 831 lium
604 768 751 831 fieri
780 788 819 831 a
848 770 993 832 Deo.
1020 769 1097 831 Et
1128 768 1277 851 quia
1306 769 1572 831 scientia
1600 788 1637 830 a
1666 769 1905 830 ratione

407 867 724 929 abstrahit
773 869 1129 949 utriusque,
1181 868 1323 930 ideo
1369 876 1466 930 est
1516 887 1641 930 non
1699 867 1904 930 solum

408 974 706 1048 respectu
750 965 1207 1041 faciendorum,
1240 968 1349 1029 sed
1381 968 1573 1029 etiam
1616 973 1907 1048 respectu

412 1064 845 1145 possibilium,
882 1083 1007 1128 non
1040 1073 1285 1127 tantum
1327 1067 1476 1140 Deo,
1510 1066 1616 1127 sed
1648 1072 1712 1127 et
1741 1064 1903 1137 aliis,

410 1170 635 1245 utpote
679 1163 1085 1245 possibilium
1131 1165 1462 1227 malorum.
1505 1165 1667 1226 Hinc
1710 1164 1909 1226 scien-

412 1261 502 1322 tia
540 1261 653 1322 Dei
694 1268 791 1323 est
819 1262 1109 1324 omnium
1150 1262 1497 1336 scibilium,
1532 1271 1593 1324 et
1628 1262 1909 1344 potentia

411 1359 556 1438 ejus
587 1366 684 1421 est
713 1361 1003 1423 omnium
1034 1360 1586 1443 possibilium‚sed
1618 1360 1909 1423 voluntas

412 1456 557 1536 ejus
601 1474 731 1520 non
772 1459 1061 1520 omnium
1108 1458 1490 1521 volibilium.
1526 1459 1700 1521 Unde
1744 1458 1910 1520 Deus

414 1572 545 1617 non
590 1562 799 1637 potest
838 1556 1021 1638 plura
1063 1556 1227 1619 scire
1265 1564 1375 1618 aut.
1412 1574 1619 1638 posse,
1652 1557 1761 1617 sed
1802 1575 1910 1638 po-

414 1661 539 1715 test
568 1654 756 1736 plura
784 1655 967 1718 velle.
992 1691 1075 1699 —
1102 1655 1409 1718 Similiter
1438 1656 1491 1717 si
1520 1654 1911 1737 accipiamus

415 1772 607 1813 omne
654 1761 725 1814 ut
771 1774 943 1816 nunc
992 1761 1286 1837 respectu
1346 1754 1437 1815 rei
1497 1753 1801 1836 praescitae
1848 1760 1912 1815 et

2019 769 2301 849 potentia
2339 768 2786 851 sint·aequaleS.
2823 769 3172 831 Dicendum
3208 775 3304 830 est
3333 766 3506 829 enim

2019 867 2188 949 quod
2238 886 2388 939 non,
2431 867 2635 949 quoad
2685 866 3008 947 objectum
3057 885 3170 929 seu
3217 874 3511 929 connota-

2020 972 2179 1038 tum‚
2213 964 2324 1027 sed
2355 964 2516 1027 bene
2547 965 2752 1047 quoad
2783 973 2994 1026 actum
3028 964 3416 1038 interiorem,
3449 971 3514 1025 et

2022 1063 2171 1125 item
2205 1071 2518 1146 quantum
2548 1064 2625 1124 ad
2655 1063 2984 1135 effectum,
3019 1064 3320 1145 quoniam
3351 1064 3542 1125 nihil·

2020 1161 2228 1225 efficit
2257 1163 2424 1224 Deus
2455 1162 2578 1223 nisi
2610 1181 2724 1243 per
2752 1161 3518 1245 sapientiam‚potentiam

2021 1267 2085 1322 et
2126 1260 2538 1323 voluntatem.

2104 1358 2167 1420 Si
2215 1377 2434 1421 rursus
2478 1358 2769 1439 objicias,
2813 1360 2962 1441 quia
3012 1359 3237 1422 melior
3275 1367 3370 1422 est
3412 1378 3518 1422 vo·

2025 1457 2234 1519 luntas
2265 1476 2406 1538 quae
2437 1476 2504 1520 se
2535 1458 2818 1520 extendit
2845 1459 2920 1520 ad
2955 1458 3140 1540 plura
3169 1458 3518 1539 bona,ergo

2027 1574 2226 1637 quum
2258 1555 2551 1619 voluntas
2582 1556 2693 1619 Dei
2729 1557 2813 1618 sit
2843 1557 3104 1639 optima,
3138 1557 3420 1619 extendit
3450 1576 3518 1619 se

2024 1653 2103 1716 ad
2152 1654 2370 1716 omnia
2422 1654 2804 1737 infinitaque
2863 1655 3029 1718 bona
3079 1674 3094 1719 :
3147 1674 3296 1737 ergo
3353 1656 3518 1717 Deus

2028 1759 2233 1833 potest
2279 1753 2406 1815 dici
2455 1754 2874 1817 omnivolenS.
2922 1755 3298 1829 Dicendum,
3347 1754 3519 1836 quod

418 1859 713 1934 respectu
759 1852 852 1913 rei
900 1851 1081 1915 factae
1125 1872 1197 1914 ac
1243 1852 1473 1924 volitae,
1508 1852 1775 1915 scientia
1816 1858 1911 1913 est
1949 1847 1995 1909 B
2029 1850 2232 1931 major
2275 1851 2383 1913 illa
2422 1860 2518 1913 est
2555 1871 2704 1915 vera
2745 1853 2823 1915 de
2863 1854 3185 1916 voluntate
3225 1873 3367 1934 quae
3405 1855 3518 1917 ali-

419 1958 715 2031 respectu
759 1951 968 2012 omnis
1011 1952 1099 2013 rei
1147 1951 1213 2014 in
1255 1971 1381 2034 qua
1428 1951 1587 2014 ratio
1630 1949 1913 2012 scientiae

418 2047 721 2121 salvatur,
755 2049 1037 2131 potentia
1074 2069 1329 2131 quoque
1369 2056 1663 2131 respectu
1702 2047 1915 2110 omnis

420 2148 512 2209 rei
563 2148 632 2210 in
681 2166 809 2229 qua
867 2147 1024 2210 ratio
1080 2149 1360 2210 salvatur
1418 2148 1753 2230 potentiae3
1803 2148 1913 2209 sed

408 2245 715 2308 ‘voluntas
766 2264 891 2308 non
941 2253 1037 2308 est
1086 2255 1378 2328 respectu
1427 2246 1637 2309 omnis
1696 2247 1787 2308 rei
1848 2246 1914 2307 in

420 2363 547 2425 qua
577 2345 741 2407 ratio
769 2345 1114 2407 voluntatis
1144 2344 1726 2407 salvatur.Scientia
1756 2364 1919 2406 nam-

421 2462 549 2524 que
578 2451 677 2505 est
706 2451 1001 2525 respectu
1033 2444 1321 2507 omnium
1355 2444 1736 2517 futurorum,
1762 2462 1917 2525 prae-

422 2540 703 2602 sentium
756 2560 829 2603 ac
878 2542 1363 2622 praeteritorum,
1416 2549 1544 2601 tam
1604 2539 1917 2603 bonorum

421 2659 617 2722 quam
668 2640 982 2702 malorum
1036 2661 1050 2704 ε
1096 2641 1247 2722 quia
1296 2640 1361 2701 in
1412 2639 1595 2701 malis
1643 2639 1921 2701 salvatur

424 2740 583 2803 ratio
614 2738 1045 2821 nobilitasque
1075 2739 1379 2812 scientiae,
1414 2738 1715 2821 quoniam
1756 2738 1919 2799 scire

427 2838 691 2911 malum,
742 2844 840 2899 est
898 2837 1135 2900 bonum
1195 2856 1267 2899 ac
1326 2836 1560 2899 nobile.
1614 2836 1921 2898 Similiter

424 2937 712 3017 potentia
760 2944 857 2999 est
900 2944 1191 3018 respectu
1241 2936 1529 2998 omnium
1580 2935 1916 3009 bonorum,

2024 1949 2177 2031 quid
2232 1948 2381 2011 boni
2425 1950 2687 2012 sortitur
2725 1970 2762 2011 a
2805 1951 3047 2015 volito:
3081 1951 3252 2034 quod
3294 1952 3518 2014 volun-

2029 2046 2136 2108 tati
2169 2048 2280 2109 Dei
2324 2065 2451 2111 non
2481 2048 2797 2111 convenit.
2833 2049 2979 2111 Ideo
3009 2067 3136 2112 non
3167 2057 3259 2111 est
3293 2049 3518 2112 melior

2024 2146 2296 2208 volendo
2346 2146 2465 2208 tria
2513 2146 2680 2208 bona
2726 2166 2918 2228 quam
2970 2166 3192 2220 unum,
3235 2155 3299 2209 et
3341 2148 3518 2209 mille

2026 2263 2219 2325 quam
2275 2244 2414 2306 tria.
2469 2280 2550 2289 —-
2607 2246 2814 2308 Potest
2869 2245 3062 2307 etiam
3123 2246 3515 2327 responderi,

2026 2344 2196 2426 quod
2245 2344 2538 2406 voluntas
2587 2350 2684 2405 est
2728 2352 2904 2405 actus
2953 2344 3278 2407 rationalis
3317 2364 3331 2408 :
3376 2345 3520 2407 ideo

2030 2442 2256 2504 melior
2285 2441 2677 2523 perhibetur,
2711 2459 2838 2504 non
2869 2442 3019 2523 quia
3048 2443 3126 2504 ad
3157 2443 3340 2525 plura
3369 2443 3521 2505 sim-

2028 2540 2302 2623 pliciter,
2337 2540 2446 2602 sed
2488 2540 2640 2621 quia
2679 2540 2758 2602 ad
2807 2541 2990 2622 plura
3037 2540 3515 2604 rationabiliter.

2030 2640 2105 2701 Et
2155 2640 2456 2721 quoniam
2516 2639 2674 2701 ratio
2723 2647 2894 2701 recta
2950 2639 3145 2702 dictat
3202 2648 3520 2703 creaturas

2031 2738 2173 2800 fieri
2216 2738 2446 2800 debere
2479 2739 2542 2800 in
2576 2756 2842 2801 numero
2884 2747 3056 2801 certo
3089 2746 3277 2821 atque
3309 2738 3517 2814 finito,

2030 2838 2332 2919 quoniam
2371 2856 2675 2899 numerus
2721 2836 3014 2900 infinitus
3057 2858 3182 2902 non
3225 2840 3523 2902 convenit

2030 2935 2259 3014 rebus;
2298 2935 2450 2996 hinc
2499 2934 2740 3017 optima
2787 2935 3376 3020 perfectissimaque
3418 2956 3523 3001 vo-

424 3035 492 3097 in
533 3034 771 3117 quibus
811 3035 1139 3097 dumtaxat
1176 3034 1455 3095 salvatur
1492 3033 1789 3116 potentiae
1830 3052 1921 3095 ra-
1957 3040 2000 3103 C
2032 3034 2240 3096 luntas
2284 3034 2394 3095 Dei
2433 3034 2638 3097 voluit
2676 3035 2892 3097 omnia
2934 3034 3078 3097 fieri
3121 3036 3188 3097 in
3230 3054 3518 3112 numero,
3550 3054 3812 3111 Saffum.

426 3133 517 3196 tio
551 3153 565 3196 :
601 3135 753 3217 quia
791 3152 975 3216 posse
1007 3134 1192 3208 mala,
1225 3151 1351 3196 non
1382 3141 1478 3195 est
1507 3150 1724 3215 posse3
1755 3133 1922 3195 sicut

424 3251 614 3314 posse
662 3231 960 3306 deficere,
1002 3251 1129 3294 non
1177 3240 1274 3294 est
1316 3250 1520 3314 posse.
1562 3233 1707 3295 Ideo
1756 3232 1920 3294 Deus

424 3332 644 3394 omnia
674 3331 839 3394 bona
869 3332 1269 3394 solummodo
1300 3339 1545 3414 potens,
1564 3331 1922 3414 appellatur

422 3431 851 3513 omnipotens,
887 3431 1076 3493 Porro
1106 3430 1398 3493 voluntas
1438 3430 1549 3492 Dei
1584 3437 1680 3492 est
1710 3447 1919 3511 respe-

421 3538 531 3590 ctu
571 3529 886 3592 bonorum
922 3537 1193 3603 tantum,
1228 3548 1355 3592 non
1396 3536 1690 3612 respectu
1730 3529 1921 3590 malo-

422 3646 587 3688 rum.
624 3627 745 3690 Sed
774 3628 1068 3710 quamvis
1099 3629 1165 3690 in
1197 3628 1466 3690 volendo
1498 3627 1759 3699 malum,
1793 3645 1919 3689 non

415 3726 705 3789 salvetur
760 3727 1036 3808 dignitas
1084 3727 1453 3800 voluntatiS,
1505 3727 1784 3789 salvatur
1834 3734 1922 3788 ta-

418 3844 571 3887 men
616 3825 774 3886 ratio
802 3825 1081 3900 volendi,
1117 3825 1421 3907 quoniam
1452 3825 1616 3888 velle
1654 3827 1915 3899 malum,

414 3933 517 3986 est
548 3923 732 3985 velle.
766 3923 927 3984 Hine
967 3924 1133 3986 Deus
1174 3942 1299 3986 non
1341 3931 1603 3986 vocatur
1642 3923 1923 3987 omnivo-

418 4022 581 4094 lens,
620 4022 771 4102 quia
812 4039 939 4084 non
982 4022 1121 4084 vult
1164 4022 1425 4084 malum.
1686 4085 1693 4092 ,

505 4119 579 4181 Et
611 4120 666 4181 si
696 4128 1035 4201 quaeratur,
1051 4140 1245 4203 quare
1275 4120 1435 4182 ratio
1466 4119 1763 4201 potentiae
1794 4137 1921 4181 non

2032 3134 2310 3216 pondere
2353 3143 2415 3196 et
2460 3153 2777 3208 mensura,
2816 3135 2996 3215 juxta
3044 3155 3376 3199 censuram
3425 3157 3521 3199 sa-

2032 3233 2289 3315 pientiae
2333 3232 2643 3297 increatae.
2676 3271 2758 3280 —
2791 3233 2936 3297 Haec
2979 3235 3415 3298 Bonaventura
3457 3236 3522 3297 in

2032 3331 2300 3413 Scripto.

2110 3426 2425 3510 Amplius,
2481 3428 2546 3489 in
2595 3428 2999 3510 Breviloquio
3057 3448 3174 3492 suo
3225 3448 3526 3511 compen-

2030 3525 2208 3588 diose
2252 3526 2475 3589 scribit
2513 3526 2590 3588 de
2631 3527 2954 3589 voluntate
2999 3528 3216 3590 divina
3249 3547 3264 3592 ε
3300 3528 3527 3590 Divina

2029 3624 2385 3707 (inquiens)
2414 3625 2702 3687 voluntas
2747 3625 2838 3687 sic
2878 3633 3049 3688 recta
3087 3634 3203 3700 est,
3239 3634 3309 3688 ut
3348 3627 3526 3690 nullo

2033 3723 2220 3786 modo
2250 3723 2455 3784 valeat
2483 3723 2835 3804 obliquari3
2876 3723 2969 3785 sic
2998 3723 3254 3798 efficax,
3292 3733 3361 3786 ut
3392 3725 3529 3786 nul-

2033 3822 2279 3883 latenus
2340 3819 2540 3902 possit
2605 3820 2940 3902 impediri3
2992 3822 3083 3884 sic
3141 3822 3417 3905 simplex
3465 3830 3529 3884 et

2032 3927 2264 3993 una,ut
2295 3926 2506 3980 tamen
2540 3919 2982 4000 multipliciter
3011 3920 3400 4001 designetur.
3419 3921 3528 3983 Est

2030 4027 2246 4082 autem
2305 4016 2681 4091 rectissima,
2736 4037 2932 4099 quum
2995 4017 3078 4080 sit
3135 4019 3304 4082 idem
3357 4020 3526 4101 quod

2032 4119 2302 4197 veritas3
2353 4125 2416 4179 et
2463 4115 2936 4190 efficacissima,
2990 4137 3188 4199 quum
3250 4119 3333 4180 sit
3392 4119 3529 4200 ipsa

420 4217 705 4280 salvatur
745 4224 1035 4299 respectu
1083 4217 1231 4280 mali
1283 4217 1507 4299 culpae,
1551 4217 1717 4278 sicut
1764 4215 1922 4278 ratio
1953 4220 2003 4282 D
2034 4218 2143 4281 Dei
2189 4219 2394 4280 virtus
2440 4224 2501 4279 et
2546 4216 3025 4298 omnipotentia.
3063 4217 3203 4279 Alia
3247 4217 3337 4279 ibi
3381 4237 3528 4280 con-

424 4315 806 4394 voluntatis3
848 4315 1213 4388 dicendum,
1257 4317 1426 4397 quod
1476 4315 1759 4398 potentia
1801 4314 1921 4377 hoc

426 4411 642 4494 ipsum
683 4413 851 4492 quod
891 4412 1069 4485 dicit,
1103 4412 1260 4474 dicit
1291 4431 1405 4494 per
1444 4413 1705 4474 modum
1749 4411 1925 4474 habi-

420 4519 529 4573 tus
558 4519 621 4573 et
654 4511 1337 4594 positioniS,loquendo
1366 4512 1443 4573 de
1475 4511 1677 4574 activa
1711 4519 1925 4592 poten-

424 4611 532 4672 tia.
566 4609 727 4671 Hinc
766 4628 967 4691 quum
1006 4610 1240 4672 dicitur
1286 4617 1576 4691 respectu
1622 4610 1921 4691 privatio-

422 4709 686 4783 niS,non
716 4715 811 4770 est
836 4709 1131 4790 potentia,
1146 4709 1256 4771 sed
1288 4708 1573 4770 defectus
1604 4708 1915 4790 potentiae.

422 4807 727 4870 Voluntas
757 4823 909 4868 vero
941 4807 1058 4868 boc
1090 4806 1259 4888 quod
1290 4806 1467 4878 dicit,
1492 4807 1778 4887 designat
1810 4827 1923 4891 per

424 4907 688 4968 modum
730 4905 1064 4986 cujusdam
1104 4905 1508 4967 adhaerentiae
1546 4913 1608 4967 et
1643 4908 1921 4988 compla-

424 5004 651 5066 centiae
704 5023 718 5066 :
770 5012 834 5065 et
882 5004 1035 5085 quia
1092 5004 1156 5066 in
1217 5004 1385 5066 malo
1435 5004 1715 5066 salvatur
1766 5006 1924 5067 ratio

425 5102 908 5185 complacentiae
938 5110 1000 5164 et
1030 5120 1398 5176 consensuS‚
1424 5102 1567 5165 ideo
1595 5103 1761 5164 velle
1793 5123 1922 5165 ma-

428 5202 589 5276 lum,
634 5209 733 5263 est
774 5200 960 5264 velle.

430 5327 437 5334 ·
510 5301 603 5364 Ex
648 5300 753 5362 his
800 5306 971 5383 patet
1012 5299 1341 5382 responsio
1390 5300 1757 5382 quaestionis
1799 5320 1925 5383 qua

2034 4325 2206 4379 tenta
2249 4316 2415 4378 infra
2461 4323 2814 4397 tangentur.

2102 4415 2513 4478 Praeinductis
2544 4415 2882 4477 concordat
2911 4414 3528 4477 RicharduS.Tamen

2032 4511 2200 4574 sicut
2247 4513 2688 4575 Bonaventura
2737 4515 3029 4594 sequitur
3075 4512 3526 4587 Alexandrum,

2034 4613 2320 4692 negando
2363 4611 2532 4694 quod
2573 4612 2738 4673 Deus
2776 4612 3046 4675 volendo
3089 4631 3177 4687 se,
3215 4612 3370 4675 velit
3407 4612 3532 4675 alia

2032 4718 2094 4772 et
2136 4710 2352 4772 omnia
2399 4709 2586 4784 bona,
2628 4710 2792 4771 sicut
2841 4710 3278 4790 cognoscendo
3328 4717 3391 4772 et
3434 4710 3529 4772 in-

2032 4807 2374 4889 telligendo
2427 4827 2516 4880 se,
2569 4807 2891 4888 cognoscit
2943 4814 3005 4868 et.
3059 4805 3357 4887 intelligit
3405 4807 3529 4870 alia

2031 4914 2093 4968 et
2152 4905 2368 4968 omnia
2429 4923 2622 4982 vera3
2681 4905 2772 4966 sic
2831 4905 3178 4967 Richardus
3238 4906 3529 4987 sequitur

2002 4993 2336 5068 'Thomam
2381 5005 2834 5066 concedentem
2875 5010 2936 5064 et
2974 5011 3360 5065 asserentem
3406 5005 3527 5067 hoc

2034 5102 2245 5183 ipsum
2292 5121 2304 5165 :
2349 5103 2517 5184 quod
2561 5101 2834 5183 qualiter
2883 5101 3086 5162 valeat
3133 5102 3523 5176 concordari,

2034 5209 2273 5263 tactum
2318 5209 2414 5262 est
2455 5219 2664 5281 supra.

2114 5299 2397 5380 AEgidius
2444 5299 2703 5361 demum
2755 5298 2857 5360 hic
2906 5297 3189 5380 loquitur
3229 5315 3244 5360 ε
3291 5298 3525 5363 Secun-

3570 5232 3614 5273 p.
3635 5220 3788 5266 6048.
