4359 6250
849 470 965 535 120

846 663 1240 741 paternitatis
1283 664 1674 736 relationem,
1710 664 2199 725 constituentem
2232 663 2337 725 Pa·
2364 664 2415 724 A

843 758 957 819 tris
990 778 1344 839 personam.
1382 761 1500 822 Sed
1533 760 1728 841 objici
1770 768 1998 842 potest,
2032 762 2334 842 quoniam

847 857 1302 920 inconveniens
1333 878 1472 921 esse
1504 860 1756 921 videtur
1786 860 1953 941 quod
1985 860 2217 942 aliquis
2248 860 2338 921 di-

847 964 1024 1017 catur
1068 956 1301 1019 habere
1345 958 1690 1039 potentiam
1743 978 1884 1039 quae
1935 978 2336 1040 nequaquam

846 1062 1052 1138 potest
1095 1058 1247 1138 poni
1293 1058 1357 1119 in
1401 1077 1538 1119 esse
1574 1076 1587 1120 :
1622 1058 2083 1139 omnipotentia
2123 1065 2337 1119 autem

846 1154 1042 1216 Patris
1083 1173 1212 1217 non
1253 1162 1458 1236 potest
1491 1155 1555 1216 in
1597 1155 1755 1217 Filio
1787 1156 1936 1236 poni
1979 1156 2044 1217 in
2075 1163 2220 1217 actu
2254 1156 2340 1217 ita

847 1253 1015 1334 quod
1055 1260 1330 1332 generet.
1370 1253 1444 1314 Et
1485 1254 1539 1314 si
1579 1253 1826 1315 dicatur
1861 1254 2028 1335 quod
2071 1254 2137 1315 in
2179 1254 2338 1316 Filio

847 1353 1105 1434 ponitur
1150 1352 1214 1413 in
1255 1359 1401 1413 actu
1447 1370 1560 1433 per
1604 1353 1723 1414 hoc
1764 1354 1931 1433 quod
1976 1361 2335 1432 generatur,

845 1450 1148 1531 quoniam
1194 1469 1318 1512 una
1361 1451 1711 1531 eademque
1757 1451 2038 1531 potentia
2079 1458 2175 1512 est
2215 1470 2340 1533 qua

845 1549 1023 1610 Pater
1069 1555 1328 1628 generat
1376 1556 1438 1610 et
1489 1547 1683 1609 Filius
1732 1556 2089 1628 generatur,
2133 1558 2203 1611 ut
2252 1550 2342 1610 di-

846 1654 1020 1708 ctum
1071 1654 1187 1719 est,
1233 1646 1582 1726 objicitur:
1622 1647 2093 1729 Omnipotentia
2140 1648 2339 1710 Patris

842 1746 1049 1806 activa
1093 1752 1234 1807 est:
1271 1763 1420 1825 ergo
1466 1762 1591 1807 non
1638 1745 1934 1807 convenit
1973 1746 2032 1807 ei
2076 1746 2226 1826 poni
2272 1746 2337 1807 in

1524 494 1588 539 IN
1629 494 1849 539 LtssncM
1893 495 1913 538 1
1957 494 2440 548 SENTENTlARcM.
2484 512 2564 521 ·-
2606 494 2757 539 DIST.
2804 494 2929 555 XX3
2973 495 3196 549 QUAEST.
3244 496 3265 540 l

2524 664 2791 745 Insuper
2830 665 3051 726 Scotus
3084 665 3253 727 circa
3286 665 3420 726 haec
3454 664 3683 745 partim
3723 670 3945 723 narrat

2446 782 2587 844 quae
2636 782 2712 823 ex
2763 763 3059 825 Durando
3109 772 3259 825 sunt.
3315 763 3597 835 recitata,
3650 768 3713 823 et
3761 777 3945 821 more

2447 878 2563 921 suo
2602 860 2807 941 arguit
2846 862 2921 923 ad
2970 869 3333 943 utrumque,
3368 859 3749 941 tandemque
3788 858 3946 920 scri-

2448 959 2541 1020 bit
2571 960 2739 1041 quod
2782 961 2995 1033 sentit,
3030 960 3299 1022 dicendo
3334 977 3348 1021 ε
3381 958 3679 1021 Potentiae
3717 957 3945 1019 activae

2448 1058 2729 1140 primum
2790 1059 3237 1143 correlativum
3268 1065 3385 1120 est
3434 1056 3757 1138 possibile,
3812 1073 3945 1118 non

2448 1157 2873 1218 communiter
2941 1166 3269 1239 sumptum
3342 1164 3530 1238 prout
3598 1154 3949 1237 opponitur

2448 1255 2833 1337 impossibili
2868 1275 2881 1319 :
2917 1257 3069 1338 quia
3108 1256 3228 1317 hoc
3269 1255 3459 1317 modo
3503 1253 3805 1336 possibile
3844 1260 3947 1315 est

2449 1354 2649 1416 Deum
2693 1374 2852 1428 esse,
2888 1362 2951 1416 et
2996 1362 3207 1416 tamen
3254 1354 3424 1415 istud
3466 1352 3769 1435 possibile
3814 1370 3943 1413 non

2448 1460 2543 1513 est
2573 1452 2886 1514 terminus
2927 1452 3199 1533 alicujus
3240 1452 3461 1514 activae
3502 1451 3815 1532 potentiae.
3851 1451 3949 1512 Id-

2449 1551 2620 1613 circo
2660 1558 2906 1632 oportet
2950 1558 3020 1612 ut
3047 1553 3353 1627 possibile
3381 1551 3549 1631 quod
3592 1558 3687 1611 est
3726 1558 3945 1631 poten-

2449 1650 2553 1710 tiae
2592 1649 2813 1711 activae.
2858 1649 3307 1711 correlativum
3351 1649 3703 1729 accipiatur
3742 1649 3947 1710 deter-

2452 1747 2791 1825 minatius3
2835 1766 2951 1810 nec
2985 1747 3236 1809 videtur
3264 1747 3557 1829 qualiter,
3590 1747 3719 1808 nisi
3756 1755 3949 1828 prout

843 1851 989 1905 actu
1022 1844 1144 1905 nisi
1178 1862 1290 1925 per
1324 1844 1583 1905 modum
1614 1844 1836 1906 activae
1868 1845 2187 1925 potentiae,
2224 1865 2336 1926 pu·
2376 1848 2423 1910 B
2451 1845 2775 1908 Avicenna
2810 1846 3045 1927 accipit
3076 1844 3378 1927 possibile
3418 1853 3595 1908 sexto
3627 1845 3947 1928 Metaphy-

845 1950 907 2004 ta
947 1950 1016 2004 ut
1057 1942 1234 2004 Pater
1275 1950 1554 2021 generet,
1590 1960 1715 2003 non
1763 1950 1830 2002 ut
1872 1950 2210 2022 generetur
2247 1943 2342 2004 Fi-

845 2041 969 2102 lius
1029 2059 1144 2121 per
1200 2060 1359 2102 eam.
1424 2039 1847 2101 Praehabitum
1908 2058 2160 2122 quoque
2220 2048 2335 2114 est,

846 2140 1014 2221 quod
1048 2139 1330 2220 potentia
1367 2140 1710 2219 generandi
1743 2140 1910 2211 dicat
1943 2139 2332 2202 relationem.

843 2272 924 2283 —-
966 2238 1212 2301 Tertius
1263 2234 1488 2300 modus
1538 2238 1790 2300 dicendi
1841 2246 1957 2311 est,
2011 2239 2179 2320 quod
2231 2256 2340 2320 po-

845 2337 1044 2400 tentia
1082 2338 1159 2400 ad
1209 2346 1386 2400 actus
1437 2337 1786 2400 notionales
1836 2354 1964 2399 non
2009 2337 2176 2398 cadit
2220 2337 2340 2399 sub

845 2436 1322 2518 omnipotentia.
1345 2436 1586 2498 Idcirco
1618 2435 1850 2497 habere
1882 2435 2231 2516 potentiam
2262 2437 2339 2497 ad

846 2534 1212 2615 hujusmodi
1254 2542 1432 2595 actus
1473 2552 1585 2595 seu
1616 2552 1690 2594 ea
1721 2552 1955 2606 carere,
1991 2551 2118 2595 non
2153 2543 2342 2613 auget

847 2634 1194 2716 potentiam
1226 2651 1432 2713 neque
1463 2632 1766 2693 diminuit
1796 2650 1809 2693 :
1839 2632 2142 2713 quoniam
2175 2632 2341 2694 Deus

845 2750 974 2795 non
1015 2731 1217 2793 fertur
1259 2738 1480 2811 potens
1519 2750 1555 2791 a
1595 2730 1848 2811 passiva
1886 2731 2193 2811 potentia,
2232 2732 2339 2793 sed

843 2832 926 2893 ab
957 2830 1183 2901 activa,
1211 2836 1402 2909 atque
1432 2829 1835 2909 omnipotens
1867 2828 1944 2890 ab
1976 2829 2181 2891 activa
2211 2847 2342 2891 om-

847 2926 1217 3010 nipotentia.
1271 2926 1554 2987 Potentia
1603 2945 1752 2988 vero
1805 2945 1933 2989 non
1989 2934 2084 2989 est
2135 2928 2342 2989 activa

2452 1946 2599 2007 sicae
2657 1951 2719 2006 et
2778 1944 2931 2006 alibi
2992 1963 3179 2025 saepe,
3239 1944 3535 2006 videlicet
3592 1944 3945 2007 secundum

2452 2044 2621 2125 quod
2670 2043 3017 2126 opponitur
3056 2043 3115 2105 ei
3159 2043 3330 2125 quod
3378 2050 3475 2104 est
3515 2043 3945 2105 necessarium

2451 2161 2528 2204 ex
2559 2161 2645 2203 se.
2674 2142 2903 2223 Sicque
2935 2161 3135 2223 quum
3167 2139 3495 2222 quodlibet
3527 2141 3947 2203 intrinsecum

2452 2240 2581 2301 Deo
2624 2240 2705 2301 sit
2750 2240 2816 2301 in
2860 2258 2925 2300 se
2966 2238 3317 2301 formaliter
3358 2239 3810 2312 necessarium,
3843 2239 3947 2301 vel

2454 2357 2567 2420 per
2610 2338 3001 2400 identitatem
3045 2356 3192 2398 cum
3234 2338 3529 2412 essentia,
3564 2357 3705 2419 quae
3743 2346 3948 2399 estex

2452 2456 2519 2499 se
2550 2436 2901 2499 formaliter
2932 2436 3309 2511 necessaria,
3334 2436 3495 2497 nihil
3528 2435 3945 2497 intrinsecum

2452 2536 2579 2598 Deo
2611 2536 2730 2597 erit
2763 2536 3073 2597 terminus
3106 2536 3405 2617 potentiae
3438 2534 3708 2616 propriae
3738 2534 3944 2597 dictae.

2452 2635 2786 2715 Quumque
2826 2635 2902 2696 ad
2944 2635 3159 2696 omnia
3198 2634 3321 2695 alia
3353 2652 3390 2695 a
3418 2632 3635 2695 divina
3674 2633 3953 2695 essentia

2452 2733 2741 2794 eamdem
2794 2732 3103 2795 rationem
3155 2730 3457 2814 principii
3506 2730 3781 2792 habeant
3820 2739 3952 2794 tres

2456 2848 2763 2911 personae,
2789 2830 2938 2911 quia
2971 2837 3118 2890 sunt
3150 2848 3349 2890 unum
3384 2828 3772 2910 principium
3807 2846 3952 2910 pro-

2454 2929 2727 2991 ducendi
2776 2935 3115 3000 creaturaS,
3150 2927 3437 3009 sequitur
3476 2927 3645 3007 quod
3689 2927 3955 3007 aequalis

849 3046 962 3109 per
994 3025 1530 3107 comparationem
1564 3025 1643 3086 ad
1678 3044 1814 3087 esse
1846 3026 1986 3107 ejus
2030 3027 2217 3108 cujus
2247 3035 2343 3089 est
2374 3026 2417 3089 C
2454 3030 2533 3091 sit
2587 3028 2869 3109 potentia
2918 3027 3113 3088 trium
3174 3043 3587 3108 personarum
3638 3034 3951 3107 quantum

851 3128 988 3209 ipsa
1044 3125 1250 3188 activa
1309 3125 1610 3206 potent-ia,
1667 3124 1796 3186 imo
1848 3127 1985 3218 ipsa
2032 3134 2128 3188 est
2176 3128 2342 3188 entis

847 3226 978 3307 jam
1025 3225 1091 3285 in
1137 3231 1317 3302 actu:
1359 3224 1468 3284 sed
1511 3223 1745 3285 dicitur
1778 3224 2002 3298 activa,
2038 3224 2342 3306 quoniam

851 3330 1058 3405 potest
1088 3321 1261 3384 aliud
1293 3341 1405 3382 seu
1436 3321 1677 3403 aliquid
1709 3341 1915 3402 agere,
1950 3331 2017 3384 ut
2051 3323 2142 3384 sic
2174 3323 2343 3384 dica-

850 3432 954 3485 tur
983 3421 1223 3503 aliquid
1256 3429 1480 3502 potens
1511 3439 1625 3501 per
1654 3421 1926 3482 activam
1968 3423 2339 3503 potentiam,

851 3540 979 3585 non
1020 3520 1171 3602 quia
1212 3527 1418 3602 potest
1447 3539 1606 3593 esse,
1641 3520 1751 3581 sed
1793 3520 2094 3600 quoniam
2139 3527 2345 3602 potest

851 3620 1095 3702 aliquid
1143 3637 1346 3700 agere.
1394 3619 1458 3680 Si
1511 3635 1660 3699 ergo
1708 3625 1804 3678 est.
1853 3618 2109 3699 aliquod
2161 3637 2344 3698 agere

853 3721 1021 3802 quod
1065 3719 1147 3780 sit
1191 3719 1446 3781 realiter
1490 3717 1701 3799 ipsum
1741 3735 1879 3778 esse
1923 3709 2187 3797 agentis,
2222 3717 2345 3779 tale

851 3835 1035 3900 agere
1075 3835 1199 3879 non
1245 3816 1559 3898 reperitur
1591 3816 1655 3877 in
1699 3816 1980 3898 potentia
2010 3834 2158 3877 vere
2198 3816 2349 3877 acti-

851 3935 1083 3991 va,nec
1115 3916 1284 3977 cadit
1313 3914 1432 3976 sub
1464 3913 1942 3996 omnipotentia.
1957 3913 2102 3975 Tale
2131 3923 2344 3976 autem

853 4025 948 4078 est
999 4033 1300 4096 generare
1360 4014 1426 4074 in
1477 4012 1712 4075 divinis
1772 4020 2064 4094 respectu
2123 4014 2343 4088 PatriS‚

854 4115 1005 4196 quia
1044 4113 1306 4176 omnino
1347 4112 1514 4173 idem
1555 4119 1651 4172 est
1697 4112 1760 4172 in
1804 4111 2002 4184 Patre,
2046 4130 2347 4191 generare

2452 3129 2529 3190 ad
2558 3145 2895 3189 numerum
2930 3125 3494 3207 possibilium.Nec
3518 3125 3727 3186 solum
3757 3143 3955 3206 quan-

2453 3236 2589 3288 tum
2633 3226 2711 3287 ad
2754 3225 3214 3296 extensionem,
3250 3223 3355 3285 sed
3402 3223 3592 3285 etiam
3638 3232 3949 3305 quantum

2453 3326 2528 3387 ad
2572 3324 3020 3398 intensionem,
3054 3322 3315 3404 aequalis
3355 3331 3417 3383 et
3448 3341 3627 3403 aeque
3667 3321 3953 3403 perfecta

2453 3432 2550 3486 est
2580 3441 2995 3505 personarum
3034 3421 3334 3503 potentia,
3370 3421 3503 3483 sive
3535 3421 3819 3502 potentia
3846 3439 3950 3483 ac-

2456 3523 2729 3604 cipiatur
2770 3540 2884 3602 pro
2914 3521 3206 3583 absoluto
3236 3522 3404 3603 quod
3440 3527 3535 3582 est
3576 3519 3951 3582 fundamen-

2456 3627 2590 3682 tum
2635 3621 2979 3693 relationiS,
3024 3620 3157 3681 sive
3198 3618 3548 3701 accipiatur
3589 3636 3705 3700 pro
3744 3619 3953 3680 relati-

2456 3737 2576 3782 one
2625 3718 2888 3780 fundata
2937 3737 3129 3799 super
3175 3717 3330 3779 illud
3379 3716 3761 3779 absolutum.
3806 3719 3953 3780 Haec

2456 3819 2697 3881 Scottis,

2537 3917 2649 3979 Cui
2694 3915 2888 3995 objici
2934 3921 3161 3995 potest,
3207 3915 3375 3995 quod
3419 3915 3711 3997 quamvis
3753 3915 3952 3978 Filius

2456 4024 2519 4077 et
2550 4015 2821 4096 Spiritus
2853 4014 3119 4076 Sanctus
3160 4007 3287 4074 si‘nt
3317 4013 3657 4075 necessarii
3699 4033 3811 4076 seu
3842 4033 3953 4076 ne-

2459 4113 2803 4175 cessarium
2846 4131 2983 4174 esse
3026 4110 3352 4184 habentes,
3397 4128 3524 4173 non
3568 4118 3779 4172 tamen
3830 4112 3955 4174 hoc

854 4221 916 4274 et
946 4213 1192 4275 Patrem
1233 4229 1390 4272 esse.
1427 4210 1572 4271 ideo
1611 4209 1776 4270 sicut
1815 4228 1941 4272 non
1985 4227 2170 4291 posse
2210 4231 2347 4272 csse
2379 4213 2428 4274 D
2458 4211 2695 4272 habent
2739 4229 2815 4271 ex
2861 4229 2927 4271 se
2964 4228 2977 4271 :
3016 4210 3144 4271 imo
3190 4210 3501 4291 quidquid
3548 4217 3697 4270 sunt
3738 4216 3801 4271 et
3846 4209 3953 4271 ha-

854 4312 1100 4372 Patrem
1146 4327 1272 4370 non
1317 4307 1525 4388 arguit
1571 4306 2008 4387 impotentiam
2054 4306 2120 4368 in
2165 4307 2345 4382 Filio,

857 4409 944 4470 ita
986 4425 1113 4470 non
1158 4423 1342 4489 posse
1385 4423 1686 4486 generare
1727 4422 1854 4466 non
1899 4404 2106 4484 arguit
2151 4406 2348 4486 impo-

856 4506 1119 4568 tentiam
1154 4512 1264 4566 aut
1295 4504 1782 4565 minorationem
1825 4503 2122 4584 potentiae
2155 4504 2219 4565 in
2250 4522 2348 4566 eo-

856 4607 1021 4668 dem.
1057 4606 1200 4668 Haec
1242 4604 1592 4666 Durandus.

938 4705 1053 4778 Qui
1085 4704 1338 4766 videtur
1377 4703 1526 4765 huic
1558 4703 1758 4765 tertiae
1794 4703 2095 4783 positioni
2137 4703 2348 4783 potius

859 4803 1234 4866 consentire.
1265 4801 1375 4864 Cui
1419 4800 1743 4881 objicitur,
1777 4800 1946 4881 quod
1987 4801 2177 4862 etiam
2221 4819 2351 4862 cre-

858 4922 964 4965 are
1015 4921 1127 4963 seu
1179 4900 1384 4963 activa
1432 4899 1686 4971 creatio,
1736 4898 1989 4961 realiter
2037 4899 2206 4960 idem
2256 4907 2351 4960 est

857 5002 1026 5082 quod
1067 5018 1205 5062 esse
1250 4998 1361 5061 Dei
1406 4999 1678 5060 creantis
1723 5017 1836 5059 seu
1881 4997 2046 5059 Deus
2091 5016 2347 5069 creans:

856 5108 920 5163 et
970 5109 1184 5161 'tamen
1241 5105 1420 5160 actus
1481 5097 1588 5159 ille
1638 5104 1883 5178 spectat
1940 5097 2018 5158 ad
2076 5097 2348 5159 activam

856 5198 965 5260 Dei
1013 5197 1383 5280 potentiam,
1417 5203 1480 5260 et
1519 5196 1685 5258 cadit
1725 5194 1846 5258 sub
1889 5195 2351 5276 omnipotentia

853 5316 1012 5377 eJuS.

2459 4308 2631 4382 bent,
2666 4317 3049 4389 acceperunt
3078 4327 3115 4368 a
3153 4308 3353 4382 Patre,
3386 4315 3450 4370 et
3490 4307 3763 4388 Spiritus
3804 4307 3957 4370 San-

2460 4416 2598 4469 ctus
2640 4426 2676 4468 a
2717 4408 2895 4469 Patre
2937 4427 3009 4468 ac
3053 4406 3229 4469 Filio.

2537 4507 2880 4580 Postremo,
2948 4505 3011 4568 in
3082 4507 3199 4567 hac
3268 4525 3335 4568 re
3399 4506 3674 4594 amplius
3744 4505 3957 4587 placet

2457 4604 2785 4687 responsio
2814 4605 3150 4666 Alexandri
3190 4604 3530 4685 aliquando
3570 4621 3955 4666 commemo-

2458 4712 2611 4778 rata,
2666 4711 2883 4784 utpote
2942 4702 3110 4784 quod
3169 4703 3401 4765 divinae
3460 4720 3743 4784 personae
3800 4709 3953 4765 sunt

2458 4802 2937 4885 aequipotenteS,
2971 4809 3033 4862 et
3070 4801 3238 4882 quod
3284 4818 3409 4862 non
3455 4801 3711 4880 derogat
3749 4801 3953 4863 omni·

2460 4900 2755 4983 po'tentiae
2800 4918 3006 4979 neque
3050 4897 3347 4980 potentiae
3396 4898 3561 4971 Filii,
3604 4899 3771 4979 quod
3822 4915 3951 4960 non

2457 4999 2707 5080 gignit:
2744 4998 2874 5059 imo
2924 5015 3039 5058 nec
3089 5016 3166 5058 ex
3218 4996 3593 5078 impotentia
3642 4996 3781 5076 ejus
3831 4997 3955 5058 hoc

2459 5097 2655 5168 venit,
2690 5096 2799 5158 sed
2832 5097 2983 5177 quia
3023 5113 3149 5156 non
3182 5094 3477 5175 congruit
3506 5095 3585 5156 ei.
3620 5094 3738 5168 Qui
3776 5095 3955 5156 enim

2462 5202 2665 5277 potest
2706 5194 2875 5276 quod
2916 5194 2975 5255 ei
3020 5211 3147 5255 non
3193 5193 3505 5274 congruit,
3539 5210 3667 5255 non
3710 5213 3787 5256 ex
3833 5193 3956 5255 hoc

2465 5292 2781 5375 potentior
2824 5293 3307 5355 demonstratur.
3353 5291 3427 5352 Et
3469 5291 3589 5353 hoc
3636 5299 3733 5354 est
3780 5292 3953 5373 quod

4008 4727 4058 4767 p.
4090 4718 4177 4757 ¹06
4194 4716 4275 4760 [Υ.
