4359 6250
826 488 947 557 600
1594 504 1615 525 ·
1762 507 1939 555 Lini-:n
1979 510 1998 554 1
2040 508 2521 556 snurnmmnuu.
2565 526 2646 535 —
2685 509 2838 554 msr.
2883 508 2999 553 ην

829 684 958 748 nisi
1000 685 1121 748 Dei
1160 685 1466 748 voluntas
1511 702 1708 748 causa
1751 684 1967 766 prima
2014 684 2115 747 est
2159 682 2481 762 sanitatiS,
2525 681 2956 763 aegritudinis,
2991 681 3417 763 praemiorum
3464 682 3660 762 atque
3700 698 3933 762 poena-

832 819 1005 881 rum,
1038 804 1395 882 gratiarum
1439 803 1505 866 et
1544 802 2073 867 retributionum.
2115 801 2276 864 Haec
2313 816 2465 880 ergo
2509 800 2650 862 sola
2687 801 2788 862 est
2824 799 2996 863 unde
3040 800 3258 863 ortum
3298 800 3398 863 est
3434 797 3757 881 quidquid
3786 800 3932 880 θεῖς

838 919 903 981 et
948 918 1091 1001 ipsa
1134 936 1269 983 non
1315 920 1415 982 est
1460 920 1622 998 orta,
1664 918 1781 981 sed
1827 919 2089 981 aeterna.

1535 1180 1613 1243 F.
1674 1182 1939 1247 Quibus
1982 1182 2224 1242 modi-s·
2270 1180 2638 1252 accipitur
2684 1182 2816 1241 Dei
2861 1142 3228 1241 voluntas.

966 1411 1093 1474 Hic
1132 1428 1263 1474 non
1303 1412 1401 1474 est
1438 1409 1965 1491 praetereundum
2006 1409 2221 1483 nobiS,
2264 1408 2440 1489 quod
2479 1426 2662 1471 sacra
2703 1408 3039 1489 Scriptura
3075 1409 3154 1472 de
3191 1409 3530 1473 voluntate
3566 1410 3690 1473 Dei
3727 1410 3939 1473 variis

837 1529 1053 1592 modis
1098 1528 1282 1610 loqui
1322 1527 1697 1608 consuevit3
1738 1528 1802 1590 et
1841 1528 2060 1589 tamen
2098 1543 2232 1588 non
2275 1526 2375 1588 est
2410 1525 2533 1589 Dei
2571 1525 2875 1589 voluntas
2912 1525 3194 1605 diversa,
3227 1526 3342 1589 sed
3387 1526 3634 1589 locutio
3668 1526 3941 1591 diversa

836 1648 937 1707 est
986 1645 1066 1708 de
1114 1646 1471 1725 voluntate,
1513 1645 1671 1725 quia
1715 1644 1981 1706 nomine
2028 1641 2388 1705 voluntatis
2438 1643 2696 1705 diversa
2745 1643 3004 1723 accipit.
3045 1642 3218 1704 Nam
3265 1642 3570 1705 voluntas
3617 1643 3740 1706 Dei
3777 1661 3936 1706 vere

835 1779 909 1824 ac
962 1762 1222 1842 proprie
1274 1762 1514 1825 dicitur
1564 1778 1711 1841 quae
1761 1760 1827 1821 in
1887 1760 2031 1840 ipso
2080 1762 2202 1839 est,
2255 1762 2320 1822 et
2371 1760 2581 1841 ipsius
2635 1759 2917 1822 essentia
2965 1759 3100 1840 est3
3153 1760 3218 1822 et
3271 1759 3412 1822 haec
3458 1776 3590 1822 una
3645 1761 3766 1839 est,
3811 1778 3938 1824 nec

838 1877 1396 1958 multiplicitatem
1444 1878 1677 1958 recipit
1722 1894 1841 1939 nec
1879 1876 2409 1957 mutabilitatem,
2453 1894 2600 1957 quae
2647 1875 2977 1956 inexpleta
3019 1892 3160 1939 esse
3209 1893 3340 1938 non
3386 1878 3625 1958 potest.
3665 1878 3766 1941 De
3801 1895 3943 1957 qua

550 2012 804 2061 emma.
835 1994 1168 2074 Propheta
1212 1995 1302 2055 ait
1345 2014 1358 2054 :
1402 1993 1641 2057 Omnia
1688 2010 2122 2074 quaecumque
2170 1992 2382 2055 voluit
2419 1991 2744 2055 Dominus
2791 1991 2966 2054 fecit.
3009 1992 3095 2053 Et
3130 1991 3491 2072 Apostolus
3533 2012 3548 2053 :
3590 1992 3942 2055 Voluntati

540 2078 803 2187 hammo.
840 2109 986 2190 ejus
1024 2110 1175 2191 quis
1211 2109 1519 2172 resistet?
1556 2109 1640 2171 Et
1677 2109 1833 2171 alibi
1869 2128 1883 2169 :
1921 2108 2007 2171 Ut
2042 2108 2335 2190 probetis
2383 2126 2528 2189 quae
2568 2109 2654 2171 sit
2691 2108 2998 2171 voluntas
3033 2108 3156 2171 Dei
3195 2108 3368 2170 bona
3403 2110 3470 2171 et
3504 2108 3944 2190 beneplacens

538 2200 802 2251 ¹⁶⁸d'¹¹¹‘²'
839 2228 905 2289 et
950 2226 1257 2308 perfecta.
1311 2226 1395 2287 Et
1449 2226 1589 2288 haec
1646 2225 1951 2289 voluntas
2007 2226 2179 2287 recte
2231 2224 2597 2305 appellatur
2645 2224 3128 2307 beneplacitum
3181 2223 3306 2287 Dei
3360 2224 3500 2289 sive
3559 2224 3939 2307 dispositio.

834 2488 914 2553 G.
954 2490 1151 2555 Quod
1184 2490 1583 2550 secundum
1614 2488 1937 2562 nazaram
1979 2488 2256 2547 dicitur
2291 2486 2632 2548 voluntas
2678 2487 2806 2546 Dei
2839 2486 3267 2560 praeceptio,
3299 2487 3725 2559 prohibittm
3763 2501 3942 2549 con-

964 2608 1245 2680 silium,
1294 2606 1719 2678 permissio,
1772 2604 2107 2677 operatio
2124 2624 2153 2680 ,·
2211 2604 2282 2665 et
2329 2604 2487 2665 ideo
2529 2604 2943 2676 pluraliter
2985 2604 3164 2664 dicit
3207 2604 3630 2677 Scriptura,
3681 2606 3945 2667 volun-

966 2722 1177 2785 tates.

968 2951 1340 3032 Aliquando
1396 2969 1551 3014 vero
1610 2952 1970 3014 secundum
2028 2950 2384 3031 quamdam
2441 2950 2719 3029 figuram
2775 2951 3057 3031 dicendi,
3119 2950 3424 3013 voluntas
3481 2951 3606 3014 Dei
3661 2952 3946 3015 vocatur

838 3068 1016 3150 quod
1052 3068 1413 3132 secundum
1452 3068 1917 3149 proprietatem
1955 3085 2087 3131 non
2126 3068 2227 3131 est
2265 3066 2569 3131 voluntas
2614 3068 2758 3149 ejus
2791 3088 2806 3129 :
2839 3069 2913 3130 ut
2954 3068 3330 3149 praeceptiO,
3363 3067 3746 3148 prohibitiO,
3783 3085 3946 3131 con-

836 3186 1087 3264 silium,
1121 3201 1372 3247 necnon
1406 3185 1753 3264 permissio
1793 3185 1857 3247 et
1887 3185 2200 3264 operatio.
2237 3184 2523 3264 Ideoque
2559 3185 2900 3265 pluraliter
2935 3184 3287 3264 aliquando
3325 3184 3660 3264 Scriptura
3697 3184 3944 3247 volun-

562 3327 640 3370 1²2.
664 3340 731 3378 οι,
752 3329 793 3370 2.
835 3303 1003 3365 tates
1049 3302 1172 3364 Dei
1211 3301 1610 3382 pronuntiat.
1660 3302 1845 3364 Unde
1892 3301 2221 3382 Propheta
2268 3321 2282 3361 ε
2330 3301 2566 3381 Magna
2618 3318 2813 3382 opera
2859 3301 3153 3380 Domini,
3195 3301 3524 3382 exquisita
3578 3301 3646 3363 in
3704 3319 3943 3365 omnes

834 3422 1207 3484 voluntates
1238 3421 1401 3500 ejus.
1436 3420 1653 3492 Quum
1688 3435 1818 3479 non
1859 3418 1947 3479 sit
1974 3417 2101 3480 nisi
2134 3435 2264 3478 una
2303 3417 2608 3481 voluntas
2647 3417 2793 3496 Dei,
2827 3435 2973 3498 quae
3013 3417 3152 3498 ipse
3182 3419 3304 3494 est,
3338 3417 3676 3498 pluraliter
3713 3419 3940 3481 tamen

833 3538 995 3601 dicit
1023 3538 1416 3616 voluntateS,
1450 3537 1607 3616 quia
1635 3535 1941 3598 voluntas
1977 3535 2099 3598 Dei
2130 3535 2330 3597 variis
2370 3535 2586 3596 modis
2622 3552 2696 3597 ac
2734 3553 2852 3615 pro
2891 3535 3170 3596 diversis
3206 3535 3546 3614 accipitur,
3580 3535 3655 3597 ut
3681 3535 3938 3596 dictum

836 3656 955 3717 est.
994 3655 1094 3717 Ita
1132 3655 1329 3717 etiam
1368 3653 1543 3716 idem
1582 3652 1934 3732 Propheta,
1966 3653 2233 3732 propter
2271 3651 2517 3714 multos
2555 3653 2823 3715 effectus
2862 3651 3326 3714 misericordiae
3365 3652 3430 3714 et
3451 3651 3754 3731 justitiae,
3781 3651 3942 3732 plu-

543 3795 807 3847 mmmm,
836 3771 1059 3834 raliter
1100 3770 1259 3832 dicit
1300 3789 1313 3830 :
1356 3768 1839 3832 Misericordias
1878 3767 2147 3831 Domini
2194 3769 2262 3829 in
2305 3768 2624 3831 aeternum
2664 3767 2974 3848 cantab03
3019 3768 3084 3830 et
3113 3765 3307 3845 alibi,
3337 3768 3625 3830 Justitiae
3663 3768 3942 3830 Domini

540 3862 806 3972 {›'„m„‚9‚
838 3888 1053 3966 rectae,
1089 3886 1494 3950 laetificantes
1532 3885 1729 3947 corda
1760 3901 2007 3964 :quum
2049 3885 2268 3946 tamen
2307 3885 2375 3946 in
2417 3885 2554 3946 Deo
2592 3902 2725 3946 una
2760 3885 2848 3946 sit
2885 3885 3355 3965 misericordia,
3391 3903 3526 3948 una
3555 3884 3838 3965 justitia,
3873 3885 3946 3948 et

837 4020 971 4066 una
1018 4001 1375 4083 eademque
1423 4001 1511 4064 sit
1558 4001 2015 4090 misericordia
2052 4017 2200 4080 quae
2241 3999 2524 4080 justitia,
2564 4000 2814 4062 scilicet
2860 4000 3085 4062 divina
3131 4002 3316 4066 εὺσία.

972 4263 1058 4325 Η.
1100 4266 1340 4335 Quare
1368 4263 1767 4336 praeceptio
1808 4262 1880 4323 et
1910 4263 2311 4335 prohibitio
2349 4263 2421 4324 et
2458 4265 2851 4324 consilium
2888 4263 3236 4326 dicantur
3274 4265 3406 4324 Dei
3440 4263 3805 4326 volunta&

973 4493 1127 4556 Ideo
1186 4494 1406 4556 autem
1458 4493 1808 4574 praeceptio
1858 4493 1922 4555 et
1967 4490 2327 4573 prohibitio
2380 4493 2578 4573 atque
2627 4492 3003 4572 consilium,
3053 4510 3262 4573 quum
3311 4493 3446 4556 sint
3495 4493 3642 4574 tria,
3695 4493 3946 4557 dicitur

836 4613 1057 4674 tamen
1102 4608 1621 4688 unumquodque
1660 4625 1887 4670 eorum
1926 4607 2049 4670 Dei
2092 4607 2422 4688 voluntaS,
2455 4609 2612 4688 quia
2649 4609 2775 4671 ista
2819 4610 2975 4671 sunt
3020 4609 3208 4689 signa
3245 4610 3486 4674 divinae
3523 4610 3884 4673 voluntatis
3921 4631 3938 4671 ε

837 4725 1395 4809 quemadmodum
1436 4726 1501 4787 et
1536 4724 1725 4804 signa
1770 4724 1885 4787 irae
1932 4723 2240 4786 dicuntur
2287 4723 2406 4802 ira,
2441 4725 2506 4787 et
2540 4724 2913 4788 dilectionis
2962 4726 3151 4806 signa
3196 4701 3461 4790 dilectio
3498 4725 3941 4807 appellantur.

836 4848 922 4910 Et
958 4845 1199 4908 dicitur
1242 4843 1450 4905 iratus
1497 4840 1715 4922 Deus3
1768 4841 1831 4902 et
1870 4841 2089 4902 tamen
2137 4857 2271 4902 non
2317 4841 2417 4904 est
2454 4841 2551 4904 ira
2596 4841 2668 4902 in
2705 4858 2780 4904 eo
2820 4840 3065 4921 aliqua,
3104 4842 3220 4905 sed
3257 4843 3446 4923 signa
3493 4844 3748 4905 tantum
3788 4858 3948 4922 quae

839 4963 1001 5025 foris
1043 4961 1231 5039 fiunt,
1266 4956 1509 5038 quibus
1551 4957 1759 5018 iratus
1806 4956 2194 5035 ostenditur,
2228 4956 2327 5019 ira
2363 4957 2575 5038 ipsius
2613 4957 3061 5020 nominantur.
3093 4959 3179 5020 Et
3223 4959 3324 5021 est
3370 4959 3579 5040 figura
3624 4958 3886 5022 dicendi
3925 4981 3944 5022 ε

836 5077 1197 5142 secundum
1245 5091 1446 5156 quam
1492 5090 1625 5135 non
1664 5073 1765 5136 est
1800 5072 2043 5136 falsum
2090 5072 2268 5152 quod
2315 5072 2593 5154 dicitur3
2639 5073 2753 5136 sed
2799 5090 3026 5136 verum
3072 5075 3250 5154 quod
3296 5074 3559 5153 dicitur,
3601 5073 3726 5137 sub
3763 5075 3949 5157 tropi

836 5193 1063 5258 nubilo
1103 5190 1550 5255 obumbratur.
1585 5190 1670 5251 Et
1705 5188 2067 5252 secundum
2105 5189 2228 5251 hos
2267 5189 2492 5269 tropos
2528 5189 2804 5252 diversae
2843 5189 3214 5253 voluntates
3252 5190 3376 5254 Dei
3417 5191 3748 5269 dicuntur,
3779 5192 3948 5272 quia

835 5310 1093 5372 diversa
1138 5307 1293 5370 sunt
1338 5306 1451 5370 illa
1496 5323 1644 5388 quae
1692 5323 1809 5388 per
1856 5305 2121 5386 tropum
2167 5304 2473 5369 voluntas
2517 5303 2642 5368 Dei
2689 5304 3017 5367 dicuntur.
