4359 6250
602 3364 683 3408 Ps.
695 3376 844 3414 mxxvii,

579 3460 679 3536 ‘P'a
699 3502 790 3541 cxc,
808 3494 848 3535 ι.

849 507 970 577 550

1495 527 1560 574 IN
1601 525 1822 571 LIBRUM
1865 525 1885 569 1
1927 521 2411 570 SENTENTIARUM.
2456 537 2537 548 -
2577 519 2731 565 Β18Τ.
2778 517 2919 580 xl.1;
2962 515 3186 572 QUAEST.
3234 513 3303 560 111

851 699 1139 762 Secunda
1168 707 1263 761 est
1291 696 1626 760 infallibile
1657 695 1910 777 signum
1942 693 2181 775 primae.
2208 692 2348 753 Ter·
2376 688 2431 750 Α
2457 697 2519 752 et
2549 696 2714 751 esset
2752 687 3010 750 elect-us„
3043 685 3200 748 Nam
3232 683 3398 766 quod
3442 681 3682 744 electus
3720 677 3957 740 dicitur

851 798 942 860 tia
993 817 1116 860 nec
1171 797 1424 878 signum
1483 802 1579 857 est.
1632 813 1838 876 neque
1889 791 2160 854 effectus
2221 789 2345 872 pri-

855 917 974 959 mae
1023 896 1374 968 electionis.
1418 894 1718 976 qnoniam
1769 891 2022 975 reprobi
2072 890 2238 952 fiunt
2286 896 2349 950 et

852 1002 1002 1056 sunt
1060 994 1244 1055 multi
1307 993 1738 1075 praesidenteS,
1799 1000 1861 1052 et
1918 990 2187 1052 utinam.
2222 1006 2349 1050 non

851 1093 982 1155 sint
1031 1092 1246 1174 plures
1297 1092 1445 1154 mali
1496 1109 1687 1173 quam
1737 1089 1908 1152 boni.
1960 1124 2040 1134 —
2085 1088 2350 1168 Insuper

853 1191 922 1253 in
971 1193 1100 1255 Deo
1151 1192 1320 1254 idem
1368 1197 1538 1264 sunt,
1577 1189 1996 1272 propositum,
2033 1185 2352 1268 praedesti-

857 1290 1030 1353 natio
1072 1297 1134 1352 et
1177 1289 1404 1352 electio
1449 1289 1803 1351 secundum
1853 1306 2009 1359 rem,
2042 1283 2350 1347 differunt

857 1396 1071 1450 tamen
1139 1388 1491 1450 secundum
1560 1386 1888 1448 rationem.
1954 1383 2352 1464 Propositum

858 1505 1134 1568 namque
1169 1494 1262 1548 est
1294 1486 1482 1548 firma
1512 1485 1803 1547 voluntas
1839 1483 2078 1564 aliquid
2121 1481 2355 1543 facien-

859 1585 944 1647 di.
981 1584 1220 1647 Electio
1258 1591 1470 1646 autem
1513 1591 1574 1644 et
1609 1581 2076 1665 praedestinatio
2114 1579 2355 1660 aliquid

859 1683 1312 1765 superaddunt,
1365 1682 1474 1744 sed
1524 1682 1896 1744 differenter
1941 1697 1955 1741 ε
2003 1679 2152 1760 quia
2202 1697 2359 1759 prae-

860 1781 1199 1844 destinatio
1254 1781 1428 1842 addit
1484 1780 1771 1843 ordinem
1832 1787 1893 1841 et.
1943 1777 2358 1840 directionem

2457 788 2635 870 quasi
2668 807 2743 849 ex
2784 785 2925 848 aliis
2966 785 3188 857 lectuS‚
3220 780 3600 865 etymologia
3628 785 3721 840 est
3756 776 3959 839 nomi-

2458 887 2579 961 niS‚
2612 904 2739 948 non
2775 886 2851 946 de
2889 882 3356 964 significatione
3388 877 3705 949 vocabuli,
3738 893 3961 957 quem·

2457 984 2801 1047 admodum
2851 982 3011 1063 lapis
3060 980 3295 1043 dicitur
3343 977 3524 1060 quasi
3576 975 3805 1058 pedem
3854 973 3959 1034 lae-

2459 1084 2634 1145 denS.
2675 1082 2981 1163 Denique,
3014 1079 3181 1141 sicut
3217 1077 3499 1139 studium
3544 1073 3779 1136 dicitur
3818 1089 3959 1132 esse

2460 1183 2526 1244 in
2576 1183 2725 1252 Deo,
2767 1181 2855 1242 ita
2902 1179 3147 1241 electio.
3189 1176 3365 1239 Unde
3413 1175 3480 1237 in
3522 1173 3792 1241 Psalmo,
3833 1171 3961 1232 An·
4004 1183 4079 1227 Ρ..
4095 1195 4148 1230 11,
4170 1183 4227 1224 ιε.

2460 1279 2749 1341 nuntiate
2795 1277 2962 1340 inter
3008 1282 3227 1356 gentes
3279 1273 3489 1335 studia
3536 1271 3699 1352 ejuS,
3751 1269 3817 1331 id
3864 1274 3965 1329 est

2462 1395 2655 1459 opera
2690 1375 3026 1458 exquisita,
3060 1393 3133 1437 ac
3164 1373 3213 1435 si
3260 1391 3372 1454 per
3412 1371 3685 1433 multum
3720 1375 3967 1448 tempo-

2465 1476 2551 1537 ris
2583 1475 2751 1536 circa
2779 1474 2913 1536 haec
2944 1472 3311 1535 studuisset.
3347 1470 3451 1533 Sic
3481 1467 3823 1531 consilium
3853 1464 3967 1526 Dei

2464 1581 2728 1636 vocatur
2788 1572 3081 1634 voluntas
3142 1577 3253 1631 aut
3316 1565 3763 1631 determinatio
3826 1562 3973 1644 ejus

2468 1671 2842 1744 certissima,
2876 1688 2949 1731 ac
2989 1669 3038 1730 si
3082 1668 3191 1729 diu
3230 1674 3391 1729 esset
3425 1663 3793 1728 deliberata.
3830 1661 3975 1723 Ele--

2469 1769 2595 1831 ctio
2640 1769 2898 1831 demum
2949 1767 3057 1830 Dei
3117 1766 3298 1848 ponit
3344 1771 3616 1847 quatuor
3666 1779 3682 1824 t
3732 1760 3970 1844 prim0,

861 1880 929 1941 in
970 1879 1191 1952 finem,
1225 1878 1452 1941 electio
1491 1897 1642 1940 vero
1682 1877 2127 1939 discretionem
2167 1883 2230 1938 et
2269 1895 2361 1938 se·
2397 1869 2444 1931 B
2471 1875 2705 1930 certam
2746 1867 3175 1944 voluntatem3
3214 1863 3515 1936 secunde,
3547 1860 3831 1923 divinam
3874 1878 3973 1921 es-

860 1977 1292 2059 gregationem
1340 1996 1374 2038 a
1423 1995 1536 2038 suo
1588 1975 1897 2057 opposito.
1941 2011 2021 2021 —
2057 1974 2200 2036 Haec
2252 1974 2363 2036 Bo-

862 2084 1229 2139 naventura.
1283 2076 1398 2149 Qui
1459 2075 1775 2137 interdum
1826 2074 2080 2136 videtur
2127 2073 2362 2135 sentire

865 2176 1033 2257 quod
1063 2175 1291 2236 electio
1321 2181 1382 2236 et.
1412 2173 1669 2235 dilectio
1701 2172 1954 2234 realiter
1988 2173 2156 2234 idem
2198 2172 2361 2250 sint3

865 2273 1186 2335 interdum
1237 2272 1470 2334 fatetur
1509 2272 1678 2352 quod
1720 2271 2010 2332 voluntas
2059 2270 2170 2332 Dei
2222 2287 2367 2331 con—

865 2389 1139 2451 sequens
1173 2370 1433 2432 exsistat
1463 2369 1706 2432 electio.
1741 2368 1868 2431 Nec
1903 2368 2172 2430 dubium
2208 2367 2365 2449 quin

868 2467 933 2528 in
978 2468 1106 2530 Deo
1149 2467 1278 2529 sint
1322 2468 1490 2530 idem
1538 2467 1602 2529 in
1649 2486 1736 2541 re,
1771 2468 1880 2528 sed
1918 2466 2230 2528 differunt
2274 2485 2365 2527 ra-

867 2566 1058 2628 tione.
1122 2566 1193 2628 In
1257 2565 1440 2628 nobis
1501 2584 1652 2628 vero
1711 2566 1855 2647 plus
1913 2565 2244 2637 disserunt,
2304 2571 2366 2626 et

868 2663 1035 2726 sicut
1067 2664 1489 2725 Damascenus
1520 2670 1785 2725 testatur
1816 2663 2369 2744 communiterque

869 2769 1142 2836 tenetur,
1197 2761 1425 2824 electio
1482 2761 1740 2843 proprie
1799 2769 1895 2823 est
1951 2761 2202 2822 duobus
2260 2768 2369 2822 aut

871 2859 1163 2942 pluribus
1213 2859 1576 2942 propositiS‚
1617 2859 1878 2922 alterius
1929 2859 2363 2942 praeacceptio.

870 2959 941 3019 111
983 2957 1326 3040 Scripturis
1367 2974 1517 3018 vero
1554 2958 1934 3039 quandoque
1972 2959 2232 3039 quidam
2268 2975 2371 3019 vo-

874 3063 1098 3117 cantur
1139 3055 1326 3117 electi
1376 3055 1616 3118 ratione
1665 3056 2084 3138 praesidentiae
2132 3065 2373 3139 tempo·
2408 3059 2453 3125 C

877 3154 1048 3227 raliS,
1072 3162 1180 3217 aut
1211 3153 1572 3217 eminentiae
1603 3153 1898 3236 specialis
1932 3155 1994 3216 in
2027 3156 2210 3217 donis
2239 3175 2374 3236 gra-

879 3252 980 3316 tiae
1018 3253 1210 3333 gratis
1256 3252 1414 3313 data»
1451 3259 1561 3313 aut
1600 3259 1860 3326 naturae,
1890 3252 2071 3332 juxta
2110 3254 2267 3315 illud
2308 3254 2371 3315 in

877 3351 1124 3413 Psalmo
1157 3370 1171 3414 ε
1205 3351 1452 3412 Electos
1490 3350 1680 3412 Israel
1717 3350 2082 3432 impedivit3
2120 3360 2204 3426 et,
2236 3352 2371 3415 Non

881 3447 1367 3512 communicabo
1409 3468 1554 3509 cum
1598 3448 1817 3511 electis
1860 3467 2100 3511 eorum.

959 3546 1201 3609 Solutio
1247 3546 1643 3627 objectorum
1693 3546 1994 3608 elucescit
2038 3567 2114 3608 ex
2163 3546 2369 3609 dictis

881 3645 1119 3708 Electio
1152 3645 1391 3707 etenim
1421 3644 1532 3707 Dei
1569 3664 1694 3707 non
1727 3654 2022 3707 causatur
2052 3666 2129 3707 ex
2161 3665 2373 3707 rerum

878 3743 1181 3816 bonitate,
1233 3743 1343 3805 sed
1393 3752 1610 3804 causat
1659 3741 1852 3804 illam.
1909 3743 2072 3805 Deus
2122 3762 2375 3825 quoque

877 3861 954 3904 ex
1003 3860 1117 3903 sua
1166 3840 1446 3904 bonitate
1489 3847 1552 3903 et
1595 3841 1906 3923 sapientia
1953 3842 2130 3922 eligit
2176 3861 2373 3903 unum

879 3959 1008 4022 prae
1049 3939 1192 4001 alio.

959 4134 1291 4208 Quaeritur,
1332 4134 1428 4196 An
1479 4133 1543 4194 in
1594 4134 1720 4195 Dco
1764 4132 1987 4195 suisset
2031 4135 2279 4207 electio,
2323 4136 2375 4197 si

2472 1967 2757 2040 sentiam,
2782 1973 2852 2027 ut
2883 1981 3172 2042 causam;
3197 1963 3398 2034 tertio,
3421 1959 3685 2042 gratiam
3720 1959 3783 2021 in
3818 1978 3975 2041 prae-

2472 2064 2672 2143 senti3
2705 2071 2767 2127 et
2798 2068 3042 2145 quarto,
3076 2060 3342 2142 gloriam
3376 2059 3441 2120 in
3472 2058 3708 2120 futuro.
3744 2057 3820 2118 Et
3854 2056 3977 2117 tria

2474 2163 2720 2234 ultima,
2784 2159 3255 2243 praedestinatio
3312 2175 3567 2239 quoque
3625 2153 3972 2236 significat,

2475 2261 2585 2323 sed
2617 2261 2682 2322 in
2715 2259 2923 2341 primo
2952 2256 3173 2318 differt
3202 2256 3282 2318 ab
3316 2255 3649 2328 electione,
3683 2253 3837 2334 quia
3868 2271 3978 2313 an-

2476 2359 2893 2423 tecessionem
2922 2356 3224 2437 designat.
3245 2355 3387 2418 Haec
3413 2352 3972 2417 Antisiodorensis.

2896 2681 3373 2756 QUAESTIO
3442 2682 3565 2745 III

2609 2957 2783 3019 Ertio
2812 2956 3116 3038 quaeritur
3145 2956 3273 3028 hic,
3306 2955 3436 3022 An
3470 2957 3983 3037 praedestina·

2622 3058 2742 3123 tio
2772 3053 3025 3136 possit
3048 3054 3325 3136 juvari
3353 3056 3668 3120 meritis
3694 3056 3781 3120 et:
3808 3071 3986 3137 pre·

2483 3156 2709 3223 cibus
2751 3156 3209 3221 electorum.
3426 3222 3436 3231 ,

2580 3255 2674 3315 Ad
2733 3253 2903 3335 quod
2961 3253 3249 3314 doctores
3308 3251 3705 3315 concorditer
3762 3251 3987 3314 dicunt

2486 3352 2654 3434 quod
2712 3369 2863 3424 non,
2921 3349 3237 3432 loquendo
3294 3350 3369 3411 de
3427 3348 3987 3431 praedestinatione

2486 3449 2837 3511 secundum
2882 3467 2971 3521 se,
3008 3456 3195 3529 prout.
3236 3455 3333 3509 est
3370 3454 3549 3508 actus
3592 3446 3705 3509 Dei
3752 3449 3991 3529 praede·

2486 3546 2780 3609 stinantis
2824 3566 2838 3610 ε
2880 3546 2972 3608 sic
3020 3545 3191 3608 enim
3242 3553 3339 3607 est.
3378 3552 3633 3620 aeterna,
3675 3563 3795 3608 nec
3846 3564 3991 3607 cau-

2488 3664 2622 3706 sam
2683 3664 2799 3707 nec
2857 3644 3247 3725 adjutorium
3308 3642 3499 3705 habet
3546 3662 3623 3704 ex
3674 3652 3985 3705 creatura.

2489 3744 2608 3805 Sed
2641 3743 2957 3824 loquendo
2987 3744 3064 3804 de
3097 3741 3650 3824 praedestinatione
3680 3750 3993 3822 quantum

2487 3842 2563 3903 ad
2596 3841 2737 3921 ejus
2769 3841 3075 3903 effectum
3106 3849 3167 3903 et
3196 3840 3696 3913 exsecutionem,
3726 3840 3992 3919 juvatur

2489 3940 2788 4021 precibus
2841 3940 3209 4020 meritisque
3257 3940 3632 4001 Sanctorum
3680 3956 3755 4000 ac
3803 3940 3992 4001 devo-

2489 4047 2697 4101 torum
2734 4056 2748 4099 :
2784 4056 2910 4098 non
2950 4038 3117 4117 quod
3160 4056 3380 4117 preces
3418 4045 3483 4099 et.
3514 4036 3743 4099 merita
3779 4037 3991 4100 colen·

2491 4138 2650 4198 tium
2690 4137 2891 4198 Deum
2934 4142 3181 4196 mutent.
3220 4135 3683 4216 providentiam
3730 4135 3841 4197 Dei
3880 4143 3993 4196 aut

881 4233 1326 4295 intellectualis
1370 4238 1656 4293 creatura
1705 4250 1830 4294 non
1875 4233 2235 4295 corruisset.
2280 4234 2380 4295 Vi·
2409 4238 2459 4299 D
2488 4235 2628 4315 ejus
2679 4232 3100 4315 propositum,
3134 4233 3243 4295 sed
3288 4232 3440 4315 quia
3483 4233 3649 4295 Deus
3698 4233 3785 4295 ita
3834 4253 3993 4316 prae

879 4332 1065 4393 detur
1106 4331 1274 4414 quod
1318 4346 1467 4403 non,
1511 4330 1661 4412 quia
1708 4330 1800 4390 sic
1844 4330 2114 4393 fuissent
2155 4349 2377 4394 omnes

879 4430 1087 4503 electi,
1122 4447 1240 4490 nec
1282 4436 1493 4490 essent
1533 4428 1788 4509 reprobi
1832 4429 2050 4512 aliqui.

959 4529 1051 4589 Ad
1101 4527 1222 4589 hoc
1271 4526 1710 4588 Bonaventura
1757 4529 2096 4609 respondet
2141 4547 2154 4591 :
2204 4530 2377 4602 Quae-

880 4628 1027 4689 dam
1086 4634 1182 4689 est
1238 4624 1465 4688 electio
1523 4644 1649 4706 qua
1705 4635 2032 4708 separatur
2089 4628 2296 4690 bonus
2342 4648 2378 4690 a

881 4726 1069 4801 malo,
1100 4724 1226 4787 alia
1260 4742 1385 4805 qua
1427 4723 1650 4785 melior
1689 4733 2051 4805 segregatur
2087 4745 2122 4787 a
2165 4727 2377 4789 minus

879 4826 1066 4887 bono.
1113 4822 1402 4887 Secunda
1450 4821 1677 4884 fuisset
1721 4822 1786 4883 in
1831 4842 1978 4884 casu
2029 4824 2374 4905 propositO,

880 4924 991 4987 sed
1036 4941 1165 4986 non
1210 4921 1464 5003 prima:
1501 4938 1626 4982 non
1670 4922 1838 5001 quod
1885 4921 2094 5002 lapsus
2133 4922 2377 5003 aliquid

876 5029 1017 5103 agat
1047 5021 1125 5083 ad
1157 5018 1684 5092 electionem,sed
1716 5019 2110 5099 praescientia
2142 5019 2371 5102 lapsus.

945 5120 1123 5182 Circa
1153 5119 1274 5181 hoc
1305 5116 1530 5181 scribit
1552 5115 2084 5179 Antisiodorensis
2117 5118 2183 5179 in
2210 5119 2381 5180 Sum·

879 5237 982 5280 ma
1027 5236 1164 5292 sua,
1209 5216 1417 5298 primo
1465 5214 1629 5277 libro
1673 5234 1686 5277 :
1732 5214 2028 5287 Quamvis
2076 5233 2204 5278 non
2257 5217 2375 5278 nisi

879 5335 1045 5377 unus
1076 5315 1559 5397 praedestinatus
1593 5321 1779 5389 esset,
1817 5322 2024 5374 tamen
2059 5314 2380 5377 diceretur

2487 4332 2826 4406 ordinavit,
2852 4339 2921 4394 ut
2952 4350 3066 4413 per
3095 4330 3245 4393 talia
3273 4339 3383 4393 aut
3412 4330 3559 4393 talia
3591 4332 3799 4393 media
3827 4331 3989 4393 fiant

2486 4439 2548 4493 et
2579 4430 2986 4493 obtineantur
3015 4448 3156 4511 quae
3188 4429 3324 4510 ipse
3353 4429 3501 4491 dare
3529 4448 3603 4491 ac
3633 4428 3985 4511 adimplere

2487 4530 2789 4601 decrevit,
2824 4528 2987 4590 sicut
3018 4526 3295 4589 ostendit
3325 4527 3683 4608 GregoriuS,
3707 4535 3985 4590 tractans

2488 4627 2643 4688 illud
2687 4627 2753 4687 in
2795 4625 3017 4688 Genesi
3056 4642 3070 4686 ε
3104 4626 3489 4705 Deprecatus
3528 4632 3623 4687 est
3660 4625 3833 4687 Isaac
3871 4625 3987 4688 Do-
4046 4650 4257 4695 eam,
4299 4678 4300 4681 ,

2489 4725 2736 4787 minum
2776 4742 2892 4805 pro
2931 4741 3127 4785 uxore
3166 4742 3301 4797 sua,
3333 4740 3409 4785 eo
3448 4723 3617 4803 quod
3654 4732 3825 4785 esset
3866 4732 3986 4787 ste-
4012 4714 4083 4755 ²¹·

2488 4822 2661 4900 rilis3
2714 4821 2825 4903 qui
2886 4820 3211 4882 exaudivit
3266 4839 3437 4895 eum,
3487 4828 3551 4882 et
3605 4821 3781 4883 dedit
3839 4840 3988 4885 con-

2488 4930 2745 5003 ceptum
2782 4919 3097 4983 Rebeccae.
3134 4920 3211 4981 Et
3242 4927 3452 4982 tamen
3484 4920 3791 4983 Dominus
3833 4941 3991 5003 prae-

2488 5018 2807 5083 ordinavit
2836 5018 3040 5098 ipsum
3073 5018 3347 5080 electum
3378 5018 3569 5081 Jacob
3601 5018 3991 5082 nasciturum

2488 5137 2563 5179 ex
2609 5116 2914 5189 Rebecca,
2958 5115 3143 5196 cujus
3189 5133 3473 5197 personae
3515 5134 3587 5177 ac
3633 5117 3991 5197 posteritati

2488 5216 2914 5286 benediceret,
2948 5222 3138 5294 atque
3176 5233 3253 5276 ex
3294 5214 3536 5276 semine
3572 5214 3711 5294 ejus
3752 5214 3989 5277 faceret

2491 5314 2811 5377 Christum
2856 5312 3049 5375 nasei.
3088 5309 3189 5374 Sic
3234 5321 3297 5377 et
3340 5313 3625 5377 Christus
3673 5313 3737 5374 in
3784 5313 3985 5376 Evan-
