4359 6250
167 2455 326 2502 ,valach
333 2492 343 2502 .

707 495 792 540 AN
833 497 1062 543 nemu
1103 497 1178 543 m·
1219 497 1528 544 DEMEmTA
1569 497 1705 544 SINT
1745 497 2339 544 PRAEDESTINA‘HONJS
2382 499 2455 544 m·
2496 499 2973 546 nuruossArtole
3014 497 3210 544 CAUSA

3388 478 3510 543 539

405 666 692 728 secundo
727 687 801 729 ac
844 668 1049 742 terti0,
1085 669 1284 730 multa
1323 668 1668 731 conscribit
1697 668 1775 729 ad
1816 667 1908 730 in·
1935 667 1986 730 A
2017 668 2376 732 sericordiae
2416 677 2606 751 atque
2644 669 2931 750 justitian,
2972 669 3266 752 quamvis
3310 668 3362 731 si
3402 687 3509 732 vo-

409 766 825 845 telligentiam
861 767 1088 830 horum
1119 768 1546 840 accommoda,
1581 767 1906 848 disputan-

407 866 488 928 do
531 866 610 928 de
663 885 853 928 causa
899 867 1141 929 ordinis
1188 866 1492 938 universi,
1536 875 1599 928 et
1640 867 1717 928 de
1767 884 1908 948 pro—

407 963 690 1025 videntia
735 965 868 1036 Dei,
915 973 977 1026 et
1025 965 1300 1046 qualiter
1342 965 1700 1046 assignetur
1748 965 1906 1032 ratio

407 1063 754 1125 voluntatis
785 1063 1040 1138 divinat,
1074 1071 1137 1126 et
1167 1065 1488 1145 quomodo
1518 1064 1684 1126 Deus
1722 1082 1905 1144 agere

405 1169 597 1243 queat
641 1169 870 1244 praeter
910 1163 1199 1224 ordinem
1243 1163 1518 1225 inditum
1564 1162 1774 1225 rebuS.

487 1360 672 1422 Circa
705 1361 840 1424 haec
879 1360 1229 1424 Richardus
1268 1361 1529 1423 omnino
1568 1361 1908 1423 concordat

406 1458 596 1520 dictis
627 1459 902 1532 Thomae‚
935 1460 1240 1523 solvendo
1270 1461 1433 1522 hanc
1465 1459 1902 1541 quaestionem,

409 1566 624 1619 utrum
698 1557 1097 1639 praescientia
1165 1560 1534 1621 meritorum
1603 1557 1686 1618 sit
1747 1557 1907 1619 ratio

409 1656 981 1738 praedestinationis
1030 1657 1494 1719 salvandorum.
1545 1692 1620 1702 -
1670 1656 1908 1718 Deinde

407 1754 658 1836 quaerit‚
680 1763 893 1817 utrum
928 1755 990 1817 in
1026 1755 1153 1818 Deo
1183 1755 1264 1817 sit
1295 1754 1508 1837 aliqua
1543 1755 1721 1829 ratio,
1744 1774 1908 1836 qua*-

2018 767 2261 840 luisset,
2309 767 2393 830 ita
2442 768 2752 851 potuisset
2796 788 2935 831 eam
2989 768 3394 831 manifestare
3444 767 3509 830 iu

2017 867 2180 928 Esau
2215 866 2423 948 ipsum
2459 867 2984 948 praedestinando,
3005 867 3170 929 sicut
3202 866 3267 928 in
3294 867 3506 930 Jacob.

2016 964 2175 1026 Hinc
2208 965 2259 1026 si
2294 965 2357 1026 in
2399 965 2703 1046 singulari
2734 985 2977 1046 quaeras
3018 965 3327 1028 rationem
3358 985 3511 1047 qua-

2017 1083 2084 1126 re
2128 1064 2205 1125 ad
2251 1063 2557 1127 effectum
2604 1064 3173 1146 praedestinationis
3218 1065 3513 1146 praeordi-

2018 1162 2193 1224 navit
2237 1161 2449 1244 ipsum
2487 1162 2677 1225 Jacob
2724 1163 2923 1244 magis
2968 1182 3159 1245 quam
3200 1163 3386 1236 Esau,
3420 1181 3513 1225 re-

2017 1261 2463 1342 spondendum
2502 1270 2618 1335 est,
2653 1261 2805 1345 quia
2835 1261 2935 1324 sic
2967 1262 3204 1340 voluit3
3237 1281 3355 1324 nec
3386 1261 3512 1325 alia

2017 1359 2176 1422 ratio
2218 1367 2314 1422 est
2358 1360 2695 1433 reddenda,
2729 1360 2881 1441 quia
2922 1361 3214 1423 voluntas
3257 1360 3369 1423 Dei
3416 1367 3514 1423 est

2017 1457 2227 1538 prima
2270 1458 2599 1521 rectitudo.
2647 1458 2791 1522 Haec
2834 1459 3201 1522 Richardus.

2098 1557 2331 1630 Quaerit
2378 1565 2591 1619 autem
2636 1557 3007 1632 Richardus,
3042 1566 3255 1619 utrum
3301 1558 3512 1620 deme-

2017 1654 2136 1716 rita
2174 1655 2453 1718 hominis
2492 1656 2619 1718 sint
2660 1656 2818 1719 ratio
2856 1676 2987 1720 suae
3026 1655 3509 1738 reprobationis,

2017 1752 2283 1815 Videtur
2320 1754 2489 1835 quod
2530 1755 2643 1826 sic,
2678 1754 2980 1835 quoniam
3026 1754 3386 1836 reprobare,
3418 1764 3515 1817 est

406 1872 687 1934 cumque
717 1854 800 1915 sit
831 1854 958 1922 illa,
994 1872 1188 1934 quare
1221 1853 1692 1935 praedestinavit
1724 1872 1907 1935 quos·
1943 1850 1990 1913 B
2017 1851 2094 1913 ad
2127 1870 2383 1933 poenam
2420 1853 2843 1934 praeordinare
2877 1871 2891 1914 :
2925 1854 3035 1915 sed
3076 1853 3387 1934 injustum
3418 1861 3514 1916 est

406 1953 553 2014 dam
594 1959 660 2014 et
698 1971 825 2014 non
869 1952 1046 2014 alios.
1081 1953 1157 2014 Et
1196 1953 1364 2014 circa
1408 1952 1526 2014 hoc
1575 1951 1767 2014 refert
1807 1971 1909 2013 va-

407 2051 533 2112 rias
573 2051 846 2114 aliorum
889 2052 1332 2132 responsiones
1371 2071 1513 2132 quae
1552 2071 1630 2113 ex
1671 2051 1909 2114 Thoma

405 2155 470 2210 et
516 2148 957 2210 Bonaventura
1003 2155 1152 2209 sunt
1203 2147 1513 2228 recitatae3
1563 2167 1636 2210 ac
1686 2155 1908 2210 contra

407 2246 780 2328 opinionem
830 2246 1202 2318 dicentium,
1245 2246 1413 2328 quod
1465 2264 1589 2308 non
1634 2246 1768 2309 sola
1806 2265 1908 2308 vo-

413 2346 622 2407 luntas
662 2345 795 2418 Dei,
829 2344 937 2407 sed
978 2352 1040 2406 et
1079 2346 1238 2408 ratio
1276 2345 1488 2426 aliqua
1527 2345 1609 2407 sit
1647 2345 1712 2407 in
1755 2346 1903 2418 Deo,

355 2462 608 2527 „quare
659 2444 869 2526 potius
928 2444 1396 2525 praedestinavit
1457 2445 1669 2526 ipsum
1716 2444 1906 2506 Jacob

411 2561 604 2623 quam
637 2543 949 2612 Esau,seu
981 2542 1174 2603 istum
1205 2561 1904 2624 quemcumque,quam

411 2641 595 2702 illum
638 2640 976 2722 signatum,
1009 2641 1217 2720 arguit
1251 2659 1266 2702 ε
1304 2641 1480 2703 Tunc
1510 2641 1681 2702 enim
1724 2640 1908 2703 ratio-

408 2739 690 2802 nabilius
727 2739 954 2801 fuisset
989 2738 1434 2821 praedestinare
1477 2738 1686 2820 ipsum
1716 2739 1905 2801 Jacob

407 2858 600 2921 quam
649 2839 852 2916 Esau3
893 2838 1004 2900 sed
1055 2837 1512 2900 inconveniens
1561 2844 1656 2899 est
1706 2839 1903 2900 Deum

404 2938 616 3000 facere
662 2936 906 2999 factum
960 2937 1170 2998 minus
1220 2935 1617 3011 rationabile,
1669 2936 1906 2998 omisso

2016 1950 2297 2031 aliquem
2340 1951 2632 2013 ordinare
2661 1953 2738 2013 ad
2780 1971 3032 2034 poeuam
3065 1952 3509 2026 damnationiS,

2017 2047 2141 2110 nisi
2181 2056 2442 2130 propter
2480 2049 2619 2130 ejus
2656 2049 2983 2112 demerita.
3017 2050 3147 2112 Hoc
3192 2069 3340 2132 ergo
3384 2069 3511 2115 non

2017 2147 2318 2208 convenit
2366 2148 2494 2210 Deo
2531 2147 2721 2228 justo.
2756 2183 2838 2193 -
2865 2148 2937 2210 In
2980 2149 3369 2211 contrarium
3414 2158 3512 2212 est

2017 2245 2175 2307 illud
2220 2246 2505 2328 Apostoli
2541 2246 2792 2318 :Quum
2844 2247 3127 2309 nondum
3174 2248 3304 2310 nati
3354 2247 3511 2311 fuis-

2017 2353 2158 2406 sent
2206 2353 2315 2407 aut
2356 2345 2598 2426 aliquid
2648 2345 2925 2425 egissent
2975 2345 3125 2408 boni
3174 2354 3284 2408 aut
3332 2347 3505 2421 mali,

2019 2461 2142 2505 non
2191 2462 2269 2506 ex
2318 2443 2642 2525 operibus,
2677 2445 2787 2506 sed
2830 2463 2905 2507 ex
2942 2452 3229 2519 vocante,
3265 2445 3509 2509 dictum

2016 2550 2131 2612 est,
2177 2549 2296 2603 etc.

2096 2641 2652 2723 Respondendum,
2686 2643 2854 2724 quod
2895 2643 3205 2706 demerita
3232 2643 3513 2706 hominis

2017 2757 2142 2800 non
2175 2747 2319 2800 sunt
2350 2739 2506 2800 ratio
2532 2759 2661 2802 suae
2692 2739 3144 2822 reprobationis
3174 2742 3299 2804 nisi
3328 2761 3518 2826 quan·

2017 2844 2154 2898 tum
2199 2837 2275 2898 ad
2321 2845 2753 2911 connotatum,
2788 2839 2957 2920 quod
3002 2848 3098 2901 est
3146 2839 3515 2922 temporalis

2018 2935 2353 2997 obduratio
2396 2944 2459 2997 et
2508 2934 2723 2998 futura
2770 2936 3111 3000 damnatio.
3148 2937 3516 3001 Obduratio-

405 3036 572 3100 facto
615 3036 816 3117 magis
867 3034 1226 3097 rationabili
1267 3053 1280 3097 ε
1315 3053 1465 3115 ergo
1511 3034 1904 3117 impossibile
1943 3031 1987 3094 C
2020 3033 2117 3094 nis
2148 3033 2319 3094 enim
2353 3042 2501 3094 sunt
2533 3052 2721 3095 causa
2749 3032 3048 3096 effectiva
3077 3044 3139 3097 et
3169 3035 3509 3099 meritoria.

403 3138 525 3199 fuit
575 3137 746 3219 quod
796 3137 962 3198 Deus
1021 3134 1530 3217 praedestinasset
1579 3142 1641 3196 et
1692 3134 1902 3216 ipsum

405 3236 590 3309 Esau,
625 3242 686 3297 et
731 3234 1130 3316 reprobasset
1179 3233 1390 3313 ipsum
1432 3232 1642 3295 Jacob.
1679 3233 1902 3295 Neces-

402 3335 642 3397 sarium
691 3351 840 3415 ergo
889 3332 1014 3394 fuit
1059 3332 1258 3394 Deum
1309 3331 1758 3414 praedestinare
1805 3332 1901 3393 Ja-

403 3433 625 3507 cob,et
657 3450 784 3495 non
811 3430 1262 3514 praedestinare
1293 3431 1475 3491 Esau.
1494 3430 1599 3492 Ait
1630 3449 1903 3511 namque

400 3531 738 3596 Auselmus
787 3529 994 3612 primo
1044 3528 1208 3590 libro
1255 3528 1380 3591 Cur
1427 3528 1592 3589 Deus
1641 3528 1831 3590 homo
1884 3545 1899 3590 ε

399 3631 578 3693 Sicut
621 3628 688 3690 in
737 3628 865 3689 Deo
915 3625 1244 3708 quodlibet
1293 3645 1560 3707 parvum
1612 3626 1905 3688 inconve-

399 3730 584 3791 niens
627 3726 916 3808 sequitur
959 3724 1462 3807 impossibilitaS‚
1507 3725 1594 3787 ita
1634 3724 1903 3806 quamli-

398 3828 506 3891 bet
551 3844 812 3909 parvam
858 3824 1169 3886 rationem
1217 3823 1270 3886 si
1321 3822 1547 3903 majori
1594 3842 1722 3885 non
1765 3824 1902 3885 vin-

399 3927 585 3998 citur,
654 3922 1116 3986 concomitatur
1177 3922 1538 3983 necessitas.
1601 3958 1682 3967 ——
1743 3922 1902 3984 Hinc

397 4023 750 4087 Richardus
782 4021 1032 4083 videtur
1066 4020 1364 4102 positioni
1398 4020 1652 4083 Thomae
1691 4021 1901 4103 potius

400 4120 782 4193 consentire,
827 4119 1120 4201 quamvis
1167 4118 1446 4181 breviter
1495 4126 1706 4199 tangat
1754 4140 1902 4201 qua-

401 4221 546 4283 liter
586 4228 650 4281 et
691 4218 831 4281 aliae
871 4216 1206 4299 opiniones
1251 4225 1484 4297 queant
1527 4217 1802 4280 defendi.

479 4320 546 4382 Si
578 4324 791 4381 autem
839 4323 1056 4377 contra
1097 4315 1476 4397 positionem
1510 4316 1763 4378 Thomae
1794 4316 1900 4377 ob-

397 4417 684 4498 jiciatur,
737 4414 887 4497 quia
936 4414 1274 4476 Anselmus
1326 4413 1391 4475 in
1443 4413 1608 4476 libro
1657 4415 1735 4476 de
1784 4415 1896 4476 Ve-

401 4516 582 4579 ritate
625 4520 910 4585 testatur,
945 4512 1114 4592 quod
1155 4511 1362 4573 omnis
1402 4511 1694 4573 voluntas
1733 4514 1898 4575 sicut

397 4615 534 4677 vult
564 4610 832 4693 aliquid,
858 4611 946 4671 ita
974 4610 1113 4672 vult
1141 4617 1400 4691 propter
1429 4609 1671 4691 aliquid
1705 4628 1719 4671 ε
1749 4629 1897 4691 ergo

395 4714 611 4795 aliqua
659 4710 820 4771 ratio
871 4708 990 4771 fuit
1043 4708 1106 4769 in
1150 4708 1279 4770 Deo
1327 4707 1410 4769 ob
1458 4727 1650 4789 quam
1695 4710 1898 4771 voluit

399 4808 848 4893 praedestinare
898 4806 1110 4887 ipsum
1155 4804 1368 4875 Jacob,
1412 4822 1538 4866 non
1590 4806 1773 4867 Esau.
1819 4842 1898 4852 —-

397 4910 486 4972 Ad
533 4909 654 4969 hoc
704 4904 1052 4968 Richardus
1103 4903 1490 4984 respondet:
1527 4903 1680 4966 Dico
1728 4906 1897 4985 quod

399 5008 518 5069 hoc
547 5022 775 5069 verum
817 5010 912 5063 est
951 5001 1051 5063 vel
1093 5001 1158 5063 in
1189 5000 1490 5082 generali,
1525 5002 1625 5064 vel
1667 5002 1732 5064 in
1775 5002 1900 5064 sin-

401 5102 640 5186 gulari;
673 5109 736 5163 et
765 5100 911 5162 dico
940 5099 1107 5181 quod
1140 5100 1304 5161 Deus
1336 5099 1653 5162 ordinavit
1685 5100 1896 5183 ipsum

403 5201 593 5265 Jacob
623 5200 702 5263 ad
735 5198 1042 5261 effectum
1074 5196 1647 5279 praedestinationis
1677 5206 1741 5261 et
1773 5218 1898 5263 non

408 5300 594 5376 Esau,
646 5306 907 5380 propter
963 5293 1543 5358 manifestationem
1602 5316 1733 5360 suae
1787 5298 1900 5360 mi-

2019 3133 2270 3195 Futurae
2320 3151 2472 3196 vero
2520 3132 2943 3197 damnationis
2992 3144 3141 3197 sunt
3192 3136 3514 3198 meritoria

2018 3249 2226 3292 causa.
2262 3230 2811 3293 Praeordinationis
2852 3240 3063 3294 autem
3103 3234 3180 3295 ad
3212 3241 3512 3297 {eternam

2017 3328 2513 3403 damnationem,
2545 3330 2623 3391 ad
2674 3348 2867 3411 quam
2915 3332 3373 3411 praeordinatus
3416 3342 3513 3397 est

2016 3427 2349 3508 reprobus,
2401 3446 2528 3490 non
2588 3435 2737 3489 sunt
2795 3448 2985 3491 causa
3041 3428 3339 3493 effectiva
3395 3450 3512 3493 nec

2017 3525 2359 3588 meritoria.
2382 3526 2573 3589 —Ad
2603 3526 2929 3606 objectum
2961 3527 3512 3611 dicendum,quod

2017 3622 2327 3704 injustum
2361 3633 2456 3686 est
2494 3624 2775 3705 aliquem
2813 3626 3237 3707 praeordinare
3277 3627 3354 3688 ad
3386 3646 3515 3709 poe-

2016 3741 2187 3795 nam,
2223 3722 2309 3783 ita
2352 3729 2422 3782 ut
2469 3722 2608 3785 sine
2658 3722 2848 3805 culpa
2888 3723 3227 3785 damnetur
3266 3725 3364 3787 vel
3407 3726 3513 3789 de-

2014 3827 2275 3902 putetur
2316 3828 2423 3881 aut
2471 3820 2655 3882 detur
2697 3821 2774 3883 ad
2822 3820 3035 3900 illam;
3066 3824 3177 3885 sed
3219 3824 3513 3905 praeordi-

2014 3938 2164 3981 nare
2203 3918 2483 3999 aliquem
2526 3918 2603 3979 ad
2644 3937 2919 4000 poenam‚
2954 3918 3041 3980 ita
3084 3927 3153 3981 ut
3200 3920 3337 3982 sine
3377 3922 3510 3983 suis

2013 4017 2340 4080 demeritis
2400 4034 2527 4079 non
2575 4017 2932 4090 damnetur,
2982 4026 3045 4079 et
3099 4018 3239 4101 ipsa
3298 4026 3507 4081 tamen

2012 4117 2315 4179 demerita
2344 4133 2473 4179 non
2502 4115 2632 4178 sint
2661 4116 2820 4177 ratio
2851 4116 3398 4197 praeordinationis
3428 4120 3507 4181 ad

1931 4220 2291 4297 Dpoenam,
2352 4233 2479 4276 non
2537 4222 2631 4275 est
2692 4212 3021 4294 injustum.
3073 4250 3155 4261 —
3200 4216 3343 4279 Haec
3400 4216 3505 4279 Ri-

2012 4313 2305 4375 chardus.

2090 4511 2387 4573 Albertus
2418 4529 2671 4592 quoque
2704 4511 2810 4573 hic
2850 4512 3075 4574 scribit
3107 4530 3121 4575 ε
3154 4513 3505 4577 Dicendum

2011 4628 2158 4672 cum
2207 4609 2560 4689 Augustino
2602 4616 2666 4671 et
2712 4610 3027 4691 Magistro,
3062 4612 3230 4693 quod
3274 4615 3509 4694 praede-

2009 4708 2267 4771 stinatio
2296 4715 2359 4769 et
2399 4707 2759 4787 reprobatio
2796 4726 2921 4771 non
2963 4709 3199 4773 habent
3226 4710 3506 4792 aliquam

2011 4826 2267 4870 causam
2302 4823 2316 4867 :
2353 4806 2503 4887 quia
2546 4825 2663 4868 nec
2703 4805 3118 4882 efficientem,
3152 4826 3271 4870 nec
3314 4818 3506 4873 mate-

2011 4906 2254 4978 rialem,
2289 4923 2407 4966 nec
2457 4903 2811 4977 formalem,
2853 4923 3059 4986 neque
3110 4904 3389 4969 finalem.
3424 4944 3503 4954 —-

2009 5004 2459 5065 Verumtamen
2522 5001 2675 5063 finis
2732 5010 2828 5063 est
2885 5003 3142 5084 duplex,
3204 5004 3503 5068 videlicet

2007 5101 2162 5164 finis
2224 5099 2593 5164 intentionis
2651 5107 2715 5161 et
2776 5099 2928 5162 finis
2986 5101 3215 5182 operiS.
3281 5103 3498 5166 Finem

2013 5199 2383 5261 intentionis
2432 5198 2706 5281 appello,
2750 5198 2857 5279 qui
2909 5198 2990 5260 ab
3031 5198 3357 5263 efficiente
3405 5202 3501 5264 in-

2011 5298 2313 5371 tenditur,
2358 5305 2428 5359 ut
2471 5296 2796 5360 beatitudo
2834 5316 2871 5358 a
2914 5296 3076 5361 bene
3118 5306 3363 5380 agente.
3394 5302 3503 5379 ,Fi-

3575 2265 3705 2308 Rom.
3741 2278 3799 2316 ix,

3542 2332 3607 2379 ΙΙ,
3630 2330 3694 2372 12.
