4359 6250
1373 532 1549 578 11111111
1590 532 1611 578 1
1652 530 2133 578 sumum-unuin.
2178 551 2258 560 —
2299 532 2452 578 ms‘r.
2495 532 2612 578 nv
3420 506 3535 572 601

812 772 865 836 Ι.
917 776 1048 837 Ubi
1094 774 1436 837 voluntas
1485 776 1614 835 Dei
1652 787 1793 847 pro
1834 774 2204 847 praecepto
2253 773 2324 834 et
2369 774 2675 835 consilio
2725 771 3172 845 accipiatur.

570 987 705 1050 Pro
747 989 1075 1069 praecepto
1112 987 1235 1050 Dei
1274 988 1469 1067 atque
1515 987 1789 1050 consilio
1832 986 2049 1067 potest
2095 986 2302 1066 accipi
2352 986 2678 1064 voluntas,
2721 985 2796 1047 ut
2840 982 2932 1046 ibi
2981 1001 2996 1043 ε
3037 982 3185 1045 Fiat
3229 982 3536 1046 voluntas
3582 1003 3831 1055 Materia..

432 1106 553 1167 tua
590 1104 768 1167 sicut
803 1104 871 1166 in
901 1103 1064 1167 coelo
1104 1104 1169 1166 et
1198 1104 1263 1165 in
1304 1105 1507 1184 terra3
1540 1105 1605 1166 et
1640 1101 1797 1165 alibi
1832 1123 1846 1163 ι
1881 1102 2011 1176 0111
2049 1102 2206 1165 facit
2235 1102 2640 1165 voluntatem
2677 1100 2894 1163 Patris
2930 1098 3062 1162 mei
3101 1098 3216 1179 qui
3253 1098 3323 1160 in
3353 1098 3536 1161 coelis
3562 1070 3829 1179 {2}d‚„..‚50,

434 1221 562 1298 est,
597 1219 739 1301 ipse
784 1218 982 1283 frater
1018 1236 1207 1283 meus
1245 1221 1311 1282 et
1346 1236 1531 1282 soror
1568 1220 1633 1282 et
1670 1220 1878 1281 mater
1914 1220 2035 1281 est.
2068 1219 2151 1280 Et
2189 1218 2415 1281 contra
2449 1217 2616 1279 hanc
2655 1216 3060 1279 voluntatem
3098 1214 3308 1277 multa
3342 1214 3532 1278 fiunt.

434 1334 630 1399 Unde
662 1335 1075 1417 Augustinus
1112 1336 1181 1398 in
1220 1334 1387 1398 libro
1423 1334 1505 1399 de
1546 1335 1796 1418 Spiritu
1838 1335 1903 1397 et
1940 1334 2156 1397 littera
2190 1354 2204 1395 ε
2239 1333 2566 1412 InfideleS‚
2599 1333 2837 1413 inquit,
2869 1333 3094 1395 contra
3129 1330 3534 1395 voluntatem
3564 1350 3834 1409 Augdospi-

438 1451 567 1515 Dei
617 1452 889 1532 faciunt,
930 1469 1137 1533 quum
1187 1451 1331 1532 eJus
1376 1451 1734 1532 Evangelio
1782 1468 1912 1515 non
1961 1451 2254 1513 credunt.
3564 1418 3720 1522 ἓξὲξ
3742 1414 3828 1457 hu'

648 1684 731 1746 Κ.
781 1686 980 1752 Quod
1025 1688 1214 1747 Deus
1258 1700 1407 1747 non
1454 1684 1610 1746 vult
1656 1686 1747 1745 ab
1792 1684 2211 1746 hominibus
2251 1685 2418 1755 fieri
2464 1686 2717 1747 omnia
2765 1698 2924 1759 quoe
2961 1687 3330 1761 praecipit,

1434 1804 1549 1861 vec
1594 1814 1742 1861 non
1784 1800 1951 1869 fleri
1996 1814 2155 1874 quae
2193 1800 2554 1872 prohibet.

573 2006 715 2068 Etsi
755 2004 867 2067 illa
906 2004 1033 2068 tria
1068 2005 1369 2067 dicantur
1408 2004 1531 2067 Dei
1572 2002 1875 2065 voluntas
1915 2002 2061 2065 ideo
2104 2002 2262 2082 quia
2299 2002 2487 2083 signa
2522 2004 2678 2065 sunt
2713 2003 2956 2067 divinae
2995 2003 3375 2085 voluntatiS,
3409 2023 3539 2069 non

435 2123 537 2185 est
570 2124 789 2185 tamen
828 2119 1354 2201 intelligendum,
1382 2120 1597 2182 Deum
1631 2135 1826 2181 omne
1863 2117 2027 2180 illud
2064 2117 2206 2181 fieri
2237 2117 2402 2180 velle
2432 2118 2610 2198 quod
2640 2118 3031 2200 cuicumque
3070 2121 3404 2201 praecepit,
3438 2121 3539 2185 vel

434 2254 571 2301 11011
599 2237 741 2301 fieri
772 2236 952 2317 quod
988 2236 1347 2317 prohibuit.
1382 2234 1701 2316 Praecepit
1732 2235 1909 2297 enim
1940 2234 2222 2297 Abrahae
2251 2233 2594 2297 immolare
2624 2234 2860 2315 filium,
2894 2228 3014 2299 n'ec
3043 2236 3264 2299 tamen
3293 2236 3536 2318 voluit3
3570 2256 3829 2305 cemma.

436 2372 558 2418 nec
610 2354 757 2417 ideo
807 2353 1122 2434 praecepit
1170 2353 1243 2415 ut
1292 2352 1357 2414 id
1406 2352 1611 2431 fieret,
1659 2350 1773 2413 sed
1824 2350 1899 2413 ut
1946 2349 2228 2413 Abrahae
2275 2350 2659 2431 probaretur
2703 2351 2886 2415 fides.
2933 2352 3016 2413 Et
3065 2352 3135 2414 in
3177 2353 3535 2434 Evangelio

437 2469 757 2552 praecepit
782 2470 1012 2533 sanato
1049 2486 1133 2532 ne
1163 2469 1271 2531 cui
1306 2468 1584 2548 diceret3
1627 2466 1737 2530 ille
1766 2468 1986 2529 autem
2024 2467 2407 2549 praedicavit
2444 2466 2712 2548 ubique,
2743 2466 3116 2549 intelligens
3151 2469 3366 2532 Deum
3403 2487 3536 2533 non
3617 2490 3769 2534 Mare.
3797 2504 3828 2542 ι,

436 2584 586 2649 1ᾱο0
635 2584 1055 2667 prohibuisse
1106 2584 1268 2665 quin
1313 2583 1725 2663 vellet-opus
1770 2601 1966 2646 suum
2018 2582 2382 2664 praedicari,
2433 2582 2546 2645 sed
2594 2584 2670 2646 ut
2718 2582 2901 2646 daret
2947 2583 3230 2647 formam
3280 2584 3536 2647 homini
3563 2555 3720 2604 ⁴⁴’⁴⁵‘

433 2701 701 2765 laudem
750 2702 1107 2766 humanam
1155 2700 1546 2765 declinandi.

717 2936 794 2998 L.
846 2939 947 2999 De
984 2938 1479 3010 permissione
1524 2935 1597 2997 et
1642 2934 2100 3009 operatione,
2141 2935 2270 2995 ubi
2314 2934 2663 2997 dicantur
2710 2935 2842 2994 Dei
2886 2933 3253 2996 voluntas.

566 3140 928 3206 Permissio
982 3157 1245 3220 quoque
1300 3138 1423 3201 Dei
1482 3139 1547 3202 et
1600 3137 1915 3219 operatio,
1964 3137 2268 3200 voluntas
2315 3138 2438 3201 Dei
2491 3139 2926 3220 appellantur,
2977 3138 3260 3220 qualiter
3303 3140 3540 3221 accipit

430 3257 851 3336 Augustinus
896 3256 963 3318 in
1010 3254 1417 3333 EnchiridiO,
1457 3254 1682 3317 dicens
1725 3273 1741 3313 :
1782 3253 1930 3316 Non
1978 3253 2053 3315 fit
2096 3253 2347 3334 aliquid
2392 3255 2522 3317 nisi
2561 3256 2996 3336 Omnipotens
3041 3257 3181 3320 fieri
3220 3257 3401 3337 velit,
3434 3257 3540 3321 vel
3567 3277 3834 3336 AugAEnehi·

430 3373 712 3438 sinendo
760 3373 833 3434 ut
874 3373 1009 3450 fiat,
1051 3371 1155 3434 vel
1204 3371 1345 3452 ipse
1394 3369 1715 3434 faciendo.
1756 3370 1892 3432 Nec
1932 3367 2370 3432 dubitandum
2419 3373 2541 3450 est,
2586 3371 2804 3434 Deum
2853 3372 3062 3435 facere
3110 3372 3296 3453 bene,
3337 3375 3538 3438 etiam
3566 3343 3829 3449 ’,ἱξξᾱῗὲἷῇ

432 3490 713 3553 sinendo
752 3488 891 3552 fieri
930 3503 1365 3568 quaecumque
1402 3486 1570 3548 fiunt
1609 3485 1779 3548 male
1814 3504 1828 3544 :
1863 3502 1993 3546 non
2034 3486 2210 3548 enim
2250 3486 2390 3548 haec
2433 3487 2560 3549 nisi
2591 3485 2775 3567 justo
2807 3487 3060 3566 jndicio
3098 3489 3222 3550 Dei
3259 3489 3439 3568 sinit,
3474 3491 3539 3552 et

434 3605 732 3687 profecto
785 3604 1034 3667 bonum
1082 3603 1182 3666 est
1229 3619 1423 3665 omne
1472 3601 1649 3683 quod
1693 3600 1951 3680 justum
1998 3602 2117 3664 est.
2153 3637 2240 3646 —
2277 3603 2442 3665 Ecce
2491 3603 2595 3664 hic
2641 3602 2988 3665 manifeste
3038 3603 3380 3684 habemuS,
3413 3604 3535 3667 Dei

431 3721 843 3784 voluntatem
891 3719 1207 3801 appellari
1258 3717 1470 3800 ipsius
1516 3716 1961 3798 operationem
2009 3717 2113 3780 vel
2162 3717 2690 3799 permissionem,
2731 3736 2937 3799 quum
2988 3719 3170 3798 dicit,
3215 3737 3349 3783 non
3395 3721 3535 3784 fieri
3627 3719 3633 3728 '

426 3836 685 3917 aliquid
722 3836 850 3899 nisi
899 3835 1334 3916 Omnipotens
1382 3833 1521 3896 fieri
1561 3832 1721 3895 velit
1754 3851 1768 3892 :
1802 3831 1916 3894 ubi
1953 3833 2233 3896 includit
2273 3833 2338 3896 et
2373 3833 2544 3896 bona
2580 3835 2646 3897 et
2681 3834 2854 3897 mala
2893 3835 3115 3898 omnia
3157 3853 3304 3918 quae
3343 3837 3530 3900 fiunt.

428 3954 725 4034 Ideoque
772 3953 993 4033 aperte
1040 3950 1411 4030 distinguit,
1453 3949 1787 4032 quomodo
1834 3951 2048 4012 Deum
2091 3950 2259 4013 velle
2296 3949 2557 4031 dixerit,
2598 3968 2680 4013 ne
2729 3950 2958 4014 eadem
2999 3953 3250 4016 ratione
3295 3952 3535 4016 intelli-

426 4073 696 4153 geretur
734 4068 901 4132 velle
939 4068 1111 4131 bona
1139 4070 1204 4132 et
1240 4067 1436 4146 mala,
1469 4066 1757 4130 subdens
1792 4087 1805 4127 :
1848 4087 1875 4128 (ι
1912 4066 2016 4130 vel
2052 4067 2327 4130 sinendo
2367 4067 2440 4130 ut
2475 4067 2590 4131 fiat
2621 4087 2678 4148 »,
2719 4068 2845 4132 hoc
2884 4071 3203 4150 quantum
3243 4070 3323 4132 ad
3362 4071 3536 4134 mala

426 4188 629 4268 dicit;
677 4205 707 4248 ‹
744 4184 849 4248 vel
897 4185 1038 4265 ipse
1086 4183 1383 4246 faciendo
1419 4203 1477 4260 1,
1511 4185 1638 4247 hoc
1676 4183 1994 4264 quantum
2032 4183 2114 4246 ad
2161 4182 2357 4246 bona.
2389 4182 2561 4246 Mala
2605 4185 2781 4248 enim
2829 4184 2990 4248 sinit
3033 4186 3198 4267 fieri,
3240 4188 3356 4251 sed
3402 4204 3537 4250 non

428 4304 627 4383 facit;
676 4302 849 4366 bona
886 4319 1041 4364 vero
1087 4301 1230 4381 ipse
1278 4299 1455 4362 facit.
1490 4300 1775 4380 Ideoque
1821 4300 1989 4362 dixit
2027 4317 2178 4364 eum
2227 4300 2416 4380 velle,
2458 4300 2614 4380 quia
2660 4303 2725 4364 et
2760 4301 2991 4365 volens
3035 4302 3209 4366 mala
3253 4303 3434 4384 sinit,
3473 4305 3538 4367 et

430 4419 665 4483 volens
711 4417 884 4480 bona
935 4417 1242 4497 operatur
1294 4436 1331 4477 ε.
1362 4418 1428 4480 01
1477 4416 1561 4478 ob
1613 4417 1760 4492 hoc,
1811 4417 2161 4497 permissio
2213 4419 2278 4482 et
2334 4418 2626 4499 operatio
2673 4417 2982 4482 voluntas
3027 4420 3150 4484 Dei
3200 4420 3530 4485 dicuntur.

478 4653 570 4716 M.
614 4656 936 4728 Quinque
963 4665 1197 4724 supra
1226 4652 1397 4714 sunt
1417 4651 1832 4725 proposita,
1862 4667 2022 4727 quoe
2050 4652 2402 4714 dicuntur
2427 4656 2826 4715 secunaum
2854 4653 3152 4726 tropum
3163 4675 3192 4729 ,·
3221 4655 3292 4715 εἰ
3320 4658 3478 4717 ideo

771 4769 1178 4844 distinquat
1208 4767 1439 4829 lector
1468 4769 1731 4843 ubique
1754 4781 1895 4841 pro
1926 4782 2065 4843 quo
2093 4782 2356 4829 eorum
2385 4769 2807 4841 accipiatur
2832 4770 3196 4831 voluntas.

563 4974 873 5054 Quinque
911 4988 1065 5053 ergo
1103 4989 1303 5052 supra
1338 4971 1555 5053 posita
1590 4973 1768 5052 sunt,
1802 4989 1951 5052 quae
1987 4971 2298 5035 dicuntur
2333 4971 2695 5034 secundum
2732 4973 2998 5054 tropum
3041 4972 3164 5036 Dei
3201 4973 3530 5056 voluntas,

425 5093 587 5174 quia
633 5091 824 5170 signa
870 5088 1027 5152 sunt
1071 5087 1314 5152 divinae
1352 5087 1735 5167 voluntatis,
1776 5105 1923 5168 quae
1962 5105 2094 5150 una
2132 5089 2232 5151 est
2268 5089 2333 5152 et
2373 5087 2830 5168 immutabilis,
2872 5088 3123 5152 scilicet
3166 5091 3289 5154 Dei
3337 5091 3536 5156 bene-

428 5207 775 5291 placitum.
838 5204 1125 5285 Ideoque
1189 5203 1536 5284 diligenter
1591 5204 1953 5286 distinguat
2015 5205 2241 5285 lector,
2301 5205 2414 5268 ubi
2482 5205 2562 5268 de
2618 5205 2954 5269 voluntate
3009 5206 3133 5270 Dei
3198 5207 3535 5291 Scriptura

433 5322 933 5402 commemorat,
945 5320 1139 5401 juxta
1165 5337 1365 5403 quem
1395 5320 1667 5384 modum
1695 5321 1901 5402 accipi
1930 5321 2249 5404 oporteat,
2268 5322 2494 5385 utrum
2521 5321 2773 5386 scilicet
2797 5339 2916 5404 pro
2945 5321 3352 5406 beneplacito
3380 5325 3529 5408 Dei,
