4359 6250
142 3649 206 3693 1³⁸.
225 3665 261 3702 c,
282 3657 321 3702 3,
342 3657 384 3696 4.

586 511 883 569 amurca
925 513 997 557 m·
1039 514 1105 559 m
1144 514 1358 569 ociars
1404 513 1607 561 rossrr
1642 514 1954 560 votum-As
1996 515 2256 561 armna
2301 516 2528 561 mvnuz
2570 516 2904 563 νοιυΝτΑτι
2947 512 3336 563 contonam
3393 492 3510 557 651

417 702 617 763 quum
664 702 781 745 nec
824 702 1053 764 genere
1098 705 1215 748 nec
1259 685 1471 769 specie
1510 685 1907 747 conveniant.
1943 685 1994 746 A
2025 687 2424 749 cumstantiis
2463 687 2626 749 aliis.
2660 688 2894 751 Verum
2933 690 3354 771 quorumdam
3395 687 3518 751 fuit

414 815 497 825 —
538 780 771 854 Tertio,
824 801 935 863 per
982 784 1205 846 Isaiam
1256 784 1563 845 Dominus
1612 790 1915 846 contesta-

416 886 521 939 tur
570 896 585 941 :
638 880 817 941 Sicut
873 881 1231 943 exaltantur
1288 882 1431 945 coeli
1491 902 1527 943 a
1582 889 1769 953 terra,
1820 882 1911 944 sic

416 976 703 1041 exaltatae
734 986 881 1040 sunt
913 980 1031 1042 viae
1072 999 1227 1043 meae
1256 1000 1294 1042 a
1332 979 1820 1061 cogitationibus
1849 988 1907 1043 et

414 1075 539 1136 viis
578 1077 827 1138 vestriS.
862 1078 977 1140 Per
1015 1098 1157 1159 quae
1196 1078 1389 1140 verba
1428 1078 1591 1140 Deus
1632 1078 1911 1141 insinuat

416 1192 541 1235 non
573 1193 714 1237 esse
754 1176 1273 1241 assimilationem
1313 1179 1477 1240 inter
1507 1197 1573 1239 se
1612 1186 1673 1239 et
1710 1178 1911 1240 homi-

414 1292 527 1334 nes
567 1273 633 1335 in
674 1275 1186 1355 cogitationibus,
1220 1285 1281 1339 et
1330 1278 1464 1359 pari
1512 1276 1753 1339 ratione
1794 1296 1910 1337 nec

416 1370 481 1430 in
523 1370 996 1435 affectionibus
1028 1410 1110 1418 —
1137 1376 1204 1435 ln
1246 1374 1409 1437 libro
1447 1393 1699 1457 quoque
1740 1375 1911 1456 Sapi-

371 1515 383 1525 .
414 1468 601 1531 entiae
640 1469 912 1531 habetur
943 1488 957 1533 :
990 1471 1141 1544 Quis
1182 1472 1413 1553 poterit
1452 1473 1727 1553 cogitare
1756 1473 1909 1553 quid

414 1567 570 1628 velit
610 1567 822 1631 Deus?
852 1569 915 1631 Si
955 1588 1105 1651 ergo
1142 1571 1416 1651 cogitare
1462 1590 1589 1633 non
1626 1571 1909 1633 valemus

414 1666 569 1746 quid
602 1667 757 1729 velit
792 1669 978 1739 Deus,
1012 1688 1138 1731 non
1180 1670 1531 1751 poterimus
1569 1670 1625 1731 ei
1663 1668 1909 1732 confor-

416 1765 575 1825 mari
623 1765 687 1825 in
734 1766 1019 1829 volendo

2025 785 2265 866 opini0,
2298 787 2466 866 quod
2498 785 2703 849 solum
2739 788 2802 848 in
2845 789 3178 870 praeceptis
3209 796 3268 850 et
3307 786 3517 869 prohi-

2026 883 2176 945 bitis
2218 892 2548 947 teneamur
2573 886 2737 948 velle
2779 888 2947 967 quod
2988 887 3186 949 Deum
3219 886 3382 948 velle
3421 904 3520 949 co-

2023 982 2409 1061 gnoscimus
2461 984 2747 1046 Aliorum
2795 1002 2966 1057 vere,
3017 984 3310 1066 quamvis
3361 1004 3516 1066 pau-

2025 1098 2271 1154 corum,
2327 1081 2544 1163 opinio
2595 1081 2738 1157 fuit,
2790 1083 2960 1164 quod
3014 1089 3307 1145 tenemur
3353 1082 3516 1145 velle

2023 1179 2347 1241 voluntate
2389 1180 2648 1242 rationis
2688 1180 2999 1262 quidquid
3040 1180 3278 1243 scimus
3313 1181 3516 1242 Deum

2021 1277 2206 1348 velle,
2241 1277 2350 1339 sed
2401 1278 2644 1340 licitum
2693 1279 2773 1340 sit
2817 1280 3167 1341 secundum
3219 1278 3516 1359 concupi-

2020 1374 2312 1437 scibilem
2353 1376 2711 1439 desiderare
2743 1377 3126 1439 contrarium
3165 1377 3306 1457 ejus
3343 1377 3513 1457 quod

2020 1473 2259 1535 scimus
2290 1474 2489 1536 Deum
2521 1475 2702 1537 velle.
2727 1474 2820 1536 Ad
2853 1476 3022 1557 quod
3051 1474 3324 1555 allegant
3353 1474 3510 1536 illud

2019 1572 2327 1653 Apostoli,
2387 1573 2514 1634 Hoc
2574 1573 2785 1654 ipsum
2845 1573 3174 1635 confidens
3233 1573 3386 1647 scic,
3446 1580 3509 1635 et
3549 1588 3802 1645 Philipp...

2018 1670 2406 1751 permanebo
2450 1671 2750 1733 omnibus
2798 1672 3000 1733 vobiS.
3033 1672 3108 1733 Et
3151 1680 3361 1735 tamen
3406 1690 3510 1733 cu·
3539 1656 3681 1759 ²25³·
3713 1716 3780 1757 23.

2020 1767 2234 1849 piebat
2263 1768 2522 1830 dissolvi
2555 1776 2618 1829 et
2647 1788 2784 1831 esse
2815 1788 2962 1830 cum
2995 1769 3264 1842 Christ0‚
3296 1778 3360 1831 et
3391 1770 3510 1831 hoc

508 1864 575 1925 ln
609 1865 995 1927 eontrarium
1037 1874 1183 1927 sunt
1213 1886 1355 1947 quae
1383 1868 1685 1928 dicuntur
1714 1866 1775 1928 in
1809 1866 1907 1927 lit·
1944 1868 1991 1930 B
2022 1866 2137 1927 fuit
2172 1875 2390 1927 contra
2420 1866 2528 1927 Dei
2562 1866 2971 1929 voluntatem.
2994 1867 3112 1929 Sed
3147 1868 3266 1930 ista
3291 1868 3511 1949 opinio

416 1969 569 2033 tera,
604 1970 663 2023 et
693 1963 845 2044 quia
870 1963 1176 2044 jubemur
1206 1965 1596 2027 voluntatem
1630 1973 1909 2027 nostram

414 2060 650 2123 divinae
678 2061 995 2141 subjicere
1026 2062 1357 2137 voluntati,
1376 2082 1493 2125 nec
1525 2071 1743 2126 contra
1772 2083 1909 2125 eam

414 2178 553 2221 esse
598 2159 885 2222 rebelles

510 2359 691 2421 Circa
757 2359 889 2421 haec
953 2358 1177 2421 scribit
1245 2360 1779 2423 Antisiodorensis
1844 2361 1909 2423 in

415 2457 679 2517 Summa
719 2476 851 2529 sua,
895 2456 1061 2518 libro
1103 2457 1309 2538 primo
1344 2476 1357 2519 :
1392 2458 1634 2540 Duplex
1674 2468 1767 2520 est
1809 2476 1912 2520 vo·

420 2555 648 2627 luntaS‚
699 2555 993 2617 videlicet
1043 2555 1303 2618 rationis
1351 2565 1413 2618 et
1461 2556 1905 2619 sensualitatis.

416 2652 759 2735 Loquendo
808 2655 884 2716 de
935 2654 1259 2716 voluntate
1310 2654 1593 2727 rationiS,
1626 2674 1767 2735 quae
1816 2663 1912 2717 est

418 2751 863 2815 intellectualis
910 2752 1252 2834 appetitus,
1290 2760 1353 2814 ct
1406 2753 1659 2834 proprie
1708 2753 1909 2815 nomi-

417 2858 601 2911 natur
660 2851 973 2923 voluntaS,
1026 2858 1321 2913 tenemur
1378 2851 1539 2912 velle
1599 2850 1907 2932 quidquid

414 2947 655 3011 scimus
705 2948 903 3010 Deum
952 2948 1241 3011 absolute
1288 2957 1479 3030 atque
1532 2948 1912 3030 simpliciter

2020 1972 2184 2026 stare
2217 1984 2340 2026 non
2373 1965 2554 2026 valet.
2586 1965 3128 2038 Quemadmodum
3161 1966 3332 2027 enim
3365 1973 3514 2027 sunt

2018 2064 2308 2143 qua-dam
2340 2062 2606 2125 virtutes
2647 2064 2714 2125 in
2745 2064 3058 2137 rationali,
3089 2065 3182 2126 sic
3222 2065 3510 2145 quaedam

2019 2170 2167 2223 sunt
2209 2162 2274 2223 in
2316 2162 2826 2243 concupiscibili,
2859 2170 2918 2224 et
2961 2164 3248 2243 quaedam
3293 2163 3357 2224 in
3399 2163 3515 2224 ira-

2018 2259 2250 2321 scibili.
2287 2261 2352 2321 ln
2387 2259 2686 2321 omnibus
2726 2267 2938 2323 autem
2970 2260 3316 2322 virtutibus
3345 2268 3514 2321 tene-

2021 2377 2165 2419 mur
2211 2358 2338 2419 Deo
2383 2358 2722 2420 assimilari
2761 2377 2774 2420 ε
2815 2376 2963 2441 ergo
3011 2376 3137 2419 non
3189 2358 3394 2420 solum
3447 2358 3512 2420 in

2020 2456 2111 2517 eis
2141 2475 2282 2537 quae
2325 2456 2642 2537 pertinent
2677 2457 2752 2518 ad
2794 2456 3188 2531 rationalem,
3221 2464 3514 2517 tenemur

2021 2554 2184 2615 velle
2238 2554 2406 2635 quod
2467 2554 2704 2616 scimus
2763 2554 2961 2617 Deum
3011 2554 3194 2617 velle.
3245 2590 3324 2599 ——-
3371 2554 3513 2617 Haec

2018 2652 2573 2715 Antisiodorensis.
2598 2653 2793 2733 Cujus
2826 2652 3153 2734 responsio
3185 2670 3310 2714 non
3342 2652 3513 2715 vide-

2022 2758 2123 2811 tur
2154 2750 2428 2812 resoluta
2467 2768 2480 2811 :
2521 2750 2649 2812 imo
2677 2759 2741 2812 ct
2769 2750 2892 2812 sibi
2930 2750 3052 2832 ipsi
3083 2760 3344 2832 apparet
3376 2770 3514 2832 par-

2022 2847 2137 2908 tim
2177 2867 2315 2911 esse
2357 2848 2686 2910 contraria.
2721 2848 2984 2930 Nempe,
3024 2856 3091 2909 ut
3136 2848 3360 2929 patuit,
3393 2848 3516 2910 dis-

2022 2945 2370 3026 tinguendo
2408 2946 2731 3028 duplicem
2769 2947 3184 3016 voluntatem,
3218 2945 3305 3007 ait
3347 2948 3515 3027 quod

416 3048 617 3126 velle3
648 3065 775 3109 non
822 3054 1058 3118 autem,
1100 3047 1415 3129 loquendo
1460 3048 1537 3109 de
1588 3048 1909 3110 voluntate
1944 3048 1985 3111 C
2023 3044 2340 3127 loquendo
2389 3045 2464 3106 de
2514 3044 2838 3107 voluntate
2887 3044 3336 3119 sensualitatiS,
3375 3062 3515 3127 pos-

415 3146 715 3219 secunda,
746 3166 888 3228 quae
936 3154 1031 3209 est
1080 3147 1400 3227 appetitus
1450 3147 1792 3208 sensitivus
1838 3164 1911 3207 ac

414 3245 740 3318 naturaliS,
774 3245 925 3326 quia
964 3263 1081 3306 nec
1112 3245 1397 3307 Christus
1437 3244 1555 3306 hac
1591 3243 1911 3306 voluntate

414 3344 613 3406 voluit
645 3342 958 3424 quidquid
990 3343 1186 3405 Pater.
1222 3342 1454 3424 Sicque
1489 3343 1823 3405 solvuntur
1851 3350 1911 3404 et

417 3442 881 3504 concordantur
928 3439 1335 3503 auctoritates
1384 3460 1525 3522 quae
1584 3441 1911 3504 contrariae

416 3539 535 3602 sibi
598 3540 913 3602 videntur.
979 3539 1309 3621 Siquidem
1373 3558 1566 3621 super
1625 3539 1783 3601 illud
1846 3539 1909 3601 in

413 3638 683 3710 Psalmo,
736 3638 872 3700 Non
926 3638 1189 3701 adhoesit
1243 3637 1401 3698 mihi
1460 3656 1569 3700 cor
1616 3657 1906 3720 pravum,

416 3736 697 3818 loquitur
726 3736 945 3800 Glossa
978 3753 993 3798 t
1025 3736 1293 3799 Pravum
1335 3743 1398 3798 et
1427 3737 1761 3799 distortum
1804 3754 1912 3798 cor

413 3835 670 3907 dicitur,
732 3835 903 3917 quod
960 3853 1087 3897 non
1148 3835 1285 3896 vult
1342 3835 1511 3916 quod
1568 3835 1789 3913 Deus3
1848 3842 1911 3896 et

414 3934 589 4008 item,
626 3933 929 3997 Voluntas
978 3933 1088 3995 Dei
1142 3943 1237 3995 est
1281 3933 1474 4013 justa,
1514 3933 1616 3995 cui
1668 3933 1912 3995 confor-

414 4033 570 4094 mari
616 4031 925 4094 debemus
969 4039 1037 4092 ut
1082 4031 1239 4111 justi
1288 4032 1507 4093 simus.
1540 4031 1751 4094 Nihilo
1798 4031 1912 4093 mi-

412 4149 531 4192 nus
565 4129 629 4192 in
662 4129 1032 4192 Euchiridio
1060 4128 1283 4191 asserit
1314 4129 1723 4210 Augustinus,
1743 4129 1909 4210 quod

2020 3163 2244 3205 sumus
2297 3144 2464 3206 licite
2508 3145 2671 3206 velle
2721 3144 3107 3206 contrarium
3156 3143 3297 3224 ejus
3347 3144 3516 3225 quod

2020 3242 2260 3304 scimus
2294 3242 2490 3304 Deum
2525 3243 2722 3320 velle3
2755 3250 2817 3304 et
2849 3261 3018 3304 nuuc
3061 3242 3355 3324 reprobat
3382 3242 3516 3323 opi-

2020 3341 2278 3402 nionem
2329 3341 2740 3404 sentientium
2791 3341 2894 3403 ita.
2941 3342 3062 3403 Sed
3109 3341 3373 3404 forsitan
3425 3341 3516 3401 in-

2020 3439 2225 3501 tendit
2265 3440 2384 3502 hoc
2425 3440 2668 3501 solvere
2704 3459 2817 3521 per
2850 3438 3322 3501 distinctionem
3365 3458 3517 3520 prae-

2021 3545 2252 3599 tactam
2294 3537 2369 3598 de
2406 3537 2727 3598 voluntate
2763 3555 2776 3598 :
2811 3538 2979 3617 quod
3021 3536 3074 3599 si
3117 3536 3257 3599 fieri
3300 3546 3511 3618 queat,

2021 3633 2186 3696 infra
2230 3633 2487 3715 patebit.

2084 3832 2274 3896 Porro
2295 3831 2648 3894 Alexander
2678 3831 2846 3894 circa
2876 3832 3008 3894 haec
3042 3831 3240 3893 multa
3270 3830 3510 3913 quaerit.

2019 3930 2250 4002 Prim0‚
2302 3949 2380 3991 an
2432 3929 2756 4011 possibilis
2805 3929 2884 3991 sit
2937 3928 3354 3992 conformatio
3401 3947 3514 3990 seu

2021 4029 2430 4091 conformitas
2462 4027 2806 4090 voluntatis
2847 4029 3140 4090 humanae
3171 4047 3318 4089 cum
3357 4027 3515 4089 divi·

2020 4147 2119 4189 na.
2175 4127 2487 4199 Secund0‚
2540 4126 2694 4207 quid
2743 4126 2826 4188 sit
2879 4125 3295 4188 conformatio
3345 4125 3508 4187 talis.

413 4229 603 4291 homo
656 4227 829 4290 licite
872 4235 1078 4309 potest
1126 4228 1287 4290 velle
1334 4228 1717 4290 contrarium
1768 4227 1907 4308 ejus
1939 4224 1989 4287 D
2020 4225 2251 4298 Terti0,
2284 4245 2362 4286 an
2419 4232 2744 4286 teneamur
2791 4224 3181 4286 voluntatem
3233 4231 3512 4286 nostram

413 4328 582 4410 quod
638 4327 759 4389 scit·
813 4327 1013 4388 Deum
1064 4326 1248 4398 velle,
1303 4334 1371 4387 ut
1423 4334 1664 4409 patrem
1719 4347 1906 4389 suum

414 4444 539 4488 non
588 4425 771 4499 mori,
814 4443 1007 4506 quem
1055 4424 1218 4486 Deus
1266 4425 1401 4485 vult
1448 4425 1627 4486 mori.
1674 4425 1907 4487 Simili-

414 4533 527 4597 ter,
562 4523 796 4606 aliquis
828 4522 1051 4584 illicite
1090 4530 1281 4603 atque
1316 4523 1551 4602 injuste
1584 4523 1717 4584 vult
1752 4523 1907 4586 illud

411 4623 581 4704 quod
631 4621 816 4682 Deus.
866 4619 1081 4682 Nihilo
1141 4619 1351 4681 minus
1410 4638 1627 4682 rursus
1684 4621 1909 4682 asserit

411 4719 801 4802 Augustinus
843 4735 857 4779 ε
901 4717 1086 4799 lmpii
1139 4726 1287 4780 sunt
1335 4718 1570 4800 quibus
1612 4718 1906 4801 displicet

413 4817 809 4900 providentia
856 4816 989 4878 Dei.
1024 4852 1104 4861 —
1133 4815 1482 4878 Dicendum
1532 4835 1703 4897 ergo,
1737 4818 1905 4898 quod

413 4918 475 4979 in
526 4916 827 4980 omnibus
882 4923 1175 4978 tenemur
1222 4915 1385 4976 velle
1440 4915 1607 4997 quod
1666 4916 1907 4978 scimus

414 5017 609 5078 Deum
638 5014 820 5076 velle.
838 5013 1073 5076 Tamen
1105 5013 1393 5075 voluntas
1423 5021 1629 5076 nostra
1659 5032 1783 5076 non
1814 5022 1909 5076 est

409 5133 486 5175 ex
518 5114 639 5175 hoc
670 5112 876 5174 solum
918 5111 1105 5184 bona,
1140 5111 1309 5192 quod
1350 5119 1447 5174 est
1474 5112 1785 5173 voluntati
1816 5112 1906 5173 di-

408 5212 575 5273 vinae
605 5208 952 5272 conformis
984 5208 1049 5270 in
1082 5209 1298 5283 volito,
1320 5210 1429 5271 sed
1459 5217 1707 5290 oportet
1736 5211 1904 5291 quod

410 5308 491 5372 sit
522 5308 614 5370 illi
658 5305 1006 5370 conformis
1048 5307 1113 5370 in
1153 5307 1284 5369 fine
1315 5307 1656 5370 voluntatis
1695 5315 1758 5369 et
1788 5307 1905 5370 cir-

2019 4324 2330 4387 voluntati
2383 4323 2778 4385 conformare
2826 4323 3077 4385 divinae.
3128 4322 3380 4396 Quarto,
3431 4341 3512 4384 an

2020 4433 2351 4486 teneamur
2395 4421 2558 4484 velle
2619 4422 2789 4503 quod
2838 4422 3004 4484 Deus
3054 4421 3208 4483 vult.
3258 4421 3509 4495 Quinte,

2018 4523 2348 4605 supposito
2403 4522 2574 4604 quod
2633 4541 2782 4596 non,
2833 4540 2912 4582 an
2973 4529 3302 4583 teneamur
3350 4520 3512 4582 velle

2018 4623 2186 4703 quod
2219 4621 2460 4683 scimus
2498 4621 2697 4682 Deum
2729 4618 2911 4682 velle.
2947 4619 3067 4681 Sed
3097 4626 3159 4680 et
3187 4618 3310 4681 alia
3347 4638 3513 4700 quae-

2017 4720 2161 4782 dam
2214 4719 2516 4801 inquirit3
2557 4725 2618 4780 et
2668 4718 2852 4799 plura
2895 4717 3120 4798 quaerit
3161 4717 3512 4780 Antisiodo-

2018 4818 2220 4880 rensis
2255 4834 2268 4877 :
2304 4836 2446 4897 quae
2488 4823 2844 4896 tangentur.

2097 4917 2312 4995 Itaque
2351 4914 2426 4975 ad
2474 4913 2751 4994 primum
2792 4913 3182 4994 respondens
3217 4929 3230 4973 ε
3266 4912 3510 4974 Distan-

2016 5013 2124 5085 tia,
2160 5011 2390 5092 inquit,
2424 5019 2520 5072 est
2549 5010 2806 5091 duplex,
2832 5010 3128 5072 videlicet
3155 5011 3508 5072 essentialis

2015 5118 2076 5172 et
2126 5107 2636 5192 proportionalis.
2673 5107 2981 5169 Distantia
3022 5107 3378 5170 essentialis
3420 5109 3512 5170 in-

2018 5215 2111 5270 ter
2154 5208 2548 5270 voluntatem
2589 5205 2870 5267 divinam
2915 5213 2976 5267 et
3021 5205 3364 5267 humanam
3415 5215 3511 5269 est

2019 5306 2293 5379 infinita,
2327 5324 2526 5388 quum
2547 5304 2858 5367 woluntas
2889 5303 2998 5366 Dei
3040 5303 3120 5367 sit
3150 5322 3266 5366 sua
3296 5323 3508 5367 essen-
