4359 6250
832 536 1052 594 QuAEsr.
1100 539 1169 584 ιιι
1212 538 1227 582 :
1272 539 1358 584 AN
1400 538 1554 585 nnus
1595 539 1759 585 AGAT
1801 539 1879 585 na·
1920 537 2325 584 Nacnssrrna
2366 537 2626 585 mrum:
2666 537 2787 584 Am·
2826 537 3105 584 sus-mm
3392 513 3514 578 583

1940 708 1991 771 A
2022 716 2084 770 et
2126 709 2299 771 aliud
2342 708 2549 772 facere
2593 717 2807 792 posset
2848 727 2861 771 :
2903 706 3205 791 quoniam
3252 707 3513 769 modum

839 828 1311 904 QUAESTIO
1378 829 1502 892 111
2022 807 2263 869 ordinis
2303 826 2493 888 quem
2532 807 2701 869 circa
2737 807 2857 869 hoc
2891 807 3091 888 ponit,
3124 806 3317 868 etiam
3350 803 3519 866 circa

2019 905 2191 966 aliud
2248 922 2483 986 ponere
2543 912 2773 986 posset.
2824 905 2981 967 Nam
3039 904 3207 966 sicut
3256 901 3521 965 scientia

2021 1022 2136 1065 sua
2177 1011 2274 1066 est
2311 1023 2499 1066 causa
2542 1003 2751 1066 omnis
2793 1003 2927 1065 veri
2970 1003 3185 1078 creati,
3220 1001 3311 1064 sic
3346 1001 3519 1082 justa

553 1095 784 1178 Mplius
816 1096 1142 1177 quaeritur,
1175 1096 1303 1161 An
1338 1095 1550 1162 Deus
1585 1097 1775 1172 agat
1814 1095 1909 1161 de
2021 1120 2135 1162 sua
2164 1101 2454 1164 voluntas
2494 1110 2589 1164 est
2628 1121 2817 1164 causa
2855 1101 3065 1164 omnis
3104 1101 3261 1183 justi
3300 1100 3511 1162 creati.

567 1196 1042 1262 necessitate
1071 1197 1371 1261 naturoe
1395 1196 1530 1261 aut
1549 1194 1906 1274 justitiae.
2021 1201 2197 1262 Unde
2226 1200 2279 1263 si
2311 1201 2482 1262 aliud
2514 1201 2768 1274 faceret,
2799 1201 3045 1281 justum
3077 1199 3259 1274 foret,
3286 1205 3351 1262 et
3380 1199 3516 1280 ipse

167 1305 380 1360 cmxix,
493 1293 580 1355 De
632 1313 758 1375 qua
805 1292 1151 1374 quaestione
1196 1293 1328 1373 Jam
1386 1293 1658 1373 sparsim
1716 1291 1909 1354 intro·
2021 1298 2297 1380 injustus
2338 1317 2463 1361 non
2508 1307 2798 1362 esset.‘—
2826 1299 2983 1361 Hinc
3025 1299 3077 1360 si
3124 1297 3387 1380 quaestio
3428 1297 3517 1358 ita

145 1369 382 1484 Ξῖξζζξζξ
408 1391 603 1452 ducta
641 1397 791 1452 sunt
831 1390 1064 1466 multa3
1096 1397 1318 1471 estque
1355 1397 1705 1459 ostensum,
1741 1390 1906 1469 quod
2020 1397 2430 1478 intelligatur,
2464 1399 2632 1479 quod
2671 1397 2835 1459 nihil
2874 1396 3075 1478 possit
3104 1396 3203 1477 agi
3231 1404 3340 1457 aut
3368 1394 3513 1457 fieri

145 1499 336 1546 amu„
407 1490 580 1552 Deus
625 1489 940 1570 gloriosus
979 1497 1042 1550 et
1078 1488 1432 1550 adorandus
1471 1489 1687 1550 omnia
1729 1487 1910 1549 intel·
2017 1515 2054 1557 a
2085 1497 2212 1558 Deo
2252 1497 2420 1577 quod
2463 1514 2590 1558 non
2631 1503 2795 1558 esset
2829 1496 3077 1576 justum
3117 1494 3171 1556 si
3209 1494 3395 1557 fieret
3432 1493 3512 1555 ab

405 1587 768 1649 lectualiter
793 1605 868 1648 ac
898 1586 1096 1647 libere
1134 1593 1452 1667 operatur,
1485 1593 1673 1667 atque
1712 1585 1906 1647 totius
2016 1612 2127 1671 θος
2169 1595 2260 1656 sic
2292 1614 2514 1657 verum
2550 1600 2644 1656 est
2674 1594 2844 1675 quod
2874 1593 3003 1674 agit
3032 1594 3109 1654 de
3140 1591 3513 1654 necessitate

402 1685 649 1748 ordinis
687 1703 902 1746 rerum
933 1691 1028 1745 est
1058 1702 1246 1745 causa
1280 1700 1294 1744 t
1329 1683 1566 1745 idcirco
1599 1701 1724 1744 non
1756 1701 1904 1764 ope·
2012 1692 2277 1772 justitiae
2328 1710 2341 1754 :
2397 1693 2566 1775 quod
2614 1692 2891 1754 libertati
2940 1699 3003 1753 et
3050 1690 3359 1753 voluntati
3407 1708 3514 1752 ne-

399 1790 581 1846 ratur
621 1783 702 1844 ad
743 1789 920 1844 extra
964 1782 1040 1843 de
1083 1781 1456 1843 necessitate
1501 1789 1758 1843 naturae.
2017 1809 2332 1872 quaquam
2371 1798 2695 1872 repugnat,
2722 1790 2895 1853 Unde
2930 1791 3093 1851 Deus
3124 1788 3355 1851 dicitur
3383 1805 3513 1849 non

1940 1888 1986 1949 B
2018 1904 2201 1967 posse
2242 1887 2620 1967 injustitiam
2656 1886 2886 1958 facere,
2916 1903 3047 1948 non
3082 1891 3341 1966 propter
3369 1901 3514 1946 con-

480 1980 658 2042 Unde
697 1979 777 2041 ad
816 1979 936 2041 hoc
976 1979 1244 2041 Thomas
1285 1980 1622 2059 respondet
1655 1997 1668 2040 :
1705 1979 1903 2043 Omne
2013 1984 2399 2046 trarietatem
2452 2004 2583 2047 suae
2626 1984 2890 2064 justitiae
2938 1983 3017 2045 ad
3064 2001 3245 2044 suam
3298 1988 3512 2062 poten-

397 2078 572 2160 quod
611 2086 708 2139 est
739 2096 815 2138 ex
855 2077 1230 2139 necessitate
1269 2085 1530 2151 naturai,
1564 2085 1661 2139 est
1700 2077 1903 2139 inten-
2012 2083 2190 2154 tiam,
2226 2083 2335 2144 sed
2377 2091 2635 2164 propter
2674 2081 3378 2163 incompossibilitatem
3416 2079 3510 2140 in-

394 2183 538 2237 tum
589 2183 652 2237 et
698 2174 1059 2237 ordinatum
1104 2175 1182 2236 ad
1231 2172 1454 2248 finem,
1493 2182 1599 2236 aut
1644 2193 1790 2237 non.
1835 2175 1899 2237 Si
2007 2179 2275 2260 justitiae
2306 2199 2451 2241 cum
2486 2199 2599 2242 sua
2630 2181 2952 2242 voluntate
2987 2198 3001 2242 ε
3038 2178 3188 2260 quia
3223 2178 3357 2240 haec
3384 2177 3511 2239 duo

395 2292 530 2336 non
577 2282 673 2335 est
722 2273 1036 2334 intentum
1094 2291 1212 2333 nec
1260 2272 1470 2334 taliter
1517 2272 1898 2346 ordinatum,
2013 2277 2561 2360 incompossibilia
2616 2285 2786 2351 sunt,
2839 2277 3007 2358 quod
3057 2277 3222 2338 Deus
3268 2274 3510 2356 aliquid

397 2380 558 2434 tunc
615 2381 712 2434 est.
758 2390 796 2433 a
849 2389 1021 2445 casu,
1077 2389 1276 2452 quum
1335 2388 1518 2432 casus
1575 2371 1658 2432 sit
1715 2389 1904 2433 causa
2011 2375 2222 2448 faciat,
2266 2383 2324 2437 et
2374 2376 2541 2457 quod
2592 2375 2748 2436 illud
2800 2375 3111 2454 injustum
3162 2373 3262 2434 sit.
3296 2408 3377 2418 —
3416 2372 3512 2434 In-

393 2489 594 2551 agens
627 2477 854 2552 praeter
885 2469 1324 2530 intentionem.
1360 2469 1462 2532 Sic
1491 2475 1702 2530 autem
1736 2470 1902 2530 Deus
2013 2475 2259 2536 terdum
2313 2491 2568 2555 quoque
2607 2473 2857 2553 justitia
2904 2470 3013 2534 Dei
3059 2478 3321 2534 vocatur
3362 2488 3511 2533 con-

391 2588 528 2632 non
577 2568 706 2649 agit
750 2587 764 2631 :
808 2567 960 2648 quia
1008 2566 1100 2628 sic
1148 2566 1364 2629 omnia
1410 2567 1746 2628 casualiter
1791 2566 1903 2628 fie-
2011 2571 2301 2634 decentia
2341 2590 2471 2634 suae
2514 2570 2814 2632 bonitatis
2848 2589 2862 2633 t
2898 2576 3115 2632 contra
3154 2588 3344 2650 quam
3390 2587 3509 2630 nec

393 2675 561 2739 rent,
595 2685 797 2748 quum
837 2673 1050 2727 tamen
1081 2665 1410 2726 videamus
1448 2665 1617 2744 quod
1655 2673 1904 2726 natura-
2009 2688 2193 2750 agere
2246 2676 2468 2750 potest.
2512 2703 2593 2713 -—
2628 2668 2770 2731 Haec
2812 2668 3080 2729 Thomas
3123 2667 3190 2728 in
3234 2665 3501 2748 Scripto.

394 2764 484 2827 lia
519 2763 897 2844 regulariter
924 2770 1121 2843 agunt
1156 2770 1413 2844 propter
1450 2762 1673 2836 finem,
1708 2782 1898 2844 quem
2089 2767 2248 2829 Hinc
2277 2767 2362 2828 ait
2393 2766 2710 2838 Albertus‚
2746 2766 2913 2846 quod
2947 2766 3110 2826 Deus
3141 2781 3267 2826 non
3299 2770 3510 2846 potest

394 2869 646 2925 constat
684 2862 777 2924 eis
817 2860 898 2923 ab
941 2871 1196 2924 auctore
1247 2870 1487 2924 naturae
1535 2861 1896 2942 praefixum,
2008 2865 2250 2946 aliquid
2292 2865 2497 2927 facere
2527 2870 2744 2926 contra
2777 2863 3090 2943 justitiam
3133 2881 3249 2924 nec
3280 2869 3509 2943 praeter

390 2981 429 3024 a
458 2977 591 3042 quo
629 2967 694 3022 et
724 2959 1053 3021 inclinatio
1093 2959 1396 3022 naturalis
1440 2959 1596 3040 ipsis
1633 2960 1899 3041 impres·
2005 2963 2346 3042 justitiam,
2380 2981 2521 3044 quae
2563 2968 2660 3022 est
2702 2961 3133 3032 condecentia,
3176 2979 3294 3024 nec
3344 2958 3509 3039 inju-

391 3079 463 3121 sa
500 3065 600 3120 est
644 3058 723 3119 ad
765 3057 1060 3139 proprios
1104 3057 1287 3118 fines,
1322 3058 1487 3118 Deus
1533 3057 1726 3138 igitur
1772 3056 1902 3139 agit
1936 3060 1979 3124 C
2009 3068 2103 3124 ste
2137 3078 2150 3123 ε
2188 3060 2337 3142 quia
2380 3060 2499 3121 hoc
2542 3065 2803 3140 poneret
2847 3057 3268 3120 indecentiam
3312 3064 3377 3118 et.
3416 3055 3509 3117 in-

391 3175 524 3221 non
572 3176 653 3219 ex
701 3156 1074 3218 necessitate
1123 3162 1384 3229 naturae,
1437 3156 1547 3217 sed
1597 3175 1671 3217 ex
1725 3155 1898 3218 fonte
2008 3161 2405 3223 honestatem
2451 3158 2521 3220 in
2560 3158 2706 3221 Deo.

391 3254 730 3337 sapientiae
769 3274 920 3328 suae,
955 3273 1082 3336 qua
1119 3261 1348 3315 cuncta
1387 3254 1671 3315 ordinate
1710 3262 1771 3316 et
1803 3273 1896 3316 sa·
2089 3258 2373 3339 AEgidius
2403 3258 2665 3320 demum
2704 3256 2809 3319 hic
2838 3255 3062 3318 scribit
3092 3274 3105 3317 :
3140 3254 3503 3318 Secundum

393 3355 652 3436 pienter
689 3352 986 3434 produxit
1025 3351 1355 3414 liberrima
1390 3350 1734 3414 voluntate.
2007 3357 2072 3418 B.
2123 3355 2492 3437 Dionysium
2544 3363 2769 3435 quarto
2815 3354 2893 3415 de
2941 3353 3186 3416 Divinis
3232 3351 3505 3416 nomini-

472 3454 805 3525 Praeterea‚
842 3453 1038 3514 Deum
1072 3470 1255 3532 agere
1289 3470 1366 3513 ex
1402 3451 1774 3513 necessitate
1801 3451 1898 3531 ju·
2007 3454 2149 3528 bus,
2175 3461 2447 3535 quatuor
2475 3459 2652 3513 actus
2686 3453 2811 3513 Deo
2839 3452 3247 3524 conveniunt,
3266 3470 3342 3513 ex
3372 3449 3507 3533 qui-

391 3552 612 3625 stitiae,
649 3568 776 3611 uno
819 3549 1006 3611 modo
1039 3549 1130 3611 sic
1167 3556 1374 3630 potest
1405 3549 1693 3629 intelligi,
1727 3550 1894 3631 quod
2008 3552 2128 3613 bus
2163 3550 2467 3633 probatur
2496 3549 2665 3630 quod
2706 3568 2835 3611 suae
2866 3548 3208 3611 voluntatis
3241 3548 3503 3611 arbitrio

391 3669 472 3711 ex
503 3668 624 3711 sua
660 3646 910 3728 justitia
938 3647 1397 3709 determinetur
1433 3648 1510 3708 ad
1551 3665 1747 3708 unum
1788 3646 1898 3708 ali·
2006 3649 2152 3730 agit.
2188 3647 2419 3719 PrimO,
2456 3646 2753 3727 quoniam
2801 3646 3017 3709 omnia
3062 3646 3129 3707 in
3172 3664 3309 3708 esse
3358 3663 3501 3727 pro-

391 3746 565 3829 quod
600 3744 990 3817 faciendum,
1016 3744 1101 3807 ita
1131 3745 1298 3826 quod
1329 3744 1499 3806 aliud
1531 3742 1738 3806 facere
1770 3762 1896 3807 non
2005 3746 2199 3808 ducit.
2223 3745 2533 3816 Secundo,
2561 3744 2709 3825 quia
2738 3752 2967 3806 cuncta
2995 3750 3341 3805 conservat.
3362 3743 3503 3805 Ter-

388 3844 619 3927 possit.
665 3843 743 3905 Et
786 3842 873 3905 ita
919 3859 1048 3904 non
1093 3842 1221 3923 agit
1263 3862 1338 3904 ex
1389 3842 1762 3904 necessitate
1802 3841 1899 3922 ju·
2005 3846 2115 3917 tio,
2178 3843 2329 3925 quia
2386 3842 2845 3923 sapientialiter
2901 3848 3129 3903 cuncta
3187 3840 3495 3922 producit.

387 3943 586 4006 stitiae
621 3959 638 4003 :
671 3942 821 4023 quia
859 3940 1012 4003 dum
1045 3948 1175 4003 tota
1206 3940 1648 4002 determinatio
1688 3940 1897 4021 operis
2005 3944 2258 4018 Quart0,
2296 3940 2595 4022 quoniam
2643 3938 2938 4001 universa
2979 3939 3056 4001 ad
3106 3956 3173 3999 se
3217 3938 3500 4000 ordinate

388 4050 488 4105 est
547 4059 628 4103 ex
689 4046 864 4121 parte
921 4038 1262 4121 operantiS,
1317 4038 1382 4099 in
1437 4038 1576 4120 ipso
1634 4057 1896 4121 operan-
2006 4042 2271 4105 reducit.
2306 4041 2512 4121 Agens
2552 4046 2763 4100 autem
2808 4036 3092 4098 naturale
3129 4043 3341 4098 movet
3371 4053 3501 4097 mo-

385 4146 452 4201 te
504 4144 606 4201 est
651 4135 1074 4199 determinare
1122 4136 1240 4197 hoc
1289 4142 1392 4197 aut
1444 4134 1644 4215 illud3
1695 4156 1893 4218 quum
2007 4148 2166 4212 tum,
2220 4146 2284 4201 et
2330 4144 2427 4199 est
2483 4135 2976 4197 determinatum
3032 4133 3109 4195 ad
3165 4152 3387 4207 unum,
3438 4140 3502 4195 et

387 4255 548 4301 vero
597 4254 759 4317 opus
809 4253 886 4297 ex
944 4253 1010 4297 se
1060 4234 1552 4296 determinatum
1601 4244 1716 4309 est,
1770 4254 1894 4297 non
1930 4244 1977 4304 D
2007 4239 2253 4320 impetu
2303 4234 2578 4317 quodam
2641 4239 2881 4294 naturae
2936 4231 3136 4312 magis
3184 4250 3375 4311 quam
3422 4250 3501 4293 ex

389 4344 490 4399 est
531 4333 700 4395 ultra
745 4332 808 4394 in
853 4339 1152 4414 operante
1195 4351 1275 4393 an
1325 4332 1483 4393 illud
1533 4333 1613 4393 sit
1657 4333 1894 4395 bonum
2006 4333 2498 4417 praecognitione
2527 4330 2731 4391 fertur
2760 4328 2824 4390 in
2853 4328 3267 4390 actum.Deus
3296 4334 3504 4392 autem

389 4432 498 4494 vel
563 4430 804 4493 malurn
860 4447 875 4491 :
928 4429 1469 4511 quemadmodum
1529 4430 1595 4489 in
1652 4429 1898 4491 actibus
2006 4440 2104 4493 est
2140 4450 2332 4512 agens
2377 4426 2731 4499 immobile,
2766 4444 2884 4488 nec
2928 4424 3388 4488 determinatur
3424 4426 3502 4488 ad

391 4528 701 4591 humanis
745 4527 984 4608 aliquid
1028 4534 1125 4587 est
1166 4525 1562 4599 indifferenS,
1606 4526 1776 4607 quod
1823 4546 1898 4588 ex
2009 4548 2234 4601 unum,
2269 4528 2378 4590 sed
2416 4545 2607 4589 causa
2637 4532 2732 4586 est
2759 4524 3074 4599 omnium,
3108 4530 3277 4585 etex
3319 4524 3505 4586 ideali

390 4634 578 4709 parte
630 4624 906 4687 hominis
955 4624 1048 4687 sic
1095 4623 1238 4685 fieri
1290 4630 1495 4704 potest
1544 4630 1611 4685 ut
1660 4624 1744 4686 sit.
1782 4622 1902 4685 vir·
2009 4626 2250 4688 ratione
2299 4642 2561 4687 suorum
2609 4622 2738 4703 agit
2783 4620 3157 4696 effectuum,
3210 4621 3509 4684 universa

388 4734 658 4788 tuosum
701 4728 808 4784 aut
850 4722 1042 4784 etiam
1089 4721 1426 4799 vitiosum3
1467 4721 1710 4803 aliquid
1751 4739 1900 4784 vero
2009 4726 2200 4787 etiam
2252 4723 2502 4786 ordinat
2560 4722 2625 4783 in
2684 4739 2753 4782 se
2802 4720 3013 4802 ipsum
3074 4728 3377 4803 tanquam
3438 4721 3504 4782 in

388 4842 472 4886 ex
504 4841 624 4884 sua
652 4821 894 4883 ratione
925 4838 1037 4883 seu
1068 4818 1274 4881 forma
1301 4826 1397 4881 est
1427 4820 1752 4893 vitiosum,
1786 4819 1902 4881 sic·
2011 4840 2337 4885 summum
2390 4827 2453 4882 et
2501 4819 2802 4879 ultimum
2861 4817 3058 4879 finem
3115 4834 3129 4879 :
3182 4818 3323 4880 ideo
3377 4836 3503 4880 non

389 4929 468 4983 ut
515 4918 800 4991 mentiri,
844 4918 986 4981 ideo
1029 4918 1190 4980 bene
1242 4917 1384 4979 fieri
1432 4917 1672 4998 nequit.
1717 4918 1902 4989 Quid·
2013 4926 2303 4982 movetur
2340 4938 2376 4979 a
2415 4934 2759 4998 quoquam,
2795 4933 2911 4976 nec
2951 4914 3206 4976 aliunde
3246 4914 3304 4977 ei
3350 4914 3504 4977 finis

391 5018 555 5101 quid
606 5024 822 5077 autem
874 5015 940 5076 in
988 5013 1178 5077 rebus
1229 5014 1455 5076 creatis
1505 5013 1744 5077 bonum
1793 5023 1902 5076 aut
2011 5015 2381 5098 praefigitur.
2425 5014 2584 5074 Hinc
2629 5011 3069 5072 universorum
3120 5010 3320 5073 finem
3365 5011 3502 5093 ipse
3555 5027 3797 5077 Jotnvm.

391 5117 648 5198 justum
708 5121 826 5187 est,
877 5119 1080 5175 totum
1141 5120 1236 5174 est
1282 5131 1358 5174 ex
1409 5112 1732 5174 voluntate
1790 5111 1901 5173 Dei
2011 5112 2383 5176 considerat.
2416 5112 2559 5173 Haec
2602 5108 2901 5189 AEgidiuS.
3534 5096 3575 5136 ³·

399 5215 498 5277 sic
536 5212 870 5275 ordinante
898 5219 962 5272 et
993 5210 1381 5272 instituente.
1416 5209 1659 5271 Idcirco
1688 5228 1765 5271 ex
1800 5228 1904 5271 ne·
2094 5209 2427 5272 Durandus
2458 5208 2609 5269 item
2642 5206 2747 5267 hic
2782 5204 3061 5287 loquitur
3088 5222 3103 5267 :
3136 5205 3337 5267 Deum
3367 5226 3507 5287 age-

401 5309 704 5375 cessitate
745 5307 1010 5389 justitiae
1058 5325 1184 5370 non
1231 5306 1384 5369 facit
1431 5308 1551 5369 hoc
1594 5307 1700 5381 ita,
1745 5306 1899 5388 quin
2015 5326 2082 5369 re
2133 5325 2211 5368 ex
2261 5303 2635 5367 necessitate
2689 5308 2927 5363 naturae
2982 5300 3253 5381 intelligi
3300 5310 3509 5385 potest
