4359 6250
884 454 1005 522 560

1557 475 1620 520 IN
1663 472 1884 521 LIBRUM
1927 475 1948 520 1
1987 471 2470 521 SENTENTIARUH.
2517 491 2597 502 -
2638 473 2790 520 ms'r.
2836 471 3001 536 x¹.n;
3044 474 3267 531 QUAEs'r.
3314 473 3335 520 1

883 643 1179 707 voluntas
1243 644 1307 706 in
1358 645 1508 718 Deo,
1560 645 1912 707 secundum
1964 645 2275 707 rationem
2326 653 2387 706 et
2418 645 2468 707 A
2498 645 2721 707 scribit
2752 643 2989 707 diffuse-
3024 662 3039 708 t
3068 664 3145 708 ex
3176 665 3300 727 qua
3331 664 3524 728 supra
3552 644 3821 725 allegata
3850 652 3997 706 suut

885 743 1176 804 ordinem
1230 739 1646 824 intelligendi,
1683 753 1779 805 est
1823 752 1970 806 ante
2013 743 2383 826 potentiam.

885 840 1209 915 Praeterea,
1243 841 1580 904 Anselmus
1622 842 1686 903 in
1733 842 1893 904 libro
1925 843 2050 904 Cur
2077 842 2244 903 Deus
2284 841 2391 902 ho·

889 957 992 1000 mo
1035 956 1049 1001 :
1093 940 1162 1001 In
1209 938 1532 1014 omnibus,
1577 939 1807 1022 inquit,
1849 939 2235 1002 habentibus
2284 957 2389 1001 vo-

888 1037 1196 1099 luntatem
1243 1045 1305 1099 et
1349 1045 1746 1120 potestatem,
1783 1045 2058 1119 potestas
2097 1037 2389 1118 sequitur

887 1136 1278 1198 voluntatem
1317 1154 1331 1198 ε
1367 1143 1456 1210 ut,
1491 1154 1750 1219 possum
1790 1135 2140 1210 ambulare,
2185 1136 2238 1197 si
2280 1153 2385 1198 vo-

888 1234 986 1313 lo;
1021 1252 1280 1317 possum
1325 1235 1521 1317 loqui,
1555 1234 1608 1295 si
1650 1233 1812 1297 volo.
1850 1234 2012 1315 Ergo
2049 1243 2112 1296 et
2151 1235 2218 1296 in
2260 1234 2387 1296 Deo

887 1334 980 1395 sic
1021 1351 1160 1395 esse
1203 1334 1474 1396 videtur.

975 1433 1351 1507 Dicendum,
1414 1433 1581 1514 quod
1644 1433 1924 1514 potentia
1983 1431 2189 1492 tribus
2249 1448 2386 1492 mo-

888 1531 985 1592 dis
1025 1531 1481 1594 consideratur.
1523 1531 1656 1593 Uno
1702 1531 1890 1592 modo
1933 1539 2002 1592 ut
2047 1537 2142 1592 est
2186 1548 2387 1610 genus

887 1629 1178 1691 omnium
1212 1636 1596 1711 potestatum
1629 1646 2037 1710 quocumque
2079 1628 2267 1689 modo
2299 1627 2389 1689 di-

888 1735 1134 1789 ctarum
1189 1746 1202 1790 :
1253 1736 1316 1789 et
1367 1728 1452 1790 ita
1513 1746 1637 1789 non
1698 1726 1969 1789 refertur
2016 1727 2094 1788 ad
2147 1735 2383 1799 actum,

2502 743 2722 816 multa,
2768 751 2827 805 et
2876 742 3041 805 infra
3083 744 3371 825 quaedam
3419 753 3775 824 tangentur.

2578 841 2844 922 Insuper
2892 841 3161 904 Thomas
3207 860 3221 904 τ
3274 842 3515 905 Nomen
3568 842 3838 923 (inquit)
3890 859 3998 922 po-

2498 939 2712 1002 tentiae
2744 940 2953 1021 primo
2982 939 3107 1002 fuit
3150 941 3522 1023 impositum
3552 941 3630 1002 ad
3665 940 4001 1020 designan-

2499 1037 2651 1099 dum
2683 1037 3017 1100 hominum
3058 1047 3456 1120 potestatem,
3493 1047 3679 1121 prout
3720 1039 3999 1100 dicimus

2499 1136 2805 1218 quosdam
2839 1135 3129 1200 homines
3167 1156 3307 1200 esse
3346 1146 3657 1220 potenteS,
3692 1145 3762 1199 ut
3797 1136 3999 1220 loqui-

2499 1242 2603 1296 tur
2647 1235 3015 1314 Avicenna3
3068 1236 3296 1298 deinde
3353 1237 3725 1299 translatum
3774 1245 3873 1298 est
3921 1237 3999 1298 ad

2499 1351 2598 1394 res
2628 1333 2967 1396 naturales.
3004 1334 3249 1397 Dicitur
3276 1343 3489 1397 autem
3524 1336 3588 1397 in
3624 1334 3999 1398 hominibus

2498 1450 2636 1494 esse
2668 1434 3039 1515 potenS,qui
3071 1434 3148 1496 de
3177 1434 3320 1496 aliis
3352 1433 3560 1496 facere
3590 1442 3797 1517 potest
3828 1434 3999 1515 quod

2502 1531 2635 1592 vult
2666 1531 2803 1592 sinc
2835 1531 3411 1612 iinpedimen103et
3440 1533 3793 1595 secundum
3826 1533 3997 1614 quod

2501 1629 2797 1711 impediri
2845 1638 3072 1712 potest,
3107 1631 3198 1693 sie
3240 1631 3553 1693 minuitur
3591 1631 3733 1710 ejus
3774 1639 3996 1713 poten-

2500 1728 2603 1789 tia.
2640 1728 2992 1810 Impeditur
3022 1746 3171 1790 vero
3202 1729 3483 1811 potentia
3512 1729 3788 1808 alicujus
3820 1739 3999 1791 natu-

888 1827 998 1889 sed
1031 1827 1097 1889 in
1139 1825 1472 1889 inferendo
1511 1826 1802 1908 sequitur
1832 1826 1910 1887 ad
1951 1825 2285 1886 scientiam
2315 1843 2387 1886 ac
2424 1823 2469 1883 B
2501 1825 2649 1888 ralis
2679 1825 3103 1890 voluntariive
3133 1828 3401 1908 agentis,
3422 1827 3487 1889 in
3518 1837 3833 1908 quantum
3866 1829 3994 1909 pati

890 1925 1276 1987 voluntatem
1305 1933 1368 1986 et
1393 1924 1739 2007 quamlibet
1771 1923 1960 1985 aliam
1993 1929 2383 2004 potestatem,

891 2022 1056 2084 sicut
1097 2041 1299 2103 genus
1346 2023 1424 2084 ad
1474 2022 1774 2103 speciem.
1824 2021 2054 2102 Sicque
2104 2021 2388 2102 potentia

892 2121 1192 2202 praecedit
1231 2121 1622 2183 voluntate-m
1665 2127 1855 2201 atque
1897 2119 2252 2192 scientiam,
2292 2137 2387 2180 se-

890 2219 1174 2280 cundum
1215 2219 1384 2300 quod
1413 2219 1502 2280 ait
1543 2218 1891 2282 Richardus
1926 2235 1940 2278 :
1977 2217 2066 2278 Ex
2105 2217 2387 2299 potentia

889 2325 985 2379 est
1023 2317 1311 2392 scientia,
1344 2326 1406 2379 et
1445 2336 1522 2379 ex
1554 2317 1834 2399 potentia
1871 2334 1946 2377 ac
1985 2315 2253 2377 scientia
2291 2323 2387 2377 est

888 2417 1145 2479 dilectio
1193 2435 1304 2478 seu
1355 2416 1664 2478 voluntas.
1718 2415 1856 2478 Alio
1907 2416 2095 2477 modo
2151 2414 2389 2476 dicitur

888 2516 1170 2597 potentia
1201 2522 1564 2596 comparata
1593 2515 1670 2576 ad
1710 2533 1870 2596 opus
1907 2513 2241 2575 indefinite
2276 2531 2289 2575 :
2324 2520 2387 2574 et

888 2616 974 2676 ita
1016 2615 1315 2689 dicimuS,
1363 2614 1532 2696 quod
1585 2612 1750 2675 Deus
1800 2611 2002 2674 multa
2053 2620 2260 2694 potest
2307 2612 2385 2674 de

889 2713 1172 2795 potentia
1217 2713 1529 2786 absoluta,
1573 2731 1714 2793 quae
1761 2730 1879 2773 nec
1927 2709 2080 2772 facit
2128 2730 2247 2772 nec
2296 2711 2386 2772 fa-

889 2813 1030 2874 ciet.
1083 2813 1294 2875 Tertio
1343 2811 1580 2874 dicitur
1631 2811 1912 2893 potentia
1971 2810 2251 2890 regulata
2305 2810 2386 2872 ab

889 2919 1022 2974 arte
1084 2911 1427 2993 operativa,
1489 2917 1552 2971 et
1613 2927 1967 2990 exsequens
2025 2925 2385 2990 praeconce-

2501 1933 2707 2007 potest
2736 1925 2815 1987 ab
2846 1926 3080 2007 aliquo.
3110 1926 3283 1988 Unde
3313 1926 3389 1987 de
3422 1927 3663 1988 ratione
3695 1927 3997 2008 potentiae

2499 2031 2809 2105 quantum
2860 2024 2938 2085 ad
3000 2023 3272 2106 primam
3332 2025 3433 2086 sui
3493 2024 3993 2107 impositionem,

2498 2129 2595 2182 est
2626 2139 2752 2183 non
2782 2139 2967 2202 posse
2999 2121 3150 2203 pati.
3185 2123 3343 2184 Hinc
3374 2130 3436 2184 et
3475 2122 3631 2184 illud
3663 2123 3835 2204 quod
3866 2140 3994 2185 non

2500 2227 2707 2300 potest
2736 2219 2888 2301 pati,
2923 2240 3122 2301 quum
3154 2239 3271 2282 nec
3299 2239 3484 2302 agere
3514 2222 3735 2303 possit,
3758 2221 3999 2283 dicitur

2500 2326 2723 2400 potens
2760 2335 2773 2380 :
2809 2337 2952 2380 nam
2995 2319 3227 2380 durum
3268 2319 3566 2394 dicimuS,
3600 2321 3767 2402 quod
3804 2319 3997 2382 habet

2500 2417 2848 2499 potentiam
2899 2425 2969 2478 ut
3016 2435 3143 2479 non
3190 2426 3458 2481 secetur.
3500 2455 3580 2463 —
3620 2419 3707 2480 Ex
3756 2419 3998 2500 quibus

2498 2515 2921 2589 concludit-ur,
2956 2516 3082 2578 Deo
3126 2517 3467 2579 convenire
3505 2508 3858 2599 potentiam
3906 2535 3999 2578 se-

2499 2614 2779 2676 cundum
2842 2613 3189 2696 perfectam
3250 2616 3549 2697 potentiae
3606 2616 3919 2678 rationem
3978 2633 3993 2677 :

2500 2719 2635 2774 tum
2668 2712 2817 2794 quia
2846 2713 3062 2774 omnia
3090 2713 3219 2794 agit
3252 2720 3320 2775 ut
3350 2713 3557 2795 prima
3586 2733 3799 2788 eausa,
3822 2715 3996 2796 quod

2498 2811 2796 2874 convenit
2825 2811 2883 2872 ei
2919 2812 2979 2874 in
3020 2819 3331 2894 quantum
3370 2820 3467 2874 est
3506 2813 3753 2894 primus
3787 2812 3996 2894 perfe-

2497 2918 2764 2992 ctusque
2794 2917 2972 2972 actus
3003 2919 3065 2973 et
3096 2910 3300 2994 prima
3330 2911 3536 2973 activa
3562 2911 3869 2993 potentia,
3904 2912 3998 2972 ni-

893 3019 1073 3093 ptum
1113 3029 1150 3071 a
1188 3008 1500 3091 sapientia
1539 3015 1601 3069 et
1631 3007 1900 3070 volitum
1941 3026 1974 3069 a
2009 3007 2331 3069 voluntate
2368 3022 2382 3066 :
2424 3007 2467 3069 C
2497 3009 2587 3070 hil
2637 3009 2874 3071 etenim
2920 3009 3046 3090 agit
3087 3009 3212 3071 nisi
3259 3019 3330 3071 ut
3371 3028 3483 3072 ens
3530 3010 3596 3072 in
3637 3017 3822 3088 actu3
3856 3017 3995 3071 tum

892 3117 956 3171 et
1005 3108 1136 3172 haec
1186 3126 1313 3171 non
1363 3115 1459 3169 est
1504 3106 1627 3169 nisi
1671 3126 1892 3169 eorum
1942 3127 2082 3189 quae
2125 3105 2387 3167 fuerunt

893 3208 994 3271 vel
1039 3216 1186 3270 sunt
1223 3215 1332 3269 aut
1376 3214 1582 3269 erunt.
1619 3206 1926 3269 Similiter
1963 3204 2229 3267 scientia
2271 3204 2385 3265 du-

893 3307 1147 3390 pliciter
1175 3307 1451 3369 sumitur
1483 3324 1497 3368 :
1533 3306 1761 3388 primo,
1798 3322 1912 3387 pro
1950 3304 2217 3365 scientia
2246 3322 2385 3385 spe-

893 3406 1188 3481 culativa,
1222 3425 1363 3488 quae
1410 3413 1505 3468 est
1554 3404 1703 3467 boni
1753 3412 1816 3466 et
1865 3403 2052 3483 mali3
2081 3403 2381 3477 secundo,

892 3524 1009 3588 pro
1055 3506 1322 3567 scientia
1371 3503 1870 3587 approbationis,
1905 3522 2046 3584 quae
2092 3509 2190 3563 est
2235 3501 2387 3563 boni

889 3612 1152 3667 tantum.
1167 3604 1471 3666 Voluntas
1501 3620 1748 3685 quoque
1781 3600 1983 3682 accipi
2017 3608 2223 3682 potest
2254 3618 2391 3683 pro-

890 3713 960 3766 ut
989 3711 1085 3765 est
1121 3703 1437 3784 gene-ralis
1475 3701 1763 3764 omnium
1797 3700 2030 3762 virium
2066 3707 2130 3761 et
2171 3707 2389 3781 poten-

887 3802 1120 3865 tiarum
1173 3810 1379 3865 motor
1420 3800 1499 3863 ad
1547 3807 1760 3862 actum
1796 3815 1810 3859 ε
1845 3797 2383 3881 quemadmodum

887 3901 1186 3975 dicimuS‚
1209 3899 1520 3981 Intelligo,
1546 3898 1696 3981 quia
1725 3896 1898 3975 volo;
1921 3896 2217 3969 Ambul0‚
2236 3896 2385 3978 quia

888 3999 1053 4063 volO.
1089 4034 1170 4045 —-
1196 4000 1414 4081 ltaque
1445 3998 1730 4080 potentia
1759 3994 1968 4078 primo
1999 3995 2188 4058 modo
2218 4013 2386 4056 sum-

891 4106 1021 4180 pta,
1070 4096 1462 4160 voluntatem
1520 4094 1982 4175 scientiamque
2041 4092 2381 4175 praecedit3

2497 3107 2647 3189 quia
2676 3107 2764 3169 nil
2800 3107 3059 3190 patitur,
3083 3109 3250 3191 quod
3282 3109 3579 3171 convenit
3606 3109 3665 3171 ei
3701 3109 3763 3171 in
3797 3129 3998 3191 quan-

2499 3213 2633 3268 tum
2683 3215 2778 3268 est
2822 3226 3020 3289 purus
3064 3214 3243 3269 actus
3287 3208 3424 3269 sine
3467 3207 3861 3270 admixtione
3904 3216 3995 3271 to-

2498 3305 2623 3365 tius
2654 3304 2999 3367 materialis
3034 3305 3439 3387 proprietatis
3476 3314 3541 3368 et
3570 3307 3997 3389 potentialita-

2496 3402 2597 3464 tis.
2649 3403 2983 3485 Quumque
3041 3404 3323 3485 potentia
3375 3404 3545 3467 dicat
3596 3404 3994 3487 principium

2496 3502 2786 3576 actioniS‚
2821 3502 3133 3584 quidquid
3164 3511 3259 3565 est
3296 3503 3565 3565 actionis
3595 3503 3993 3586 principium

2498 3609 2758 3663 vocatur
2806 3601 3107 3682 potentia,
3162 3608 3231 3662 ut
3280 3601 3453 3663 calor
3498 3609 3557 3663 et
3609 3602 3833 3682 frigus.
3886 3603 3995 3665 Sic

2496 3716 2750 3780 quoque
2805 3699 3021 3760 divina
3076 3698 3350 3761 essentia
3406 3700 3761 3761 secundum
3819 3702 3996 3781 quod

2494 3806 2590 3857 cst
2620 3797 3009 3879 principium
3040 3797 3449 3879 operationiS,
3482 3806 3745 3861 vocatur
3774 3807 3997 3880 poten·

2496 3896 2619 3974 tia;
2653 3914 2769 3957 nec
2810 3896 3091 3977 potentia
3131 3895 3196 3957 in
3235 3897 3365 3958 Deo
3403 3904 3499 3958 est
3535 3896 3777 3977 aliquid
3812 3897 3996 3959 aliud

2494 3993 2575 4055 ab
2616 3994 2909 4055 essentia.

2574 4091 2897 4165 Praeterea,
2931 4092 2984 4153 si
3015 4092 3159 4174 quis
3200 4091 3413 4165 instet,
3448 4092 3598 4173 quia
3634 4093 3997 4156 secundum

891 4214 1018 4259 non
1064 4204 1278 4258 autem
1322 4195 1601 4258 secundo
1643 4200 1707 4255 et
1751 4193 1935 4255 tertio
1980 4192 2166 4255 modo
2212 4211 2387 4254 acce·
2415 4197 2464 4259 D
2494 4189 2945 4272 Philosophum
2993 4190 3218 4271 quinto
3266 4190 3729 4273 Metaphysicae‚
3778 4191 3995 4253 omnis

891 4304 1017 4377 pta.
1055 4294 1332 4357 Scientia
1362 4311 1510 4356 vero
1541 4293 1748 4375 primo
1789 4292 1975 4354 modo
2005 4292 2194 4364 dicta,
2229 4310 2383 4372 prae-

891 4394 1058 4457 cedit
1103 4394 1450 4476 potentiam
1495 4392 1775 4453 secundo
1816 4398 1926 4452 aut
1967 4390 2153 4453 tertio
2199 4391 2384 4453 modo

888 4494 1144 4556 dictam.
1199 4492 1501 4554 Voluntas
1554 4490 1812 4551 demum
1869 4490 2148 4550 secundo
2196 4488 2383 4551 modo

886 4592 1121 4653 dicitur
1152 4608 1266 4673 per
1295 4596 1655 4671 respectum
1685 4587 1764 4649 ad
1795 4586 2058 4649 volitum
2088 4588 2257 4668 quod
2288 4595 2383 4649 est

886 4691 1126 4754 bonum
1163 4707 1177 4751 ε
1215 4696 1279 4751 et
1322 4688 1442 4751 hoc
1490 4688 1678 4750 modo
1719 4686 1909 4759 dicta,
1953 4692 2050 4747 est
2091 4685 2154 4746 in
2199 4703 2381 4767 aequo

884 4809 1032 4852 cum
1073 4789 1357 4871 potentia
1400 4787 1680 4849 secundo
1723 4793 1784 4847 et
1833 4785 2015 4847 tertio
2061 4784 2247 4846 modo
2292 4784 2383 4845 di-

884 4898 1002 4951 cta.
1040 4888 1319 4952 Scientia
1359 4894 1574 4949 autem
1625 4884 1904 4947 secundo
1951 4883 2137 4945 modo
2186 4882 2375 4953 dicta,

883 4996 979 5050 est
1011 4988 1074 5050 in
1105 5004 1288 5069 aequo
1328 5004 1476 5049 cum
1519 4983 1800 5068 potentia
1837 4990 1901 5043 et
1930 4980 2255 5045 voluntate
2288 4982 2379 5042 ul-

886 5088 1042 5149 timo
1085 5086 1274 5149 modo
1315 5084 1610 5166 sumptis
1656 5118 1737 5127 —
1779 5082 1922 5145 Haec
1966 5079 2281 5143 Albertus,

952 5185 1124 5247 Idem
1157 5182 1635 5264 UdalricuS,qui
1669 5182 1732 5243 in
1765 5182 2027 5244 Summa
2056 5197 2191 5253 sua,
2218 5177 2382 5240 libro

888 5284 1188 5357 secundo,
1219 5283 1298 5345 de
1337 5281 1620 5365 potentia
1660 5287 1721 5341 et
1763 5276 2227 5361 omnipotentia
2268 5275 2382 5338 Dei

2496 4288 2777 4371 potentia
2808 4288 2907 4349 vel
2938 4296 3034 4349 est
3063 4286 3289 4359 activa,
3310 4297 3421 4349 aut
3452 4288 3719 4370 passiva.
3747 4288 3822 4349 Et
3850 4308 3993 4351 cer-

2492 4395 2629 4449 tum
2672 4387 2839 4469 quod
2881 4386 3008 4448 Deo
3052 4404 3177 4448 non
3224 4394 3542 4469 competat
3584 4386 3833 4469 passiva
3878 4406 3995 4469 po-

2494 4486 2727 4565 tentia3
2759 4493 2823 4547 et
2866 4484 3120 4547 videtur
3166 4486 3333 4566 quod
3381 4503 3496 4547 nec
3545 4486 3751 4547 activa
3784 4502 3799 4547 ε
3832 4487 3997 4567 quia

2495 4592 2561 4646 ut
2590 4585 2678 4646 ait
2708 4584 2946 4646 ibidem
2987 4582 3425 4665 PllilosopliuS‚
3461 4584 3742 4665 potentia
3777 4584 3997 4648 activa

2491 4691 2587 4745 est
2618 4682 3007 4764 principium
3040 4681 3583 4744 transmutationis
3617 4680 3682 4743 in
3712 4682 3887 4744 aliud
3926 4684 3999 4745 in

2492 4790 2801 4864 quantum
2843 4781 3039 4854 aliud,
3073 4788 3137 4842 et
3187 4780 3273 4842 ita
3317 4780 3583 4862 requirit
3625 4778 3867 4861 aliquid
3924 4782 3997 4845 in

2490 4879 2658 4961 quod
2690 4887 2865 4959 agat:
2897 4879 3063 4940 Deus
3102 4886 3315 4940 autem
3349 4878 3412 4939 in
3452 4878 3695 4958 agendo
3734 4895 3859 4939 non
3898 4898 4001 4941 re-

2490 4978 2688 5060 quirit
2720 4978 3045 5040 materiam
3078 4985 3187 5039 aut
3216 4976 3600 5055 subjectum,
3622 4976 3750 5038 imo
3778 4984 3997 5040 totum

2489 5076 2683 5138 simul
2734 5076 3081 5159 producere
3132 5081 3356 5157 potest.
3400 5074 3775 5147 Dicendum,
3813 5077 3999 5155 quod

2489 5175 2711 5239 activae
2748 5174 3044 5257 potentiae
3082 5171 3313 5234 accidit
3344 5172 3511 5253 quod
3549 5171 3826 5252 requirat
3858 5192 4001 5235 ma·

2494 5274 2717 5336 teriam
2753 5272 2817 5334 in
2858 5290 3047 5354 quam
3088 5276 3250 5351 agat,
3286 5270 3350 5331 in
3392 5276 3700 5351 quantum
3740 5276 3839 5331 est
3876 5270 3999 5335 im-
