4359 6250
1301 495 1384 539 AN
1427 496 1490 539 ΙΝ
1532 494 1758 541 Dlvms
1802 495 1894 539 SIT
1934 494 2130 539 TOTL'M
2173 494 2246 539 m·
2290 496 2441 539 PARS

3302 474 3413 538 111

341 661 482 723 bens
521 669 667 725 actu
715 681 854 725 esse
906 662 972 724 in
1019 664 1156 746 ipso
1197 672 1262 725 et
1310 682 1436 727 non
1482 665 1545 727 in
1590 684 1678 727 se.
1713 664 1816 727 Sic
1846 665 1897 728 Α
1926 673 2020 727 θεῖ
2070 666 2240 748 quod
2286 666 2464 727 Pater
2511 672 2607 727 est
2653 664 2883 746 aliquis
2922 663 3265 735 TrinitatiS,
3300 681 3416 725 nec

339 770 530 823 autem
584 780 870 842 personae
921 780 1047 824 non
1100 763 1334 826 habent
1384 784 1451 826 se
1503 764 1568 826 in
1619 764 1819 825 Trini-

339 868 450 920 tate
483 878 498 921 :
531 862 682 941 quia
715 861 780 921 in
813 861 1116 923 Trinitate
1147 880 1274 925 non
1315 863 1547 925 habent.
1581 883 1718 924 esse
1753 862 1816 923 in

343 958 626 1037 potentia,
659 976 776 1019 nec
825 959 1097 1020 Trinitas
1140 970 1234 1021 est
1280 960 1344 1021 in
1388 961 1480 1021 eis
1524 960 1687 1021 sicut
1732 968 1819 1021 to-

339 1063 460 1115 tum
489 1055 554 1116 in
587 1055 912 1137 partibus;
945 1056 1056 1117 sed
1098 1056 1308 1138 potius
1339 1057 1640 1137 quaelibet
1683 1076 1818 1138 per-

337 1170 474 1213 sona
503 1151 794 1215 subsistit
826 1152 890 1215 in
922 1172 1012 1229 se,
1047 1163 1106 1215 et
1144 1154 1588 1235 significantur
1621 1154 1818 1216 nomi-

335 1269 406 1311 ne
447 1251 766 1313 Trinitatis
815 1252 981 1314 sicut
1032 1253 1224 1314 simul
1273 1254 1635 1335 suppositae.
1671 1253 1816 1315 Ideo

337 1347 618 1427 quaelibet
661 1367 774 1432 per
813 1369 880 1411 se
921 1358 1178 1432 sumpta
1219 1359 1582 1413 removetur
1622 1370 1658 1412 a
1689 1351 1818 1413 Tri-

335 1445 538 1521 nitate,
571 1455 633 1508 et
663 1465 1011 1510 econverso
1047 1467 1060 1510 :
1095 1449 1245 1531 quia
1274 1450 1444 1530 quod
1479 1450 1658 1511 Pater
1688 1469 1812 1512 non

335 1551 418 1603 est
465 1552 592 1605 tota
634 1545 928 1617 Trinitas,
964 1546 1084 1607 hoc
1125 1564 1250 1607 non
1297 1546 1564 1628 impedit
1609 1547 1815 1610 unitas

335 1640 668 1714 TrinitatiS,
702 1645 812 1705 sed
865 1644 1194 1725 pluralitas
1246 1663 1660 1725 personarum
1714 1664 1818 1708 no-

337 1741 492 1802 mine
541 1741 864 1804 Trinitatis
915 1742 1291 1822 significata.
1334 1780 1414 1789 -—
1453 1744 1546 1805 Ad
1597 1764 1818 1806 secun-

1927 764 2216 845 sequitur
2246 764 2413 845 quod
2456 763 2535 823 sit
2578 782 2721 844 pars
2753 763 3075 825 Trinitatis
3111 780 3124 823 :
3161 762 3289 823 imo
3326 779 3420 823 so-

1929 864 2133 923 lutum
2186 870 2302 932 est,
2336 862 2486 943 quia
2534 862 2703 943 quod
2754 862 2931 923 Pater
2978 878 3103 923 non
3148 868 3243 921 est
3294 868 3421 929 tota

1925 960 2221 1033 TrinitaS,
2270 979 2393 1022 non
2450 959 2717 1041 impedit
2765 960 3025 1021 'ternitas
3075 958 3418 1032 Trinitatis,

1927 1060 2036 1121 sed
2081 1058 2410 1140 pluralitas
2453 1077 2866 1139 personarum
2902 1075 2916 1119 :
2954 1057 3093 1119 ideo
3136 1057 3425 1139 sequitur

1927 1159 2095 1238 quod
2138 1159 2317 1219 Pater
2358 1176 2482 1219 non
2524 1165 2618 1219 est
2661 1164 2750 1219 tot
2791 1174 3074 1238 personae
3120 1164 3188 1216 ut.
3228 1155 3427 1216 Trini-

1932 1264 2047 1330 taS,
2095 1257 2205 1317 sed
2250 1265 2345 1317 est
2390 1275 2515 1317 una
2557 1256 2601 1317 T
2608 1256 2879 1317 rinitatis
2924 1273 3210 1336 persona.

2011 1355 2098 1415 Ex
2151 1355 2250 1416 his
2304 1354 2661 1427 innotescit,
2696 1354 2864 1435 quod
2910 1353 2975 1413 in
3019 1353 3253 1414 divinis
3298 1372 3423 1415 non

1927 1461 2022 1514 cst
2068 1453 2448 1525 universale,
2482 1453 3019 1535 quemadmodum
3065 1460 3127 1513 et
3170 1452 3422 1513 Boetius

1929 1559 2331 1632 protestatur.
2390 1551 2454 1612 ld
2514 1551 2685 1611 enim
2738 1551 2801 1611 in
2850 1568 2977 1632 quo
3026 1557 3122 1612 est
3177 1549 3424 1611 univer-

1927 1650 2078 1721 sale,
2114 1648 2303 1710 habet
2335 1650 2400 1710 in
2433 1668 2499 1709 se
2532 1652 2705 1727 quod
2734 1659 2823 1709 est
2855 1656 2915 1711 et
2947 1670 3071 1728 quo
3101 1648 3417 1711 distincta.

1929 1747 2293 1809 Universale
2339 1765 2591 1828 quoque
2640 1746 2905 1829 requirit
2946 1746 3421 1810 multitudinem

337 1840 496 1912 dum,
529 1841 808 1902 concedo
849 1841 1018 1923 quod
1058 1842 1183 1904 duo
1224 1850 1372 1904 sunt
1412 1843 1626 1923 plures
1667 1861 1812 1917 unc,
1853 1850 1900 1911 Β
1929 1852 2075 1907 actu
2112 1853 2221 1907 aut.
2263 1847 2566 1929 potentia,
2600 1866 2741 1927 quae
2780 1864 2904 1908 non
2947 1847 3242 1909 convenit
3273 1847 3418 1909 De0.

336 1944 392 1996 et.
419 1944 540 1999 tres
570 1946 720 2001 sunt
753 1938 968 2021 plures
1001 1939 1250 2001 duobus
1285 1956 1299 2001 ε
1336 1940 1476 2001 ideo
1507 1941 1647 2003 duae
1681 1960 1819 2022 per-

337 2052 492 2098 sonae
529 2043 678 2098 sunt
719 2037 934 2119 plures
975 2056 1168 2119 quam
1209 2057 1356 2111 una,
1391 2047 1454 2099 et
1496 2047 1624 2101 tres
1670 2047 1818 2100 sunt

340 2133 540 2213 plures
607 2154 800 2216 quam
870 2136 1031 2208 duae,
1099 2144 1162 2196 et
1230 2156 1570 2198 numerum
1635 2137 1816 2198 illum

337 2240 518 2310 agunt
563 2232 937 2312 relationes;
974 2252 1098 2294 una
1138 2242 1349 2297 tamen
1391 2252 1661 2315 persona
1692 2252 1817 2297 non

337 2337 424 2388 est
464 2348 607 2410 pars
647 2331 939 2403 duarum,
972 2350 1089 2392 nec
1138 2332 1346 2394 unitas
1389 2331 1494 2393 illa
1537 2342 1634 2394 est
1675 2352 1818 2415 pars

336 2427 596 2508 alicujus
645 2428 894 2490 binarii.
941 2430 1156 2492 Unitas
1209 2449 1484 2513 namque
1536 2450 1818 2513 personae

341 2534 399 2585 ut
443 2536 534 2588 θεῖ
593 2546 884 2609 persona,
933 2547 1058 2591 non
1112 2538 1208 2591 est
1258 2530 1472 2591 divina
1520 2532 1815 2605 essentia,

337 2644 464 2705 quae
504 2644 630 2687 non
672 2627 1006 2708 distinguit
1047 2646 1350 2708 personas
1393 2628 1472 2689 ab
1514 2628 1816 2703 invicem,

339 2723 454 2784 imo
483 2725 694 2805 potius
739 2724 876 2787 unit
914 2744 1056 2805 eas3
1089 2727 1201 2788 sed
1243 2734 1338 2788 est
1381 2726 1552 2788 notio
1583 2746 1694 2789 seu
1729 2746 1820 2789 re-

339 2821 474 2884 latio
516 2822 580 2883 in
613 2823 846 2885 divinis
886 2824 1306 2904 distinguenS.
1343 2825 1418 2886 Et
1457 2823 1607 2887 facit
1645 2825 1819 2887 notio

339 2919 446 2981 ista
489 2930 598 2982 aut
651 2921 757 2982 illa
807 2922 1114 2984 unitatem
1167 2940 1472 3004 personae,
1517 2924 1817 3005 quoniam

1929 1944 2074 2005 Ideo
2131 1945 2407 2005 essentia
2466 1944 2681 2005 divina
2731 1963 2855 2006 non
2918 1946 3297 2026 praedicatur
3346 1946 3424 2007 de

1929 2043 2216 2124 personis
2250 2050 2319 2105 ut
2347 2044 2423 2104 de
2455 2043 2695 2105 multis.
2732 2044 3181 2106 Verumtamen
3216 2062 3426 2105 essen—

1927 2142 2015 2202 ·tia
2051 2150 2146 2202 est
2189 2140 2252 2202 in
2296 2142 2605 2222 personiS,
2640 2150 2703 2203 et
2748 2142 3126 2223 praedicatur
3167 2143 3244 2204 de
3289 2141 3423 2221 eis;

1928 2241 2037 2303 sed
2071 2257 2197 2302 non
2240 2240 2618 2321 praedicatur
2655 2242 2731 2302 de
2776 2240 2930 2322 ipsis
2961 2248 3029 2302 ut
3059 2242 3135 2303 de
3180 2242 3419 2315 multiS‚

1928 2358 2044 2400 nec
2075 2347 2170 2399 est
2206 2339 2269 2401 in
2299 2340 2391 2400 eis
2426 2346 2494 2399 ut
2525 2340 2589 2400 in
2630 2339 2873 2413 multiS,
2908 2357 2982 2401 eo
3013 2339 3180 2421 quod
3215 2357 3425 2421 perso-

1928 2457 2024 2499 nae
2067 2437 2491 2500 essentialiter
2534 2438 2702 2499 idem
2754 2438 2900 2499 sint.

2009 2535 2070 2597 Si
2107 2555 2326 2597 rursus
2357 2535 2501 2616 quis
2536 2536 2746 2609 instet,
2782 2536 2932 2618 quia
2969 2536 3033 2598 in
3064 2534 3297 2598 divinis
3328 2544 3424 2597 est.

1928 2633 2464 2695 communicabile
2496 2642 2555 2695 et
2600 2634 3224 2707 incommunicabile,
3259 2634 3425 2695 scili-

1929 2738 2028 2793 cet
2077 2732 2353 2793 essentia
2400 2742 2457 2793 et
2512 2750 2783 2813 persona
2818 2750 2830 2793 :
2865 2750 3014 2812 ergo
3067 2732 3424 2794 universale

1929 2838 1990 2891 et
2023 2829 2423 2911 particulare.
2448 2830 2522 2891 Et
2552 2831 2605 2891 si
2639 2849 2765 2893 non
2798 2831 3427 2913 sequitur‚quaeritur

1930 2946 2138 2989 causa.
2172 2964 2255 2973 —
2283 2929 2815 3009 Respondendum
2862 2931 3029 3011 quod
3076 2929 3427 2991 communi-

337 3018 478 3080 l’acit
509 3039 844 3101 personam
877 3021 942 3082 in
973 3040 1040 3083 se
1072 3021 1210 3102 ipsa
1251 3022 1596 3085 consistere
1627 3030 1816 3104 atque
1857 3027 1900 3089 C
1931 3026 2219 3089 cabilitas
2261 3027 2495 3108 duplex
2535 3035 2648 3088 est.
2696 3028 2827 3089 Una
2866 3028 3001 3089 sine
3049 3027 3428 3109 multiplica-

335 3117 409 3180 ab
435 3118 574 3180 aliis
603 3138 742 3182 esse
773 3118 1140 3182 distinctam
1167 3139 1180 3181 ε
1209 3120 1348 3183 ideo
1384 3120 1516 3184 haec
1551 3140 1820 3204 persona

335 3225 392 3277 et
439 3218 564 3291 illa,
599 3226 748 3279 sunt
791 3219 932 3281 duae
976 3236 1262 3300 personae
1309 3238 1574 3282 numero
1623 3221 1821 3282 notio-

334 3336 497 3378 num.
553 3317 674 3379 Sed
723 3318 1026 3398 quoniam
1077 3318 1251 3380 notio
1306 3336 1432 3380 non
1484 3318 1820 3399 distinguit

335 3433 657 3495 personam
707 3434 744 3476 a
788 3433 1056 3497 persona
1101 3418 1544 3492 essentialiter,
1581 3418 1819 3479 idcirco

335 3531 449 3575 non
499 3513 652 3576 facit
702 3514 1132 3596 pluralitatem
1182 3516 1564 3597 simpliciter
1614 3534 1627 3577 :
1679 3516 1821 3579 ideo

335 3630 442 3673 nec
480 3612 860 3702 simpliciter
903 3611 1058 3674 facit
1096 3612 1415 3676 binarium
1457 3633 1663 3695 neque
1705 3623 1824 3676 ter-

338 3709 592 3772 narium.
614 3710 914 3784 Quamvis
947 3710 1139 3791 igitur
1170 3710 1234 3772 in
1267 3711 1502 3774 divinis
1535 3713 1822 3795 personis

337 3817 474 3870 sunt
521 3810 662 3872 duae
705 3826 1015 3891 personae,
1060 3827 1185 3871 non
1233 3817 1443 3872 tamen
1495 3811 1819 3891 binarius;

336 3912 390 3965 et
423 3906 566 3968 licet
605 3906 686 3968 sit
719 3906 808 3968 ibi
851 3906 1180 3988 pluralitas
1222 3926 1660 3989 personarum,
1696 3927 1822 3971 non

335 4011 538 4066 tamen
581 4005 942 4067 multitudo.
979 4006 1137 4067 Hinc
1178 4007 1656 4069 concedendum
1695 4025 1821 4070 non

339 4109 502 4181 puto,
535 4104 705 4185 quod
751 4103 816 4164 in
858 4103 1092 4165 divinis
1135 4123 1334 4166 unum
1375 4105 1456 4166 sit
1498 4124 1642 4187 pars
1674 4106 1824 4168 duo-

1933 3125 2100 3187 tione
2141 3134 2204 3188 et
2247 3126 2557 3188 divisione
2604 3126 2743 3206 ejus
2788 3127 2957 3208 quod
3004 3127 3428 3189 communica-

1933 3232 2054 3297 tur,
2093 3225 2177 3285 ita
2219 3224 2387 3306 quod
2428 3234 2640 3285 manet
2684 3225 2851 3286 idem
2884 3243 3172 3299 numer0,
3207 3225 3426 3308 sicque

1932 3322 2146 3384 divina
2177 3330 2401 3383 natura
2432 3321 2985 3384 communicabilis
3017 3324 3422 3404 perhibetur:

1931 3440 2072 3500 quae
2135 3421 2630 3482 communicatio
2679 3421 2755 3482 ad
2812 3419 3122 3482 rationem
3178 3421 3428 3482 univer-

1931 3517 2080 3579 salis
2141 3537 2269 3580 non
2330 3516 2597 3592 sufficit,
2652 3537 2769 3580 nec
2828 3518 3135 3599 competit
3184 3516 3427 3580 naturis

1932 3615 2178 3677 creatis.
2214 3615 2352 3676 Alia
2395 3623 2490 3676 est
2536 3616 3016 3678 communicatio
3056 3625 3296 3678 naturae
3336 3635 3429 3678 se-

1933 3715 2214 3776 eundum
2275 3733 2413 3776 esse
2472 3714 2884 3788 abstractum,
2948 3735 3089 3797 quae
3147 3731 3428 3776 commu-

1934 3811 2185 3872 nicatur
2244 3830 2357 3893 per
2405 3811 2505 3873 sui
2565 3812 2971 3894 partitionem
3025 3813 3090 3874 in
3138 3811 3237 3874 his
3292 3811 3429 3894 qui-

1934 3911 2052 3973 bus
2087 3911 2617 3986 communicatur,
2646 3930 2787 3992 quae
2818 3910 3196 3992 simpliciter
3226 3912 3427 3972 multa

1933 4019 2101 4084 sunt,
2137 4010 2200 4071 in
2233 4010 2468 4092 quibus
2510 4018 2606 4072 est
2646 4016 2869 4070 natura
2910 4029 3034 4071 una
3073 4010 3425 4071 secundum

1934 4109 2238 4170 rationem
2293 4126 2306 4170 :
2355 4129 2496 4190 quae
2545 4107 3161 4170 communicabilitas
3212 4117 3427 4170 causat

337 4219 470 4262 rum
511 4202 703 4263 etiam
746 4201 1042 4271 discreta,
1081 4202 1246 4263 sicut
1289 4202 1496 4264 unitas
1538 4211 1633 4264 est
1678 4223 1822 4284 pars
1854 4210 1903 4271 D
1933 4207 2242 4269 rationem
2297 4207 2674 4268 universalis
2723 4215 2783 4269 et
2833 4206 3257 4288 particulariS‚
3310 4227 3426 4270 nec

335 4297 556 4361 binarii
585 4301 718 4361 sive
751 4299 1040 4379 ternarii3
1064 4301 1174 4362 sed
1205 4301 1480 4362 concedo
1507 4302 1671 4382 quod
1703 4321 1826 4362 una

337 4416 598 4476 persona
645 4417 772 4460 non
813 4405 909 4460 est
953 4407 1044 4460 tot
1087 4417 1373 4480 personae
1418 4405 1486 4459 ut
1535 4400 1674 4462 duee
1723 4399 1824 4460 vel

337 4503 452 4558 tres
499 4515 805 4578 personae,
841 4516 958 4558 nec
1000 4504 1127 4558 tres
1169 4516 1456 4579 personae
1503 4504 1650 4559 sunt
1695 4505 1821 4558 tam

337 4613 546 4673 paucae
597 4603 664 4656 ut
715 4614 842 4656 una
877 4612 890 4656 ε
925 4595 1225 4677 quoniam
1276 4615 1580 4657 numerus
1631 4614 1821 4677 quem

339 4693 479 4755 facit
521 4694 698 4756 notio
743 4693 807 4754 in
851 4693 1108 4768 divinis,
1142 4712 1268 4756 non
1313 4703 1409 4756 est
1448 4695 1826 4776 simpliciter

341 4811 659 4866 numerus,
694 4800 764 4853 ut
797 4790 961 4853 infra
992 4793 1256 4853 dicetur.
1281 4828 1362 4836 —
1383 4792 1538 4854 Hinc
1571 4811 1824 4874 quoque

340 4890 672 4953 dicendum
707 4891 876 4972 quod
917 4890 1096 4952 Pater
1127 4909 1250 4952 non
1293 4898 1388 4952 est
1427 4890 1667 4972 aliquid
1699 4891 1826 4952 Tri-

343 4989 572 5063 nitatis,
605 4989 756 5071 quia
796 4989 857 5070 ly
894 4989 1136 5071 aliquid
1183 4997 1358 5051 notat
1397 4989 1819 5070 partitionem.

343 5088 399 5148 Si
447 5107 594 5152 vero
637 5090 730 5150 sic
775 5096 1186 5171 proponatur,
1225 5090 1402 5151 Pater
1451 5095 1547 5149 est
1595 5087 1825 5169 aliquis

343 5186 678 5264 Trinitatis,
729 5196 793 5250 et
841 5207 966 5250 non
1015 5196 1110 5249 est
1159 5187 1430 5249 Trinitas
1480 5193 1628 5260 tota,
1678 5205 1826 5267 ergo

342 5297 430 5348 est
479 5307 624 5370 pars
676 5288 848 5350 illius
901 5307 914 5348 :
968 5288 1332 5362 dicendum,
1384 5287 1554 5369 quod
1602 5306 1824 5348 verum

1934 4306 2231 4366 convenit
2274 4305 2528 4366 divinis.
2564 4341 2643 4350 —
2686 4306 2827 4367 Haec
2870 4305 3186 4367 AlbertuS.

2015 4403 2363 4465 Concordat
2413 4403 2761 4475 UdalricuS,
2809 4403 2975 4464 inter
3024 4410 3233 4464 cetera
3280 4403 3429 4466 scri-

1934 4501 2090 4563 bens
2126 4519 2139 4562 :
2174 4503 2350 4575 Quod
2398 4502 2631 4564 divinae
2676 4519 2959 4582 personae
3006 4520 3133 4564 non
3174 4511 3321 4565 sunt
3364 4504 3424 4564 in

1933 4600 2148 4662 divina
2191 4599 2463 4662 essentia
2508 4599 2671 4661 sicut.
2722 4610 2929 4683 partes
2980 4601 3042 4662 in
3095 4608 3224 4664 toto
3274 4602 3425 4664 inte-

1933 4699 2113 4778 grali,
2150 4698 2374 4779 probat
2408 4698 2797 4779 Augustinus
2840 4699 2903 4760 in
2945 4699 3109 4761 libro
3148 4701 3427 4762 seeundo

1934 4805 2152 4859 contra
2183 4797 2613 4859 Maximinum.
2650 4797 3073 4880 Quaecumque
3110 4805 3257 4860 sunt
3303 4819 3427 4861 una

1933 4896 2228 4968 essentia,
2262 4914 2389 4957 non
2432 4903 2581 4956 sunt
2625 4903 2831 4977 partes
2878 4896 3212 4977 integrales
3259 4896 3427 4977 ejus-

1934 4995 2077 5055 dem
2130 4995 2370 5057 totius:
2408 5001 2617 5075 partes
2667 4995 2903 5056 etenim
2956 4995 3291 5075 integrales
3342 4995 3421 5056 ab

1937 5091 2211 5152 invicem
2271 5090 2689 5152 essentialiter
2746 5091 3241 5170 distinguuntur.
3302 5091 3422 5153 Sed

1935 5189 2166 5251 divinae
2200 5206 2482 5270 personze
2512 5196 2659 5249 sunt
2692 5207 2816 5248 una
2844 5188 3136 5261 essentia,
3165 5196 3227 5250 ct
3257 5209 3425 5271 quae-

1934 5287 2090 5350 libet
2147 5305 2368 5349 earum
2425 5293 2522 5347 est
2578 5292 2707 5348 tota
2766 5285 3056 5348 essentia.
3118 5286 3423 5352 Similiter
