4359 6250
833 461 955 528 490

1732 486 1906 534 UBER
1947 487 1967 532 1
2009 486 2491 535 SENTENTlARuu.
2537 507 2619 519 —
2658 490 2811 535 msT.
2856 491 3048 538 xxxlx

833 661 900 714 et
927 651 1070 716 fieri
1112 664 1400 737 possunt,
1433 657 1568 721 sive
1606 656 1768 720 fient
1804 659 1938 720 sive
1978 676 2104 722 non
2147 659 2328 735 fient,
2363 661 2413 722 A
2444 678 2569 725 non
2613 662 2937 743 cognoscit
2980 663 3328 745 singularia
3368 664 3837 747 particulariter
3880 673 3951 728 et

837 752 1157 833 cognoscit
1189 753 1253 817 in
1289 757 1570 838 potentia
1608 775 1812 820 causae
1852 777 1962 819 seu
2003 767 2327 832 creatura»,

834 851 1186 932 praesertim
1227 854 1581 916 secundum
1621 855 1790 937 quod
1824 874 1898 917 ea
1929 875 2069 937 quae
2101 857 2333 919 virtua-

833 948 980 1011 liter
1023 949 1087 1012 in
1129 970 1244 1014 sua
1285 953 1746 1034 omnipotentia
1792 955 2221 1030 continentur,
2266 957 2329 1018 in

833 1048 1186 1112 rationibus
1234 1051 1519 1114 relucent
1567 1053 1839 1116 aeternis.
1873 1090 1954 1100 —-
1997 1054 2331 1135 Cognoscit

789 1229 792 1232 ῃ
833 1147 986 1210 item
1023 1150 1356 1213 actualiter
1397 1159 1586 1234 atque
1627 1152 1894 1214 scientia
1928 1153 2195 1215 visionis
2239 1153 2330 1215 in-

535 4264 700 4319 Aug.de
713 4264 803 4307 Tri-

535 4326 688 4373 nitate.
723 4327 798 4369 lib.

536 4402 607 4441 xv,
628 4402 672 4433 n.
691 4392 758 4433 22.

536 5090 628 5134 lbid
662 5104 704 5135 n.
730 5094 797 5135 23.

830 1245 1036 1322 finita,
1071 1249 1420 1329 praesertim
1467 1268 1666 1331 quum
1711 1251 2142 1332 cogitationeS,
2177 1251 2330 1314 affe-

832 1345 1096 1422 ctioneS,
1147 1347 1427 1410 actiones
1485 1356 1550 1410 et
1598 1357 1808 1412 motus
1869 1351 2215 1413 electorum
2266 1358 2331 1412 et

831 1444 1248 1526 reproborum
1281 1453 1422 1528 post
1450 1447 1620 1509 diem
1647 1447 1872 1527 judicii
1907 1449 1971 1510 in
2003 1448 2330 1514 infinitum

833 1543 1316 1624 multiplicanda
1357 1545 1681 1608 exsistant.
1726 1581 1802 1592 -
1845 1547 1988 1610 Haec
2032 1548 2322 1612 Thomas.

911 1642 998 1704 De
1043 1642 1300 1724 quibus,
1333 1662 1532 1725 quum
1575 1643 1945 1727 frequenter
1982 1648 2330 1728 praehabita

828 1739 978 1815 sint,
1013 1741 1202 1804 modo
1243 1750 1628 1824 pertranseo.
1670 1744 1798 1806 Hoc
1838 1751 2047 1807 tamen
2092 1746 2170 1808 de
2216 1766 2329 1829 po-

2441 757 2739 820 distincte
2780 768 3091 842 quantum
3130 760 3207 822 ad
3252 777 3475 824 omnes
3516 760 3949 825 individuales

2441 857 2857 931 conditione&
2916 858 3197 921 actiones
3258 866 3321 920 et
3378 859 3945 935 accidentalitateS‚

2438 955 2671 1036 adjicio
2714 957 2883 1038 quod
2930 957 3149 1038 opinio
3196 957 3318 1020 ista
3362 977 3490 1021 non
3539 960 3744 1022 solum
3796 979 3951 1024 con-

2438 1055 2630 1116 traria
2671 1063 2768 1117 est
2806 1055 3149 1138 Scripturis
3192 1064 3256 1118 et
3296 1057 3638 1139 Evangelio
3681 1059 3944 1132 Christi,

2438 1154 2547 1214 sed
2591 1153 2781 1216 etiam
2819 1153 3130 1217 Alcorano
3168 1156 3695 1238 documentisque
3736 1157 3950 1220 Maho-

2440 1252 2615 1325 meti,
2649 1252 2727 1314 de
2758 1253 2943 1332 cujus
2977 1253 3113 1334 lege
3141 1254 3333 1317 ambo
3364 1254 3459 1317 illi
3489 1254 3770 1318 fuerunt.
3806 1257 3948 1318 Imo

2438 1351 2491 1413 si
2549 1351 2715 1413 Deus
2774 1351 3071 1414 universa
3116 1359 3180 1414 et
3228 1353 3479 1436 singula
3534 1354 3950 1435 particularia

2436 1458 2633 1533 gesta,
2666 1450 2880 1523 verba,
2915 1451 3348 1532 cogitationeS,
3381 1451 3777 1528 affectioneS,
3812 1473 3950 1517 mo—

2438 1557 2562 1624 tus,
2595 1568 2849 1631 gressus
2893 1559 2957 1612 et
2999 1550 3429 1626 habitudineS,
3468 1551 3600 1616 imo
3641 1560 3705 1614 et
3744 1553 3947 1616 omis·

2437 1649 2648 1711 siones
2708 1649 3042 1713 hominum
3101 1650 3501 1730 singulorum
3560 1669 3687 1713 non
3746 1653 3946 1714 sciret

2438 1747 2832 1830 plenissime,
2865 1767 2993 1812 non
3034 1757 3249 1831 posset
3277 1748 3568 1811 omnium
3604 1749 3801 1831 judex
3842 1769 3944 1813 re-

829 1839 1058 1902 sitione
1109 1839 1218 1902 illa
1273 1858 1536 1904 erronea
1582 1841 1922 1907 Avicennae
1969 1851 2034 1906 et
2083 1845 2329 1908 insecu-
2362 1849 2409 1911 B
2438 1855 2929 1930 muneratorque
2970 1867 3109 1910 esse
3151 1865 3165 1909 :
3210 1847 3395 1928 cujus
3442 1849 3809 1930 oppositum
3848 1858 3945 1913 to-

829 1938 984 2001 toris
1027 1938 1126 2002 sui
1169 1939 1496 2021 AlgazeliS,
1541 1940 1891 2003 dicentium
1941 1945 2111 2024 quod
2161 1944 2325 2007 Deus
2438 1946 2557 2007 ties
2601 1944 2803 2008 fertur
2846 1947 2911 2008 in
2953 1946 3281 2010 AlcoranO.

1618 2324 2533 2440 DISTINCTIO
2657 2328 3154 2438 XXXIX

869 2646 951 2712 A.
993 2649 1254 2712 Utrum
1288 2649 1601 2712 scientia
1643 2649 1776 2710 Dei
1805 2648 2041 2722 possit
2077 2650 2345 2724 anyer-i
2380 2653 2493 2710 vel
2530 2651 2795 2724 minui,
2840 2654 2955 2712 vel
2992 2653 3243 2727 aliquo
3282 2656 3499 2715 modo
3540 2655 3831 2718 mutari
3858 2675 3890 2716 .-

1558 2766 1956 2842 utrumque
2007 2767 2207 2828 enim
2258 2766 2553 2828 videtur
2592 2781 2808 2840 posse
2852 2770 3193 2841 probari.

1094 3097 1222 3161 que
1279 3079 1458 3143 enim
1513 3079 1772 3143 videtur
1825 3096 2021 3161 posse
2076 3077 2361 3160 probari.
2418 3078 2609 3153 Quod
2665 3079 2891 3143 divina
2944 3079 3219 3143 scientia
3278 3080 3490 3161 possit
3544 3081 3767 3163 augeri
3824 3083 3937 3147 vel

1093 3197 1360 3277 mutari,
1393 3197 1518 3259 hoc
1555 3196 1752 3259 modo
1790 3194 2105 3277 probatur
2138 3215 2151 3255 :
2188 3195 2344 3275 quia
2381 3196 2597 3277 potest
2626 3198 2807 3260 Deus
2844 3196 3010 3260 scire
3043 3197 3222 3277 quod
3254 3215 3594 3277 nunquam
3630 3198 3775 3261 scit.
3810 3200 3939 3263 Est

828 3315 1004 3378 enim
1035 3313 1276 3394 aliquis
1305 3314 1420 3393 qui
1457 3330 1590 3375 non
1627 3312 1727 3375 est
1762 3312 2050 3375 lecturus
2087 3312 2307 3392 hodie,
2344 3312 2407 3375 et
2445 3313 2661 3376 tamen
2692 3314 2911 3395 potest
2948 3331 3091 3377 esse
3128 3315 3203 3376 'ut
3230 3314 3403 3393 legat
3438 3314 3635 3379 hodie
3670 3334 3683 3375 :
3714 3316 3941 3397 potaet

828 3431 1008 3494 enim
1061 3431 1258 3495 hodie
1304 3430 1539 3511 legere.
1581 3429 1765 3493 Nihil
1816 3430 2033 3492 autem
2084 3430 2303 3510 potest
2352 3429 2493 3493 fieri
2540 3429 2717 3509 quod
2771 3447 2903 3492 non
2952 3430 3163 3509 possit
3199 3446 3241 3492 a
3274 3430 3413 3493 Deo
3462 3429 3615 3493 sciri
3658 3451 3674 3492 :
3714 3434 3940 3513 potest

827 3565 982 3629 ergo
1030 3549 1211 3612 Deus
1260 3547 1427 3610 scire
1473 3547 1648 3609 hunc
1699 3546 2020 3609 lecturum
2065 3545 2283 3609 hodie.
2318 3546 2545 3609 Potest
2591 3562 2743 3625 ergo
2800 3545 3054 3626 aliquid
3100 3563 3139 3609 a
3184 3547 3322 3609 Deo
3374 3546 3526 3609 sciri
3578 3548 3757 3628 quod
3796 3566 3937 3611 non

826 3664 952 3727 scit
985 3685 1000 3725 :
1035 3682 1188 3745 ergo
1227 3664 1443 3745 potest
1490 3662 1634 3743 ejus
1677 3662 1949 3725 scientia
1999 3663 2223 3743 augeri
2264 3662 2366 3725 vel
2414 3661 2677 3723 mutari.
2718 3662 3100 3742 Eademque
3141 3661 3400 3725 videtur
3451 3679 3645 3743 posse
3690 3663 3932 3727 minui.

825 3783 946 3845 Est
984 3782 1156 3845 enim
1209 3780 1450 3861 aliquis
1497 3780 1692 3843 hodie
1738 3780 2048 3859 lecturuS,
2091 3797 2289 3859 quem
2336 3780 2517 3841 Deus
2568 3779 2693 3841 scit
2738 3778 3084 3842 lecturum.
3118 3778 3206 3841 At
3242 3780 3460 3859 potest
3508 3797 3651 3843 esse
3688 3781 3763 3842 ut
3798 3798 3937 3845 non

828 3899 1048 3979 legat:
1093 3916 1246 3979 ergo
1293 3897 1511 3978 potest
1554 3897 1734 3961 Deus
1783 3913 1914 3958 non
1963 3896 2130 3958 scire
2175 3896 2353 3958 hunc
2404 3894 2753 3959 lecturum.
2794 3895 3023 3958 Potest
3072 3912 3224 3976 ergo
3282 3912 3413 3959 non
3460 3896 3629 3960 scire
3678 3896 3937 3979 aliquid

827 4015 1008 4097 quod
1054 4015 1178 4077 scit
1219 4034 1234 4076 :
1278 4031 1431 4094 ergo
1479 4015 1694 4095 potest
1739 4012 1953 4076 minui
2003 4012 2146 4093 ejus
2194 4010 2468 4075 scientia
2515 4011 2619 4074 vel
2666 4011 2931 4073 mutari.

963 4130 1068 4193 Ad
1103 4130 1282 4210 quod
1325 4130 1630 4209 (1161111113,
1673 4130 1828 4209 quia
1863 4128 1984 4191 Dei
2025 4127 2299 4191 scientia
2341 4127 2609 4189 omnino
2660 4126 3095 4189 immutabilis
3142 4129 3263 4207 est,
3296 4144 3414 4190 nec
3450 4129 3675 4209 augeri
3714 4132 3939 4211 potest

830 4247 932 4311 vel
971 4248 1206 4309 minui.
1248 4247 1420 4310 Nam
1458 4247 1532 4309 ut
1568 4247 1658 4309 ait
1696 4245 2108 4326 Augustinus
2146 4245 2215 4306 in
2254 4243 2744 4325 quintodecimo
2791 4241 2957 4305 libro
2996 4243 3076 4306 de
3104 4242 3445 4323 Trinitate,
3484 4244 3770 4309 Scientia
3805 4248 3933 4311 Dei

830 4366 929 4429 est
976 4364 1120 4444 ipsa
1155 4364 1498 4444 sapientia,
1533 4364 1599 4426 et
1644 4362 1966 4444 sapientia
2004 4364 2103 4425 est
2149 4363 2293 4442 ipsa
2330 4362 2613 4425 essentia
2650 4360 2790 4423 sive
2828 4360 3193 4423 substantia
3235 4362 3358 4424 Dei
3401 4381 3416 4422 :
3450 4362 3607 4443 quia
3644 4364 3711 4427 in
3749 4365 3937 4431 illius

828 4482 1080 4544 naturae
1109 4479 1531 4560 simplicitate
1563 4479 1847 4542 mirabili
1877 4496 2010 4542 non
2049 4481 2148 4542 est
2184 4478 2361 4541 aliud
2393 4494 2619 4558 sapere
2650 4476 2715 4540 et
2744 4476 2923 4540 aliud
2962 4494 3140 4558 esse3
3180 4478 3296 4541 sed
3333 4478 3508 4559 quod
3548 4482 3647 4544 est
3674 4500 3931 4564 sapere,

829 4600 954 4662 hoc
1005 4598 1105 4661 est
1151 4597 1216 4659 et
1263 4614 1427 4659 esse.
1471 4596 1756 4675 Ideoque
1805 4596 1992 4657 novit
2037 4596 2261 4657 omnia
2308 4592 2602 4657 Verbum
2650 4610 2797 4673 quae
2845 4594 3034 4655 novit
3078 4593 3293 4657 Pater.
3336 4596 3465 4659 Sed
3512 4597 3572 4659 ei
3618 4614 3813 4662 nosse
3850 4599 3936 4663 de

828 4717 1022 4779 Patre
1059 4716 1180 4795 est,
1215 4714 1386 4776 sicut
1415 4730 1557 4777 esse
1591 4733 1606 4773 ε
1640 4730 1832 4777 116336
1870 4713 2048 4775 6111111
2083 4713 2148 4775 61
2186 4729 2328 4776 6336
2365 4709 2457 4773 ibi
2488 4727 2698 4773 unum
2738 4712 2857 4773 est.
2892 4712 2976 4773 Et
3013 4711 3160 4774 ideo
3198 4711 3379 4775 Patri
3416 4714 3759 4779 3161116336
3796 4734 3935 4780 11611

827 4836 927 4899 631
962 4852 1001 4897 a
1037 4832 1233 4913 Filio,
1276 4831 1368 4893 ita
1404 4848 1524 4894 nec
1559 4847 1776 4892 nosse.
1811 4829 2094 4893 Proinde
2137 4832 2449 4910 tanquam
2490 4846 2559 4891 se
2598 4828 2820 4909 ipsum
2858 4829 3105 4909 dicenS,
3138 4828 3335 4893 Pater
3369 4832 3597 4911 genuit
3634 4832 3931 4897 Verbum

826 4951 952 5017 sibi
991 4948 1323 5030 coaequale
1352 4966 1470 5030 per
1499 4946 1742 5010 omnia.
1775 4948 1925 5011 Non
1955 4947 2132 5009 enim
2171 4964 2243 5010 se
2271 4947 2488 5027 ipsum
2531 4946 2778 5027 integre
2806 4945 3221 5027 perfecteque
3258 4946 3557 5029 dixisset,
3590 4950 3648 5012 si
3676 4948 3933 5031 aliquid

827 5070 1050 5133 minus
1096 5068 1211 5129 aut
1257 5066 1545 5147 amplius
1591 5064 1762 5128 esset
1813 5064 1880 5126 in
1929 5064 2074 5145 ejus
2119 5063 2336 5128 Verbo
2390 5080 2590 5143 quam
2647 5063 2715 5125 in
2772 5080 2842 5125 se
2895 5062 3063 5143 ipso.
3104 5062 3249 5126 Hoc
3296 5064 3396 5127 est
3446 5082 3601 5146 ergo
3658 5067 3931 5131 omnino

825 5184 1142 5264 Verbum,
1176 5184 1355 5263 quod
1382 5182 1577 5246 Pater
1611 5202 1625 5243 :
1666 5198 1800 5245 non
1838 5183 2057 5245 tamen
2097 5182 2197 5245 est
2232 5181 2448 5261 Pater,
2490 5180 2647 5262 quia
2684 5180 2809 5244 iste
2846 5179 3080 5261 Filius,
3108 5180 3219 5245 ille
3256 5180 3473 5246 Pater.
3507 5182 3738 5246 Sciunt
3773 5201 3933 5266 ergo

827 5319 896 5367 se
945 5300 1229 5363 invicem
1276 5299 1470 5362 Pater
1518 5299 1582 5362 et
1618 5298 1866 5380 Filius3
1919 5298 2036 5362 sed
2083 5297 2194 5362 ille
2231 5297 2581 5379 gignendO,
2622 5298 2746 5361 iste
2793 5296 3143 5361 nascendo.
3184 5298 3267 5360 Et
3305 5299 3528 5362 omnia
3574 5316 3723 5381 quae
3774 5304 3937 5365 sunt

833 2959 1506 3259 PRAETEREA
1536 2961 1742 3042 quaeri
1780 2961 1972 3040 solet,
2003 2962 2229 3024 utrum
2262 2961 2535 3025 scientia
2572 2963 2694 3026 Dei
2734 2963 2946 3043 possit
2982 2964 3207 3044 augeri
3236 2963 3341 3027 vel
3378 2963 3590 3027 minui
3626 2984 3641 3026 ε
3676 2966 3941 3030 utrum-
