4359 6250
870 492 955 538 AN
996 492 1061 537 IN
1102 493 1329 538 mvnvs
1373 491 1669 538 PONENDAE
1713 491 1847 538 SINT
1888 491 2202 536 RELATIVAE
2245 464 2710 550 PnormmATBS,
2749 491 2876 538 RTc.

3299 473 3420 538 2⁰5

348 659 564 742 quibus
626 661 895 742 intelligi
953 669 1301 744 nequeunt,
1360 661 1653 742 quamvis
1714 660 1822 722 illa
1850 661 1901 724 A
1932 661 2101 742 quod
2148 661 2239 723 ibi
2279 661 2360 723 sit
2399 661 2621 725 relatio
2656 662 2780 724 alia
2815 669 3004 743 atque
3045 659 3414 742 proprietas

138 775 309 826 nm
350 774 459 818 non
496 759 625 819 sint
660 759 739 820 de
774 758 1095 840 ipsorum*
1126 759 1419 820 essentia.
1454 795 1535 804 —
1564 759 1639 820 Et
1673 759 1823 840 quia

347 860 425 915 ad
456 859 717 935 aliquid
754 858 960 939 primo
1004 858 1191 919 modo
1240 857 1394 919 dicit
1437 876 1573 918 esse
1616 876 1824 939 respe-

345 961 469 1014 ctus
502 962 872 1017 concretum
912 974 1059 1018 cum
1097 955 1409 1035 subjecto,
1442 955 1702 1037 quidam
1733 955 1823 1016 di-

342 1059 554 1112 xerunt
591 1051 927 1115 relationes
969 1053 1035 1115 in
1074 1053 1310 1114 divinis
1352 1071 1479 1115 non
1517 1070 1657 1115 esse
1696 1053 1820 1115 nisi

340 1149 677 1211 secundum
707 1152 876 1232 quod
918 1159 1065 1213 sunt
1097 1153 1253 1233 ipsae
1284 1169 1590 1232 personae,
1623 1159 1686 1212 et
1714 1169 1819 1212 eas

341 1247 397 1306 in
447 1247 763 1310 abstracto
810 1267 939 1311 non
997 1267 1137 1312 esse
1198 1247 1339 1310 nisi
1378 1249 1817 1330 expressiones

340 1363 605 1424 personae
648 1366 663 1410 t
708 1355 779 1409 ut
822 1349 877 1409 si
927 1348 1237 1421 dicamus,
1281 1349 1449 1427 Rogo
1491 1356 1664 1408 tuam
1716 1346 1821 1408 be-

291 1467 296 1474 ·
338 1443 716 1522 nignitatem,
762 1445 825 1507 id
868 1453 964 1508 est
1006 1453 1067 1508 te
1112 1445 1480 1526 benignum.
1525 1446 1818 1507 Attamen

338 1541 541 1603 dicunt
569 1543 741 1625 quod
772 1551 1115 1606 connotant
1146 1543 1659 1606 coexsistentiam
1692 1561 1823 1606 cor-

336 1639 747 1702 relativorum.
784 1641 929 1703 ldeo
968 1659 1095 1704 non
1140 1641 1552 1703 intendebant
1590 1660 1818 1722 negare

336 1737 699 1818 simpliciter
754 1739 1088 1801 relationes
1146 1758 1285 1802 esse
1334 1739 1400 1801 in
1461 1739 1611 1812 Deo,
1663 1757 1817 1821 quo-

1931 759 2074 820 Haec
2117 759 2487 821 Alexander.

2012 858 2297 939 Denique
2331 859 2396 919 in
2435 858 2560 920 alia
2588 858 2937 941 quaestione
2978 855 3232 939 plenius
3270 855 3424 916 scri-

1931 954 2026 1017 bit
2070 956 2147 1018 de
2194 956 2314 1019 hoc
2359 977 2372 1020 ε
2415 957 2622 1029 Nulla,
2667 955 2986 1038 inquiens,
3031 954 3298 1016 intentio
3329 953 3422 1033 (id

1930 1063 2026 1116 est
2056 1054 2246 1135 ratio)
2274 1055 2548 1135 alicujus
2578 1054 2852 1135 generis,
2881 1073 2998 1116 nec
3027 1051 3421 1134 quantitatis,

1930 1170 2047 1212 nec
2079 1153 2424 1233 qualitatiS,
2450 1171 2568 1214 nec
2599 1161 2952 1214 ceterorum
2985 1160 3101 1225 est,
3125 1169 3266 1232 quae
3297 1167 3425 1212 non

1929 1250 2117 1311 addat
2146 1258 2256 1312 aut
2293 1251 2539 1312 minuat
2569 1252 2669 1312 vel
2711 1259 2914 1312 mutet
2946 1257 3239 1332 respectu
3277 1248 3424 1310 sub-

1930 1348 2198 1421 stantiae,
2244 1356 2469 1430 praeter
2517 1349 2906 1411 relationem.
2952 1348 3114 1429 Ergo
3156 1347 3289 1410 sola
3331 1346 3426 1408 in-

1930 1445 2129 1508 tentio
2172 1446 2494 1508 relationis
2544 1447 2748 1528 accipi
2797 1454 3005 1528 potest
3048 1446 3112 1508 in
3162 1443 3419 1506 divinis,

1930 1579 2010 1589 -—
2041 1546 2218 1616 Item,
2253 1549 2545 1626 utsupra
2583 1553 2910 1607 ostensum
2953 1554 3070 1620 est,
3107 1545 3169 1606 in
3207 1543 3424 1607 divino

1930 1659 2068 1703 esse
2130 1642 2489 1704 necessario
2547 1642 2808 1722 ponitur
2868 1651 3093 1704 natura
3150 1650 3213 1704 et
3271 1642 3424 1705 ordo

1932 1747 2171 1802 naturae
2220 1741 2573 1801 secundum
2623 1740 2930 1802 rationem
2980 1740 3260 1821 originis,
3313 1740 3426 1801 Ve-

335 1835 491 1896 niam
531 1838 895 1899 connotatio
934 1838 1077 1899 talis
1119 1857 1247 1899 non
1289 1846 1386 1899 est
1427 1838 1552 1900 nisi
1596 1857 1819 1899 secun·
1854 1835 1901 1897 B
1933 1856 2096 1912 rum,
2134 1848 2204 1900 ut
2233 1838 2458 1900 asserit
2487 1839 2902 1918 AugustinuS,
2935 1857 3135 1921 quum
3167 1838 3422 1913 dicitur,

336 1933 471 1994 dum
512 1935 684 2016 quod
730 1953 933 1997 unum
977 1935 1387 1998 relativorum
1440 1935 1819 2016 intelligitur

336 2031 393 2092 in
426 2031 585 2109 ali03
616 2031 728 2093 sed
768 2032 981 2094 verbis
1024 2033 1393 2115 impropriis
1434 2032 1603 2095 idem
1644 2034 1820 2095 dixe-

336 2138 487 2203 runt,
518 2131 673 2211 quia
718 2149 844 2193 non
890 2131 1015 2194 nisi
1062 2140 1308 2214 partem
1358 2133 1620 2196 rationis
1666 2131 1821 2194 rela-

333 2228 507 2290 tionis
551 2229 1134 2304 consideraverunt,
1180 2231 1479 2292 videlicet
1518 2238 1589 2292 ut
1629 2230 1820 2292 habet

334 2344 457 2388 esse
487 2327 553 2389 in
586 2327 898 2408 subjectO,
932 2336 997 2390 et
1026 2346 1153 2392 non
1195 2329 1461 2392 formale
1495 2327 1659 2410 ejus,
1692 2347 1820 2411 quo

335 2425 645 2488 relationis
674 2433 773 2488 est
803 2425 1025 2488 referri
1056 2427 1134 2488 ad
1165 2426 1457 2488 alterum.
1492 2462 1575 2472 -
1602 2427 1819 2508 Itaque

333 2523 539 2586 relatio
578 2525 934 2588 secundum
980 2526 1289 2588 rationem
1330 2533 1680 2607 respectuS,
1715 2542 1821 2607 po-

333 2622 447 2683 tius
492 2630 591 2684 est
638 2623 716 2684 ad
763 2622 1007 2704 aliquid
1055 2642 1250 2704 quam
1300 2623 1365 2684 in
1416 2623 1665 2705 aliqu03
1708 2623 1818 2685 sed

334 2721 673 2782 secundum
716 2739 857 2782 esse
900 2721 1000 2782 sui
1044 2729 1392 2802 respectuS‚
1432 2729 1530 2783 est
1573 2721 1639 2783 in
1682 2740 1822 2802 per-

334 2834 493 2890 sona,
538 2826 608 2879 et
652 2819 877 2880 transit
926 2819 990 2880 in
1041 2819 1484 2892 substantiam,
1539 2819 1819 2880 retinens

335 2921 533 2976 tamen
595 2933 775 2977 suam
838 2905 1288 2998 proprietatem
1340 2935 1377 2978 a
1435 2917 1818 2999 proprietate

1930 1937 2109 1998 Pater
2152 1945 2215 1998 et
2259 1936 2476 2010 Filius,
2517 1954 2644 1999 non
2688 1937 3006 1999 indicatur
3047 1937 3422 2010 substantia,

1930 2034 2039 2095 sed
2084 2034 2283 2114 origo,
2319 2033 2381 2095 id
2423 2042 2542 2106 est,
2587 2052 2714 2097 non
2757 2034 2911 2115 quid
2956 2033 3059 2108 sit,
3102 2036 3212 2097 sed
3257 2035 3425 2096 unde

1928 2131 2200 2213 quisque
2241 2131 2324 2193 sit
2362 2139 2472 2192 aut
2509 2149 2636 2194 non
2675 2132 2776 2193 sit.
2813 2131 2877 2194 Si
2915 2150 3066 2213 ergo
3109 2141 3428 2214 quaeratur

1928 2229 2127 2311 origo,
2165 2230 2344 2292 Pater
2373 2237 2471 2292 est
2510 2230 2676 2292 Deus
2715 2230 2794 2292 de
2834 2248 2959 2311 quo
2999 2230 3196 2292 Filius
3237 2233 3422 2306 DeuS,

1929 2327 2143 2390 nullus
2185 2346 2338 2390 vero
2377 2335 2473 2390 est
2511 2330 2676 2391 Deus
2717 2328 2794 2389 de
2833 2346 2960 2409 quo
2997 2329 3080 2390 sit
3116 2330 3313 2392 Pater.
3349 2329 3427 2391 Et

1927 2424 2062 2487 haec
2105 2426 2603 2506 propinquitatis
2647 2433 2796 2488 sunt
2835 2426 3116 2500 nomina,
3150 2444 3276 2489 non
3319 2446 3429 2489 na-

1927 2529 2085 2586 turae
2120 2540 2135 2584 :
2168 2523 2319 2585 hinc
2358 2522 2621 2585 relativa
2658 2524 2981 2598 dicuntur,
3015 2524 3149 2586 sive
3187 2527 3276 2584 ad
3305 2526 3428 2585 ali-

1927 2623 2110 2700 quid.
2174 2621 2578 2703 Relinquitur
2642 2621 2836 2702 igitur
2895 2622 3067 2703 quod
3123 2641 3270 2684 vere
3331 2630 3430 2685 est

1928 2737 2162 2801 ponere
2196 2720 2263 2782 in
2293 2720 2532 2782 divinis
2575 2720 2995 2783 intentionem
3025 2725 3114 2782 ad
3142 2723 3426 2801 aliquid,

1928 2818 2062 2880 sive
2109 2818 2453 2881 relationis.

2008 2916 2146 2979 Non
2206 2924 2422 2980 tamen
2482 2917 2703 2980 relatio
2763 2917 2872 2979 illa
2929 2917 3308 2999 intelligitur
3361 2925 3432 2980 ut

334 3012 691 3076 substantiae
720 3021 830 3074 aut
860 3012 1133 3093 subjecti
1165 3015 1550 3076 distinctam.
1578 3049 1653 3060 —
1674 3015 1819 3076 Haec
1854 3012 1896 3075 C
1928 3014 2222 3076 accidens
2287 3015 2455 3076 sicut
2512 3016 2578 3077 in
2638 3023 2943 3077 creatura.
3005 3017 3185 3079 Ratio
3247 3037 3430 3078 nam-

338 3109 672 3173 Udalricus.

404 3210 685 3290 AEgidius
747 3211 811 3272 in
876 3210 974 3271 his
1035 3211 1374 3273 concordat
1433 3212 1689 3273 Thomae
1748 3230 1821 3273 ac

334 3306 801 3381 Bonaventurae,
844 3317 907 3371 et
946 3327 1021 3370 ea
1062 3308 1340 3371 declarat
1389 3310 1631 3391 prolixe
1681 3330 1823 3392 quae

338 3404 423 3467 illi
463 3407 865 3469 succinctim.

409 3504 697 3585 Amplius
734 3505 1091 3567 Alexander
1125 3523 1139 3569 ε
1174 3505 1555 3587 SuppositiS,
1592 3506 1820 3587 inquit,

343 3602 569 3663 ratione
613 3611 676 3664 et
717 3602 941 3664 ordine
983 3604 1247 3683 originis
1293 3604 1357 3664 in
1402 3603 1638 3665 divinis
1689 3623 1826 3685 per-

340 3699 521 3773 sonis,
570 3718 835 3762 11666556
892 3708 989 3762 est
1038 3718 1271 3783 ponere
1326 3701 1524 3763 reales
1580 3702 1827 3765 relatio·

339 3814 441 3856 nes
489 3797 554 3859 in
609 3797 758 3860 Deo,
804 3797 1115 3861 Concesso
1173 3817 1447 3882 namque
1499 3801 1669 3882 quod
1720 3820 1828 3863 na-

340 3902 469 3956 tura
495 3896 715 3958 divina
752 3896 1061 3957 habeatur
1088 3897 1167 3958 ab
1197 3897 1434 3980 aliquo,
1470 3899 1827 3961 necessario

338 3996 613 4074 sequitur
655 3994 985 4057 distinctio
1028 3997 1379 4058 secundum
1429 3997 1823 4072 relationem,

339 4090 487 4153 nihil
539 4094 935 4156 detrahendo
994 4094 1389 4175 simplicitati
1448 4096 1681 4159 divinae
1735 4115 1829 4157 es-

1929 3132 2054 3196 que
2114 3112 2441 3176 relationis
2501 3121 2598 3176 est
2645 3114 2963 3189 accidens,
3016 3135 3158 3198 quae
3216 3134 3431 3179 conse-

1931 3212 2151 3294 quitur
2200 3213 2625 3276 substantiam
2673 3213 2890 3295 aliquo
2937 3214 3126 3277 modo
3175 3232 3434 3297 compo-

1932 3311 2142 3385 sitam,
2209 3311 2374 3373 sicut
2436 3312 2501 3372 in
2566 3311 2890 3374 creaturis.
2957 3312 3027 3373 In
3095 3312 3430 3395 principiis

1934 3428 2210 3490 namque
2257 3409 2648 3485 substantiae,
2692 3430 2834 3491 quae
2875 3417 3026 3472 sunt
3067 3412 3332 3473 materia
3371 3420 3435 3473 et

1935 3506 2161 3579 forma,
2206 3506 2641 3568 consideratur
2683 3508 2974 3588 quaedam
3023 3507 3244 3572 relatio
3291 3528 3434 3590 quae

1936 3622 2063 3667 non
2122 3612 2220 3666 est
2277 3604 2708 3679 accidentalis,
2763 3606 2890 3671 sed.
2931 3608 3361 3669 connaturalis
3416 3626 3430 3670 :

1937 3703 2104 3765 sicut
2172 3704 2236 3764 in
2308 3722 2446 3765 6556
2520 3704 2798 3767 materiae
2870 3704 3259 3785 coaccipitur
3323 3725 3432 3767 ra-

1938 3801 2027 3862 tio
2069 3801 2365 3884 quaedam·
2407 3802 2704 3883 potentiae
2733 3802 2932 3882 (unde
2975 3804 3239 3865 materia
3281 3804 3436 3866 dicit

1939 3900 2241 3981 possibile
2303 3900 2457 3981 quid
2514 3901 2592 3962 ad
2651 3899 2980 3981 formam);
3035 3901 3100 3963 in
3159 3902 3434 3964 essentia

1937 4016 2192 4079 quoque
2252 3997 2472 4061 formae
2531 3998 2920 4081 coaccipitur
2979 3999 3201 4061 relatio
3256 4008 3435 4063 actus

1937 4097 2292 4158 secundum
2358 4116 2550 4178 quem
2615 4105 2710 4159 est
2771 4098 3077 4180 perfectio
3139 4100 3436 4181 potentiae

340 4192 562 4254 sentiae.
580 4191 999 4272 intelligendo
1029 4210 1303 4274 namque
1334 4193 1617 4256 divinam
1649 4202 1826 4257 natu·
1859 4200 1907 4261 D
1939 4194 2237 4257 materiae.
2293 4195 2534 4258 Relatio
2586 4213 2736 4277 ergo
2795 4198 3094 4278 potentiae
3146 4205 3208 4259 et
3256 4207 3434 4260 actus

341 4306 485 4363 ram,
506 4308 768 4353 necesse
799 4298 897 4352 est
927 4299 997 4351 ut
1029 4290 1419 4370 intelligatur
1452 4292 1516 4353 in
1553 4292 1825 4354 habente

342 4385 503 4450 illam
539 4406 553 4451 :
586 4398 651 4451 et
690 4390 743 4451 si
790 4389 1218 4469 intelligamus
1256 4408 1398 4451 eam
1444 4391 1510 4452 in
1555 4390 1825 4452 habente

342 4483 531 4565 ipsam
571 4487 653 4549 ab
682 4487 831 4561 alio,
864 4486 996 4565 jam
1038 4487 1455 4568 intelligimus
1495 4506 1635 4550 eam
1678 4500 1825 4550 cum

344 4586 715 4666 proprietate
758 4585 1372 4659 incommunicabili,
1413 4605 1540 4668 qua
1582 4605 1827 4667 separa-

342 4688 433 4742 tur
476 4682 579 4745 vel
628 4684 1049 4763 distinguitur
1094 4702 1132 4745 a
1182 4701 1308 4746 non
1364 4684 1636 4746 habente
1687 4703 1827 4748 eam

340 4778 413 4839 ab
445 4780 607 4860 ali03
648 4788 713 4842 et
755 4800 835 4843 ex
886 4781 1005 4843 hoc
1054 4781 1478 4844 introducitur
1526 4781 1832 4844 differen-

342 4876 419 4937 tia
462 4879 813 4952 relationiS,
855 4879 1007 4960 quia
1052 4880 1144 4940 sic
1193 4878 1461 4941 habetur
1509 4880 1629 4941 sub
1678 4881 1828 4943 dua-

344 4973 451 5035 bus
482 4976 982 5059 proprietatibus
1010 4978 1735 5040 incommunicabilibus.
1755 4980 1831 5041 Et

346 5071 499 5135 idem
540 5075 887 5137 dicendum
926 5076 1004 5137 de
1039 5076 1278 5157 Spiritu
1310 5076 1559 5150 Sancte,
1594 5078 1703 5158 qui
1736 5086 1831 5139 est

344 5169 417 5231 ab
464 5180 733 5255 utroque
788 5192 803 5235 t
855 5173 967 5255 qui
1015 5193 1214 5255 quum
1262 5174 1491 5236 habeat
1538 5176 1829 5239 eamdem

346 5278 627 5343 naturam
674 5292 711 5335 a
762 5272 941 5334 Patre
998 5280 1061 5333 et
1119 5271 1298 5345 Filio,
1348 5272 1481 5353 jam
1542 5275 1831 5357 sequitur

1936 4292 2250 4374 accipitur
2293 4293 2356 4355 in
2401 4294 2734 4376 principiis
2785 4295 3155 4359 substantiae
3205 4314 3435 4359 conna-

1942 4391 2242 4453 turaliter.
2295 4392 2488 4453 Multo
2549 4392 2740 4473 igitur
2798 4393 2926 4455 imo
2976 4393 3041 4455 in
3103 4394 3432 4458 infinitum

1940 4489 2083 4570 plus
2126 4489 2347 4551 relatio
2379 4489 2444 4551 in
2478 4489 2714 4553 divinis
2754 4491 3106 4572 accipietur
3135 4500 3436 4555 connatu—

1939 4588 2111 4661 raliS‚
2165 4604 2292 4649 non
2343 4587 2770 4649 accidentalis
2815 4624 2896 4633 —
2933 4589 3239 4662 Quocirca
3286 4609 3436 4673 pen-

1939 4685 2230 4759 sandum,
2257 4686 2424 4766 quod
2457 4689 2544 4745 ad
2572 4688 2834 4765 aliquid
2863 4687 3040 4767 prius
3071 4696 3167 4749 est
3197 4690 3436 4751 ratione

1938 4783 2284 4845 accidentis
2343 4783 2741 4864 simpliciter,
2795 4792 3006 4846 tamen
3071 4786 3135 4846 in
3195 4796 3436 4849 creatu-

1941 4882 2026 4942 ris
2068 4882 2485 4943 mutabilibus
2527 4883 2833 4964 sequitur.
2869 4883 3232 4945 intellectus
3263 4885 3435 4947 enim

1939 4980 2172 5061 accipit
2230 4979 2351 5041 tria
2408 4980 2542 5043 haec
2601 5000 2614 5043 :
2677 4998 2836 5053 esse,
2898 4989 2962 5041 et
3020 4999 3157 5043 esse
3215 4982 3314 5057 ad,
3375 4991 3438 5044 et

1940 5079 2179 5139 adesse.
2236 5077 2410 5151 Esse,
2464 5078 2633 5159 quod
2690 5078 2924 5159 accipit
2982 5078 3292 5154 absolute,
3344 5088 3440 5143 est

1942 5194 2081 5238 esse
2140 5176 2530 5238 substantiae.
2585 5175 2817 5237 Adesse
2867 5193 3018 5238 vero
3065 5177 3298 5258 accipit
3346 5199 3438 5241 se-

1944 5275 2226 5337 cundum
2287 5274 2594 5337 rationem
2652 5273 3001 5336 accidentis
3065 5294 3080 5339 ε
3141 5276 3434 5341 accidens
