4359 6250
624 492 850 548 QUAEST.
899 494 966 539 m
1010 495 1025 539 Ζ
1070 494 1157 540 ΑΝ
1199 493 1561 540 UNtGENJTth
1601 493 1795 540 rmus
1837 492 1941 539 nm
1983 493 2076 540 SIT
2118 493 2371 540 snmus
2414 495 2738 542 SAPIENTIA
2778 497 3023 555 GENITA,
3065 498 3192 545 mc.

3334 481 3456 545 349

356 662 681 724 declarare
732 681 747 724 :
798 664 967 745 quod
1026 663 1325 727 convenit
1372 663 1431 726 ei
1479 662 1849 725 formaliter.
1882 659 1937 724 A
1964 669 2177 724 autem
2219 669 2316 724 est
2355 663 2634 745 ingenita
2673 665 2984 747 sapientia
3017 683 3031 728 :
3065 683 3214 748 ergo
3257 667 3453 730 Filius

352 760 589 842 Sicque
618 761 897 824 Verbum
937 763 1213 824 essentia
1243 769 1307 824 et
1337 781 1403 824 se
1443 763 1583 844 ipso
1622 761 1853 824 forma·

350 860 499 921 liter
544 859 953 922 declarabilia
1003 867 1233 922 cuncta
1278 861 1573 923 declarat.
1618 860 1849 932 Terti0,

346 961 569 1018 dicere
628 966 835 1040 potest
892 958 1259 1041 significare
1318 959 1503 1020 istam
1562 959 1849 1020 eamdem

346 1055 795 1120 habitudinem
833 1057 1281 1120 declarativam
1325 1065 1515 1139 prout
1554 1054 1853 1118 convenit

342 1154 543 1216 alicui
594 1173 722 1217 non
765 1156 1138 1230 formaliter,
1180 1156 1290 1218 sed
1340 1155 1789 1237 principiative
1833 1171 1847 1216 τ

346 1251 570 1334 sicque
603 1254 1055 1316 convenienter
1083 1255 1320 1316 dicitur
1348 1254 1519 1335 quod
1550 1253 1729 1316 Pater
1757 1253 1851 1315 di-

346 1350 435 1411 cit
482 1351 712 1414 Verbo.
764 1387 845 1398 —
892 1352 1195 1416 Praeterea
1250 1353 1577 1434 quaeritur,
1633 1358 1847 1412 utrum

344 1446 704 1512 formaliter
740 1450 1059 1513 declarare
1098 1469 1289 1513 omne
1326 1450 1731 1524 declarabile,
1765 1450 1849 1512 sit

346 1547 683 1629 proprium
726 1548 949 1611 Verbo.
984 1549 1061 1610 Et
1102 1549 1323 1612 dicunt
1363 1549 1625 1631 quidam
1672 1548 1843 1630 quod

344 1644 459 1719 sic,
494 1647 801 1728 quoniam
839 1648 1137 1710 convenit
1168 1648 1291 1711 sibi
1326 1667 1405 1710 ex
1434 1648 1499 1710 vi
1534 1667 1663 1710 suae
1700 1665 1842 1729 pro-

120 1753 319 1809 ·ffistmu)
345 1744 677 1806 cessionis.
722 1746 841 1807 Sed
878 1746 955 1809 de
998 1747 1119 1808 hoc
1160 1746 1403 1810 dictum
1446 1754 1543 1808 est
1585 1745 1834 1828 supra*.

1963 760 2217 842 sapiens
2261 769 2358 822 est
2399 763 2709 844 sapientia
2753 764 3052 845 ingenita.

2040 955 2134 1017 Ad
2172 955 2308 1018 haec
2339 955 2609 1019 Thomas
2649 958 2988 1039 respondet
3022 975 3037 1021 z
3070 958 3176 1020 11ae
3210 973 3452 1040 praepo-

1960 1052 2246 1128 sitiones,
2279 1073 2320 1113 a
2360 1060 2425 1115 et
2457 1072 2606 1130 per,
2638 1054 2704 1115 in
2753 1054 2872 1118 hoc
2918 1055 3248 1129 differunt,
3281 1054 3452 1136 quod

1958 1173 1999 1211 a
2040 1152 2327 1232 designat
2373 1161 2616 1217 tantum
2662 1154 3103 1216 habitudinem
3147 1152 3452 1236 principii

1961 1269 2074 1332 per
2114 1252 2375 1314 modum
2418 1251 2786 1328 efficientis,
2813 1271 2938 1330 per
2973 1270 3123 1316 vero
3166 1253 3452 1334 designat

1957 1348 2400 1412 habitudinem
2448 1351 2752 1433 principii
2801 1350 3154 1414 secundum
3203 1351 3450 1434 quodli-

1956 1446 2063 1509 bet
2092 1465 2294 1529 genus
2335 1468 2540 1512 causae
2575 1467 2589 1510 :
2625 1450 2774 1512 hinc
2813 1468 3001 1513 omne
3043 1450 3212 1533 quod
3245 1457 3341 1511 est
3369 1448 3449 1512 ab

1956 1546 2172 1629 aliquo
2211 1567 2325 1610 seu
2364 1566 2401 1609 a
2442 1567 2508 1610 re
2544 1549 2781 1632 aliqua,
2822 1556 2918 1611 est
2955 1567 3070 1630 per
3108 1548 3287 1622 illud,
3321 1565 3448 1610 non

1956 1662 2319 1708 econverso.
2374 1647 2442 1708 In
2501 1647 2738 1710 divinis
2786 1655 3000 1709 autem
3059 1663 3184 1710 non
3242 1653 3451 1728 potest

1956 1759 2095 1804 esse
2143 1743 2448 1807 habitudo
2497 1764 2700 1807 causae
2753 1745 2874 1807 nisi
2927 1745 3278 1808 secundum
3335 1744 3448 1806 du-

342 1841 499 1903 Nam
556 1843 760 1924 magis
808 1843 1060 1906 videtur
1104 1845 1583 1927 appropriatum
1631 1844 1839 1906 Verbo
1880 1836 1927 1898 B
1957 1839 2103 1921 plex
2156 1860 2380 1922 genuS,
2431 1844 2743 1906 sumendo
2789 1862 3044 1905 causam
3096 1843 3442 1916 extensive,

341 1957 535 2018 quam
584 1940 940 2023 proprium,
972 1941 1123 2021 quia
1162 1959 1307 2003 cum
1354 1943 1611 2024 proprio
1650 1941 1838 2004 Verbi

342 2037 679 2117 potissime
722 2040 1037 2102 convenit.
1074 2039 1217 2102 Haec
1261 2041 1501 2102 Scotus.

418 2233 511 2296 Ex
554 2234 925 2316 praehabitis
966 2243 1137 2317 patet
1174 2235 1253 2298 ad
1291 2235 1541 2318 objecta
1582 2236 1834 2311 soluti0,

340 2332 603 2414 dempto
634 2334 930 2396 secundo.
959 2334 1049 2396 Ad
1083 2335 1254 2417 quod
1281 2335 1645 2408 dicendum,
1668 2336 1837 2418 quod

342 2431 399 2492 S.
436 2429 781 2512 Gregorius
821 2432 1095 2495 intendit
1139 2433 1405 2515 probare
1448 2434 1618 2516 quod
1662 2433 1839 2496 dero-

340 2537 515 2609 garet
546 2529 821 2594 infinitae
848 2531 1179 2613 sapientiae
1209 2532 1319 2594 Dei
1360 2531 1577 2606 Patria,
1610 2533 1664 2594 si
1698 2532 1837 2594 uni-

338 2627 593 2708 genitus
625 2629 822 2691 Filius
852 2630 993 2710 eJus
1023 2637 1191 2692 esset
1226 2629 1429 2692 finitae
1458 2629 1785 2712 sapientiae
1818 2648 1833 2692 τ

342 2725 648 2806 quoniam
701 2735 1075 2810 sequeretur
1122 2729 1291 2810 quod
1344 2735 1513 2790 esset
1570 2727 1635 2790 in
1690 2727 1835 2790 infi-

340 2824 547 2886 nitum
608 2824 874 2889 inferior
925 2826 1122 2900 Patre,
1172 2845 1289 2888 nec
1346 2827 1613 2908 dignum
1668 2834 1835 2889 esset

338 2941 485 2985 eum
517 2931 651 2986 tam
680 2924 1087 3006 singulariter
1113 2924 1420 3008 appellari
1455 2924 1832 3007 sapientiam

339 3021 551 3085 Patris.

758 3330 1239 3405 QUAESTIO
1289 3333 1413 3396 III

458 3611 637 3673 Ertio
666 3610 1107 3693 principaliter
1134 3611 1460 3693 quaeritur,
1494 3615 1623 3681 An
1654 3619 1827 3683 uni-

484 3711 809 3790 gemtus
858 3708 1115 3777 Filius
1160 3712 1306 3776 Dei
1354 3713 1465 3777 sit
1514 3716 1829 3795 sapiens

332 3808 732 3891 sapientia
770 3810 1047 3887 genita
1086 3811 1229 3875 aut
1272 3811 1651 3889 ingenita.

408 3908 674 3969 Videtur
709 3909 877 3989 quod
914 3908 997 3969 sit
1030 3908 1283 3990 sapiens
1316 3910 1627 3992 sapientia
1658 3913 1829 3994 geni-

330 4012 409 4067 ta.
462 4007 695 4080 Primo,
747 4006 1051 4090 quoniam
1103 4008 1524 4070 essentialiter
1574 4011 1827 4092 sapiens

328 4112 457 4183 est;
506 4105 641 4187 ipse
683 4114 898 4168 autem
948 4105 1202 4167 realiter
1242 4114 1337 4169 est
1380 4107 1689 4187 sapientia
1726 4128 1827 4191 ge-

1952 1938 2252 2001 videlicet
2295 1958 2308 2002 :
2354 1940 2660 2004 habitudo
2708 1941 2893 2004 realis
2941 1942 3226 2023 originiS‚
3263 1941 3446 2022 juxta

1952 2037 2212 2099 modum
2256 2057 2462 2102 causae
2503 2038 2848 2102 efficientis
2891 2059 3004 2102 seu
3047 2040 3442 2121 originantiS,

1948 2137 2488 2216 quemadmodum
2519 2138 2696 2201 Pater
2724 2146 2820 2201 est
2854 2138 3246 2220 principium
3276 2138 3439 2201 Filii.

1949 2233 2087 2296 Alia
2118 2235 2425 2298 habitudo
2465 2237 2767 2319 principii
2800 2237 2865 2299 in
2907 2237 3142 2300 divinis
3181 2244 3278 2299 est
3307 2245 3444 2299 tan-

1951 2340 2087 2394 tum
2118 2334 2470 2396 secundum
2503 2335 2832 2410 rationem,
2867 2335 3165 2398 videlicet
3195 2335 3441 2398 habitu-

1947 2432 2029 2494 do
2059 2431 2303 2505 formae,
2338 2433 2504 2494 sicut
2541 2452 2740 2516 quum
2781 2433 3056 2496 dicimus
3091 2452 3105 2496 t
3141 2435 3318 2498 Pater
3345 2442 3443 2497 est

1948 2529 2113 2592 Deus
2143 2529 2398 2604 deitate,
2434 2538 2497 2592 et
2534 2531 2786 2612 sapiens
2827 2532 3140 2614 sapientia
3175 2553 3287 2596 seu
3327 2552 3442 2615 per

1947 2625 2324 2707 sapientiam
2381 2645 2582 2689 suam.
2645 2629 2860 2711 Itaque
2919 2649 3117 2712 quum
3181 2630 3436 2714 dicitur,

1946 2723 2141 2787 Filius
2172 2731 2268 2786 est
2296 2725 2550 2808 sapiens
2581 2726 2892 2808 sapientia
2919 2728 3153 2809 genita,
3187 2729 3240 2790 si
3269 2728 3440 2791 abla-

1946 2823 2114 2886 tivus
2154 2831 2559 2887 construatur
2595 2824 2662 2886 in
2700 2824 3074 2888 habitudine
3116 2846 3320 2898 causae
3348 2825 3438 2888 ef-

1944 2921 2226 2985 ficientis
2285 2941 2396 2985 seu
2461 2923 2760 3006 principii
2825 2924 3219 3006 originantis,
3280 2925 3440 2987 falsa

1870 3017 1914 3081 C
1942 3026 2059 3095 est,
2093 3020 2397 3103 quoniam
2429 3037 2558 3084 non
2588 3041 2625 3083 a
2655 3022 2966 3104 sapientia
3003 3043 3116 3086 sua
3154 3043 3270 3086 nec
3299 3043 3336 3085 a
3370 3043 3438 3086 se

1945 3117 2084 3201 ipso
2112 3118 2367 3201 sapiens
2406 3127 2524 3195 est,
2558 3120 2669 3183 sed
2706 3140 2743 3182 a
2779 3119 2977 3196 Patre,
3009 3141 3046 3183 a
3083 3141 3210 3205 quo
3247 3124 3439 3186 habet

1941 3235 2079 3279 esse
2110 3225 2174 3280 et
2213 3236 2436 3301 sapere
2472 3236 2486 3281 ε
2521 3218 2742 3301 sicque
2782 3220 3033 3303 sapiens
3071 3228 3168 3283 est
3203 3240 3240 3283 a
3269 3222 3436 3302 sapi-

1940 3316 2111 3378 entia
2142 3316 2426 3398 ingenita
2463 3336 2575 3379 seu
2607 3336 2722 3399 per
2757 3336 2918 3380 eam.
2954 3319 3141 3382 Porro
3181 3320 3234 3381 si
3264 3320 3434 3382 abla-

1940 3414 2109 3477 tivus
2139 3414 2248 3477 ille
2280 3423 2683 3478 construatur
2713 3417 2777 3478 in
2808 3416 3180 3480 habitudine
3212 3418 3434 3483 forma-

1941 3511 2021 3573 lis
2050 3512 2378 3596 principii,
2397 3514 2517 3576 hoc
2549 3514 2858 3596 contingit
2886 3515 3227 3597 dupliciter
3247 3534 3260 3578 ε
3280 3518 3432 3600 quia

1938 3612 2109 3692 quod
2140 3613 2430 3694 sequitur
2459 3611 2731 3675 formam
2771 3614 2863 3675 rei
2893 3621 3098 3696 potest
3131 3615 3260 3677 dici
3289 3635 3430 3679 esse

1940 3729 2053 3791 per
2089 3710 2361 3773 formam
2403 3710 2601 3783 illam,
2638 3711 2801 3773 sicut
2842 3711 3034 3775 homo
3071 3712 3304 3775 dicitur
3343 3714 3431 3777 in·

1940 3808 2223 3890 telligere
2272 3828 2386 3891 per
2431 3809 2760 3889 animam3
2809 3810 2908 3872 vel
2959 3829 3073 3893 per
3120 3830 3268 3873 eum
3315 3812 3427 3895 qui

1936 3906 2127 3969 habet
2166 3907 2370 3989 ipsam
2410 3906 2701 3982 formam,
2743 3909 3281 3989 quemadmodum
3318 3912 3428 3975 ho-

1938 4022 2043 4067 mo
2092 4025 2208 4087 per
2255 4024 2324 4067 se
2381 4013 2477 4067 est
2534 4006 2880 4080 rationaliS,
2930 4008 3083 4089 quia
3139 4028 3253 4090 per
3297 4011 3430 4072 ani-

1937 4121 2128 4177 mam,
2172 4123 2316 4185 quae
2364 4110 2460 4166 est
2507 4103 2584 4166 de
2631 4123 2747 4166 sua
2793 4106 3084 4169 essentia.
3120 4106 3184 4170 Si
3234 4108 3428 4189 igitur

330 4203 461 4265 nita
496 4222 513 4266 ε
545 4222 693 4285 ergo
724 4204 979 4285 sapiens
1013 4212 1109 4266 est
1139 4204 1453 4286 sapientia
1483 4208 1711 4286 genita.
1746 4244 1827 4253 —-
1855 4201 1905 4264 D
1936 4202 2372 4265 consideretur
2420 4202 2484 4264 id
2533 4219 2660 4284 quo
2703 4204 2898 4267 Filius
2941 4204 3295 4270 formaliter
3335 4228 3428 4271 sa-

328 4301 639 4377 Secundo,
681 4302 836 4385 quia
881 4321 949 4365 se
994 4303 1132 4384 ipso
1176 4301 1529 4365 formaliter
1572 4306 1824 4387 sapiens

326 4408 441 4473 est,
475 4408 545 4461 et
580 4402 715 4483 ipse
757 4409 856 4464 est
894 4400 1205 4482 sapientia
1243 4421 1357 4463 sua
1371 4418 1389 4480 ;
1429 4402 1540 4464 sed
1582 4403 1717 4485 ipse
1757 4404 1823 4466 in

326 4515 392 4559 se
433 4505 537 4561 est
576 4499 889 4581 sapientia
919 4498 1133 4580 genita
1171 4517 1184 4561 :
1228 4518 1377 4581 ergo
1427 4500 1679 4583 sapiens
1728 4510 1825 4565 est

324 4594 569 4657 eadem.

402 4693 475 4755 In
523 4694 909 4757 contrarium
950 4693 1037 4755 ita
1076 4694 1363 4776 arguitur
1397 4713 1410 4757 :
1445 4696 1579 4758 Una
1617 4704 1681 4758 et
1722 4716 1823 4760 ea-

325 4792 471 4855 dem
532 4801 624 4855 est
680 4793 996 4875 sapientia
1052 4793 1247 4856 Patris
1294 4802 1359 4857 et
1411 4795 1577 4870 Filii,
1630 4804 1693 4859 et
1738 4797 1821 4861 ab

324 4891 546 4953 eadem
585 4891 898 4974 sapientia
943 4898 1205 4974 uterque
1245 4893 1499 4973 sapiens
1538 4894 1821 4959 nomina-

1935 4299 2116 4381 piens
2146 4300 2400 4373 est,hoc
2429 4308 2525 4362 est
2552 4301 2908 4364 essentialis
2938 4303 3426 4389 sapientia‚quae

1934 4416 2141 4481 neque
2193 4399 2406 4480 genita
2451 4407 2549 4461 est
2591 4418 2800 4483 neque
2843 4400 3124 4484 ingenita
3164 4420 3178 4466 ε
3221 4404 3314 4467 sic
3355 4425 3429 4468 ea

1933 4504 1997 4558 et
2027 4514 2141 4579 per
2166 4514 2330 4571 eam,
2355 4499 2463 4559 sed
2497 4514 2623 4560 non
2654 4498 2734 4560 ab
2767 4518 2859 4574 ea,
2885 4499 3119 4564 dicitur
3147 4502 3424 4585 sapienS‚

1934 4595 2085 4676 quia
2126 4595 2402 4658 essentia
2443 4614 2570 4659 non
2612 4605 2888 4677 generat.
2925 4598 2989 4661 Si
3027 4617 3179 4663 vero
3222 4604 3428 4666 consi·

1932 4693 2187 4756 deretur
2243 4712 2512 4776 persona
2560 4694 2702 4757 Filii
2761 4696 3000 4759 habens
3047 4700 3424 4781 sapientiam

1933 4792 2107 4853 illam
2156 4800 2219 4853 et
2261 4793 2372 4874 qui
2414 4801 2510 4856 est
2553 4794 2864 4877 sapientia
2905 4797 3137 4877 genita,
3173 4798 3266 4861 sic
3309 4820 3426 4881 per

1930 4890 2308 4972 sapientiam
2349 4893 2649 4973 genitam,
2673 4912 2795 4955 seu
2837 4913 2950 4975 per
2979 4914 3046 4957 se
3083 4914 3155 4958 ac
3187 4917 3253 4960 se
3286 4899 3424 4980 ipsa

318 4993 463 5065 tur3
500 4988 612 5049 sed
656 4988 838 5050 Pater
886 5006 1011 5051 non
1062 4995 1159 5050 est
1206 4990 1461 5071 sapiens
1509 4991 1820 5073 sapientia
1927 4989 2139 5069 genita
2168 4990 2500 5072 sapientia,
2533 4991 2786 5072 sapiens
2825 5000 2938 5053 est.
2975 4994 3115 5056 Haec
3151 4996 3419 5059 Thomas

321 5085 541 5164 genita
570 5104 584 5147 ε
616 5103 764 5168 ergo
795 5104 915 5148 nec
946 5086 1159 5148 Filius.
1183 5122 1264 5131 —
1292 5087 1605 5164 Secundo,
1640 5090 1819 5172 quid-

322 5182 479 5263 quid
532 5184 857 5264 sapientiae
905 5190 1002 5245 est
1050 5183 1115 5246 in
1161 5184 1339 5257 Filio,
1386 5186 1817 5249 communica-

323 5288 461 5343 tum
493 5288 590 5343 est
616 5281 675 5343 ei
704 5299 741 5342 a
768 5281 948 5343 Patre
978 5288 1041 5343 et
1080 5281 1392 5363 sapientia
1428 5283 1607 5364 ejus3
1640 5284 1817 5347 Pater

1930 5088 1995 5150 in
2039 5086 2307 5168 Scripto.
2353 5122 2433 5133 ——-
2471 5088 2545 5149 Et
2585 5107 2699 5170 per
2737 5090 2899 5155 hanc
2941 5091 3418 5158 distinctionem

1930 5193 2101 5268 patet
2141 5194 2659 5267 argumentorum
2705 5188 2954 5251 solutio.

2021 5285 2150 5348 Hoc
2211 5284 2422 5366 ipsum
2469 5285 2686 5347 Petrus
2737 5288 3184 5369 compendiose
3243 5292 3416 5357 evol-
