4359 6250
579 4732 597 4752 ⁶
605 4731 847 4788 [Hucusque

580 4792 751 4850 Petrus]

871 471 990 538 444

1479 493 1544 540 IN
1583 494 1804 540 LIBRUM
1847 494 1868 539 1
1911 493 2392 540 sumt-:Nuntium
2437 511 2519 522 -·
2558 493 2713 540 ms‘r.
2758 494 3011 557 xxxvu3
3055 494 3278 549 QUAEST.
3323 494 3369 540 11

871 671 977 725 tur
1024 666 1247 730 modus
1289 667 1399 748 qui
1443 675 1539 730 est
1581 687 1720 730 esse
1764 667 1826 729 in
1875 667 2064 730 rebus
2110 687 2225 750 per
2270 687 2365 730 es·
2396 666 2447 729 A
2478 675 2653 749 parte
2685 668 2983 744 Summae,
3008 669 3355 751 quaestione
3384 677 3607 732 octava
3640 687 3653 730 ε
3688 670 3853 732 Deus
3882 667 3979 730 di-

872 765 1162 826 sentiam.
1218 765 1325 828 Est
1373 784 1625 849 quoque
1677 767 1742 828 in
1790 768 1918 829 Deo
1966 767 2366 829 considerare

872 880 1206 943 personam
1251 866 1600 927 secundum
1647 884 1736 940 se,
1771 873 1989 948 utpote
2029 884 2363 947 personam

870 960 1088 1036 Patris,
1122 963 1223 1024 cui
1257 965 1704 1045 appropriatur
1733 964 2034 1046 potentia,
2061 971 2124 1026 et
2156 965 2243 1026 ita
2272 971 2369 1026 est

871 1061 1095 1122 modus
1125 1063 1378 1124 essendi
1410 1063 1474 1123 in
1507 1062 1696 1124 rebus
1737 1082 1851 1144 per
1881 1063 2230 1144 potentiam
2256 1079 2271 1141 3
2304 1071 2367 1124 et

868 1157 1020 1219 item
1066 1178 1401 1240 personam
1443 1160 1606 1233 Filii,
1641 1161 1743 1222 cui
1784 1161 2232 1242 appropriatur
2270 1180 2365 1222 sa-

868 1255 1129 1337 pientia,
1162 1265 1224 1318 ct
1251 1242 1342 1320 ’ita
1380 1266 1476 1320 est
1515 1259 1742 1320 modus
1783 1258 2032 1321 essendi
2075 1259 2138 1320 in
2173 1257 2365 1320 rebus
2399 1317 2413 1327 ,

867 1373 981 1436 per
1028 1357 1449 1436 praesentiam,
1486 1357 1547 1419 id
1588 1363 1683 1418 est
1727 1357 2178 1437 cognitionem,
2215 1375 2367 1439 quo-

868 1452 1039 1514 niam
1102 1474 1378 1536 praesens
1443 1456 1678 1517 dicitur
1735 1456 1914 1537 quasi
1980 1476 2110 1537 prae
2173 1475 2364 1518 sensu

869 1569 1019 1632 ens3
1051 1560 1240 1634 atque
1282 1572 1616 1635 personam
1658 1553 1932 1635 Spiritus
1977 1552 2213 1627 Sancti,
2249 1553 2365 1615 sic-

867 1670 992 1732 que
1049 1650 1362 1733 accipitur
1410 1653 1634 1714 modus
1691 1652 1943 1714 essendi
2005 1652 2070 1713 in
2129 1651 2365 1713 sanctis

869 1768 983 1832 per
1027 1751 1312 1830 gratiam.
1367 1750 1474 1812 Est
1520 1769 1774 1833 quoque
1827 1751 2225 1813 considerare
2274 1750 2365 1811 di-

2476 767 2643 829 citur
2672 787 2811 830 esse
2844 768 2907 829 in
2940 787 3007 830 re
3038 769 3399 850 dupliciter.
3432 769 3665 844 Prim0,
3699 787 3814 851 per
3844 787 3980 830 mo-

2477 866 2630 926 dum
2663 884 2866 928 causae
2906 867 3149 948 agentis
3183 884 3197 928 τ
3232 875 3293 929 et
3324 867 3415 929 sic
3446 875 3541 928 est
3574 868 3639 929 in
3670 866 3977 929 omnibus

2479 964 2667 1026 rebus
2696 963 2775 1026 ab
2808 965 2947 1046 ipso
2978 966 3261 1028 causatis.
3284 967 3423 1029 Alio
3454 967 3654 1038 mod0,
3676 966 3839 1028 sicut
3870 965 3979 1028 ob-

2472 1063 2714 1142 jectum
2756 1063 3143 1143 operationis
3181 1072 3277 1128 est
3312 1065 3377 1126 in
3418 1073 3719 1146 operante
3753 1082 3767 1125 :
3802 1065 3977 1146 quod

2478 1160 2809 1243 proprium
2852 1169 2947 1223 est
2989 1162 3054 1224 in
3093 1162 3571 1245 operationibus
3613 1162 3842 1226 animae
3883 1162 3981 1224 in·

2479 1259 2855 1321 tellectualis
2906 1269 3229 1336 creaturae,
3276 1261 3833 1344 prout·cognitum
3876 1269 3979 1322 est

2477 1358 2542 1420 in
2584 1367 3025 1438 cognoscente,
3057 1369 3117 1422 et
3157 1360 3581 1422 desideratum
3626 1361 3689 1421 in
3730 1360 3980 1422 deside-

2476 1465 2673 1519 rante.
2710 1457 2939 1538 Sicque
2979 1467 3075 1520 est
3112 1460 3179 1520 in
3221 1459 3508 1522 rationali
3542 1466 3829 1521 creatura
3860 1477 3979 1540 per

2474 1556 2761 1635 gratiam.
2798 1557 2931 1629 Quo
2964 1558 3150 1620 modo
3178 1565 3390 1621 autem
3432 1557 3514 1620 sit
3552 1559 3617 1619 in
3655 1558 3798 1620 aliis
3839 1576 3977 1619 cre·

2474 1654 2695 1728 amris,
2742 1655 3271 1718 considerandum
3314 1664 3407 1719 est
3452 1676 3529 1720 ex
3577 1657 3677 1718 his
3720 1676 3861 1738 qum
3908 1657 3977 1718 in

2477 1752 2668 1814 rebus
2717 1752 3014 1815 humanis
3060 1772 3199 1816 esse
3248 1755 3567 1817 dicuntur.
3620 1755 3750 1818 Rex
3796 1754 3975 1816 enim

870 1849 1085 1910 vinam
1124 1850 1460 1912 essentiam
1507 1858 1574 1911 ut
1615 1850 1679 1911 in
1715 1868 2006 1932 persona,
2039 1856 2102 1910 et
2144 1849 2229 1910 ita
2269 1857 2359 1910 est
2400 1842 2447 1904 Β
2477 1849 2713 1911 dicitur
2760 1869 2897 1913 6336
2949 1851 3013 1913 in
3055 1859 3183 1914 toto
3233 1870 3425 1933 regno
3475 1870 3590 1914 suo
3634 1872 3748 1934 per
3788 1872 3976 1914 suam

868 1947 1134 2009 ultimus
1167 1948 1412 2022 modus,
1446 1966 1573 2030 quo
1603 1948 1820 2010 divina
1857 1948 2130 2010 essentia
2171 1955 2267 2008 est
2298 1947 2362 2009 in

867 2046 1028 2108 Filio
1076 2046 1417 2109 incarnato.
1451 2083 1532 2092 —
1569 2047 1659 2109 Ex
1710 2055 1886 2129 parte
1935 2054 2146 2109 autem
2198 2064 2364 2108 crea-

866 2152 1022 2207 turae
1052 2145 1327 2206 sumitur
1355 2144 1745 2207 sufficientia
1786 2146 1907 2206 ista
1935 2145 2026 2206 sic
2062 2163 2076 2206 ε
2113 2145 2363 2207 Creatu-

864 2261 950 2305 rae
979 2261 1200 2305 omnes
1233 2243 1297 2304 in
1328 2244 1455 2306 Deo
1484 2252 1653 2318 sunt,
1685 2251 1744 2306 et
1790 2244 1925 2325 ipse
1958 2245 2124 2306 Deus
2155 2250 2251 2304 est
2294 2243 2361 2303 in

863 2341 1163 2404 omnibus
1195 2342 1320 2405 illis
1352 2343 1703 2404 secundum
1747 2341 1881 2404 tria.
1919 2342 2028 2404 Est
2062 2342 2235 2404 enim
2270 2342 2361 2403 in-

866 2450 962 2503 tra
1003 2459 1216 2502 rerum
1265 2441 1592 2512 essentia3‚
1626 2441 1861 2523 quibus
1913 2439 2199 2501 illabitur
2248 2459 2362 2522 per

865 2559 1044 2602 suam
1084 2540 1424 2602 essentiam
1460 2539 1651 2602 :ideo
1693 2539 1928 2601 dicitur
1970 2558 2109 2601 esse
2158 2539 2223 2600 in
2272 2557 2363 2600 re-

866 2637 986 2699 bus
1027 2657 1140 2719 per
1169 2637 1530 2700 essentiam.
1565 2637 1786 2699 Int'luit
1825 2637 2012 2698 etiam
2049 2635 2114 2697 in
2145 2655 2359 2698 rerum

865 2736 1169 2798 virtutem
1202 2755 1316 2819 per
1345 2756 1524 2798 suam
1556 2737 1902 2818 potentiam
1941 2753 1954 2798 :
1988 2736 2129 2797 ideo
2160 2743 2257 2797 est
2296 2735 2361 2796 in

867 2836 1058 2897 rebus
1117 2854 1231 2917 per
1279 2835 1647 2916 potentiam.
1704 2835 2215 2916 Cooperaturque
2272 2852 2363 2894 re-

868 2933 986 2995 bus
1023 2951 1037 2994 :
1073 2932 1215 2995 ideo
1255 2933 1489 2995 dicitur
1525 2951 1664 2995 esse
1708 2933 1772 2994 in
1820 2931 2012 2994 rebus
2053 2951 2165 3015 per
2206 2952 2361 3013 prae-

2476 1948 2848 2028 potentiam,
2882 1949 3175 2030 quamvis
3226 1968 3351 2011 non
3396 1951 3478 2012 sit
3525 1949 3765 2031 ubique
3814 1970 3977 2032 prm-

2475 2065 2620 2107 sens
2668 2066 2780 2127 per
2816 2048 3177 2110 essentiam.
3213 2048 3328 2110 Per
3373 2049 3775 2130 praesentiam
3818 2068 3975 2112 vero

2476 2163 2654 2205 suam
2686 2145 2921 2207 dicitur
2950 2145 3094 2227 quis
3126 2166 3265 2209 esse
3297 2147 3363 2208 in
3394 2147 3695 2209 omnibus
3727 2167 3869 2229 quae
3902 2147 3975 2209 in

2475 2244 2819 2324 conspectu
2852 2244 3053 2326 ipsius
3085 2252 3233 2306 sunt
3258 2262 3271 2306 :
3298 2244 3835 2327 quemadmodum
3868 2263 3981 2326 pa·

2475 2339 2845 2404 terramilias
2890 2362 3166 2424 praesens
3211 2351 3306 2406 cst
3348 2342 3649 2406 omnibus
3690 2343 3823 2405 suis
3866 2345 3980 2406 do-

2473 2441 2896 2523 mesticis,qui
2927 2449 3138 2504 tamen
3170 2443 3521 2504 secundum
3553 2441 3979 2504 substantiam

2471 2559 2652 2600 suam
2702 2557 2827 2601 non
2879 2547 2975 2601 est
3024 2539 3088 2601 in
3138 2539 3418 2621 qualibet
3474 2549 3649 2622 parte
3699 2541 3977 2618 domus3

2472 2639 2601 2700 imo
2652 2639 3000 2700 secundum
3052 2638 3473 2701 substantiam
3526 2658 3706 2701 suam
3756 2647 3851 2701 est
3906 2640 3977 2702 in

2474 2737 2611 2800 loco
2642 2737 3060 2799 determinato
3100 2737 3163 2798 in
3196 2755 3325 2818 quo
3363 2745 3457 2799 est
3496 2737 3637 2818 ejus
3678 2737 3979 2800 substan-

2472 2836 2581 2897 tia.
2615 2870 2695 2879 -—
2733 2835 2999 2908 Quidam
3048 2842 3260 2897 autem
3311 2835 3613 2910 haeretici,
3662 2844 3731 2897 ut
3778 2835 3981 2898 Mani-

2474 2933 2654 3004 chaei,
2688 2933 2985 2996 dixerunt
3028 2933 3321 3014 potestati
3363 2933 3473 2995 Dei
3504 2953 3643 2995 esse
3682 2932 3981 3014 subjecta

867 3031 1160 3103 sentiam,
1229 3031 1532 3112 quoniam
1599 3038 2044 3114 cooperantem
2113 3038 2363 3112 oportet
2400 3028 2444 3091 C
2475 3031 2830 3114 spiritualia
2872 3040 2935 3094 et
2984 3031 3400 3113 incorporalia
3450 3039 3718 3102 tantum,
3752 3051 3977 3114 corpo-

864 3131 1080 3212 aliquo
1129 3131 1316 3192 modo
1366 3149 1504 3192 esse
1558 3138 1932 3212 praesentem
1987 3128 2043 3191 ei
2101 3130 2205 3191 cui
2264 3148 2363 3191 co-

865 3237 1181 3311 operatur.
1237 3228 1395 3291 Solae
1454 3246 1605 3290 vero
1663 3228 1998 3291 rationales
2059 3235 2361 3290 creaturae

869 3328 1138 3390 tendunt
1189 3328 1253 3389 in
1297 3328 1498 3388 Deum
1545 3336 1610 3389 ut
1654 3327 1714 3388 in
1761 3326 2083 3406 objectum
2121 3334 2233 3388 :et
2277 3326 2363 3387 ita

867 3427 1104 3489 dicitur
1145 3428 1310 3489 Deus
1353 3445 1490 3488 esse
1539 3426 1605 3486 in
1649 3425 1884 3487 sanctis
1935 3444 2048 3507 per
2094 3425 2359 3506 gratiam

867 3526 1244 3608 adoptionis
1279 3526 1413 3588 Una
1450 3533 1662 3587 autem
1703 3525 1856 3598 sola,
1891 3532 2044 3607 puta
2072 3523 2364 3585 humani-

869 3634 964 3687 tas
1003 3625 1256 3698 Christi,
1289 3624 1509 3686 unitur
1545 3624 1752 3685 Verbo
1790 3631 2025 3686 aeterno
2069 3623 2362 3705 hyposta-

868 3725 994 3786 tica
1032 3724 1288 3798 unione,
1322 3743 1462 3805 quae
1502 3729 1598 3785 est
1636 3722 1898 3804 quintus
1941 3721 2183 3783 modus.
2220 3722 2362 3784 Haec

868 3824 1106 3887 Petrus.

950 3922 1011 3985 Si
1062 3930 1274 3984 autem
1327 3921 1689 4001 objiciatur,
1741 3920 1908 4003 quod
1963 3920 2177 4001 plures
2238 3918 2365 3981 sint

871 4021 1042 4084 modi
1093 4019 1328 4102 quibus
1386 4021 1552 4082 Deus
1613 4018 1857 4081 exsistit
1918 4018 1984 4079 in
2033 4017 2361 4091 creaturiS,

869 4121 1020 4202 quia
1060 4119 1126 4181 in
1169 4118 1332 4180 libro
1373 4116 1856 4179 Confessionum
1897 4116 2122 4178 asserit
2159 4116 2367 4197 Augu-

2476 3131 2631 3192 ralia
2661 3147 2809 3192 vero
2840 3130 3132 3211 potestati
3166 3128 3468 3211 principii
3498 3131 3809 3193 contrarii.
3826 3132 3982 3195 Con·

2475 3238 2570 3290 tra
2601 3247 2872 3311 quorum
2916 3228 3223 3290 insaniam
3259 3228 3493 3290 dicitur
3524 3230 3688 3292 Deus
3728 3250 3866 3294 esse
3906 3233 3975 3293 in

2474 3327 2774 3390 omnibus
2824 3347 2938 3408 per
2987 3327 3355 3409 potentiam.
3401 3328 3676 3390 Fuerunt
3725 3338 3786 3391 et
3834 3330 3971 3402 alii,

2476 3424 2586 3507 qui
2646 3424 2939 3506 quamvis
2999 3424 3328 3487 crederent
3384 3425 3616 3488 divinae
3674 3430 3971 3508 potestati

2476 3522 2689 3585 omnia
2731 3542 2871 3585 esse
2914 3522 3222 3604 subjecta,
3256 3523 3538 3585 divinam
3581 3530 3790 3587 tamen
3832 3545 3977 3608 pro—

2475 3622 2823 3685 videntiam
2866 3622 3164 3683 dixerunt
3203 3640 3327 3683 non
3370 3622 3727 3704 pertingere
3767 3644 3973 3707 usque

2476 3721 2553 3783 ad
2588 3719 2907 3781 inferiora.
2943 3720 3171 3781 Contra
3202 3738 3473 3801 quorum
3506 3722 3783 3784 errorem
3816 3723 3976 3786 dici-

2478 3828 2583 3881 tur
2612 3820 2775 3880 Deus
2806 3838 2945 3880 esse
2978 3818 3042 3879 in
3073 3817 3373 3880 omnibus
3405 3836 3517 3899 per
3548 3821 3972 3901 praesentiam.

2480 3918 2760 4003 Fuerunt
2799 3924 2860 3977 et
2900 3916 3032 3990 alii,
3066 3917 3176 3998 qui
3218 3917 3510 3998 quamvis
3556 3920 3979 3983 concederent

2480 4016 2695 4080 omnia
2756 4015 2835 4077 ad
2899 4015 3363 4098 providentiam
3428 4017 3747 4097 pertinere
3809 4018 3977 4081 divi-

2479 4134 2650 4187 nam,
2702 4116 2828 4175 non
2886 4121 3099 4175 tamen
3161 4121 3611 4175 concesserunt
3668 4116 3883 4178 omnia
3942 4138 3979 4179 a

871 4219 1075 4280 stinus
1112 4236 1126 4279 τ
1161 4218 1326 4278 Deus
1366 4224 1462 4278 est-
1492 4216 1557 4277 in
1597 4234 1662 4277 se
1704 4215 1842 4297 ipso
1873 4215 2038 4277 sicut
2069 4214 2274 4295 Alpha
2304 4222 2363 4275 et
2398 4218 2447 4279 D
2480 4214 2607 4275 Deo
2648 4232 2785 4274 esse
2827 4212 3190 4273 immediate
3232 4220 3460 4284 creata,
3494 4214 3605 4275 sed
3652 4233 3844 4276 unam
3886 4216 3981 4277 in-

871 4316 1125 4395 Omega,
1161 4316 1225 4376 in
1270 4315 1506 4376 mundo
1546 4322 1615 4375 ut
1653 4320 1896 4375 creator
1935 4320 1998 4373 et
2040 4320 2265 4385 rector,
2300 4312 2363 4373 in

870 4415 1111 4495 angelis
1154 4421 1222 4474 ut
1260 4413 1451 4475 decor
1488 4420 1550 4474 et
1591 4431 1797 4493 sapor,
1832 4412 1896 4473 in
1937 4411 2156 4473 electis
2200 4418 2267 4471 ut
2299 4409 2368 4471 li-

871 4513 1123 4574 berator
1151 4518 1209 4573 et
1243 4510 1514 4592 adjutor,
1550 4511 1615 4572 in
1648 4510 1934 4591 reprobis
1969 4518 2036 4570 ut
2079 4517 2277 4571 terror
2306 4517 2365 4571 et

875 4611 1113 4673 horror.
1153 4610 1499 4671 Dicendum
1533 4610 1700 4690 quod
1738 4608 1837 4670 isti
1871 4608 2263 4669 reducuntur
2290 4608 2365 4669 ad

876 4710 1018 4773 illos
1037 4708 1084 4783 *,
1119 4716 1187 4769 ut
1217 4708 1402 4769 facile
1433 4714 1528 4769 est
1559 4726 1842 4788 pensare.
1878 4705 2123 4767 Primus
2153 4712 2365 4767 tamen

875 4827 1002 4872 non
1035 4814 1278 4891 spectat
1305 4808 1382 4869 ad
1417 4806 1636 4869 modos
1666 4806 1743 4867 dc
1775 4804 2010 4886 quibus
2040 4824 2213 4866 nunc
2244 4804 2369 4884 agi-

874 4917 999 4982 tur,
1033 4906 1279 4970 scilicet.
1317 4906 1395 4967 ad
1436 4905 1655 4967 modos
1695 4902 1930 4986 quibus
1969 4910 2064 4965 est
2108 4903 2167 4964 in
2204 4921 2371 4964 crea-

873 5008 1055 5069 turiS.
1075 5008 1144 5069 ln
1177 5003 1464 5086 reprobis
1495 5022 1750 5085 quoque
1782 5020 1906 5064 non
1939 5001 2173 5063 dicitur
2204 5003 2369 5063 Deus

874 5124 1012 5168 esse
1073 5102 1472 5185 simpliciter,
1530 5102 1639 5163 sed
1701 5120 1848 5163 cum
1907 5100 2252 5174 additione,
2304 5100 2369 5160 in

874 5210 1182 5285 quantum
1211 5207 1359 5263 sunt
1390 5208 1690 5263 creaturae
1719 5198 1958 5278 ejuS,ut
1990 5206 2224 5260 tactum
2253 5206 2367 5259 est.

955 5302 1221 5382 Insuper
1259 5300 1336 5361 de
1378 5298 1494 5361 hac
1536 5318 1601 5360 re
1640 5298 1728 5359 ait
1758 5298 2028 5361 Thomas
2071 5296 2134 5358 in
2165 5295 2374 5379 prima

2481 4311 2894 4392 telligentiam
2944 4329 3083 4373 esse
3132 4317 3405 4373 creatam
3449 4310 3531 4373 ab
3570 4312 3711 4373 alia.
3748 4312 3979 4376 Contra

2480 4428 2638 4491 quos
2670 4409 2908 4470 dicitur
2936 4410 3101 4470 Deus
3132 4428 3269 4470 esse
3302 4408 3368 4470 in
3407 4409 3707 4473 omnibus
3738 4431 3853 4493 per
3880 4431 3978 4475 es-

2480 4508 2769 4571 sentiam.
2816 4508 2958 4569 llaec
3002 4508 3269 4569 Thomas
3314 4507 3379 4569 in
3423 4508 3703 4570 Summa.

2558 4608 2627 4669 In
2657 4606 2875 4668 eadem
2907 4606 3098 4667 etiam
3131 4606 3479 4687 quaestione
3520 4607 3792 4671 declarat
3823 4629 3975 4691 qua·

2481 4706 2625 4767 liter
2672 4724 2809 4768 esse
2872 4704 3109 4785 ubique
3163 4702 3244 4765 sit
3298 4705 3628 4786 proprium
3680 4707 3827 4779 De0,
3880 4709 3975 4769 di-

2481 4823 2631 4866 cens
2676 4820 2689 4865 :
2734 4802 2885 4864 Esse
2933 4802 3174 4883 ubique
3222 4802 3432 4883 primo
3480 4812 3543 4865 et
3590 4822 3704 4885 per
3748 4824 3837 4877 se,
3874 4814 3976 4869 est.

2482 4902 2812 4985 proprium
2868 4904 3015 4964 Deo.
3069 4902 3222 4964 Dico
3278 4909 3490 4964 autem
3546 4922 3685 4966 esse
3732 4904 3977 4987 ubique

2482 5002 2711 5083 primo,
2747 5001 2914 5082 quod
2956 5001 3308 5062 secundum
3350 5020 3417 5062 se
3457 5008 3659 5063 totum
3703 5010 3801 5064 est
3838 5004 3983 5067 ubi-

2482 5119 2607 5182 que
2642 5117 2655 5160 :
2690 5100 2842 5180 quia
2870 5099 2923 5161 si
2954 5098 3109 5179 quid
3140 5106 3307 5160 esset
3347 5098 3585 5181 ubique
3620 5102 3981 5165 secundum

2484 5197 2762 5259 diversas
2794 5202 3002 5279 partes
3042 5214 3187 5257 suas
3230 5194 3294 5257 in
3327 5195 3595 5259 diversis
3627 5196 3779 5258 locis
3810 5200 3987 5261 exsi-

2484 5303 2680 5370 siens,
2713 5312 2841 5357 non
2872 5300 3039 5357 esset
3076 5294 3286 5376 primo
3326 5293 3587 5376 ubique,
3621 5313 3819 5377 quum
3854 5296 3987 5361 hoc

4152 684 4233 724 ,3.

4074 4634 4171 4671 ⁸¹¹1-
4236 4664 4251 4671 -
