4359 6250
877 453 959 516 62
1508 473 1570 517 m
1613 473 1834 518 manum
1878 473 1897 516 1
1943 471 2427 517 saxrax'rmacx.
2472 484 2555 501 —
2594 473 2745 516 nisr.
2792 473 2959 532 xv113
3004 473 3229 528 ouasr.
3278 475 3337 520 ix

873 641 1141 722 (inquit)
1178 641 1327 714 Deo,
1361 649 1424 703 et
1469 641 2009 724 appropinquabit
2052 641 2255 703 vobiS.
2290 677 2367 686 —
2397 640 2449 704 A
2480 649 2609 702 tam
2652 642 2855 723 legem
2906 643 3289 726 impleverit,
3322 643 3605 707 offendat
3644 651 3859 706 autem
3904 644 3977 704 in

873 738 1080 811 Quum
1112 757 1264 801 vero
1300 739 1658 820 adjungunt
1687 747 1750 800 et
1790 738 2032 812 dicunt,
2067 739 2237 820 quod
2268 757 2369 800 ve-

873 837 1040 898 niale
1073 845 1404 918 peccatum
1446 837 1770 898 caritatem
1807 855 1932 899 non
1965 837 2239 917 attingit,
2274 836 2365 898 di-

873 953 948 996 co
977 935 1144 1016 quod
1176 935 1422 997 veniale
1463 943 1796 1017 peccatum
1834 935 2106 1016 quadam
2139 933 2367 996 inertia

872 1034 1147 1115 percutit
1187 1033 1467 1095 caritatis
1510 1033 1895 1113 subjectum,
1927 1041 1990 1093 et
2035 1032 2121 1093 ita
2158 1032 2369 1114 dispo-

871 1131 1056 1192 sitive
1115 1151 1190 1194 ac
1253 1132 1571 1194 meritorie
1631 1131 1934 1193 diminuit
1991 1150 2149 1193 eam.
2215 1131 2367 1193 Dico

870 1230 1063 1292 etiam
1122 1230 1292 1311 quod
1352 1237 1499 1290 sunt
1547 1228 1820 1291 venialia
1877 1229 2166 1310 quaedam
2224 1247 2365 1310 quae

872 1346 997 1390 non
1030 1336 1177 1388 sunt
1209 1327 1376 1388 circa
1415 1328 1644 1395 media,
1679 1329 1788 1389 sed
1829 1327 1998 1388 circa
2038 1326 2261 1396 finem,
2297 1334 2363 1387 ut

874 1435 1083 1488 motus
1133 1427 1322 1507 primi
1375 1445 1488 1508 per
1537 1426 2012 1507 subreptionem
2059 1426 2169 1507 qui
2216 1433 2364 1487 sunt

873 1525 1172 1588 contrarii
1203 1524 1381 1596 fidei,
1413 1532 1476 1586 et
1506 1525 1642 1606 spei
1675 1543 1787 1586 seu
1819 1524 2064 1586 caritati
2097 1523 2361 1586 divinae:

873 1624 982 1704 qui
1033 1631 1238 1687 motus
1281 1622 1363 1685 ob
1407 1642 1588 1684 suam
1632 1622 2006 1704 parvitatem
2046 1629 2110 1683 et
2149 1623 2367 1684 subre—

875 1722 1158 1803 ptionem
1189 1729 1338 1783 sunt
1368 1721 1669 1794 venialeS‚
1694 1727 1758 1782 et
1789 1739 1914 1783 uno
1948 1721 2133 1783 modo
2166 1719 2364 1800 magis

2480 758 2627 810 uno,
2663 741 2867 802 factus
2916 750 3011 804 est
3054 743 3345 804 omnium
3387 761 3552 804 reus,
3591 743 3810 805 Nonne
3854 760 3979 824 pro

2478 839 2589 901 vili
2639 847 2701 900 et
2752 839 2927 901 brevi
2978 839 3299 922 voluptate
3359 841 3593 902 carnali
3654 840 3980 922 infligitur

2478 936 2781 998 damnum
2826 946 3134 1000 ae-ternum
3178 939 3473 1001 carentiae
3516 939 3790 1002 coelestis
3835 938 3982 1001 feli-

2479 1034 2708 1107 citatis,
2744 1035 2874 1098 imo
2915 1044 2979 1097 et
3026 1036 3385 1098 amaritudo
3428 1044 3753 1118 perpetuae
3798 1037 3984 1099 dam-

2479 1131 2789 1194 nationis?
2811 1134 3045 1196 Tamen
3075 1135 3151 1196 ad
3184 1135 3581 1216 propositum
3611 1135 3775 1208 dico,
3798 1135 3980 1217 quod

2480 1229 2857 1312 delinquens
2918 1232 2981 1292 in
3044 1230 3297 1305 minori,
3350 1231 3413 1293 id
3467 1241 3584 1305 est,
3638 1233 3981 1295 venialiter

2481 1347 2773 1408 peccanS,
2808 1329 3073 1410 punitur
3118 1329 3183 1390 in
3230 1329 3484 1404 minori,
3520 1331 3584 1393 id
3626 1339 3721 1392 est
3763 1331 3827 1392 in
3872 1350 3985 1392 ca-

2480 1426 2683 1487 ritatis
2726 1427 3148 1489 diminutione
3188 1445 3201 1489 :
3243 1429 3782 1510 quemadmodum
3828 1447 3981 1511 pec-

2480 1543 2629 1586 cans
2662 1525 2725 1587 in
2760 1526 3007 1606 majori,
3041 1526 3104 1588 id
3144 1533 3259 1597 est,
3296 1528 3645 1590 mortaliter
3674 1547 3976 1610 peccanS,

2480 1623 2745 1704 punitur
2783 1625 2847 1686 in
2892 1625 3137 1705 majori,
3174 1625 3235 1687 id
3275 1633 3373 1687 est
3412 1626 3476 1688 in
3516 1627 3795 1688 caritatis
3826 1627 3983 1689 sub-

2482 1722 2787 1785 tractione
2836 1731 2901 1785 et
2948 1724 3309 1787 amissione.
3364 1725 3508 1788 Haec
3560 1725 3729 1787 circa
3778 1725 3978 1788 verba

871 1820 1192 1900 attingunt
1235 1820 1562 1881 caritatem
1605 1838 1797 1900 quam
1843 1827 2101 1900 peccata
2140 1825 2367 1880 morta·
2404 1820 2451 1884 B
2481 1819 2735 1884 Thomae
2782 1828 2932 1883 sunt
2978 1821 3167 1896 dicta,
3204 1841 3347 1904 quae
3394 1821 3585 1884 etiam
3636 1822 3977 1885 sufficiunt

874 1918 977 1986 lia,
1035 1918 1338 2000 quoniam
1396 1917 1588 1979 simul
1648 1925 1816 1978 stant
1874 1936 2020 1978 cum
2081 1915 2363 1990 caritate,

874 2034 999 2079 non
1045 2023 1258 2078 autem
1321 2015 1628 2078 mortalia.
1680 2051 1760 2059 —
1809 2014 2117 2096 Deinceps
2165 2033 2367 2095 quum

873 2114 1115 2187 dicunt,
1149 2115 1284 2176 Non
1317 2113 1630 2176 minuitur
1667 2131 1846 2176 amor
1875 2112 2129 2174 divinus
2169 2131 2247 2175 ex
2280 2112 2370 2174 in-

875 2215 1269 2277 ordinatione
1319 2215 1488 2276 circa
1533 2213 1761 2286 media,
1796 2232 1937 2294 quae
1986 2221 2134 2274 sunt
2177 2213 2255 2274 ad
2296 2211 2371 2273 fi-

876 2330 1060 2390 nem3
1093 2314 1212 2374 hoc
1247 2313 1496 2374 videtur
1528 2312 1708 2373 valde
1745 2311 2068 2373 incautum
2099 2309 2366 2382 dictum,

875 2419 936 2470 et
968 2411 1232 2492 ‚penitus
1273 2409 1505 2472 falsum
1540 2428 1553 2473 :
1589 2409 1740 2491 quia
1781 2409 2163 2472 inordinatio
2203 2409 2371 2470 circa

877 2518 1084 2571 creata
1133 2517 1338 2591 potest
1388 2529 1526 2571 esse
1576 2516 1702 2571 tam
1756 2528 2003 2590 magna,
2057 2508 2227 2589 quod
2276 2513 2373 2569 est

877 2609 1156 2670 caritatis
1209 2609 1483 2671 totaliter
1532 2608 1920 2689 corruptiva,
1957 2614 2024 2668 ut
2075 2613 2245 2688 patet
2294 2606 2371 2667 de

874 2707 1140 2768 avaritia
1187 2715 1248 2768 et
1310 2725 1524 2768 amore
1583 2707 1818 2768 carnali
1880 2705 2241 2766 libidinoso.
2298 2704 2373 2765 Et

872 2807 1018 2868 dato
1057 2807 1226 2887 quod
1273 2823 1399 2868 non
1445 2806 1527 2868 sit
1575 2805 1959 2868 inordinatio
1997 2803 2123 2865 nisi
2163 2803 2373 2864 venia-

875 2905 974 2977 lis,
1007 2904 1214 2966 adhuc
1245 2912 1341 2966 est
1374 2904 1558 2966 modo
1595 2903 1727 2984 jam
1759 2920 2060 2985 expresso
2096 2902 2373 2963 diminu-

2480 1918 2649 1979 circa
2676 1938 2750 1980 ea
2780 1939 2921 2000 quae
2960 1919 3251 1982 scribunt
3280 1921 3391 2002 qui
3432 1920 3572 2002 ejus
3602 1921 3975 2002 opinionem

2480 2025 2852 2097 sequuntur.

2560 2115 2649 2176 Ex
2688 2115 2923 2196 quibus
2964 2116 3225 2198 insuper
3266 2117 3606 2180 innotescit
3645 2118 3977 2200 responsio

2479 2213 2557 2274 ad
2590 2222 2963 2293 argumenta
2992 2213 3256 2288 Atheni,
3290 2215 3562 2278 dicentis
3599 2233 3612 2276 ε
3648 2215 3819 2279 Nihil
3860 2216 3980 2278 mi·
4012 2227 4104 2281 Cf·
4126 2227 4303 2282 9-5512

2482 2311 2622 2373 nuit
2671 2312 2737 2372 in
2786 2312 2970 2375 nobis
3020 2313 3369 2387 caritatem,
3416 2314 3569 2395 quia
3616 2333 3734 2377 nec
3785 2315 3974 2388 Deus,

2482 2428 2597 2470 nec
2648 2409 2961 2483 voluntas,
3006 2429 3123 2472 nec
3172 2411 3377 2493 culpa.
3414 2412 3553 2474 Non
3600 2413 3788 2486 DeuS,
3825 2413 3981 2495 quia

2483 2507 2619 2588 ipse
2661 2509 2766 2570 dat
2809 2516 2871 2570 et
2915 2517 3248 2571 conservat
3290 2510 3636 2572 caritatem.
3672 2510 3768 2572 Ad
3807 2511 3979 2593 quod

2481 2606 2645 2680 dico,
2680 2607 2849 2687 quod
2891 2607 3055 2669 Deus
3099 2626 3177 2669 ex
3216 2627 3331 2670 sua
3375 2609 3608 2689 pietate
3650 2617 3715 2670 et
3756 2609 3981 2671 libera-

2484 2704 2657 2766 litate
2696 2723 2837 2767 eam
2875 2706 2982 2767 dat
3019 2714 3209 2788 atque
3250 2715 3601 2781 conservat,
3639 2716 3705 2770 et
3742 2727 3821 2769 ex
3864 2727 3981 2769 sua

2479 2803 2727 2882 justitia
2769 2805 3093 2877 diminuit,
3132 2805 3396 2867 retrahit
3434 2805 3769 2888 aufertque
3810 2825 3977 2880 eam,

2484 2919 2610 2964 non
2640 2903 3070 2966 conservando
3106 2920 3119 2964 :
3156 2904 3324 2984 quod
3365 2912 3461 2966 est
3490 2905 3673 2985 quasi
3716 2905 3984 2986 permis-

876 3003 1004 3065 tiva
1043 3003 1344 3074 caritatiS,
1383 3011 1672 3083 utsupra
1709 3002 1842 3083 jam
1885 3001 2088 3083 patuit
2127 3018 2205 3062 ex
2238 3018 2372 3063 ver·
2410 3004 2452 3067 C
2484 2999 2617 3062 sive
2674 3019 2815 3062 eam
2867 3001 3155 3063 minuere
3215 3021 3328 3064 seu
3384 3000 3637 3065 auferre
3694 3003 3830 3066 sive
3876 3005 3985 3066 de-

875 3103 974 3165 bis
1004 3101 1362 3183 Augustini,
1389 3100 1659 3164 dicentis
1690 3118 1703 3162 ε
1733 3100 1939 3163 Minus
1973 3107 2052 3173 te,
2079 3098 2368 3173 Domine,

877 3200 1108 3281 diligit,
1171 3200 1282 3282 qui
1349 3199 1594 3282 aliquid
1663 3206 1874 3261 tecum
1936 3199 2146 3280 diligit
2204 3198 2371 3281 quod

879 3308 1138 3383 propter
1177 3308 1237 3361 te
1279 3316 1405 3361 non
1445 3298 1672 3379 diligit.
1709 3299 1878 3360 Idem
1919 3306 2092 3379 patet
2129 3318 2209 3361 ex
2240 3316 2375 3359 ver-

879 3399 978 3461 bis
1023 3398 1471 3481 chrysostomi,
1507 3397 1615 3479 qui
1662 3397 1751 3459 ait
1801 3397 1865 3459 in
1909 3397 2174 3459 homilia
2209 3414 2222 3458 :
2257 3397 2374 3458 Pro

879 3506 1115 3579 quanta
1154 3505 1328 3578 parte
1370 3515 1478 3559 cor
1519 3505 1704 3557 tuum
1744 3494 1937 3557 fuerit
1972 3496 2050 3557 ad
2090 3496 2372 3597 aliquam

879 3615 1036 3668 rem,
1079 3614 1194 3677 pro
1243 3602 1414 3657 tanta
1462 3594 1675 3657 minus
1719 3602 1814 3656 est
1862 3594 1939 3655 ad
1991 3594 2212 3655 Deum.
2264 3593 2375 3654 De·
2418 3594 2430 3605 '

878 3695 1071 3776 nique
1129 3695 1294 3757 sicut
1347 3694 1774 3756 communiter
1821 3693 2078 3766 dicitur,
2132 3691 2375 3753 Fortior

876 3800 973 3854 est
1015 3794 1216 3855 virtus
1262 3792 1440 3854 unita
1480 3811 1672 3873 quam
1717 3791 2004 3872 dispersa
2040 3808 2053 3851 ε
2091 3791 2233 3852 ideo
2278 3790 2373 3851 vis

875 3891 1176 3953 affectiva
1219 3899 1391 3953 tanto
1437 3890 1747 3952 intensius
1792 3889 1997 3951 fertur
2039 3889 2106 3950 in
2147 3889 2371 3959 Deum,

880 3998 1117 4072 quanto
1177 3971 1389 4052 minus
1451 3989 1806 4052 inordinate
1863 3987 2149 4050 afficitur
2209 3986 2378 4048 circa

885 4090 1094 4152 media
1140 4108 1252 4150 seu
1305 4096 1571 4151 terrena.
1613 4123 1696 4131 —
1737 4086 2033 4153 Rursum,
2085 4085 2241 4148 dum
2291 4085 2381 4146 di-

2484 3107 2747 3161 struere.
2783 3099 2939 3162 Nam
2986 3100 3213 3163 caritas
3259 3100 3496 3182 jugiter
3545 3101 3787 3184 indiget
3836 3119 3982 3167 con-

2482 3198 2837 3260 servatione
2885 3198 3102 3261 divina
3150 3207 3213 3261 et
3261 3200 3576 3281 dependet
3624 3200 3704 3262 ab
3755 3201 3885 3276 illa,
3917 3212 3981 3264 et

2486 3297 2604 3359 hoc
2672 3305 2931 3379 propter
2996 3297 3305 3359 demerita
3376 3306 3607 3360 nostra.
3676 3300 3981 3363 Voluntas

2482 3396 2675 3457 etiam
2734 3404 2946 3458 nostra
3002 3415 3201 3477 quum
3252 3396 3335 3457 sit
3383 3394 3603 3471 libera,
3656 3399 3983 3481 operativa

2483 3501 2579 3555 est
2634 3512 2855 3556 eorum
2908 3514 3049 3576 quae
3100 3495 3427 3557 caritatem
3483 3496 3859 3578 dispositive
3906 3517 3981 3559 ac

2488 3593 2808 3655 meritorie
2846 3600 3080 3674 augent
3109 3602 3171 3654 et
3214 3594 3530 3657 minuunt.
3566 3630 3647 3639 —
3674 3595 3850 3669 Quod
3880 3614 3983 3657 ve·

2486 3710 2556 3754 ro
2596 3691 2773 3753 addit
2810 3691 3128 3764 AlbertuS,
3173 3692 3421 3755 veniale
3471 3702 3803 3775 peccatum
3852 3714 3979 3757 non

2488 3790 2775 3851 minuere
2824 3789 3173 3865 caritatem,
3208 3790 3511 3871 quoniam
3556 3808 3685 3854 non
3728 3793 3983 3873 attingit

2486 3907 2649 3961 eam,
2696 3907 2897 3969 quum
2957 3906 3083 3951 non
3142 3888 3224 3949 sit
3283 3888 3348 3950 in
3406 3891 3631 3953 eodem
3691 3890 3983 3971 subjecto

2489 4006 2637 4049 cum
2680 4006 2773 4060 ea,
2807 3986 3110 4068 quoniam
3152 3988 3379 4049 caritas
3422 3996 3517 4050 est
3558 3989 3624 4050 in
3668 3990 3984 4071 superiori

2488 4085 2717 4148 animae
2776 4092 2975 4167 parte,
3026 4085 3273 4147 veniale
3324 4087 3389 4147 in
3440 4086 3763 4166 inferiori:
3814 4089 3985 4170 quod

885 4196 1058 4261 cunt,
1092 4190 1297 4263 Quum
1328 4186 1669 4269 deliquerit
1697 4186 1842 4267 quis
1874 4186 1937 4246 in
1973 4184 2226 4258 minori,
2252 4203 2377 4247 non
2413 4191 2460 4252 D
2490 4191 2703 4245 autem
2750 4182 3053 4257 diminuit
3108 4182 3395 4245 habitum
3444 4184 3717 4266 alicujus
3770 4196 3987 4268 poten-

887 4296 985 4350 est
1015 4286 1376 4369 puniendus
1409 4285 1474 4347 in
1512 4284 1772 4364 majori;
1805 4283 1924 4346 hoc
1956 4283 2208 4345 videtur
2238 4301 2383 4346 con-

599 4406 862 4457 nexum.
893 4395 988 4448 tra
1019 4386 1080 4448 id
1112 4384 1281 4468 quod
1315 4384 1378 4445 in
1409 4383 1752 4464 Evangelio
1779 4381 1869 4444 ait
1899 4381 2183 4443 Salvator
2218 4399 2231 4443 ε
2266 4381 2381 4455 Qui

897 4487 960 4547 in
1013 4484 1263 4547 modico
1311 4481 1524 4545 fidelis
1573 4489 1689 4555 est,
1724 4489 1786 4543 et
1837 4480 1904 4541 in
1955 4480 2179 4560 majori
2230 4479 2387 4543 fide-

899 4584 974 4646 lis
1004 4582 1159 4660 erit3
1191 4581 1303 4663 qui
1335 4581 1400 4641 in
1432 4579 1664 4642 minori
1698 4578 1978 4641 infidelis
2011 4586 2126 4651 est,
2162 4578 2226 4639 in
2262 4598 2389 4640 ma-

891 4682 1016 4762 jori
1060 4679 1340 4742 infidelis
1378 4678 1518 4740 erit.
1555 4678 1630 4739 Et
1669 4678 1821 4739 item
1858 4685 2076 4739 contra
2115 4676 2177 4738 id
2218 4677 2387 4759 quod

642 4799 867 4851 Eectenx,
898 4781 962 4842 in
1007 4778 1386 4841 Ecclesiaste
1434 4775 1703 4839 habetur
1737 4794 1750 4838 :
1785 4776 1902 4849 Qui
1947 4776 2012 4838 in
2064 4794 2190 4839 uno
2237 4776 2390 4837 deli-

606 4866 669 4905 ¹8.

897 4879 1128 4961 querit,
1150 4876 1348 4940 multa
1378 4877 1542 4939 bona
1573 4875 1811 4957 perdet.
1837 4875 1953 4948 Qui
1984 4874 2156 4936 enim
2189 4894 2387 4936 unum

901 4976 1163 5041 mortale
1214 4973 1625 5047 commiserit,
1677 4973 1993 5035 universis
2042 4973 2389 5035 virtutibus

902 5076 1130 5139 infusis
1161 5081 1470 5156 quantum
1500 5073 1578 5134 ad
1617 5091 1756 5133 esse
1787 5070 2130 5134 formatum
2168 5089 2389 5133 earum

901 5175 1276 5255 cunctisque
1323 5172 1566 5234 meritis
1610 5170 1743 5233 suis
1794 5171 2097 5253 privatur.
2133 5171 2393 5252 Propter

605 5289 873 5341 aaz-oanan.
901 5274 1070 5358 quod
1119 5274 1177 5336 S.
1223 5270 1490 5334 Jacobus
1537 5268 1820 5333 effatur:
1856 5268 2255 5349 Quicumque
2307 5276 2393 5332 to-

2496 4281 2618 4356 tiae,
2652 4288 2898 4364 oportet
2938 4281 3128 4343 simul
3168 4300 3307 4343 esse
3347 4300 3495 4344 cum
3533 4301 3610 4345 eo
3644 4300 3657 4344 :
3694 4284 3865 4347 istud
3898 4291 3986 4347 to-

2495 4388 2630 4441 tum
2664 4380 2900 4461 patitur
2930 4379 3371 4459 dejectionem.
3404 4382 3539 4442 Jam
3576 4383 3751 4445 enim
3782 4390 3989 4446 osten-

2495 4498 2637 4541 sum
2696 4486 2812 4553 est,
2864 4479 3059 4540 etiam
3120 4478 3183 4540 in
3242 4480 3680 4561 superioribus
3739 4481 3987 4545 viribus

2495 4578 2724 4640 animae
2752 4596 2890 4639 esse
2929 4576 3203 4639 venialia
3242 4578 3532 4659 qus-‚edam
3564 4588 3841 4661 peccata.
3875 4582 3988 4643 De-

2497 4677 2691 4758 nique
2732 4676 2958 4738 caritas
2998 4693 3125 4738 non
3160 4677 3367 4739 solum
3410 4677 3743 4753 minuitur,
3776 4680 3886 4742 sed
3924 4688 3989 4742 et

2498 4775 2759 4838 omnino
2818 4774 3249 4855 corrumpitur
3294 4793 3332 4836 a
3379 4776 3658 4857 peccatis
3714 4778 3993 4841 mortali-

2501 4874 2640 4946 bu5‚
2675 4890 2948 4955 quorum
2991 4872 3188 4934 multa
3230 4882 3379 4934 sunt
3422 4874 3487 4935 in
3531 4874 3817 4939 inferiori
3859 4879 3995 4941 ani-

2502 4990 2619 5034 mae
2677 4978 2875 5052 parte,
2930 4978 2998 5031 ut
3056 4970 3382 5052 passiones
3436 4974 3989 5053 praedominantes,

2500 5070 2670 5133 circa
2700 5089 2855 5151 quas
2894 5070 3331 5151 exstirpandas
3362 5080 3697 5135 versantur
3727 5074 3993 5138 virtutes

2505 5169 2791 5230 morales».
2827 5168 3000 5241 Quod
3040 5169 3158 5230 etsi
3200 5168 3345 5250 quis
3385 5172 3729 5251 negaverit,
3762 5190 3993 5255 negare

2502 5285 2629 5330 non
2662 5267 2891 5349 poterit
2915 5266 3073 5349 quin
3102 5274 3165 5328 et
3196 5267 3260 5329 in
3294 5268 3682 5332 intellectiva
3710 5272 3995 5353 potentia
