4359 6250
841 495 962 567 486

1441 517 1504 562 IN
1546 515 1766 562 LIBRUM
1807 515 1830 561 1
1872 512 2354 561 SENTENTMRUH.
2399 529 2481 541 —
2519 510 2674 556 nlsT.
2718 509 2995 572 xxxvul3
3038 507 3261 564 QUAEST.
3308 507 3351 554 11

850 689 1066 754 omnia
1115 690 1192 752 de
1244 689 1620 753 necessitate
1669 686 1985 750 eveniant.
2040 684 2215 758 Quod
2266 691 2349 746 ta·
2378 681 2426 744 A
2538 682 2884 745 Concordat
2914 679 3402 762 Durandus,qui
3434 678 3603 740 circa
3632 678 3768 740 haec
3797 675 3961 739 scri-

851 808 998 852 men
1057 807 1280 851 verum
1331 797 1426 851 est
1475 786 1792 870 loquendo
1848 785 1925 847 de
1973 783 2351 846 necessitate

851 889 1130 951 secunda
1165 908 1178 952 :
1213 888 1362 970 quia
1392 885 1733 948 necessitas
1766 885 1886 947 ista
1915 883 2195 946 secunda
2224 899 2349 944 non

849 987 996 1070 plus
1027 987 1182 1049 dicit
1212 985 1332 1049 nisi
1366 985 1789 1048 necessariam
1831 981 2352 1064 consequentiam

851 1093 1118 1148 eventus
1162 1085 1254 1146 rei
1295 1084 1373 1146 ad
1417 1102 1596 1145 suam
1643 1082 2084 1145 futuritionem
2128 1099 2202 1142 ac
2242 1079 2354 1142 Dei

808 1182 1342 1266 ‚praescientiam
1411 1182 1794 1264 Certumque
1856 1188 1953 1242 est
2009 1179 2177 1261 quod
2238 1177 2357 1240 ista

856 1281 1310 1364 consequentia
1357 1281 1439 1342 sit
1488 1279 1846 1342 necessaria
1887 1298 1901 1342 :
1944 1278 2074 1341 Hoc
2123 1284 2219 1340 est
2267 1275 2359 1338 fu-

853 1390 1095 1455 turum,
1148 1398 1298 1462 ergo
1353 1378 1623 1442 eveniet.
1677 1376 2100 1442 Conformiter
2150 1375 2358 1458 sequi-

855 1488 960 1542 tur
994 1499 1008 1543 :
1050 1480 1215 1542 Deus
1258 1478 1509 1560 praescit
1543 1478 1711 1560 quod
1746 1477 1866 1538 hoc
1903 1475 2174 1548 eveniet,
2208 1491 2357 1554 ergo

856 1578 1125 1640 eveniet.
1171 1578 1290 1640 Sed
1339 1576 1490 1659 quia
1538 1575 1842 1658 possibile
1887 1583 1983 1637 est
2030 1573 2199 1657 quod
2249 1573 2359 1635 ali-

856 1697 984 1759 qua
1011 1676 1228 1738 futura
1266 1694 1595 1757 nunquam
1637 1673 1876 1736 fuerint
1909 1674 2146 1746 futura,
2179 1678 2242 1734 et
2273 1672 2359 1733 ita

859 1775 1164 1857 possibile
1203 1783 1300 1837 est
1340 1781 1410 1834 ut
1453 1792 1782 1855 nunquam
1825 1771 2064 1834 fuerint
2107 1770 2359 1852 praesci-

2458 780 2553 842 bit
2583 780 2849 861 prolixe,
2884 787 2947 841 et
2979 779 3201 842 recitat
3231 776 3506 860 qualiter
3532 775 3731 858 aliqui
3760 775 3965 837 verba

2461 882 2519 944 S.
2539 881 2787 943 Thomae
2817 878 3269 942 intellexerunt
3298 897 3421 941 non
3455 876 3969 952 recte,videlicet

2461 979 2629 1061 quod
2661 979 2931 1040 Thomas
2972 977 3082 1051 ait,
3117 977 3318 1038 Deum
3358 975 3439 1038 ab
3470 981 3707 1038 aeterno
3736 991 3975 1055 cogno-

2462 1079 2629 1142 visse
2661 1076 2877 1140 omnia
2908 1077 3263 1139 secundum
3292 1093 3515 1138 eorum
3545 1074 3861 1136 actualem
3904 1080 3975 1134 et

2464 1175 2929 1259 praesentialem
2986 1174 3441 1237 exsistentiam.
3506 1173 3681 1246 Quod
3741 1171 3975 1253 utique

2464 1293 2591 1337 non
2622 1283 2719 1336 est
2750 1272 3235 1355 intelligendum
3276 1271 3458 1354 quasi
3489 1271 3761 1333 Thomas
3790 1269 3981 1332 volu-

2464 1374 2586 1436 erit
2625 1373 2857 1446 dicere,
2890 1373 3060 1454 quod
3100 1390 3199 1434 res
3229 1371 3309 1433 ab
3340 1378 3576 1434 aeterno
3604 1368 3979 1432 habuerunt

2464 1472 2898 1534 exsistentiam
2926 1470 3159 1533 realem
3187 1478 3250 1532 et
3272 1469 3571 1531 actualem
3598 1469 3662 1530 in
3690 1486 3756 1529 se
3782 1466 3975 1548 ipsiS‚

2465 1578 2575 1633 aut
2612 1571 2767 1632 alibi
2809 1590 3001 1652 quam
3045 1569 3110 1631 in
3151 1569 3278 1631 Deo
3312 1587 3326 1633 :
3362 1567 3427 1629 in
3467 1584 3595 1650 quo
3638 1567 3724 1628 ita
3763 1565 3979 1628 fuisse

2467 1669 2769 1731 dicuntur
2826 1667 3165 1749 objective‚
3216 1666 3533 1748 cognitive
3581 1675 3771 1748 atque
3818 1684 3981 1726 cau-

2468 1768 2705 1842 saliter,
2740 1776 2801 1830 et
2832 1767 2983 1850 quia
3015 1774 3143 1828 tam
3180 1767 3347 1828 clare
3386 1773 3450 1827 et
3490 1773 3659 1828 certe
3696 1783 3769 1825 ac
3808 1783 3979 1845 prae-

857 1882 961 1953 ta3
1013 1874 1157 1936 ideo
1205 1873 1502 1935 omnibus
1543 1871 1948 1953 computatis,
1995 1869 2356 1950 negandum
2394 1868 2440 1930 B
2471 1866 2821 1928 sentialiter
2851 1866 3395 1947 cognoscebantur
3424 1884 3461 1926 a
3488 1865 3631 1936 Deo,
3650 1882 3723 1925 ac
3752 1862 3803 1925 si
3832 1863 3979 1943 jam

858 1979 954 2034 est
985 1971 1153 2054 quod
1193 1971 1407 2033 omnia
1444 1969 1660 2033 futura
1697 1969 1775 2032 de
1816 1968 2190 2031 necessitate
2220 1986 2359 2029 eve-

862 2070 1059 2132 nient.
1107 2070 1250 2132 Haec
1293 2069 1660 2132 RicharduS.

940 2169 1136 2248 Cujus
1185 2166 1514 2249 responsio
1561 2166 1814 2230 videtur
1863 2165 2176 2240 intricata,
2228 2181 2357 2226 non

863 2268 1159 2331 resoluta.
1194 2266 1595 2330 Praescientia
1622 2266 1794 2327 enim
1825 2265 1934 2327 Dei
1969 2283 2094 2326 non
2130 2264 2363 2346 depen-

864 2367 971 2428 det
1018 2385 1096 2428 ex
1149 2365 1340 2428 rebus
1385 2372 1495 2426 aut
1542 2363 1917 2427 futuritione
1967 2382 2209 2438 earum,
2251 2362 2360 2424 sed

865 2482 1232 2538 econverso,
1268 2470 1336 2524 ut
1372 2463 1615 2545 patuit3
1649 2481 1768 2524 nec
1797 2463 2040 2544 aliquid
2069 2469 2166 2524 est
2196 2461 2365 2523 futu·

865 2582 1008 2624 rum
1069 2561 1192 2624 nisi
1249 2581 1326 2624 ex
1375 2561 1934 2644 'praedispositione
1989 2560 2226 2634 divina,
2280 2560 2365 2621 lo-

866 2662 1119 2744 quendo
1169 2661 1245 2722 de
1293 2660 1394 2722 his
1441 2679 1583 2742 quae
1631 2658 1886 2742 proprie
1934 2667 2082 2721 sunt
2133 2679 2170 2720 a
2212 2659 2359 2721 Deo.

867 2761 1035 2834 Ideo,
1088 2759 1381 2843 quamvis
1438 2759 1728 2841 quaedam
1785 2758 2002 2820 futura
2060 2757 2364 2840 possibile

867 2859 950 2921 sit
999 2877 1326 2941 nunquam
1384 2858 1582 2920 fuisse
1632 2856 1867 2930 futura,
1922 2857 2239 2939 loquendo
2287 2856 2364 2917 de

868 2957 961 3018 eis
1009 2957 1364 3019 secundum
1422 2963 1785 3037 respectum
1838 2962 1901 3016 et
1948 2955 2237 3017 ordinem
2286 2956 2365 3016 ad

2470 1964 2802 2026 actualiter
2842 1963 3254 2038 exstitissent,
3288 1972 3351 2026 et
3380 1963 3546 2025 sicut
3576 1962 3769 2026 homo
3796 1962 3985 2023 videt

2472 2064 2535 2126 id
2579 2064 2749 2146 quod
2793 2063 2858 2125 in
2905 2082 3017 2125 sua
3059 2069 3263 2124 exstat
3306 2061 3660 2144 praesentia.

2554 2163 2803 2244 Scripta
2843 2162 3103 2224 demum
3145 2160 3683 2223 Antisiodorensis
3729 2159 3807 2221 de
3852 2159 3983 2221 hac

2473 2262 2760 2336 materia,
2792 2261 3063 2324 obscura
3102 2261 3403 2323 videntur
3442 2260 3715 2322 multum
3754 2267 3816 2320 et
3858 2258 3987 2320 sal-

2474 2360 2712 2423 vabilia
2750 2359 3104 2423 difficulter
3136 2377 3150 2422 :
3194 2359 3433 2422 idcirco
3472 2367 3858 2441 pertranseo.
3894 2393 3985 2403 —

2476 2460 2654 2522 Dicta
2676 2460 2929 2522 Thomae
2958 2459 3035 2521 de
3061 2459 3403 2540 Argentina
3432 2465 3779 2521 consonant
3808 2473 3987 2520 com-

2480 2558 2659 2621 muni
2700 2556 3003 2620 doctrinae
3043 2557 3394 2620 doctorum.

2560 2754 2853 2836 Amplius
2894 2754 3064 2816 circa
3102 2755 3235 2818 haec
3268 2754 3551 2836 loquitur
3578 2755 3800 2818 Scotus
3834 2771 3851 2816 t
3887 2755 3989 2816 Ad

2481 2854 2897 2935 quaestionem
2940 2854 3103 2916 hanc
3146 2854 3568 2936 respondetur
3610 2873 3624 2917 :
3668 2855 3839 2916 ldem
3887 2854 3996 2917 fu—

2480 2961 2695 3013 turum
2747 2971 2948 3033 quum
2996 2953 3074 3014 ad
3120 2953 3400 3015 divinam
3454 2952 3743 3016 notitiam
3788 2953 3997 3016 refer-

872 3055 1160 3138 proprias
1216 3073 1438 3116 causas
1490 3073 1564 3116 ac
1617 3054 1959 3137 proximam,
2013 3061 2223 3115 tamen
2285 3054 2369 3117 lo-
2407 3053 2451 3117 C
2482 3059 2606 3126 tur,
2658 3058 2754 3113 est
2796 3052 3269 3131 necessarium3
3316 3071 3517 3135 quum
3560 3069 3713 3114 vero
3755 3051 3817 3113 in
3866 3071 3993 3114 sua

870 3154 1126 3235 quendo
1153 3155 1231 3215 de
1263 3154 1354 3216 eis
1387 3172 1501 3235 per
1530 3161 1890 3235 respectum
1925 3153 2003 3215 ad
2037 3153 2369 3235 praescien-

870 3253 1022 3315 tiam
1078 3271 1153 3314 ac
1205 3252 1668 3334 providentiam
1729 3252 1864 3326 Dei,
1917 3270 2042 3315 non
2102 3261 2369 3333 possunt

873 3370 1002 3414 non
1060 3370 1198 3414 esse
1255 3350 1490 3425 futura,
1544 3358 1732 3432 prout
1790 3370 1866 3413 ex
1914 3351 2132 3413 Boetio
2177 3358 2368 3433 atque

873 3449 1240 3533 proehabitis
1291 3449 1646 3511 innotescit.
1697 3450 1783 3511 De
1832 3449 1951 3512 hoc
1999 3456 2236 3524 autem,
2287 3469 2366 3512 an

874 3549 1165 3631 praescita
1207 3548 1451 3631 possint
1495 3565 1620 3610 non
1665 3566 1802 3611 esse
1847 3548 2156 3630 praescita,
2204 3547 2369 3610 infra

872 3647 1138 3710 dicetur.

952 3746 1236 3828 AEgidius
1266 3746 1525 3809 demum
1569 3745 1634 3807 in
1674 3745 1775 3807 his
1815 3746 2152 3808 concordat
2183 3746 2369 3807 dictis

873 3865 950 3907 ex
981 3846 1241 3920 Thoma,
1275 3846 1492 3907 dicens
1529 3863 1542 3907 :
1575 3844 1874 3918 Quamvis
1906 3845 2120 3908 omnia
2162 3844 2240 3907 ad
2281 3844 2371 3906 di-

873 3944 1088 4007 vinam
1132 3944 1558 4025 cognitionem
1603 3943 1799 4006 relata
1839 3944 2146 4005 exsistant.
2187 3944 2369 4026 quasi

871 4044 1229 4125 praesentia,
1303 4052 1366 4105 et
1436 4044 1778 4126 quamdam
1850 4044 2197 4105 sortiantur
2267 4062 2371 4105 ne-

870 4140 1264 4219 cessitatem3
1305 4149 1582 4204 attamen
1630 4142 1932 4224 quoniam
1983 4142 2148 4203 Deus
2198 4142 2371 4204 videt

2480 3158 2704 3212 natura
2749 3151 3186 3233 perpenditur,
3233 3151 3507 3213 liberum
3551 3159 3648 3214 est
3685 3171 3722 3213 a
3764 3170 3995 3214 neces-

2478 3248 2661 3310 sitate
2701 3256 2763 3311 et
2803 3250 3194 3331 contingens
3229 3250 3403 3323 Quod
3442 3250 3636 3312 etiam
3672 3249 3991 3331 probatur

2478 3365 2556 3409 ex
2602 3348 2745 3422 hoc,
2797 3348 2962 3429 quod
3013 3348 3414 3431 imperfectio
3462 3356 3669 3431 potest
3717 3367 3857 3410 esse
3910 3350 3985 3412 in

2478 3445 2715 3509 effectu
2747 3466 2783 3508 a
2814 3466 3003 3509 causa
3036 3448 3343 3529 proxima,
3378 3447 3528 3509 licet
3560 3465 3688 3512 non
3716 3468 3751 3510 a
3782 3466 3988 3511 causa

2480 3553 2722 3608 remota
2770 3564 2881 3608 seu
2931 3546 3126 3627 priori
3184 3563 3197 3607 ε
3250 3546 3415 3607 sicut
3460 3546 3827 3609 deformitas
3880 3556 3987 3609 est

2482 3644 2546 3705 in
2595 3652 2737 3706 actu
2788 3663 2825 3706 a
2869 3645 3192 3707 voluntate
3234 3653 3463 3718 creata,
3506 3663 3632 3707 non
3674 3644 3738 3707 in
3778 3664 3989 3727 quan-

2482 3752 2616 3806 tum
2674 3751 2770 3805 est
2820 3764 2857 3806 a
2908 3745 3231 3807 voluntate
3286 3744 3583 3806 increata.
3634 3745 3780 3807 Ideo
3830 3764 3989 3826 pec-

2478 3850 2691 3904 catum
2749 3861 2876 3904 non
2935 3843 3263 3905 reducitur
3310 3843 3374 3904 in
3425 3843 3625 3905 Deum
3682 3842 3851 3905 sicut
3912 3843 3987 3906 in

2479 3960 2757 4015 causam,
2810 3941 2919 4003 sed
2967 3948 3213 4003 tantum
3266 3941 3617 4021 imputatur
3664 3940 3991 4005 voluntati

2478 4047 2719 4102 creatae.
2756 4038 3054 4113 Quamvis
3082 4057 3233 4120 ergo
3262 4046 3572 4121 quantum
3602 4048 3696 4101 est
3726 4058 3802 4101 ex
3832 4060 3991 4121 par-

2478 4146 2539 4200 te
2589 4138 2723 4212 Dei,
2775 4137 2885 4220 qui
2933 4145 3027 4200 est
3087 4156 3277 4200 causa
3334 4143 3596 4211 remota,
3644 4146 3806 4199 essct
3874 4158 3995 4201 ne-

871 4240 1304 4320 contingentia
1345 4241 1782 4321 contingenter
1819 4240 2129 4315 accidere,
2162 4248 2227 4302 et
2267 4258 2370 4302 ne-
2398 4242 2448 4304 D
2479 4236 2738 4299 cessitas
2769 4252 3023 4313 rerum;
3057 4242 3270 4297 tamen
3309 4254 3387 4297 ex
3428 4235 3735 4317 proximis
3764 4237 3993 4300 causis

872 4338 1145 4399 cessaria
1183 4339 1539 4401 necessario
1577 4338 1856 4411 evenire,
1900 4339 2042 4401 ideo
2086 4340 2253 4401 sicut
2289 4358 2367 4401 ex

872 4436 1090 4497 divina
1120 4436 1608 4518 praecognitione
1638 4454 1764 4499 non
1795 4436 2082 4499 aufertur
2110 4456 2147 4498 a
2177 4436 2367 4499 rebus

871 4534 1247 4596 necessariis
1286 4535 1650 4608 necessitas,
1685 4535 1771 4596 ita
1800 4554 1916 4597 nec
1948 4535 2367 4616 contingenti-

873 4633 994 4695 bus
1044 4632 1491 4713 contingentia.
1537 4634 1671 4696 Imo
1717 4653 1916 4716 quum
1971 4634 2369 4715 praescientia

871 4750 984 4793 seu
1045 4730 1321 4811 cognitio
1377 4732 1487 4794 Dei
1547 4732 1628 4793 sit
1686 4731 2064 4805 infallibilis,
2117 4739 2180 4793 et
2230 4732 2366 4813 ipse

870 4828 1037 4891 Deus
1080 4829 1405 4909 cognoscit
1453 4828 1883 4909 contingentia
1925 4827 2369 4908 contingenter

867 4926 1179 4999 accidere,
1213 4926 1453 4988 idcirco
1481 4944 1740 4990 necesse
1771 4933 1867 4989 est
1896 4945 1971 4988 ea
2001 4925 2369 5005 contingen-

866 5032 964 5086 ter
1000 5023 1288 5086 accidere
1331 5040 1346 5085 ε
1392 5023 1521 5086 imo
1564 5034 1626 5087 et
1672 5024 1764 5088 sic
1813 5024 2006 5087 etiam
2047 5042 2162 5106 per
2200 5041 2369 5086 com-

869 5122 1260 5205 parationem
1291 5122 1370 5183 ad
1401 5122 1730 5183 scientiam
1762 5123 1872 5184 Dei
1916 5130 2184 5204 possunt
2222 5139 2368 5184 con-

871 5221 1179 5303 tingentia
1207 5222 1583 5303 nuncupari,
1605 5222 1670 5283 in
1701 5229 2010 5303 quantum
2043 5222 2368 5302 cognoscit

871 5337 946 5380 ea
989 5320 1419 5400 contingentia
1459 5338 1617 5383 esse.
1667 5319 1808 5382 Haec
1849 5318 2151 5401 AEgidius.

2478 4354 2695 4397 earum
2729 4342 2935 4416 potest
2967 4352 3106 4395 esse
3146 4333 3578 4415 contingentia
3610 4334 3672 4395 in
3705 4333 3987 4398 eisdem.

2558 4433 2786 4495 Contra
2826 4431 2946 4494 ista
2982 4432 3291 4511 arguitur,
3325 4431 3476 4514 quia
3516 4432 3693 4494 nulla
3731 4433 3995 4495 contin—

2476 4530 2689 4611 gentia
2738 4536 2944 4612 potest
2990 4548 3129 4591 esse
3180 4530 3243 4591 in
3288 4531 3651 4592 causatione
3700 4530 3995 4611 alicujus

2477 4648 2682 4691 causae
2722 4628 3017 4691 secundae
3052 4636 3345 4710 respectu
3385 4627 3657 4691 effectus
3694 4629 3815 4703 sui,
3850 4629 3995 4694 nisi

2478 4728 2685 4810 prima
2739 4747 2930 4790 causa
2988 4728 3429 4809 contingenter
3486 4747 3554 4789 se
3611 4727 3839 4790 habeat
3894 4732 3994 4793 ad

2478 4844 2731 4888 causam
2774 4826 3130 4908 proximam
3175 4825 3298 4887 sibi
3338 4826 3439 4887 vel
3481 4826 3560 4888 ad
3598 4846 3783 4887 suum
3824 4826 4001 4890 effe-

2477 4932 2671 4986 ctum.
2734 4924 2909 4997 Quod
2970 4923 3275 5005 probatur
3333 4942 3410 4985 ex
3469 4924 3611 4998 hoc,
3672 4924 3994 5006 quoniam

2476 5041 2667 5085 causa
2699 5040 2961 5085 movens
3002 5022 3066 5085 in
3109 5029 3417 5105 quantum
3453 5030 3644 5097 mota,
3676 5021 3728 5084 si
3760 5041 3997 5087 neces-

2475 5122 2642 5184 sario
2688 5129 2999 5195 movetur,
3046 5120 3402 5183 necessario
3447 5130 3659 5183 movet
3702 5140 3717 5183 :
3758 5122 3998 5202 quaeli-

2476 5220 2584 5282 bet
2631 5238 2780 5301 ergo
2827 5238 3016 5281 causa
3062 5220 3341 5282 secunda
3382 5238 3525 5301 quae
3570 5220 3864 5302 producit
3910 5220 3993 5284 in

2475 5326 2785 5401 quantum
2821 5325 2990 5381 mota
3028 5336 3065 5379 a
3096 5317 3324 5400 prima,
3360 5318 3413 5379 si
3445 5318 3803 5381 necessario
3838 5336 3991 5382 mo-
