4359 6250
931 529 1020 576 AN
1058 529 1214 577 DEUS
1255 527 1710 578 Pnovmnmmu
1751 530 1999 578 HABEAT
2039 531 2465 579 UvaERsomm
2507 533 2583 578 m·
2622 533 3003 580 SINGULORUM

3398 511 3513 578 501

492 698 586 763 Ad
617 703 974 766 secundum
1004 703 1370 777 dicendum,
1403 703 1570 784 quod
1603 701 1916 785 quidquid
1947 699 1998 763 A
2027 702 2181 764 dum
2232 704 2401 786 quod
2450 704 2641 790 habet
2689 702 3115 785 cognitionem
3166 701 3263 764 sui
3318 701 3519 784 ipsius

409 807 508 860 est
551 799 618 861 in
659 803 922 876 mundo,
949 811 1045 866 est
1078 801 1462 875 ordinatum,
1496 801 1791 883 quamvis
1829 820 1918 863 ra-

411 897 505 958 tio
531 897 777 962 ordinis
817 900 1004 963 nobis
1043 919 1171 964 non
1209 907 1508 981 appareat
1548 900 1614 961 in
1653 899 1916 982 quibus-

412 995 582 1069 dam,
627 999 982 1078 praesertim
1032 999 1098 1060 in
1148 997 1546 1070 voluntariis,
1588 998 1738 1078 quia
1789 1017 1916 1059 ma-

413 1091 494 1154 lis
523 1094 896 1158 bominibus
927 1096 1308 1178 quandoque
1341 1095 1505 1158 bona
1536 1097 1916 1177 quandoque

413 1190 582 1253 mala
609 1193 938 1269 eveniunt,
972 1195 1268 1257 similiter
1295 1193 1482 1256 honis
1522 1194 1911 1256 hominibus.

409 1289 648 1352 Verum
693 1291 854 1354 ratio
896 1293 1090 1374 hujus
1135 1292 1378 1356 ordinis
1421 1293 1622 1355 scitur
1659 1312 1696 1355 a
1735 1294 1864 1355 Deo
1899 1313 1912 1356 :

410 1390 952 1469 quemadmodum
1007 1391 1292 1454 medicus
1336 1391 1457 1454 scit
1501 1411 1616 1453 cur
1658 1391 1918 1474 quibus-

411 1486 558 1548 dam
598 1487 784 1568 aegris
824 1490 1206 1572 quandoque
1240 1491 1346 1552 det
1377 1489 1601 1562 calida,
1633 1489 1918 1570 aliquan-

412 1585 494 1647 do
553 1585 806 1668 frigida,
867 1587 1164 1649 similiter
1219 1587 1426 1666 sanis3
1477 1587 1644 1668 quod
1703 1595 1912 1649 tamen

369 1734 381 1744 .
415 1682 715 1764 ignorans
757 1693 958 1748 artem
1005 1685 1357 1760 medicinae,
1392 1685 1681 1758 miratur,
1717 1694 1788 1748 ut
1827 1686 1918 1748 di-

369 1797 382 1808 ·
415 1781 503 1843 cit
533 1783 809 1846 Boetius.
843 1784 956 1846 Illa
987 1790 1198 1846 tamen
1241 1784 1625 1848 inordinatio
1662 1802 1788 1847 non
1829 1784 1918 1846 in-

2025 806 2336 862 eteorum
2381 820 2521 882 quae
2554 799 2723 862 facit.
2760 800 3101 884 Dispositio
3130 816 3282 863 vero
3318 798 3522 861 fertur

2025 916 2164 960 esse
2197 899 2263 960 in
2292 900 2422 962 Deo
2461 898 2701 961 ratione
2737 899 3014 981 duplicis
3054 899 3293 962 ordinis
3326 917 3519 979 quem

2027 996 2208 1078 ponit
2248 996 2313 1058 in
2358 996 2569 1071 rebus,
2603 997 2899 1060 videlicet
2933 1015 2946 1059 ε
2982 999 3073 1060 rei
3113 997 3191 1059 ad
3234 1015 3393 1070 rem,
3426 1015 3519 1058 se·

2027 1094 2309 1156 cundum
2356 1096 2525 1176 quod
2567 1095 2792 1176 juvant
2831 1115 2897 1158 se
2939 1095 3214 1159 invicem
3256 1095 3334 1156 ad
3378 1111 3527 1157 con-

2027 1193 2423 1274 sequendum
2470 1193 2767 1256 ultimum
2819 1193 3057 1272 sinem3
3096 1200 3161 1255 et
3202 1193 3394 1255 etiam
3438 1200 3527 1254 to-

2027 1291 2156 1352 tius
2199 1291 2480 1353 universi
2513 1292 2591 1353 ad
2628 1292 2828 1354 finem
2866 1310 2879 1354 :
2914 1293 3081 1354 sicut
3109 1291 3526 1374 Philosophus

2028 1391 2369 1452 undecimo
2416 1390 2858 1472 Metaphysicae
2912 1390 3133 1472 tangit,
3186 1389 3295 1452 ubi
3349 1389 3531 1472 ponit

2027 1488 2395 1569 exemplum
2426 1488 2503 1550 de
2535 1489 2755 1551 ordine
2788 1489 3064 1570 partium
3104 1488 3417 1551 exercitus
3448 1488 3525 1549 ad

2028 1586 2306 1650 invicem
2336 1594 2400 1649 et
2430 1587 2507 1649 ad
2542 1586 2783 1650 bonum
2825 1588 3156 1670 principis.
3192 1587 3527 1651 Providen-

2028 1686 2116 1748 tia
2156 1703 2409 1768 quoque
2442 1693 2703 1748 vocatur
2742 1687 3094 1749 secundum
3132 1687 3299 1768 quod
3335 1686 3525 1748 rebus

2027 1785 2120 1847 sic
2159 1783 2465 1846 ordinatis
2498 1783 2723 1846 tribuit
2762 1785 3163 1866 procurativa
3197 1802 3528 1846 conserva-

413 1881 672 1943 venitur
721 1883 788 1944 in
832 1882 932 1944 bis
973 1882 1050 1944 ad
1091 1902 1232 1964 quae
1277 1902 1391 1965 per
1431 1901 1500 1945 se
1542 1883 1915 1945 ordinantur
1952 1880 1998 1941 B
2029 1881 2285 1963 tivaque
2321 1883 2585 1957 ordiniS,
2626 1889 2690 1944 et
2728 1883 3263 1946 inordinationem
3311 1883 3523 1966 expel-

413 1995 608 2060 opera
656 1979 958 2052 humana,
1009 1987 1072 2042 et
1119 1999 1262 2062 quae
1308 1987 1457 2042 sunt
1505 1979 1748 2041 homini
1801 2000 1914 2062 per

413 2096 482 2140 se
534 2078 702 2142 bona
747 2085 856 2140 aut
907 2080 1090 2141 mala.
1145 2078 1395 2141 Etenim
1455 2097 1616 2161 opus
1673 2078 1914 2141 bonum

413 2195 671 2259 semper
713 2178 906 2240 habet
953 2178 1288 2260 praemium
1337 2177 1594 2240 virtutis
1641 2178 1764 2240 sibi
1813 2179 1916 2239 ad-

409 2275 736 2356 junctum,
769 2275 998 2339 vitium
1042 2295 1194 2340 vero
1241 2277 1576 2358 praemium
1628 2275 1916 2358 impieta-

413 2374 517 2435 tis.
563 2373 684 2436 Sed
731 2374 1070 2456 permixtio
1119 2375 1229 2437 illa
1278 2375 1568 2438 consistit
1615 2375 1681 2437 in
1731 2374 1916 2437 bonis

413 2479 479 2534 et
523 2471 710 2534 malis
759 2473 1217 2556 corporalibuS,
1259 2492 1402 2555 quae
1442 2490 1569 2535 non
1619 2482 1765 2534 sunt
1805 2493 1920 2555 per

413 2589 484 2632 se
515 2571 797 2634 hominis
827 2571 1010 2634 bona.
1029 2571 1245 2635 Nihilo
1273 2572 1488 2634 minus
1519 2571 1918 2653 providentia

415 2668 529 2731 Dei
562 2669 811 2732 ordinat
841 2669 1033 2732 etiam
1062 2669 1432 2751 hujusmodi
1468 2669 1633 2732 bona
1661 2677 1722 2731 et
1755 2669 1919 2731 mala

415 2766 667 2829 homini
717 2768 782 2829 in
832 2767 1100 2848 gloriam
1148 2775 1212 2829 et
1261 2767 1643 2850 profectum,
1693 2774 1804 2829 aut
1852 2767 1917 2828 in

417 2866 730 2947 maJorem
783 2866 1276 2940 damnationem,
1327 2873 1393 2928 et
1439 2865 1505 2928 in
1555 2865 1919 2928 declaratio-

418 2983 570 3026 nem
612 2964 846 3027 divinae
891 2964 1156 3045 justitiae
1200 2965 1265 3025 in
1315 2963 1494 3026 finali
1541 2964 1804 3045 judicio.
1838 2999 1919 3008 —

417 3063 566 3127 Haec
607 3062 876 3127 Thomas
921 3062 988 3125 in
1030 3063 1298 3145 Scripto.

499 3162 787 3245 Denique
825 3162 904 3225 ad
945 3162 1430 3243 intelligendum
1470 3162 1624 3244 quid
1665 3162 1746 3224 sit
1777 3180 1918 3245 pro-

417 3260 724 3335 videntia,
783 3260 1242 3324 advertendum
1302 3261 1472 3341 quod
1534 3259 1758 3322 scribit
1812 3260 1918 3322 hic

414 3357 690 3421 Thomas
710 3358 888 3421 :Tria
919 3358 1066 3431 haec,
1091 3358 1378 3432 scientia,
1401 3358 1754 3440 dispositi0‚
1779 3376 1920 3439 pro-

413 3455 723 3530 videntia,
758 3455 994 3518 habent
1032 3475 1100 3518 se
1139 3475 1254 3538 per
1294 3456 1682 3519 additionem
1726 3456 1916 3517 unius

414 3554 496 3616 ad
539 3554 827 3616 alterum.
862 3555 1067 3628 Quum
1099 3554 1272 3617 enim
1304 3556 1382 3617 de
1413 3554 1717 3616 creaturis
1752 3555 1916 3616 Deus

415 3652 756 3715 scientiam
793 3652 1020 3716 haheat
1060 3653 1428 3735 practicam,
1462 3653 1919 3715 consideranda

417 3760 518 3814 est
569 3752 834 3814 scientia
879 3753 992 3815 Dei
1051 3753 1248 3814 instar
1295 3752 1578 3815 scientiae
1625 3750 1912 3813 artificis,

414 3849 668 3914 Artifex
703 3859 916 3913 autem
956 3851 1509 3933 praeconcipiendo
1543 3870 1729 3913 suum
1770 3850 1917 3911 arti-

416 3948 737 4021 ficiatum,
790 3948 998 4029 primo
1055 3947 1414 4011 considerat
1457 3948 1659 4010 finem
1707 3947 1917 4029 operis

417 4048 562 4126 sui3
603 4046 832 4109 deinde
875 4047 1085 4110 media
1129 4047 1220 4109 rei
1263 4067 1300 4109 a
1341 4065 1408 4109 se
1451 4046 1682 4126 fiendae
1723 4047 1802 4108 ad
1845 4046 1920 4108 fi-

415 4166 572 4209 nem
617 4146 820 4221 illum,
863 4166 974 4209 seu
1024 4146 1234 4208 media
1275 4146 1352 4208 ad
1399 4146 1916 4227 consequendum

2027 1977 2117 2038 lit.
2153 1979 2297 2042 Haec
2339 1980 2607 2043 Thomas
2652 1980 2717 2042 in
2760 1980 3026 2063 Scripto.

2105 2077 2373 2160 Insuper
2421 2079 2486 2141 in
2537 2079 2743 2161 prima
2789 2088 2967 2162 parte
3017 2080 3315 2154 Summae,
3358 2099 3523 2162 quae-

2024 2175 2229 2239 stione
2260 2177 2564 2240 vicesima
2592 2178 2892 2253 secunda,
2912 2186 3209 2244 testatur:
3231 2181 3299 2242 ln
3328 2179 3522 2242 rebus
3601 2197 3683 2238 art.
3706 2197 3747 2238 1.

2027 2275 2253 2337 creatis
2284 2284 2379 2338 est
2409 2276 2649 2339 bonum
2689 2295 2818 2340 non
2858 2279 3063 2341 solum
3096 2285 3407 2359 quantum
3444 2278 3521 2340 ad

2025 2391 2245 2436 earum
2304 2373 2747 2448 substantiam,
2798 2376 2907 2438 sed
2966 2382 3029 2438 et
3075 2383 3387 2458 quantum
3444 2376 3523 2438 ad

2024 2472 2314 2534 ordinem
2346 2491 2566 2534 earum
2606 2473 2672 2535 in
2711 2473 2935 2548 finem,
2970 2474 3289 2555 praecipue
3325 2474 3393 2535 in
3434 2475 3526 2536 ul-

2028 2571 2257 2633 timum
2302 2570 2524 2645 finem,
2558 2572 2670 2652 qui
2714 2579 2811 2634 est
2853 2572 3100 2634 bonitas
3147 2571 3365 2634 divina
3411 2591 3525 2634 seu

2029 2668 2432 2750 participatio
2478 2668 2639 2750 ejus.
2684 2669 2848 2751 Ergo
2895 2669 3015 2731 boc
3070 2670 3309 2732 bonum
3359 2670 3525 2732 ordi-

2028 2767 2128 2828 nis
2175 2767 2458 2831 universi
2503 2768 2569 2828 in
2610 2769 2917 2831 creaturis
2957 2768 3291 2843 exsisten8‚
3323 2789 3360 2830 a
3398 2770 3529 2832 Deo

2029 2864 2339 2948 profluxit
2390 2885 2403 2930 :
2458 2866 2601 2929 ideo
2660 2866 2957 2929 convenit
3009 2866 3067 2929 ei
3128 2867 3527 2950 providentia

2029 2982 2263 3025 rerum.
2304 3001 2387 3010 —-
2434 2965 2695 3040 RursuS‚
2738 2985 2937 3046 quum
2986 2967 3153 3027 Deus
3206 2965 3289 3028 sit
3339 2985 3529 3028 causa

1955 3060 2000 3125 C
2029 3080 2245 3125 rerum
2304 3081 2419 3145 per
2475 3062 2894 3138 intellectum,
2947 3064 3167 3146 sicque
3216 3063 3527 3127 rationem

2029 3161 2377 3242 cujuslibet
2406 3162 2505 3223 sui
2545 3161 2815 3224 effectus
2856 3162 2922 3224 in
2964 3164 3104 3244 ipso
3141 3162 3531 3244 praeexsiste-

2029 3278 2096 3322 re
2133 3260 2220 3321 sit
2256 3278 2538 3335 necesse,
2572 3260 2733 3323 ratio
2774 3268 2988 3323 autem
3030 3260 3527 3323 ordinandorum

2030 3357 2094 3419 in
2158 3356 2359 3419 finem
2428 3358 2826 3439 providentia
2884 3359 3243 3440 appelletur
3276 3376 3293 3437 ;
3356 3364 3529 3440 patet

2028 3455 2199 3536 quod
2240 3456 2685 3518 universorum
2728 3456 3124 3537 providentia
3163 3455 3245 3518 sit
3276 3456 3342 3517 in
3375 3455 3521 3518 Dec.

2027 3554 2254 3617 Omnia
2310 3571 2562 3635 quoque
2619 3554 2851 3617 divinae
2908 3554 3321 3635 providentiae
3377 3562 3526 3615 sunt
3605 3568 3683 3609 ut.
3714 3567 3755 3609 2.

2028 3654 2339 3734 subjecta,
2380 3654 2570 3715 etiam
2617 3653 2681 3713 in
2730 3652 3054 3734 singulari.
3099 3653 3305 3726 Quum
3350 3653 3522 3715 enim

2027 3772 2220 3833 agens
2250 3759 2392 3833 agat
2421 3759 2680 3834 propter
2708 3750 2931 3825 finem,
2966 3759 3211 3813 tantum
3243 3752 3526 3814 extendit

2029 3870 2098 3913 se
2130 3849 2464 3912 causalitas
2494 3848 2684 3930 primi
2721 3850 2984 3929 agentiS‚
3019 3850 3085 3911 in
3114 3856 3424 3931 quantum
3456 3869 3523 3911 se

2029 3949 2314 4011 extendit
2345 3949 2556 4030 ipsum
2586 3966 2746 4022 esse,
2767 3949 2932 4029 quod
2964 3955 3060 4010 est
3092 3948 3386 4029 proprius
3411 3949 3523 4010 Dei

2029 4047 2321 4110 effectus.
2355 4048 2502 4110 Ideo
2539 4047 2873 4109 causalitas
2912 4046 3103 4128 primi
3142 4046 3384 4127 agentis
3422 4065 3526 4109 ex-

2031 4145 2232 4209 tendit
2272 4165 2339 4208 se
2379 4163 2505 4208 non
2546 4145 2754 4209 solum
2792 4146 2868 4207 ad
2910 4144 3228 4227 principia
3260 4145 3521 4226 speciei,

416 4245 623 4307 finem
667 4244 961 4319 valentia,
1004 4244 1292 4307 ordinem
1337 4261 1590 4325 quoque
1641 4244 1914 4325 partium
1950 4243 2000 4303 D
2030 4246 2139 4307 sed
2170 4245 2361 4306 etiam
2396 4262 2597 4325 usque
2626 4243 2703 4305 ad
2736 4243 3052 4325 principia
3085 4243 3519 4307 individualia.

413 4344 500 4406 ad
542 4343 836 4407 invicem.
871 4343 1079 4406 Tertio
1120 4342 1476 4405 considerat
1508 4344 1918 4405 accommoda

413 4441 543 4505 fini
576 4442 840 4516 intent0‚
872 4450 934 4503 et
965 4441 1438 4503 obstaculorum
1473 4441 1912 4503 remotionem.

415 4540 572 4614 Quae
609 4540 987 4622 excogitatio
1018 4539 1385 4601 nominatur
1415 4538 1702 4613 scientia,
1735 4540 1919 4601 ratio-

415 4658 502 4701 ne
534 4638 730 4701 solius
760 4638 1176 4719 cognitionis3
1217 4638 1459 4700 ratione
1490 4655 1640 4699 vero
1677 4637 1918 4700 ordinis

413 4736 756 4819 excogitati
798 4738 864 4799 in
905 4755 972 4798 re
1012 4736 1247 4810 fienda,
1280 4737 1516 4799 dicitur
1549 4736 1917 4819 dispositi03

413 4836 664 4899 ratione
707 4843 920 4897 autem
967 4852 1189 4897 eorum
1233 4854 1374 4917 quae
1417 4841 1794 4916 promovent
1829 4842 1920 4896 at-

413 4954 549 5019 que
586 4934 997 4997 accommoda
1035 4941 1182 4997 sunt
1213 4935 1291 4996 ad
1333 4933 1554 5007 finem,
1590 4933 1922 5015 providen-

411 5036 508 5097 tia
557 5032 924 5095 nominatur
966 5051 979 5095 ε
1024 5033 1328 5115 providus
1380 5033 1618 5114 quippe
1661 5038 1922 5094 vocatur

416 5132 532 5215 qui
592 5130 758 5193 hene
817 5130 1132 5211 conjectat
1183 5130 1262 5192 de
1320 5130 1796 5192 conferentibus
1845 5130 1921 5192 ad

416 5232 624 5294 finem
659 5236 725 5292 et
753 5229 830 5290 de
870 5229 1275 5291 removendis
1315 5228 1812 5310 impedimentis,
1845 5264 1926 5273 —

415 5330 584 5393 Hinc
613 5336 678 5390 et
709 5328 774 5389 in
807 5328 936 5390 Deo
965 5326 1200 5389 dicitur
1227 5346 1368 5389 esse
1402 5327 1668 5389 scientia
1707 5345 1927 5389 secun-

2030 4344 2190 4406 Hinc
2231 4351 2459 4404 cuncta
2497 4361 2637 4423 quae
2679 4341 2914 4403 habent
2949 4360 3110 4416 esse,
3144 4362 3179 4403 a
3208 4343 3337 4404 Deo
3377 4350 3526 4405 sunt

2031 4442 2317 4505 ordinata
2360 4441 2438 4502 ad
2486 4440 2706 4513 finem,
2738 4448 2801 4502 et
2843 4440 3274 4521 subjiciuntur
3316 4441 3525 4523 provi—

2031 4541 2259 4602 dentiae
2308 4538 2441 4611 Dei,
2480 4538 2660 4618 juxta
2707 4538 2863 4600 illud
2912 4540 3194 4621 Apostoli
3238 4560 3253 4606 ε

2031 4641 2158 4701 Deo
2202 4645 2370 4711 sunt,
2411 4638 2697 4699 ordinata
2744 4645 2910 4699 sunt.
2943 4675 3024 4684 —
3062 4640 3126 4702 Si
3173 4658 3323 4702 vero
3366 4639 3526 4720 obji—

2032 4738 2257 4810 ciatur,
2309 4736 2477 4816 quod
2526 4735 2735 4797 omnis
2784 4736 3036 4817 sapiens
3090 4737 3379 4818 provisor
3424 4756 3526 4798 ex-

2033 4835 2234 4897 cludit
2282 4832 2602 4896 dei'ectum
2652 4840 2715 4895 et
2760 4834 3020 4907 malum,
3062 4841 3370 4915 quantum
3422 4852 3527 4916 po·

2032 4933 2270 5007 test,ab
2302 4932 2401 4993 his
2431 4949 2701 5011 quorum
2734 4931 2895 5011 gerit
2926 4948 3175 5009 curam3
3198 4951 3528 5013 quumque

2033 5034 2199 5095 Deus
2229 5030 2634 5111 omnipotens
2674 5029 2775 5102 sit,
2809 5028 3059 5089 videtur
3088 5029 3256 5109 quod
3295 5030 3348 5090 si
3390 5048 3529 5111 pro-

2035 5130 2381 5193 videntiam
2424 5145 2636 5189 rerum
2679 5125 2960 5198 haberet,
2995 5132 3087 5188 tot
3124 5127 3290 5188 mala
3334 5127 3398 5189 in
3437 5147 3531 5190 re—

2037 5228 2157 5289 bus
2190 5243 2317 5288 non
2348 5231 2577 5287 essent.
2608 5223 2982 5296 Dicendum,
3016 5224 3184 5304 quod
3222 5224 3407 5287 aliter
3434 5234 3531 5288 est

2040 5324 2430 5407 loquendum
2468 5323 2546 5385 de
2576 5340 2651 5385 eo
2682 5322 2792 5403 qui
2829 5321 3272 5385 universorum
3308 5342 3526 5386 curam

3298 4542 3445 4615 Quae
3490 4561 3526 4602 a
3552 4558 3675 4601 Rom.
3686 4561 3812 4609 xum.
