4359 6250
695 513 1016 562 SECUNDUM
1055 517 1212 573 QUAS
1255 517 1486 564 CAUSAS
1527 517 1912 564 mchNnmu
1956 519 2048 565 SlT
2087 520 2337 574 ALIQmD
2380 520 2681 566 Possmtm
2722 521 2836 566 vm.
2878 521 3251 567 mpossmlut·
3406 498 3526 566 567

423 682 532 746 lud
571 702 711 747 esse
760 685 1086 767 possibile,
1119 689 1288 769 quod
1329 697 1668 771 antequam
1713 691 1918 763 fieret,
1953 687 2002 750 A
2031 687 2300 750 scientia
2347 687 2593 750 dicatur
2642 690 2944 771 possibile
2990 691 3334 752 secundum
3380 709 3524 752 cau-

423 783 824 866 impossibile
875 787 1218 867 putabatur
1271 807 1284 850 :
1339 789 1558 872 sicque
1608 791 1922 872 virginem
2031 804 2128 846 sas
2162 784 2517 862 inferioreS,
2553 787 2617 848 in
2650 788 2963 869 theologia
2991 807 3141 851 vero
3170 789 3525 850 secundum

423 900 666 964 parere,
707 893 854 946 ante
898 886 1402 950 iucarnationem
1453 888 1575 951 suit
1617 890 1920 972 possibile
2030 903 2250 946 causas
2290 886 2666 967 superiores.
2700 887 2875 960 Quod
2913 904 3041 949 non
3069 887 3344 961 videtur,
3377 887 3529 969 quia

421 981 842 1062 possibilitate
901 984 1200 1060 increata,
1262 988 1428 1048 sicut
1484 995 1546 1049 et
1607 988 1920 1050 mundum
2029 983 2411 1065 simpliciter
2442 985 2766 1066 possibile,
2790 994 2886 1047 cst
2918 986 3157 1068 ubique
3188 985 3523 1068 possibile3

419 1081 576 1154 sore,
625 1091 965 1164 antequam
1014 1083 1159 1156 fuit,
1213 1105 1438 1148 verum
1488 1087 1610 1148 fuit
1657 1087 1919 1149 veritate
2027 1088 2090 1142 et
2136 1081 2305 1144 idem
2353 1090 2449 1144 est
2492 1084 2568 1145 de
2613 1083 2968 1146 necessario
3011 1091 3074 1146 ct
3117 1083 3520 1167 impossibili.

419 1179 717 1242 increata.
753 1181 839 1243 De
870 1201 996 1263 qua
1033 1183 1456 1264 possibilitate
1489 1187 1577 1247 nil
1611 1205 1918 1266 cognove-
2028 1181 2170 1242 Haec
2214 1181 2529 1244 Albertus.

417 1287 566 1339 runt
613 1279 996 1362 philosophi.
1032 1282 1174 1344 Haec
1220 1283 1775 1347 AntisiodorensiS.
2107 1279 2369 1341 Videtur
2400 1288 2611 1342 autem
2649 1280 2711 1341 in
2752 1281 2868 1343 hac
2904 1301 2969 1342 re
3006 1281 3237 1363 positio
3270 1281 3377 1345 illa
3406 1282 3527 1345 An-

516 1378 704 1440 Porro
761 1378 1056 1442 Albertus
1113 1381 1366 1443 videtur
1419 1384 1618 1446 ter-tim
1673 1383 1918 1464 opinio·
2029 1376 2463 1440 tisiodorensis
2496 1379 2928 1442 rationabilior
2957 1387 3188 1454 esse,et
3219 1379 3528 1461 praeindu-

415 1477 480 1537 ni
535 1477 744 1557 potius
789 1477 1108 1540 adhaerere
1156 1497 1170 1540 :
1216 1479 1544 1554 Possibile,
1597 1481 1914 1563 inquiam,
2028 1474 2148 1536 ctis
2191 1475 2404 1538 verbis
2442 1477 2777 1557 Augustini
2826 1478 3103 1560 amplius
3153 1496 3519 1552 consonare,

413 1593 673 1656 semper
717 1575 978 1656 ponitur
1026 1577 1195 1639 circa
1249 1578 1535 1660 aliquid;
1585 1587 1774 1660 atque
1823 1599 1917 1640 36-
2028 1574 2092 1636 in
2143 1574 2377 1656 quibus
2433 1575 2561 1655 jam
2624 1577 2867 1638 dictum
2916 1586 3011 1639 est
3062 1595 3075 1638 :
3128 1578 3309 1640 Dedit
3356 1578 3523 1640 Deus
3576 1602 3619 1645 1>-
3642 1588 3783 1632 ⁵6⁶8.

413 1673 698 1736 cundum
739 1673 1010 1736 formam
1053 1682 1115 1737 et
1155 1677 1484 1766 materiam
1535 1677 1708 1739 illius
1748 1677 1918 1739 circa
2026 1673 2269 1734 naturis
2309 1692 2465 1754 quas
2506 1674 2812 1746 condidit,
2847 1682 2916 1736 ut
2952 1694 3031 1738 ex
3068 1676 3161 1737 eis
3204 1675 3340 1738 haec
3376 1675 3523 1738 fieri

411 1773 584 1854 quod
619 1773 895 1854 ponitur,
921 1775 998 1835 de
1029 1775 1168 1856 ipso
1197 1783 1290 1837 est
1319 1775 1915 1855 judicandum.Non
2029 1779 2323 1851 possent;
2355 1790 2563 1852 neque
2602 1773 2773 1834 enim
2816 1772 2952 1854 ipse
2990 1773 3155 1835 Deus
3187 1793 3263 1836 ex
3302 1773 3393 1835 eis
3432 1772 3523 1835 ef-

411 1873 586 1933 enim
631 1891 730 1934 res
758 1891 980 1935 omnes
1019 1881 1169 1936 sunt
1210 1875 1432 1937 eodem
1475 1875 1663 1937 modo
1698 1875 1762 1936 in
1805 1893 1916 1956 po-
1953 1867 2000 1930 B
2029 1868 2253 1931 ficeret
2301 1871 2469 1952 quod
2520 1890 2597 1932 ex
2642 1871 2735 1933 eis
2784 1871 2926 1934 fieri
2976 1891 3160 1953 posse
3210 1891 3335 1936 non
3388 1872 3525 1954 ipse

410 1971 612 2033 tentia
647 1988 660 2032 :
695 1971 934 2033 idcirco
976 1973 1281 2054 possibile
1324 1973 1566 2034 dictum
1613 1975 1692 2035 de
1735 1974 1913 2054 ipsiS,
2030 1969 2405 2049 pras-figeret.
2444 1970 2507 2032 Si
2538 1979 2750 2032 autem
2783 1971 3231 2051 distinguendo
3262 1972 3406 2054 quis
3438 1970 3528 2034 di-

411 2087 540 2130 non
581 2069 818 2131 dicitur
857 2072 1045 2133 modo
1085 2072 1327 2133 eodem.
1365 2071 1484 2134 Sed
1529 2071 1590 2132 in
1633 2089 1708 2134 eo
1746 2071 1914 2153 quod
2027 2075 2146 2138 cat,
2179 2067 2436 2148 Aliquid
2468 2087 2607 2130 esse
2639 2068 2943 2150 possibile
2974 2088 3086 2131 seu
3128 2069 3527 2152 impossibile

410 2166 512 2241 fit,
573 2175 670 2228 est
726 2167 1115 2250 possibilitas
1177 2169 1240 2230 in
1301 2169 1775 2252 comparatione
1834 2170 1912 2231 ad
2026 2165 2389 2246 dupliciter,
2436 2173 2653 2247 utpote
2702 2167 3073 2229 naturaliter
3117 2177 3181 2229 et
3229 2187 3528 2250 superna-

413 2285 670 2327 e-ausam
721 2265 1138 2329 efficientem.
1191 2268 1488 2341 Quaedam
1543 2275 1758 2330 autem
1811 2285 1919 2330 no-
2025 2264 2347 2342 turaliter3
2392 2264 2667 2326 faciliter
2710 2274 2952 2346 pateret
2996 2266 3340 2347 responsio.

414 2363 664 2426 minant
700 2364 1004 2445 possibile
1044 2365 1248 2447 ipsius
1289 2366 1568 2430 materiae
1603 2385 1751 2428 cum
1791 2366 1915 2428 dis·
2106 2362 2184 2424 At
2224 2381 2373 2424 vcro
2412 2363 2683 2425 Thomas
2724 2365 3058 2445 respondet
3094 2384 3107 2428 :
3143 2365 3398 2447 Aliquid
3435 2365 3527 2428 di—

412 2463 731 2544 positione
781 2463 1094 2525 contraria
1146 2464 1222 2525 ad
1279 2463 1436 2526 illud
1495 2465 1661 2545 quod
1715 2463 1918 2525 fertur
2027 2461 2194 2522 citur
2240 2460 2639 2543 impossibile
2683 2461 3043 2543 dupliciter.
3087 2463 3296 2525 Primo
3342 2462 3524 2526 abso·

412 2559 718 2642 possibile
761 2579 775 2623 z
819 2559 984 2622 sicut
1033 2581 1232 2642 quum
1283 2561 1538 2634 dicitur,
1571 2562 1762 2642 Virgo
1812 2579 1919 2642 po·
2025 2557 2265 2632 lute,ut
2294 2578 2437 2641 quae
2467 2559 3028 2622 contradictionem
3062 2561 3397 2622 includunt
3412 2579 3429 2640 ;
3462 2569 3526 2623 et

411 2664 536 2720 test
578 2677 819 2739 parere,
861 2676 1064 2721 caecus
1113 2667 1322 2740 potest
1364 2660 1600 2721 videre.
1642 2659 1718 2721 Et
1760 2659 1916 2722 tales
2028 2656 2236 2718 taliter
2284 2656 2727 2740 impossibilia,
2775 2666 2923 2719 sunt
2971 2658 3351 2740 simpliciter
3404 2659 3523 2722 im-

409 2756 714 2818 videntur
756 2775 882 2818 non
924 2775 1061 2818 esse
1103 2757 1439 2838 possibiles
1489 2765 1633 2819 ante
1677 2765 1914 2832 actum,
2025 2753 2377 2835 possibilia,
2412 2764 2475 2818 et
2503 2774 2627 2818 non
2662 2775 2776 2837 per
2804 2764 3166 2837 respectum
3194 2757 3272 2819 ad
3304 2776 3525 2820 causas

412 2853 718 2935 quoniam
763 2853 957 2916 simul
997 2855 1182 2916 datur
1219 2855 1312 2916 eis
1358 2863 1535 2918 actus
1576 2864 1767 2937 atque
1808 2874 1917 2936 po·
2026 2853 2385 2935 superiores
2426 2854 2524 2915 vel
2568 2852 2919 2916 inferiores
2956 2854 3245 2917 Secundo
3282 2854 3525 2937 aliquid

412 2951 628 3014 tentia.
648 2952 944 3024 Quaedam
974 2971 1124 3014 vero
1154 2953 1527 3014 ordinantur
1562 2953 1683 3014 sub
1715 2952 1914 3015 fiendi
2025 2959 2122 3013 est
2164 2951 2581 3032 impossibile,
2615 2953 2786 3033 quod
2826 2959 3138 3034 quantum
3186 2952 3252 3014 in
3295 2971 3363 3014 se
3406 2961 3524 3026 est,

415 3050 718 3133 potentia,
757 3057 1006 3112 tantum
1053 3050 1176 3112 sub
1217 3051 1352 3134 ipsa
1394 3051 1628 3113 virtute
1674 3051 1911 3124 divina,
1953 3051 1996 3114 C
2028 3067 2150 3111 non
2186 3058 2280 3111 est
2313 3049 2707 3132 impossibile
2739 3068 2857 3112 nec
2886 3051 3194 3112 rationem
3236 3050 3528 3134 impossi-

412 3149 577 3211 sicut
615 3148 926 3209 mundum
969 3148 1270 3230 possibile
1307 3157 1400 3211 est
1434 3150 1600 3224 fieri,
1636 3158 1698 3211 et
1727 3169 1916 3213 omne
2026 3148 2293 3210 bilitatis
2335 3148 2628 3221 includit,
2661 3149 2771 3210 sed
2804 3149 2870 3210 in
2900 3150 3122 3213 ordine
3152 3149 3228 3211 ad
3260 3149 3522 3231 aliquid.

412 3254 696 3309 creatum
731 3246 1032 3327 possibile
1063 3255 1159 3310 est
1189 3247 1516 3329 compleri.
1554 3249 1622 3311 ln
1655 3249 1754 3311 his
1787 3267 1912 3311 non
2027 3246 2102 3308 Et
2134 3246 2199 3308 in
2231 3246 2369 3308 istis
2410 3255 2505 3308 est
2535 3234 3056 3328 distinguendum
3094 3266 3107 3309 τ
3142 3247 3293 3330 quia
3331 3250 3527 3330 possi-

411 3343 799 3427 supponitur
837 3346 1224 3427 possibilitas
1265 3346 1390 3407 nisi
1425 3345 1802 3409 obedientiae
1837 3346 1914 3407 ad
2027 3344 2154 3407 bile
2195 3344 2429 3407 dicitur
2466 3345 2817 3407 secundum
2864 3347 3214 3427 potentiam
3250 3346 3526 3411 activam

411 3445 807 3507 voluntatem
848 3444 1179 3517 Creatori5‚
1213 3462 1340 3506 non
1387 3463 1533 3505 cum
1576 3444 1792 3525 aliquo
1837 3446 1915 3505 ad
2024 3450 2087 3504 et
2128 3443 2468 3524 passivam,
2502 3449 2565 3504 et
2599 3450 2866 3525 utroque
2911 3446 3098 3506 modo
3137 3444 3378 3527 aliquid
3418 3465 3524 3527 ap-

413 3542 805 3605 contrarium
853 3542 1248 3623 disponente.
1295 3543 1438 3605 Ideo
1482 3543 1917 3605 conceduntur
2026 3541 2302 3622 pellatur
2341 3541 2643 3622 possibile
2684 3549 2746 3604 et
2785 3542 3183 3624 impossibile
3222 3544 3527 3625 simplici-

413 3641 538 3703 iltae
566 3658 706 3703 esse
737 3639 1069 3721 possibiles
1104 3640 1387 3720 potentia
1416 3640 1760 3701 efficientis
1789 3647 1920 3701 tan·
2026 3648 2123 3702 ter
2163 3659 2277 3721 per
2322 3640 2855 3720 comparationem
2906 3642 2984 3702 ad
3034 3660 3213 3702 suam
3266 3660 3522 3703 causam

411 3748 549 3801 tum
609 3756 622 3799 :
678 3737 974 3819 quamvis
1039 3736 1250 3799 minus
1315 3737 1568 3819 proprie
1635 3738 1918 3818 potentia
2026 3737 2384 3819 proximam
2425 3736 2695 3798 activam
2738 3736 2837 3799 vel
2880 3737 3294 3810 materialem,
3336 3738 3523 3818 cujus

411 3836 762 3900 efficientis
803 3836 1051 3897 dicatur
1094 3836 1506 3917 possibilitaS,
1542 3836 1672 3898 imo
1716 3836 1916 3917 magis
2027 3835 2422 3897 conditiones
2472 3834 2761 3916 sequitur
2808 3835 2948 3914 ejus
2997 3834 3287 3897 effectus.
3330 3835 3522 3897 Verbi

414 3934 673 4017 proprie
723 3940 984 3996 vocatur
1041 3934 1358 4015 completa
1414 3942 1726 4015 potestas;
1777 3952 1917 4015 pos-
2025 3934 2248 4015 gratia,
2284 3932 2547 3994 materia
2586 3940 2826 3995 remota
2862 3940 3082 3995 statuae
3120 3939 3217 3995 est
3258 3940 3422 3997 terra
3460 3942 3524 3997 et

413 4032 688 4095 sibilitas
718 4050 868 4093 vero
898 4030 1135 4092 dicitur
1175 4032 1456 4112 potentia
1492 4031 1770 4093 materiae
1801 4032 1917 4093 im·
2025 4052 2211 4113 aqua,
2257 4031 2545 4113 proxima
2583 4049 2733 4093 vero
2778 4031 3059 4104 materia,
3101 4050 3370 4113 cuprum
3414 4040 3525 4094 aut

415 4131 732 4213 perfecta3
774 4130 1058 4213 potentia
1087 4138 1298 4193 autem
1333 4139 1429 4194 est
1461 4132 1538 4194 ad
1573 4140 1916 4212 utrumque
2028 4130 2293 4211 lignum.
2330 4130 2404 4191 Et
2434 4129 2709 4191 dicimus
2740 4136 3009 4191 statuam
3047 4129 3190 4191 ficri
3226 4147 3409 4212 posse
3444 4150 3521 4193 ex

415 4229 796 4292 communis
833 4230 1050 4311 ltaque
1084 4229 1242 4291 mihi
1283 4238 1544 4311 apparet
1573 4230 1741 4312 quod
1782 4229 1916 4291 istae
1945 4231 1996 4292 D
2028 4246 2247 4309 cupro,
2270 4247 2398 4290 non
2428 4247 2505 4289 ex
2540 4234 2741 4289 terra:
2776 4228 2896 4290 hoc
2926 4227 3165 4309 quippe
3195 4228 3401 4290 solum
3436 4229 3525 4290 di-

415 4328 544 4389 sint
583 4326 778 4399 salsae,
812 4327 1002 4406 Virgo
1042 4334 1249 4407 potest
1288 4346 1529 4408 parere,
1565 4346 1769 4389 caecus
1811 4345 1917 4409 po-
2027 4326 2235 4387 cimus
2274 4345 2413 4387 esse
2444 4326 2510 4387 in
2547 4326 2831 4407 potentia
2862 4326 2925 4387 in
2960 4325 3175 4407 aliquo
3208 4325 3516 4401 absolute,

415 4433 539 4489 test
586 4425 804 4487 videre
855 4442 870 4485 ε
923 4424 1074 4506 quia
1125 4424 1356 4487 virtute
1415 4426 1693 4487 nominis
1751 4426 1919 4488 circa
2026 4424 2196 4506 quod
2228 4431 2436 4506 potest
2464 4423 2651 4485 educi
2681 4424 2759 4485 de
2797 4424 3058 4485 materia
3092 4442 3218 4486 uno
3254 4432 3517 4499 motore,

415 4524 585 4607 quod
633 4522 892 4604 ponitur
939 4522 1237 4603 potentia,
1273 4523 1671 4603 significatur
1714 4524 1918 4605 dispo-
2026 4530 2097 4584 ut
2127 4540 2294 4584 nono
2320 4521 2759 4604 Metaphysicae
2790 4522 3045 4584 dicitur.
3068 4523 3519 4585 —Diccndum

416 4624 564 4685 sitio
592 4629 657 4684 et
687 4620 1030 4682 necessitas
1061 4620 1137 4681 ad
1171 4622 1554 4682 contrarium
1582 4621 1722 4701 ejus
1755 4622 1916 4702 quod
2025 4639 2197 4701 ergo,
2233 4620 2399 4701 quod
2430 4638 2650 4681 omnes
2682 4619 2953 4682 effectus
2984 4620 3095 4702 qui
3126 4629 3274 4682 sunt
3305 4620 3523 4682 imme-

416 4720 652 4782 dicitur
703 4736 890 4799 posse
937 4716 1103 4779 fieri.
1157 4718 1332 4779 Unde
1387 4716 1532 4779 talia
1588 4719 1794 4799 posita
1852 4719 1917 4780 in
2026 4720 2194 4781 diate
2227 4718 2427 4800 ipsius
2452 4717 2723 4791 Dei,non
2755 4737 2868 4799 per
2892 4736 3145 4779 causam
3176 4719 3519 4780 secundam

416 4826 585 4891 actu,
621 4834 747 4878 non
790 4814 1074 4877 inferunt
1105 4836 1252 4878 suas
1295 4817 1605 4897 potentias
1644 4823 1788 4878 ante
1819 4837 1917 4879 ac·
2029 4818 2323 4889 mediam,
2350 4824 2416 4877 ut
2448 4816 2697 4889 creatio,
2713 4815 3105 4897 justificatio,
3124 4814 3519 4896 glorificatio,

419 4924 554 4977 tum
601 4915 667 4975 in
707 4921 996 4995 tempore
1046 4914 1387 4995 praeteritO,
1432 4916 1731 4995 quoniam
1775 4924 1920 4977 ante
2025 4915 2353 4995 judicandi
2395 4922 2543 4975 sunt
2583 4912 2918 4995 possibiles
2952 4914 3051 4975 vel
3095 4912 3523 4995 impossibiles

416 5021 629 5076 actum
674 5012 916 5074 nullam
957 5012 1319 5074 habuerunt
1351 5013 1697 5094 potentiam
1737 5014 1813 5074 ad
1854 5013 1924 5075 il-
2029 5012 2380 5074 secundum
2443 5029 2698 5073 causam
2763 5010 3159 5091 superiorem
3218 5010 3520 5073 divinam.

421 5112 554 5173 lum
597 5118 938 5172 actum.--
967 5109 1232 5183 Quidam
1266 5129 1419 5173 vero
1457 5111 1639 5172 aliter
1677 5112 1918 5186 dicunt,
2029 5110 2243 5173 Nihilo
2286 5109 2497 5171 minus
2542 5108 2742 5191 aliqui
2782 5125 3003 5170 eorum
3053 5117 3319 5189 possunt
3355 5109 3525 5189 judi-

421 5217 642 5291 utpote
673 5208 978 5290 possibile
1009 5215 1072 5270 et
1101 5208 1530 5270 necessarium
1563 5209 1792 5271 variari
1829 5228 1922 5270 se-
2032 5208 2158 5269 cari
2206 5206 2541 5289 possibiles
2584 5207 2937 5269 secundum
2982 5225 3201 5269 causas
3244 5208 3525 5289 passivas

423 5308 706 5370 cundum
773 5304 1092 5379 scientiaS,
1157 5306 1242 5368 ita
1301 5307 1469 5388 quod
1531 5307 1595 5368 in
1654 5306 1923 5368 naturali
2035 5306 2390 5379 inferiorcS,
2425 5305 2534 5386 qui
2577 5305 2821 5367 scilicet
2862 5304 2924 5366 in
2972 5303 3378 5368 inferioribus
3424 5307 3527 5368 ha-
