4359 6250
869 521 955 566 Ax
998 521 1062 567 IN
1102 521 1220 566 nEo
1261 519 1398 566 SINT
1437 519 1663 566 PLURES
1705 517 1885 577 mEAE,
1925 517 2031 566 mo
2074 517 2148 564 ΕΤ
2189 519 2425 566 OMNIUM
2466 519 2600 575 QL'AE
2642 517 2967 566 COGNOSCIT

3344 497 3459 564 411

372 693 724 754 secundum
777 692 1253 754 multitudinem
1311 691 1864 774 principiatorum‚
1895 688 1944 752 A
1975 689 2186 752 dicere
2245 689 2475 751 multas
2537 691 2708 752 ideas
2769 710 2908 753 esse
2972 691 3037 753 in
3100 691 3246 754 Dec.
3307 691 3464 754 Nam

371 791 660 873 sequitur
709 792 876 872 quod
927 792 1082 854 ideae
1126 799 1274 853 sunt
1319 790 1533 853 multae
1575 796 1637 852 et
1685 789 1870 851 ratio-

373 909 508 964 neS‚
544 891 636 953 sic
668 897 880 952 tamen
912 890 1080 971 quod
1113 907 1240 952 non
1281 890 1408 952 sint
1445 890 1659 972 plures
1691 888 1870 950 intel-

375 990 573 1052 lectus
604 997 666 1052 et
699 989 883 1072 plura
913 989 1230 1071 principia
1262 989 1598 1051 moventia.
1615 989 1870 1050 Verum-

374 1096 584 1150 tamen
625 1105 754 1150 non
798 1087 1052 1150 videtur
1091 1087 1246 1148 mihi
1291 1086 1654 1155 dicendum,
1697 1086 1864 1167 quod

375 1186 662 1248 absolute
703 1186 1021 1266 loquendo
1065 1185 1280 1247 multae
1325 1185 1452 1246 sint
1499 1185 1675 1257 ideae,
1719 1184 1868 1246 licet

375 1287 658 1346 dicamus
713 1286 886 1347 ideas
945 1283 1490 1364 consignificando
1548 1282 1868 1364 pluralita-

373 1393 520 1446 tem.
557 1384 630 1445 Et
663 1383 958 1464 quamvis
999 1382 1490 1445 concederemus
1530 1381 1746 1463 plures
1775 1399 1868 1442 es-

373 1501 438 1544 se
471 1483 664 1554 ideaS,
697 1499 825 1543 non
859 1490 1068 1544 tamen
1101 1481 1182 1544 ob
1215 1481 1333 1543 hoc
1374 1487 1690 1562 oporteret
1721 1497 1867 1542 con-

375 1583 594 1643 cedere
627 1581 860 1642 multas
889 1588 998 1642 aut
1027 1581 1307 1642 diversas
1337 1599 1476 1641 esse
1508 1579 1693 1652 ideas
1718 1579 1869 1660 quia

375 1679 719 1762 pluralitati
752 1679 999 1742 sufficit
1029 1697 1448 1760 quaecumque
1480 1677 1864 1749 differentia,

374 1795 496 1841 non
529 1786 742 1839 autem
777 1777 1174 1838 multitudini
1203 1793 1216 1838 :
1246 1776 1431 1857 cujus
1462 1776 1716 1856 signum
1747 1781 1862 1847 est,

1973 789 2267 871 quamvis
2297 788 2505 851 omnis
2536 789 2863 871 pluralitas
2894 791 2976 851 sit
3007 791 3349 852 multitudo
3380 809 3471 852 se-

1977 888 2258 949 cundum
2302 889 2474 969 quod
2522 888 2863 951 multitudo
2908 889 3182 951 sumitur
3219 889 3470 952 absolu-

1976 993 2036 1046 te
2075 1005 2190 1068 per
2228 986 2769 1048 coacervationem
2808 1005 2885 1048 ex
2928 989 3075 1050 unis
3118 989 3470 1051 secundum

1977 1085 2146 1165 quod
2194 1103 2394 1146 unum
2440 1085 2785 1166 opponitur
2832 1084 3074 1158 multiS,
3118 1091 3331 1147 tamen
3377 1104 3471 1148 se·-

1978 1183 2260 1244 cundum
2312 1183 2480 1264 quod
2542 1183 2815 1244 multum
2875 1183 3149 1244 sumitur
3205 1183 3468 1246 relative

1975 1289 2165 1363 atque
2223 1283 2568 1364 opponitur
2620 1300 2845 1364 pauco,
2897 1283 2989 1345 sic
3047 1283 3221 1344 addit
3278 1303 3471 1365 super

1975 1379 2405 1461 pluralitatem
2453 1390 2517 1443 et
2566 1398 2954 1443 numerum:
2989 1381 3290 1463 quoniam
3341 1400 3473 1445 om-

1975 1478 2075 1540 nis
2107 1479 2451 1542 multitudo
2480 1488 2573 1542 est
2606 1499 2911 1542 numerus
2952 1481 3086 1543 sive
3117 1481 3468 1562 pluralitas,

1978 1595 2104 1639 non
2135 1596 2481 1640 econverso
2510 1596 2523 1640 :
2555 1579 2855 1661 quoniam
2887 1580 3011 1641 duo
3044 1579 3135 1642 sic
3166 1599 3293 1643 non
3325 1589 3473 1643 sunt

1979 1675 2276 1750 multum,
2298 1678 2406 1738 sed
2440 1697 2735 1759 paucum.
2758 1679 3056 1751 Quamvis
3086 1687 3299 1741 autem
3333 1679 3473 1742 idea

1979 1774 2146 1836 dicat
2205 1784 2566 1857 respectum
2627 1777 2703 1838 ad
2764 1785 3139 1852 creaturam,
3202 1796 3327 1841 non
3388 1786 3473 1840 ta-

373 1876 540 1958 quod
581 1877 647 1938 in
692 1875 929 1938 divinis
973 1875 1247 1936 fatemur
1290 1876 1504 1957 plures
1547 1892 1684 1935 esse
1725 1893 1863 1955 per·
1901 1875 1948 1937 B
1979 1891 2125 1934 men
2168 1874 2427 1955 ponitur
2467 1875 2630 1936 inter
2671 1875 2929 1936 nomina
2968 1876 3341 1957 temporalia
3380 1877 3471 1938 di-

373 1993 578 2049 sonaS‚
612 1994 740 2038 non
771 1982 982 2036 tamen
1019 1973 1275 2056 proprie
1305 1973 1556 2034 multas,
1591 1973 1732 2036 Haec
1763 1972 1864 2035 ΑΙ-

373 2075 608 2136 bertuS.

449 2173 567 2246 Qui
598 2173 792 2235 etiam
823 2173 900 2234 ad
932 2171 1348 2254 quaestionem
1380 2190 1506 2252 qua
1537 2170 1863 2251 quaeritur,

374 2274 464 2335 An
517 2273 582 2334 in
627 2273 757 2334 Deo
805 2270 1094 2333 omnium
1145 2271 1227 2332 sit
1275 2269 1436 2343 idea,
1477 2276 1539 2331 et
1589 2269 1866 2330 materia»

373 2371 617 2452 primae,
663 2370 1002 2452 respondet
1043 2387 1058 2431 :
1103 2370 1270 2432 Deus
1311 2367 1634 2449 cognoscit
1677 2375 1868 2429 mate-

374 2468 528 2529 riam
564 2467 862 2549 primam,
895 2475 955 2530 et
997 2467 1148 2529 facit
1177 2486 1316 2529 eam
1358 2465 1722 2527 immediate
1753 2484 1866 2547 per

373 2567 580 2628 ideam
623 2566 921 2629 materiai.
957 2565 1256 2639 Quamvis
1295 2565 1466 2626 enim
1511 2565 1863 2625 secundum

371 2665 659 2727 Boetium
691 2672 753 2726 et
783 2664 1196 2737 Avicennam,
1229 2663 1338 2725 illa
1378 2683 1517 2745 quae
1557 2670 1706 2725 sunt
1736 2671 1868 2724 tan-

373 2771 506 2825 tum
540 2763 605 2825 in
637 2763 940 2846 potentia,
975 2763 1140 2824 sicut
1171 2761 1454 2836 materia,
1484 2762 1581 2824 vel
1615 2781 1868 2842 semper

373 2861 687 2944 permixta
744 2861 1042 2942 potentiae
1101 2861 1452 2923 secundum
1516 2859 1868 2922 successio-

371 2979 516 3022 nem
569 2959 668 3021 sui
713 2959 790 3021 de
835 2958 1118 3040 potentia
1161 2959 1227 3020 in
1273 2966 1508 3031 actum,
1546 2966 1614 3019 ut.
1659 2966 1867 3020 motus

1977 1981 2077 2035 cta
2115 1973 2193 2034 de
2236 1973 2383 2046 Dec,
2418 1973 2569 2055 quia
2611 1974 2896 2055 designat
2941 1994 3073 2037 rem
3120 1982 3309 2056 prout
3352 1981 3472 2037 stat

1977 2071 2042 2133 in
2094 2072 2377 2153 potentia
2425 2081 2489 2134 ct
2536 2072 2935 2154 praescientia
2986 2073 3117 2135 Dei.
3172 2073 3470 2147 Quamvis

1975 2188 2123 2251 ergo
2171 2170 2502 2251 pluralitas
2546 2170 2627 2232 sit
2673 2190 2785 2253 per
2825 2179 3184 2252 respectum
3229 2172 3307 2233 ad
3349 2191 3468 2244 reS‚

1977 2287 2103 2331 non
2148 2277 2359 2331 tamen
2406 2269 2642 2330 dicitur
2681 2270 2848 2351 quod
2890 2269 3219 2352 pluralitas
3258 2289 3469 2332 rerum

1974 2367 2059 2428 sit
2098 2386 2288 2428 causa
2330 2366 2711 2448 pluralitatis
2753 2367 3035 2428 idearum
3074 2385 3086 2429 :
3123 2369 3251 2430 imo
3292 2387 3476 2431 econ-

1977 2483 2159 2528 verso
2204 2463 2534 2546 pluralitas
2576 2464 2860 2526 idearum
2903 2484 3091 2527 causa
3129 2475 3226 2528 est
3262 2465 3474 2548 plura-

1979 2564 2172 2626 litatis
2223 2582 2457 2637 rerum,
2492 2563 2793 2644 quoniam
2844 2582 2920 2626 ex
2972 2563 3129 2626 ideis
3180 2571 3475 2627 causatur

1977 2663 2306 2745 pluralitas
2358 2670 2745 2725 naturarum.
2791 2662 3017 2724 Divina
3058 2682 3333 2745 namque
3378 2683 3473 2726 es·

1978 2763 2183 2824 sentia
2214 2761 2431 2823 multis
2471 2761 2675 2823 modis
2707 2768 2803 2822 est
2842 2761 3191 2834 imitabilis,
3225 2770 3287 2824 et
3318 2763 3473 2825 ideae

1979 2861 2069 2922 nil
2110 2861 2331 2922 dicunt
2368 2860 2493 2921 nisi
2534 2860 2818 2922 divinam
2858 2861 3199 2923 essentiam
3234 2860 3353 2923 sub
3384 2880 3476 2924 ra-

1979 2959 2148 3021 tione
2209 2959 2539 3021 imitabilis
2598 2959 3041 3022 diversimode.
3094 2960 3237 3023 Haec
3296 2961 3475 3023 Udal-

374 3066 434 3120 et
483 3065 756 3141 tempuS‚
809 3058 909 3119 vel
964 3057 1276 3139 permixta
1329 3057 1444 3132 sic,
1497 3057 1664 3139 quod
1719 3064 1865 3118 sunt
1902 3055 1944 3118 C
1978 3057 2166 3118 ricuS.

375 3158 655 3240 potentia
693 3158 771 3220 ad
812 3158 875 3219 id
915 3158 1083 3239 quod
1129 3157 1512 3219 contrarium
1561 3164 1657 3219 est
1697 3158 1865 3219 actui

375 3259 438 3319 in
468 3275 597 3339 quo
635 3264 806 3330 sunt,
840 3264 911 3317 ut
941 3276 1212 3321 vacuum
1253 3264 1316 3317 et
1356 3256 1706 3329 infinitum,
1740 3257 1868 3317 sint

375 3376 409 3417 a
449 3356 807 3419 nobis-non
853 3357 1040 3437 plene
1091 3354 1541 3435 intelligibilia,
1576 3362 1784 3417 tamen
1831 3374 1868 3416 a

375 3456 496 3517 Deo
526 3454 901 3537 plenissime
936 3460 1422 3535 cognoscuntur.
1460 3454 1701 3515 Idcirco
1739 3454 1866 3516 ide-

375 3572 472 3614 am
522 3553 666 3615 dico
719 3571 860 3615 esse
914 3552 1194 3633 speciem
1255 3551 1622 3625 efficientiS,
1674 3572 1865 3633 quam

377 3652 657 3714 imitatur
715 3659 1026 3732 quantum
1085 3658 1293 3732 potest
1350 3650 1639 3713 effectus.
1694 3652 1867 3724 Quae-

374 3750 514 3811 dam
576 3756 796 3812 autem
870 3749 1201 3810 imitantur
1271 3749 1444 3810 illam
1514 3750 1866 3811 secundum

373 3850 718 3931 potentiam
752 3855 1022 3921 tantum,
1044 3854 1112 3907 ut
1145 3846 1408 3909 materia
1439 3847 1644 3928 prima
1665 3864 1679 3925 ;
1704 3866 1869 3928 quae-

374 3948 512 4010 dam
557 3947 912 4011 secundum
956 3954 1168 4007 actum
1221 3945 1608 4026 permixtum
1652 3954 1868 4028 poten-

371 4047 470 4109 tiae
521 4046 588 4107 in
631 4044 1059 4117 successione,
1094 4052 1164 4105 ut
1209 4052 1418 4106 motus
1461 4052 1522 4106 et
1573 4052 1865 4126 tempus;

373 4144 468 4206 vel
511 4144 580 4205 in
630 4142 870 4225 quiete,
915 4150 983 4202 ut
1025 4161 1300 4203 vacuum
1346 4142 1444 4204 vel
1495 4142 1864 4222 infinitum3

2057 3156 2172 3229 Qui
2206 3165 2668 3237 consequenter
2698 3158 2996 3231 ostendit,
3030 3177 3171 3239 quai
3201 3158 3475 3221 habeant

1978 3254 2183 3315 ideam
2217 3254 2281 3316 in
2314 3256 2442 3317 Deo
2467 3272 2480 3315 :
2505 3256 2686 3329 Ideae‚
2722 3255 3041 3337 inquiens,
3074 3266 3223 3319 sunt
3252 3256 3473 3320 formae

1977 3353 2273 3433 practicae
2314 3354 2665 3415 secundum
2707 3373 2863 3435 quas
2910 3355 3269 3417 intellectus
3314 3356 3473 3418 divi-

1975 3470 2093 3513 nus
2127 3459 2445 3513 creaturas
2478 3452 2772 3533 produxit
2804 3471 2875 3514 ac
2908 3454 3233 3535 producit3
3257 3474 3476 3536 quum-

1977 3570 2102 3631 que
2152 3550 2671 3612 irrationabiliter
2718 3551 2807 3612 nil
2861 3552 3188 3637 producat,
3225 3561 3473 3633 oportet

1976 3649 2191 3710 omnia
2223 3657 2429 3709 creata
2462 3648 2693 3711 habere
2726 3649 2896 3712 ideas
2928 3649 2993 3711 in
3026 3650 3174 3711 Deo,
3208 3650 3471 3712 Verum-

1976 3754 2187 3808 tamen
2234 3746 2299 3808 in
2350 3746 2735 3828 quibusdam
2787 3757 3044 3830 propter
3086 3765 3306 3810 eorum
3354 3749 3471 3811 im-

1975 3845 2434 3927 perfectionem
2479 3844 2749 3907 difficile
2791 3853 2888 3907 est
2933 3847 3149 3909 videre
3199 3848 3472 3929 qualiter

1979 3944 2149 4006 ideas
2180 3944 2454 4006 habeant
2485 3944 2549 4005 in
2582 3944 2749 4006 Deo:
2777 3963 3047 4025 quorum
3080 3965 3279 4008 unum
3311 3948 3472 4009 exsi-

1977 4043 2085 4103 stit
2117 4042 2401 4115 materia,
2434 4062 2576 4125 quae
2616 4043 2877 4121 omnino
2916 4043 3295 4125 intelligitur
3332 4046 3469 4108 sine

1975 4148 2120 4201 actu
2168 4148 2232 4201 et
2276 4140 2500 4214 forma,
2535 4160 2734 4222 quum
2781 4147 2991 4203 tamen
3036 4142 3175 4203 idea
3216 4142 3299 4204 sit
3346 4142 3470 4205 for-

372 4242 658 4323 quaedam
719 4247 933 4301 autem
995 4240 1412 4322 pertingendo
1464 4241 1540 4302 ad
1595 4240 1864 4303 formam
1897 4245 1946 4306 D
1978 4238 2162 4300 malis
2221 4238 2546 4320 perfectio.
2600 4239 2893 4301 Attamen
2952 4260 3151 4321 quum
3202 4241 3341 4303 idca
3390 4244 3471 4304 sit

369 4338 856 4401 determinatam
909 4338 973 4399 in
1028 4345 1196 4412 actu,
1247 4346 1315 4399 ut
1375 4345 1676 4401 creaturae
1726 4358 1867 4419 quae

373 4437 577 4510 modo,
631 4436 848 4518 specie
902 4442 964 4497 et
1015 4436 1236 4497 ordine
1297 4435 1568 4517 propriae
1627 4444 1866 4499 naturae

373 4535 891 4597 determinantur.
938 4568 1020 4577 —
1061 4534 1204 4596 Haec
1249 4532 1544 4595 Albertus
1599 4552 1612 4595 :
1665 4553 1700 4595 a
1754 4552 1864 4595 cu·-

370 4630 468 4711 jus
501 4632 916 4713 responsione
947 4632 1220 4693 multum
1250 4630 1586 4693 dissentire
1616 4631 1867 4693 videtur

373 4731 762 4811 praeinducta
803 4730 1054 4793 Henrici
1095 4730 1442 4813 responsio

453 4829 644 4891 Porro
711 4828 1040 4891 Udalricus
1105 4828 1366 4891 Alberto
1436 4827 1860 4900 consentienS‚

373 4925 590 4987 scribit
643 4926 711 4987 in
770 4925 936 4987 libro
988 4926 1266 4989 Summae
1324 4946 1454 4989 suae
1513 4926 1792 4989 secundo
1845 4943 1858 4987 ε

375 5024 578 5086 Sancti
611 5025 904 5086 doctores
936 5023 1000 5086 in
1033 5024 1172 5087 idea
1205 5025 1692 5105 consignificant
1723 5025 1862 5106 plu-

372 5122 682 5185 ralitatem
728 5123 1011 5185 vocando
1051 5141 1158 5185 eas
1201 5123 1393 5196 ideaS‚
1427 5131 1490 5185 et
1533 5143 1862 5205 nunquam

369 5220 586 5282 dicunt
635 5220 702 5281 in
750 5221 881 5282 Deo
926 5239 1064 5283 esse
1117 5219 1332 5301 plures
1384 5221 1554 5283 ideas
1614 5221 1860 5301 signifi-

370 5318 566 5381 cando
597 5318 1047 5400 pluralitatem.
1082 5318 1278 5382 Multo
1308 5318 1521 5380 minus
1550 5317 1858 5382 debemus

1977 4338 2223 4418 species
2277 4356 2481 4400 causae
2538 4337 2906 4412 efficientiS,
2958 4358 3147 4420 quam
3200 4339 3471 4403 effectus

1977 4435 2263 4497 imitatur
2304 4436 2653 4497 secundum
2701 4436 2869 4516 quod
2911 4445 3138 4518 potest,
3171 4446 3233 4500 et
3279 4447 3471 4500 mate-

1977 4534 2069 4595 ria
2107 4534 2187 4595 sit
2229 4533 2340 4594 Dei
2386 4531 2658 4594 effectus
2692 4550 2706 4594 z
2742 4534 2979 4597 idcirco
3024 4536 3230 4598 ideam
3281 4537 3472 4598 habet

1976 4632 2042 4694 in
2091 4632 2219 4693 Deo
2262 4631 2505 4713 duplici
2557 4632 2816 4694 ratione.
2852 4634 3081 4708 PrimO,
3116 4636 3467 4698 secundum

1974 4732 2142 4813 quod
2181 4738 2274 4791 est
2315 4730 2587 4792 essentia
2627 4731 2913 4812 quaedam
2956 4731 3251 4795 distincta
3281 4752 3316 4794 a
3347 4734 3469 4796 for-

1975 4847 2113 4907 ma;
2147 4836 2209 4890 et
2239 4829 2331 4889 sic
2370 4828 2559 4890 habet
2597 4847 2735 4890 esse
2767 4829 2830 4891 in
2873 4830 3155 4910 potentia
3192 4839 3462 4906 tantum,

1973 4935 2036 4989 et
2086 4926 2458 5008 imperfecte
2519 4926 2803 4988 imitatur
2849 4934 3060 4988 actum
3112 4929 3393 5010 primum
3448 4948 3463 4992 t

1972 5032 2233 5107 propter
2261 5025 2428 5105 quod
2469 5023 2667 5105 aliqui
2707 5024 2929 5085 dicunt
2967 5026 3133 5105 quod
3170 5026 3465 5108 imperfe-

1972 5131 2070 5185 cte
2127 5122 2319 5183 habet
2378 5122 2602 5183 ideam.
2666 5122 2977 5195 Secundo,
3039 5124 3189 5204 quia
3245 5132 3341 5186 est
3399 5127 3464 5188 in

1971 5220 2323 5303 composito
2362 5219 2683 5281 essentiali
2728 5220 3208 5302 compositione.
3243 5224 3465 5296 Quem-

1968 5320 2314 5382 admodum
2344 5317 2517 5381 enim
2555 5317 2917 5381 intellectus
2957 5327 3171 5383 noster
3201 5340 3329 5383 uno
3368 5342 3466 5385 ac-
