4359 6250
867 457 989 524 526

1535 476 1600 524 IN
1641 477 1863 523 Limum
1905 477 1925 522 1
1968 474 2450 522 SENTENnAncn.
2495 493 2576 502 —
2616 475 2769 522 ms'r.
2815 475 2932 539 xL3
2976 475 3199 532 QUAEST.
3245 477 3313 523 111

869 648 1138 722 occasio,
1173 649 1284 710 sed
1333 648 1624 710 voluntas
1673 647 2002 710 deficiens.
2035 647 2226 710 Aliud
2276 653 2372 708 est
2402 645 2453 709 A
2482 647 2641 710 ratio
2687 648 2903 730 gratiae
2949 667 3021 711 ac
3068 648 3307 730 gloriae,
3339 649 3593 710 videtur
3634 665 3763 710 non
3806 647 3981 710 aliud

871 745 1220 809 subtractio
1267 747 1484 829 gratiae
1523 764 1536 809 :
1574 766 1717 828 quae
1766 746 2115 809 subtractio
2163 753 2372 828 potest

870 844 1253 907 considerari
1302 855 1372 907 ut
1421 864 1608 928 poena
1652 846 1918 929 peccati,
1962 854 2024 907 et
2068 845 2155 906 ita
2206 845 2371 906 Deus

867 951 963 1006 est
991 962 1182 1006 causa
1219 944 1360 1025 ejus
1401 964 1515 1027 per
1555 963 1661 1023 se3
1694 952 1900 1026 potest
1940 962 2195 1026 quoque
2227 960 2371 1004 con-

867 1043 1129 1105 siderari
1180 1051 1251 1105 ut
1301 1061 1490 1106 causa
1539 1045 1671 1105 sive
1726 1043 1975 1106 occasio
2024 1042 2229 1123 culpae
2277 1061 2370 1103 se-

865 1141 1120 1222 quentis
1161 1142 1228 1204 in
1265 1160 1341 1204 eo
1385 1142 1488 1204 cui
1539 1142 1862 1204 subtracta
1906 1149 2004 1204 est
2050 1139 2273 1221 gratia,
2305 1146 2369 1200 et

867 1239 954 1301 ita
985 1258 1111 1302 non
1154 1249 1250 1302 est
1279 1259 1316 1302 a
1349 1241 1496 1315 Deo,
1531 1241 1642 1304 sed
1672 1260 1709 1302 a
1748 1241 2071 1302 voluntate
2113 1257 2366 1320 perver-

863 1358 950 1400 sa.
983 1374 1065 1385 --
1096 1339 1442 1403 obduratio
1481 1340 1672 1402 etiam
1709 1357 1834 1402 uno
1875 1339 2062 1401 modo
2096 1345 2192 1399 θεῖ
2226 1355 2367 1419 pec-

865 1446 1078 1502 catum
1110 1439 1175 1501 in
1209 1439 1517 1521 Spiritum
1548 1439 1871 1511 Sanctum,
1905 1437 2058 1499 dum
2089 1436 2369 1498 sumitur

866 1555 982 1620 pro
1013 1538 1338 1620 proposito
1369 1555 1493 1600 non
1527 1535 1877 1619 poenitendi
1910 1534 2207 1606 finaliter,
2226 1551 2368 1595 con-

864 1644 1049 1718 cepto
1106 1655 1184 1698 ex
1249 1655 1422 1700 mera
1487 1635 1743 1698 malitia.
1809 1634 1952 1697 Haec
2009 1632 2361 1706 Udalricus,

863 1735 973 1816 qui
1020 1735 1220 1797 multa
1268 1735 1492 1798 scribit
1538 1736 1617 1797 de
1664 1734 1787 1808 his,
1840 1752 1980 1814 quae
2033 1732 2221 1795 modo
2271 1731 2364 1793 in-

862 1832 1052 1895 ducta
1095 1840 1262 1895 sunt.

944 1931 1227 2013 Denique
1285 1931 1522 2014 scripta
1579 1931 2036 1994 Bonaventurae
2093 1930 2170 1991 de
2237 1928 2359 2000 his,

862 2029 1250 2092 concordant
1278 2029 1555 2091 inductis
1585 2048 1662 2092 ex
1693 2029 1950 2104 Thoma,
1967 2029 2144 2090 Petro
2171 2034 2361 2108 atque

859 2127 1192 2190 Richardo,
1213 2128 1537 2190 —Doctor
1565 2145 1717 2190 vero
1749 2125 2201 2207 irrefragabilis
2232 2132 2361 2186 tam

861 2226 1049 2308 plene
1109 2226 1332 2289 scribit
1393 2228 1469 2289 de
1524 2226 1646 2300 his,
1697 2226 1866 2309 quod
1925 2243 2088 2307 pene
2146 2223 2364 2286 omnia

861 2345 1032 2387 nunc
1101 2345 1178 2388 ex
1241 2325 1510 2388 diversis
1571 2324 1937 2388 doctoribus
2004 2324 2363 2387 introducta

861 2426 1000 2508 ipse
1043 2425 1217 2489 solus
1259 2424 1674 2508 deprompsit.

938 2524 1475 2588 Antisiodorensis
1507 2541 1658 2586 vero
1696 2523 1785 2585 ait
1826 2523 1890 2584 in
1931 2522 2193 2584 Summa
2224 2540 2358 2594 sua,

861 2624 1027 2688 libro
1068 2625 1296 2707 prim0‚
1329 2625 1498 2706 quod
1538 2624 1705 2686 Deus
1735 2631 1835 2685 est
1866 2641 2056 2684 causa
2093 2640 2223 2684 non
2256 2641 2363 2704 ap-

863 2723 1196 2806 positionis
1243 2723 1480 2804 gratiae‚
1531 2723 1697 2785 sicut
1747 2729 1972 2783 natura
2028 2728 2124 2782 est
2172 2739 2363 2782 causa

860 2821 1116 2904 quietis,
1153 2821 1229 2883 Et
1260 2821 1378 2884 hoc
1409 2828 1506 2882 est
1544 2820 1713 2902 quod
1744 2820 2016 2883 Thomas
2055 2826 2118 2880 et
2147 2818 2364 2880 Alber-

862 2929 964 2981 tus
1014 2919 1377 3002 reprobant,
1429 2919 1594 2980 sicut
1639 2918 1772 2998 Jam
1823 2917 2044 3000 patuit.
2099 2917 2357 2989 Tamen,

2478 765 2617 808 esse
2660 767 2851 828 quam
2899 747 3063 809 liber
3106 748 3271 810 vitae.

2558 845 2653 906 Ad
2703 845 2824 907 hoc
2867 846 3137 909 Thomas
3181 847 3519 928 respondet
3554 845 3791 908 :Liber
3834 845 3984 908 vitae

2481 942 2546 1005 in
2597 944 2726 1007 Deo
2776 945 3205 1027 metaphorice
3253 946 3507 1008 dicitur.
3562 946 3985 1018 Quemadmo-

2478 1043 2631 1104 dum
2690 1044 2863 1106 enim
2914 1045 2980 1106 in
3030 1044 3196 1108 libro
3248 1045 3492 1127 aliquid
3550 1044 3856 1107 scribitur
3903 1064 3983 1106 ex

2477 1159 2605 1222 quo
2653 1142 2885 1204 veritas
2936 1142 3027 1204 rei
3079 1141 3459 1224 intelligitur
3500 1142 3567 1204 in
3610 1143 3860 1216 eodem,
3896 1143 3985 1203 ita

2478 1240 2543 1302 in
2612 1239 2941 1302 intellectu
3007 1240 3461 1304 describuntur
3520 1241 3983 1304 similitudines

2476 1358 2711 1414 rerum,
2763 1359 2878 1422 per
2926 1359 3083 1422 quas
3134 1339 3287 1422 ipsae
3336 1360 3435 1403 res
3483 1348 3979 1421 cognoscuntur.

2474 1437 2680 1510 Quum
2740 1437 2953 1519 itaque
3011 1438 3248 1500 dicitur
3296 1438 3460 1501 liber
3507 1439 3653 1501 vitae
3707 1438 3771 1499 in
3823 1438 3980 1510 Deo,

2474 1535 2605 1596 vita
2646 1543 2852 1617 potest
2895 1536 3065 1598 sumi
3103 1536 3206 1599 vel
3247 1555 3325 1599 ex
3370 1544 3549 1619 parte
3592 1536 3703 1599 Dei
3748 1535 3985 1598 intelli-

2473 1634 2702 1715 gentiS‚
2736 1635 2955 1716 sicque
2987 1636 3387 1717 praescientia
3416 1643 3853 1699 creatumrum
3885 1635 3983 1697 di-

2475 1732 2641 1794 citur
2682 1733 2845 1795 liber
2873 1733 3041 1807 vitm,
3074 1733 3227 1815 quia
3265 1735 3435 1816 quod
3477 1734 3717 1796 factum
3754 1741 3875 1808 est,
3911 1734 3979 1795 in

2400 1834 2446 1896 B
2478 1830 2617 1913 ipso
2660 1832 2788 1893 vita
2837 1840 3006 1911 erat;
3041 1832 3142 1894 vel
3190 1851 3269 1894 ex
3319 1839 3496 1914 parte
3544 1832 3637 1894 rei
3680 1833 3881 1906 scitae,
3914 1840 3977 1894 et
4036 1850 4051 1868 ¹

2474 1929 2565 1992 sic
2597 1929 2831 1992 dicitur
2861 1930 3024 1992 liber
3051 1931 3195 1994 vitae
3226 1931 3625 2013 praescientia
3654 1930 3803 1994 vitae
3832 1950 3979 2013 quae

2472 2036 2569 2090 est
2598 2028 2665 2090 in
2695 2027 3138 2091 conformitate
3168 2029 3247 2092 ad
3280 2030 3502 2092 Deum.
3538 2030 3686 2103 Quae
3715 2030 3849 2092 vita
3876 2037 3979 2092 est

2472 2127 2730 2209 duplex,
2764 2127 3083 2200 videlicet,
3116 2127 3249 2189 vita
3288 2129 3528 2208 gratiae,
3561 2136 3624 2189 et
3668 2128 3799 2190 vita
3844 2126 3979 2208 glo-

2472 2225 2603 2300 riae,
2637 2245 2779 2308 quae
2809 2226 2887 2288 ad
2928 2225 3275 2308 perfectam
3305 2226 3414 2288 Dei
3458 2225 3975 2288 conformitatem

2472 2325 2715 2386 accedit
2750 2341 2764 2386 :
2799 2325 2941 2387 ideo
2973 2325 3026 2386 is
3066 2324 3251 2405 cujus
3281 2325 3413 2386 vita
3442 2324 3587 2386 talis
3628 2343 3977 2406 repraesen-

2472 2429 2641 2484 tatur
2686 2420 2749 2484 in
2791 2422 2955 2485 libro
2994 2423 3227 2485 divinae
3266 2423 3704 2504 praescientiae‚
3738 2422 3980 2485 dicitur

2472 2521 2853 2604 simpliciter
2882 2520 3079 2583 scribi
3112 2521 3177 2584 in
3210 2521 3375 2584 libro
3404 2521 3582 2601 vitae3
3613 2521 3725 2584 sed
3754 2540 3982 2584 secun-

2474 2622 2627 2684 dum
2659 2620 2837 2702 quid,
2872 2619 3169 2682 videlicet
3206 2621 3559 2683 secundum
3591 2628 3975 2702 praesentem

2469 2718 2807 2800 justitiam,
2830 2718 3066 2781 dicitur
3096 2719 3187 2782 ibi
3218 2719 3439 2794 scribi,
3462 2718 3649 2801 cujus
3678 2719 3809 2782 vita
3836 2739 3981 2801 gra-

2474 2817 2577 2880 tiae
2619 2825 2864 2879 tantum
2917 2818 3321 2898 cognoscitur
3365 2817 3475 2879 ibi.
3508 2853 3591 2862 —
3620 2817 3851 2900 Sicque
3902 2818 3981 2879 li·-

2472 2916 2586 2978 ber
2628 2916 2773 2979 vitae
2822 2923 2920 2978 est
2962 2917 3247 2978 medium
3290 2916 3457 2978 inter
3503 2915 3977 2998 praescientiam

859 3018 1028 3081 sicut
1067 3037 1145 3080 ex
1176 3017 1389 3080 verbis
1427 3016 1766 3080 Alexandri
1807 3017 2082 3090 elicitur,
2114 3016 2358 3078 dictum
2398 3012 2441 3077 C
2471 3015 2899 3078 communiter
2965 3022 3287 3097 sumptam
3348 3022 3412 3076 et
3472 3013 3979 3097 praedestinatio·

861 3117 980 3181 hoc
1013 3124 1220 3199 potest
1259 3115 1488 3179 salvari
1524 3134 1538 3179 :
1573 3123 1669 3178 est
1707 3114 1880 3189 enim
1922 3114 2132 3178 simile
2162 3135 2361 3197 quan-

861 3224 997 3278 tum
1048 3216 1127 3277 ad
1175 3215 1439 3297 aliquid,
1473 3232 1601 3278 non
1645 3221 1955 3296 quantum
1998 3215 2076 3277 ad
2119 3214 2356 3277 omnia.

858 3313 1017 3376 Nam
1047 3312 1254 3395 quoad
1294 3311 1413 3374 hoc
1449 3321 1544 3375 est
1582 3311 1815 3385 simile,
1850 3313 2018 3394 quod
2052 3312 2219 3373 sicut
2258 3331 2364 3374 na-

859 3420 1002 3475 tura
1031 3418 1127 3474 θεῖ
1158 3428 1342 3473 causa
1369 3419 1575 3475 motus
1607 3412 2007 3493 procedendo
2036 3412 2102 3474 in
2133 3418 2359 3483 actum,

859 3518 922 3573 et
970 3529 1161 3573 causa
1208 3510 1442 3592 quietis
1499 3510 1804 3572 cessando
1860 3508 1942 3571 ab
1993 3508 2363 3590 hujusmodi

860 3617 1004 3672 actu
1055 3617 1119 3672 et
1161 3617 1373 3689 motu3
1406 3608 1498 3671 sic
1542 3608 1708 3670 Deus
1749 3615 1845 3669 est
1891 3626 2080 3669 causa
2120 3608 2365 3689 gratim}

861 3728 1001 3771 eam
1047 3707 1384 3770 actualiter
1433 3704 1830 3769 infundendo
1873 3713 1938 3768 et
1985 3722 2361 3769 conservan-

860 3807 964 3879 do,
997 3815 1061 3868 et
1091 3824 1281 3868 causa
1323 3805 1702 3889 permissiva
1740 3804 2191 3867 subtractionis
2224 3823 2362 3885 gra-

859 3904 964 3967 tiae
995 3912 1058 3966 et
1087 3904 1548 3978 obdurationiS,
1583 3903 1890 3965 cessando
1929 3902 2008 3965 ab
2041 3902 2363 3965 infusione

861 4020 974 4064 seu
1026 4002 1528 4078 conservatione,
1574 4010 1638 4064 et
1690 4002 1812 4064 hoc
1860 4001 2052 4081 juste,
2106 4008 2367 4084 propter

862 4100 1171 4162 demerita
1217 4108 1538 4163 creaturae.
1574 4100 1651 4162 Et
1693 4099 1862 4181 quod
1902 4099 2023 4161 ista
2065 4099 2148 4161 sit
2184 4119 2363 4162 mens

2470 3133 2619 3177 nem
2654 3132 2667 3177 :
2702 3113 3004 3196 quoniam
3052 3113 3450 3197 praescientia
3486 3121 3581 3177 est
3620 3115 3979 3177 communi-

2472 3221 2568 3275 ter
2596 3214 3087 3289 omnium,liber
3117 3214 3265 3277 vitae
3292 3221 3389 3276 θεῖ
3418 3221 3665 3276 tantum
3698 3214 3980 3295 cognitio

2470 3313 2689 3394 gratiae
2736 3314 2837 3375 vel
2896 3313 3134 3395 gloriae,
3186 3313 3298 3375 sed
3356 3312 3829 3397 praedestinatio
3874 3322 3979 3375 est

2472 3430 2601 3475 non
2651 3420 2897 3475 tantum
2945 3412 3183 3493 gratita,
3234 3412 3345 3474 sed
3394 3412 3613 3493 gratiae
3666 3411 3861 3473 simul
3910 3420 3979 3473 et

2472 3510 2687 3591 gloriae
2730 3528 2745 3572 ε
2789 3511 2957 3572 unde
3007 3509 3223 3572 nullus
3267 3510 3504 3572 dicitur
3550 3528 3689 3572 esse
3736 3509 3979 3591 praede·

2471 3609 2741 3671 stinatus
2771 3616 3084 3690 quantum
3113 3609 3190 3671 ad
3222 3617 3601 3693 praesentem
3626 3608 3974 3689 justitiam,

2471 3708 2638 3770 sicut
2687 3706 2923 3770 dicitur
2968 3708 3245 3788 scriptus
3292 3706 3439 3789 quis
3490 3707 3556 3768 in
3609 3706 3776 3769 libro
3827 3708 3979 3771 vitae

2472 3806 2826 3868 secundum
2886 3813 3263 3887 praesentem
3315 3805 3651 3886 justitiam.
3702 3805 3811 3887 (Et
3858 3806 3979 3887 qui

2472 3904 2565 3965 sic
2612 3904 2889 3986 scriptus
2936 3911 3053 3977 est,
3091 3903 3337 3965 scilicet
3382 3902 3739 3965 secundum
3787 3904 3977 3986 quid,

2472 4002 2720 4063 deletur
2756 4002 2911 4064 dum
2947 4008 3167 4084 peccat
3206 4001 3609 4081 mortaliter.)
3637 4002 3780 4064 Haec
3811 4001 3979 4064 Tho-

2474 4119 2608 4162 mas
2650 4099 2715 4161 in
2760 4100 3027 4181 Script0.
3061 4134 3143 4145 —-
3170 4099 3287 4172 Qui
3328 4100 3408 4162 de
3448 4098 3567 4161 hac
3606 4118 3672 4161 re
3714 4100 3979 4182 plenius

863 4198 1107 4261 domini
1146 4198 1704 4273 Antisiodorensis,
1749 4205 1995 4260 constat
2031 4216 2110 4259 ex
2149 4197 2363 4261 verbis
2392 4202 2442 4264 D
2472 4198 2697 4260 scribit
2737 4200 2801 4260 in
2835 4199 3039 4280 prima
3071 4206 3249 4280 parte
3283 4199 3583 4272 Summae,
3615 4198 3977 4280 quaestione

775 4376 778 4381 Ι
864 4295 1088 4379 ipsius,
1121 4296 1278 4359 Nam
1326 4296 1464 4358 ait:
1499 4297 1664 4358 Deus
1707 4303 1804 4357 est
1851 4315 2038 4358 causa
2082 4313 2207 4359 non
2258 4315 2365 4379 ap-

865 4394 1199 4477 positionis
1255 4394 1471 4476 gratiae
1528 4394 1994 4476 quodammodo
2053 4414 2167 4476 per
2226 4414 2363 4458 mo-

863 4493 1020 4555 dum
1068 4492 1463 4575 quiescendi,
1515 4511 1642 4555 non
1695 4511 1809 4575 per
1859 4494 2117 4555 modum
2173 4512 2361 4574 agen-

862 4591 951 4666 di,
1011 4590 1178 4653 sicut
1234 4598 1459 4653 natura
1514 4598 1612 4653 est
1674 4591 2066 4673 principium
2125 4592 2363 4673 quietis

863 4691 1168 4754 cessando
1209 4709 1246 4751 a
1290 4697 1486 4753 motu.
1534 4690 1678 4752 Haec
1719 4689 2275 4753 AntisiodorensiS.

941 4888 1266 4951 Postremo
1309 4886 1511 4969 aliqui
1558 4894 1854 4969 quaerunt
1901 4886 2028 4960 hic,
2059 4887 2156 4948 An
2209 4907 2364 4969 prae-

861 4986 1200 5049 destinatio
1238 4986 1322 5048 sit
1363 4986 1530 5048 idem
1570 4984 1742 5067 quod
1785 4984 1950 5046 liber
1983 4984 2147 5047 vitae.
2183 4985 2363 5047 Vide-

861 5094 965 5147 tur
1012 5084 1182 5167 quod
1231 5085 1324 5147 sic
1377 5102 1392 5146 τ
1445 5102 1596 5147 nam
1649 5084 1781 5145 vita
1826 5082 2056 5146 animae
2104 5090 2201 5145 θεῖ
2250 5102 2365 5166 per

859 5184 1128 5264 gratiam
1159 5182 1224 5245 in
1266 5182 1584 5265 praesenti‚
1618 5190 1682 5244 et
1720 5200 1834 5264 per
1861 5180 2128 5262 gloriam
2170 5181 2235 5243 in
2268 5180 2365 5243 fu-

862 5289 1022 5344 tur0.
1059 5282 1266 5354 Quum
1305 5298 1454 5363 ergo
1495 5279 1965 5363 praedestinatio
2003 5278 2087 5341 sit
2118 5298 2361 5362 praepa-

2475 4297 2779 4359 vicesima
2820 4304 3059 4378 quarta.

2550 4394 2835 4475 AEgidius
2864 4412 3119 4476 quoque
3149 4394 3384 4457 fatetur
3416 4412 3431 4456 t
3464 4394 3657 4457 Liber
3684 4396 3831 4459 vitae
3862 4397 3979 4457 tri-

2473 4493 2727 4576 pliciter
2781 4492 3077 4555 sumitur.
3134 4493 3364 4567 Primo,
3424 4511 3540 4576 pro
3603 4494 3977 4575 cognitione

2473 4610 2664 4673 quam
2713 4590 2905 4653 habet
2952 4591 3116 4654 Deus
3160 4592 3238 4653 de
3289 4590 3502 4664 rebuS‚
3538 4592 3605 4654 in
3653 4601 3979 4675 quantum

2473 4689 2537 4750 in
2567 4689 2784 4752 divina
2812 4688 3174 4771 cognitione
3203 4697 3501 4772 tanquam
3534 4689 3599 4751 in
3630 4690 3797 4754 libro
3827 4710 3985 4754 cun·

2472 4794 2572 4849 cta
2601 4787 2887 4849 relucent
2916 4807 2989 4850 ac
3030 4798 3508 4871 praesentantur.
3544 4790 3861 4864 Secundo,
3898 4792 3981 4853 li-

2472 4885 2585 4948 ber
2633 4885 2779 4948 vitae
2827 4894 3089 4948 vocatur
3136 4888 3449 4969 quidquid
3494 4890 3755 4952 modum
3804 4888 3981 4953 bene

2470 4984 2726 5047 vivendi
2756 4984 3113 5059 annuntiat,
3145 4994 3215 5047 ut
3254 4987 3601 5067 praesertim
3640 4988 3983 5071 Scriptura

2471 5084 2794 5148 canonica.
2830 5084 3061 5158 Tertio,
3096 5086 3507 5159 conscientia,
3542 5086 3611 5149 in
3647 5106 3773 5168 qua
3814 5090 3979 5151 scri-

2472 5190 2655 5265 ptum
2703 5190 2799 5245 est
2845 5183 3121 5266 qualiter
3167 5183 3358 5246 homo
3406 5183 3567 5246 vixit
3617 5202 3632 5246 :
3684 5186 3859 5247 unde
3908 5196 3977 5249 θῖ

2474 5280 2620 5343 libri
2652 5281 3183 5343 conscientiarum
3209 5282 3537 5364 aperiendi
3567 5282 3875 5345 dicuntur
3902 5284 3975 5349 in
4002 5309 4268 5363 mmmm,
4302 5310 4304 5346 ;
