4359 6250
828 455 949 520 350

1448 474 1511 520 IN
1550 475 1771 521 Limum
1814 475 1833 519 1
1876 472 2357 520 SENTENTIARUH.
2402 488 2483 500 ·-·
2523 472 2675 516 msT.
2722 471 2934 533 xxxn3
2977 471 3200 526 QUAEST.
3245 473 3307 517 tv

828 663 982 705 vens
1008 660 1023 704 ε
1047 643 1261 717 Actus,
1297 642 1527 725 inquit,
1557 643 1751 705 alicui
1792 649 1999 725 potest
2042 641 2318 704 adscribi
2353 640 2402 703 Α
2433 641 2743 704 rationem
2792 641 3140 722 sapientiae,
3179 641 3289 704 sed
3336 641 3591 704 amoris.
3625 641 3938 714 Quamvis

824 741 1185 823 dupliciter.
1226 742 1455 815 Prim0,
1497 741 1891 823 originaliter
1930 760 2042 802 seu
2082 739 2325 802 effecti-

824 858 901 901 ve
936 856 950 900 ε
986 841 1205 920 sicque
1238 839 1433 900 Filius
1463 847 1561 901 est
1598 840 1851 921 sapiens
1891 839 2202 920 sapientia
2235 838 2326 898 in-

823 938 1057 1018 genita,
1084 939 1145 999 id
1178 946 1275 1000 est
1304 957 1341 1000 a
1370 938 1567 1000 Patre.
1594 938 1904 1009 Secundo,
1929 935 2320 999 formaliter:

823 1043 887 1097 et
926 1035 1045 1099 hoc
1088 1055 1307 1097 rursus
1356 1035 1719 1117 dupliciter.
1756 1036 1985 1108 Primo,
2021 1042 2323 1115 tanquam

826 1133 1067 1208 formae,
1123 1153 1265 1217 quae
1318 1141 1412 1195 est
1465 1133 1691 1214 agendi
1745 1132 2139 1215 principium
2198 1151 2212 1193 ε
2263 1139 2326 1192 et

826 1233 920 1294 sic
952 1232 1147 1294 Filius
1182 1232 1437 1313 sapiens
1472 1239 1568 1294 est
1606 1231 1918 1313 sapientia
1954 1249 2071 1292 nec
2110 1230 2325 1311 genita

827 1348 1035 1414 neque
1085 1329 1386 1411 ingenita,
1432 1349 1573 1410 quae
1622 1338 1719 1392 est
1760 1329 1979 1391 divina
2025 1327 2319 1391 essentia.

828 1428 1139 1502 Secundo,
1180 1435 1479 1508 tanquam
1523 1427 1857 1510 supposito
1899 1426 2171 1490 formam
2217 1426 2325 1488 ha·

828 1526 1028 1600 benti,
1064 1545 1178 1608 per
1206 1545 1398 1608 quam
1429 1526 1558 1607 agit
1592 1544 1605 1587 :
1639 1534 1703 1587 et
1734 1526 1827 1588 sic
1860 1526 2057 1588 Filius
2088 1525 2326 1587 dicitur

828 1627 1084 1708 sapiens
1132 1625 1444 1707 sapientia
1491 1625 1725 1706 genita,
1780 1625 1843 1687 id
1895 1632 1992 1687 est
2041 1643 2111 1686 se
2160 1624 2319 1706 ipso.

910 1723 1257 1787 Concordat
1298 1723 1737 1786 Bonaventura
1768 1723 1830 1784 in
1864 1722 2324 1806 quaestionibus

828 1841 1022 1904 super
1060 1821 1356 1884 litteram.

916 1921 1367 1982 Verumtamen
1424 1919 1721 1982 Albertus
1781 1920 1936 1982 dicit
1999 1938 2126 1982 non
2186 1937 2324 1981 esse

830 2018 1331 2092 concedendum,
1366 2018 1535 2101 quod
1576 2018 1774 2080 Filius
1819 2018 1902 2080 sit
1941 2018 2196 2100 sapiens
2235 2036 2327 2080 sa-

830 2117 1071 2198 pientia
1102 2117 1397 2198 ingenita.
1434 2116 1609 2190 Quod
1642 2135 1865 2180 verum
1904 2125 2000 2178 est
2042 2115 2328 2178 denomi-

830 2215 1084 2278 natione
1128 2215 1399 2278 formali.

910 2314 1259 2376 Richardus
1297 2331 1552 2397 quoque
1589 2313 1695 2376 hic
1738 2313 1964 2376 scribit
1996 2331 2011 2375 τ
2046 2313 2226 2376 Sicut
2261 2312 2327 2374 in

832 2413 1141 2475 creaturis
1198 2413 1509 2494 sapientia
1558 2412 1682 2474 filii
1731 2411 2115 2474 adscribitur
2164 2411 2329 2493 patri

833 2510 1117 2592 gignenti
1160 2517 1223 2572 et
1262 2510 1475 2572 filium
1522 2510 1882 2582 instruenti,
1916 2517 1979 2572 et
2021 2509 2144 2591 ipsi
2190 2509 2331 2571 filio

836 2617 1137 2691 tanquam
1178 2609 1468 2690 subjecto
1506 2609 1610 2672 eui
1653 2609 1965 2690 sapientia
2007 2609 2206 2686 inest3
2239 2607 2332 2670 sic

838 2708 904 2769 in
935 2708 1172 2769 divinis
1204 2707 1400 2769 Filius
1430 2707 1665 2768 dicitur
1695 2707 1948 2789 sapiens
1978 2706 2195 2787 aliquo
2223 2705 2332 2767 tri-

838 2805 1109 2888 pliciter.
1144 2805 1375 2879 Prim0,
1408 2813 1711 2888 tanquam
1760 2804 1839 2866 ab
1878 2823 1954 2868 eo
1994 2824 2031 2866 a
2070 2821 2198 2886 quo
2237 2812 2334 2866 est

837 2903 1093 2986 sapiens
1127 2920 1141 2964 t
1174 2910 1239 2965 et
1267 2903 1356 2965 ita
1384 2910 1481 2965 est
1520 2902 1777 2984 sapiens
1816 2902 2129 2985 sapientia
2159 2902 2335 2982 inge·

838 3002 993 3076 nita,
1028 3001 1092 3064 id
1132 3008 1229 3063 est
1265 3019 1302 3062 a
1334 3001 1534 3075 Patre,
1566 3019 1603 3062 a
1641 3019 1769 3084 quo
1810 3000 2003 3062 habet
2041 3000 2211 3083 quod
2251 2999 2336 3062 sit
2367 3000 2410 3063 C

837 3109 902 3163 et
930 3099 1184 3184 sapiens
1216 3099 1317 3162 sit.
1354 3099 1664 3176 Secundo,
1690 3105 1991 3182 tanquam
2024 3117 2061 3163 a
2090 3097 2329 3163 forma:

838 3206 903 3261 et
933 3200 1020 3261 ita
1048 3205 1144 3261 est
1174 3198 1427 3280 sapiens
1465 3198 1777 3280 sapientia
1812 3197 2157 3272 essentiali,
2192 3216 2335 3279 quae

838 3305 936 3360 est
982 3297 1200 3359 divina
1240 3296 1535 3369 essentia,
1569 3304 1632 3358 et
1676 3284 1795 3358 nec
1835 3296 2050 3378 genita
2090 3304 2186 3359 est
2227 3314 2336 3358 ne-

839 3416 965 3479 que
1002 3395 1284 3477 ingenita
1328 3402 1515 3476 prout
1559 3394 1914 3476 ingenitum
1960 3412 2194 3458 nomen
2240 3400 2337 3457 est

840 3493 1139 3568 notionis,
1174 3500 1327 3575 puta
1369 3492 1904 3556 innascibilitatis.
1940 3493 2170 3567 Terti0,
2206 3500 2338 3555 tan-

841 3611 1033 3674 quam
1082 3590 1413 3673 supposito
1460 3590 1839 3673 sapientiam
1889 3590 2163 3653 habente
2212 3609 2226 3653 :
2274 3597 2338 3653 et

2433 739 2605 800 enim
2660 739 2972 821 sapientia
3021 759 3134 821 per
3183 758 3251 802 se
3294 758 3422 803 non
3480 739 3938 822 approprietur

2433 837 2698 918 Spiritui
2733 838 2982 910 Sancto,
3017 839 3125 899 sed
3159 838 3340 912 Filio,
3374 846 3584 919 potest
3621 845 3830 899 tamen
3869 837 3934 897 ei

2432 935 2831 1016 appropriari
2872 954 2988 1016 per
3022 935 3419 1016 adjunctum.
3455 936 3744 998 Sumitur
3775 953 3937 1016 quo-

2433 1052 2558 1114 que
2591 1034 2655 1095 in
2689 1033 2796 1095 tali
2830 1034 3147 1096 locutione
3181 1035 3543 1116 procedere,
3577 1053 3704 1097 non
3740 1041 3936 1116 prout

2433 1132 2803 1194 attribuitur
2851 1133 3030 1206 Filio,
3077 1133 3188 1195 sed
3239 1140 3426 1214 prout
3471 1141 3570 1195 est
3617 1132 3937 1194 distincti-

2434 1249 2588 1292 vum
2619 1231 2894 1312 Spiritus
2925 1231 3136 1293 Sancti
3168 1231 3247 1293 ab
3277 1231 3420 1294 aliis
3451 1232 3759 1313 personis,
3783 1231 3936 1294 Haec

2434 1328 2805 1390 Alexander.

2516 1427 2637 1488 Sed
2683 1426 2764 1488 ab
2803 1427 2903 1489 his
2943 1427 3196 1490 videtur
3231 1428 3528 1491 Albertus
3568 1429 3939 1512 aliqualiter

2434 1524 2774 1588 dissentire
2829 1544 2842 1588 :
2896 1527 3216 1601 QuamviS,
3281 1527 3601 1608 inquiens,
3653 1527 3936 1610 Spiritus

2437 1623 2704 1686 Sanctus
2753 1624 2836 1686 sit
2885 1625 3216 1707 sapientia,
3253 1626 3432 1688 nullo
3479 1633 3692 1688 tamen
3743 1627 3940 1688 modo

2436 1729 2533 1784 est
2582 1722 3081 1797 concedendum,
3125 1725 3292 1805 quod
3343 1724 3618 1806 Spiritus
3663 1725 3938 1787 Sanctus

2361 1816 2407 1878 B
2437 1820 2522 1882 sit
2551 1820 2859 1902 sapientia
2890 1823 3261 1903 procedenS,
3284 1823 3590 1904 quoniam
3621 1824 3940 1906 sapientia

2439 1937 2565 1981 non
2607 1926 2704 1980 est
2743 1920 3238 2002 appropriabilis
3280 1922 3504 1984 amori.

2515 2017 2630 2080 Pro
2671 2035 2944 2099 quorum
2995 2019 3332 2082 concordia
3382 2021 3616 2103 poterit
3667 2020 3938 2083 forsitan

2434 2113 2584 2186 dici,
2618 2115 2785 2195 quod
2827 2115 3101 2196 Spiritus
3145 2117 3410 2179 Sanctus
3448 2125 3546 2180 est
3582 2119 3940 2200 procedens

2435 2211 2766 2294 sapientia,
2787 2212 3106 2296 loquendo
3133 2215 3316 2297 quasi
3349 2217 3780 2289 materialiter,
3802 2235 3938 2279 non

2435 2310 2674 2373 directe
2702 2311 3071 2376 formaliter.
3107 2313 3244 2376 Non
3275 2315 3451 2376 enim
3491 2315 3780 2396 procedit
3807 2315 3940 2377 sub

2436 2408 2700 2484 ratione,
2737 2410 2923 2472 modo
2970 2418 3078 2473 aut
3127 2413 3512 2494 proprietate
3562 2413 3938 2496 sapientiae3

2437 2506 2643 2570 nihilo
2673 2507 2886 2570 minus
2917 2527 3186 2590 persona
3216 2510 3337 2572 sub
3369 2512 3632 2586 ratione,
3653 2512 3942 2594 proprie-

2438 2612 2564 2666 tate
2593 2612 2658 2667 et
2691 2607 2876 2668 modo
2904 2608 3139 2670 amoris
3171 2609 3542 2690 procedenS,
3567 2617 3664 2672 est
3694 2611 3945 2692 sapien-

2442 2703 2530 2764 tia
2572 2703 2710 2785 ipsa
2751 2724 3022 2780 summa,
3069 2707 3285 2769 divina
3326 2716 3388 2769 et
3432 2709 3728 2772 increata.

2879 3032 3354 3107 QUAESTIO
3411 3034 3506 3099 IV

2448 3292 2772 3493 QUarto
2811 3296 2916 3359 hic
2956 3298 3263 3380 quaeritur
3290 3318 3327 3361 a
3366 3299 3774 3382 quibusdam,
3805 3302 3941 3369 An

2443 3395 2850 3559 111wPater
2895 3397 3007 3461 sit
3060 3398 3341 3477 potens
3391 3400 3756 3480 potentia
3805 3415 3944 3479 go-

2521 3590 2785 3652 Videtur
2812 3590 2982 3674 quod
3013 3591 3124 3653 sic.
3159 3592 3390 3667 Primo,
3405 3595 3708 3676 quoniam
3737 3595 3940 3659 Filius

842 3692 929 3753 ita
971 3698 1066 3753 est
1109 3691 1362 3771 sapiens
1404 3690 1617 3772 genita
1666 3690 1997 3771 sapientia.
2047 3690 2191 3751 Haec
2239 3689 2340 3752 Ri-
2441 3688 2799 3771 appellatur
2827 3689 3050 3764 virtus,
3086 3689 3419 3753 brachium
3451 3699 3514 3754 et
3545 3692 3800 3758 dextera
3829 3695 3941 3758 Pa·
3975 3718 4148 3764 teor.
4171 3726 4312 3771 aa:

842 3784 1520 3859 chamus—Qualiter
1548 3793 1764 3847 autem
1796 3785 2150 3868 ingenitum
2183 3785 2341 3847 mul·
2445 3786 2558 3848 tris
2592 3803 2607 3847 t
2644 3786 2837 3849 Filius
2875 3796 3089 3850 autem
3127 3797 3224 3850 est
3255 3790 3456 3853 virtus
3497 3810 3612 3853 seu
3653 3793 3945 3873 potentia
3971 3781 4314 3829 ¹²⁸·¹‘²'¹⁸·¹·

842 3884 926 3946 tis
958 3882 1163 3946 modis
1194 3882 1461 3955 dicatur,
1488 3883 1573 3944 ita
1603 3883 1772 3966 quod
1804 3882 2115 3965 sapientia
2148 3892 2338 3964 prout
2444 3884 2674 3965 genita.
2709 3920 2788 3929 —
2817 3885 3129 3961 Secundo,
3153 3886 3332 3949 Pater
3359 3897 3659 3970 operatur
3689 3908 3804 3972 per
3841 3891 3941 3953 Fi·
4023 3916 4236 3961 ,tm-2.
4261 3934 4316 3968 ,,

846 3982 1150 4064 supponit
1205 3981 1487 4043 divinam
1546 3982 1909 4055 essentiam,
1962 4000 2079 4043 nec
2126 3981 2340 4061 genita
2448 3981 2652 4061 lium3
2704 3983 2812 4043 sed
2863 3983 2928 4044 in
2979 3983 3155 4046 Patre
3204 3985 3373 4047 idem
3423 3993 3571 4049 sunt
3621 3987 3824 4050 virtus
3875 3997 3943 4050 et
3977 3982 4062 4029 ¹⁷³
4095 3986 4246 4033 ¹¹2⁴·

764 4116 821 4154 m,
848 4088 945 4143 est
970 4096 1177 4160 neque
1210 4078 1509 4159 ingenita,
1542 4078 1787 4140 dictum
1816 4086 1912 4141 est
1936 4098 2129 4160 supra
2153 4096 2166 4139 :
2190 4078 2342 4161 quia
2445 4079 2612 4142 actio
2647 4097 2659 4140 :
2695 4097 2845 4161 ergo
2888 4088 2984 4143 est
3026 4088 3250 4163 potens
3295 4102 3408 4165 per
3449 4084 3702 4146 Filium.

852 4177 1203 4258 ingenitum
1245 4176 1671 4238 communiter
1704 4176 1979 4238 sumitur
2020 4185 2208 4257 prout
2243 4183 2340 4239 est
2370 4177 2419 4239 D
2527 4179 2598 4240 In
2643 4179 3031 4241 contrarium
3073 4188 3168 4242 est
3212 4182 3382 4262 quod
3425 4182 3588 4244 Patri
3628 4183 3797 4246 idem
3843 4192 3948 4247 est

852 4276 1203 4358 proprietas
1248 4273 1481 4353 Patris3
1514 4274 1567 4336 si
1611 4293 1762 4337 vero
1808 4274 2057 4336 dicatur
2102 4274 2341 4355 ingeni-

851 4381 988 4434 tum
1017 4389 1144 4434 non
1174 4370 1484 4452 genitum,
1508 4370 1601 4432 sic
1632 4370 1907 4433 essentia
1934 4380 1998 4433 et
2028 4371 2342 4452 sapientia

850 4470 1272 4535 essentialiter
1312 4477 1567 4552 sumpta
1607 4477 1868 4532 vocatur
1910 4470 2208 4552 ingenita.

930 4570 1039 4631 His
1071 4575 1373 4631 consonat
1402 4567 1771 4630 Alexander.
1809 4568 1925 4642 Qui
1956 4568 2150 4630 etiam
2180 4588 2346 4651 quae-

852 4670 957 4744 rit,
998 4670 1095 4731 An
1142 4665 1417 4748 Spiritus
1468 4666 1732 4728 Sanctus
1782 4665 1863 4727 sit
1907 4667 2220 4748 sapientia
2265 4668 2344 4729 de

852 4768 1186 4852 sapientia,
1239 4773 1301 4828 et
1350 4765 1699 4847 procedens
1749 4765 2080 4847 sapientia.
2130 4766 2208 4827 Et
2255 4784 2347 4828 re·-

852 4868 1123 4952 spondet
1152 4864 1320 4948 quod
1354 4864 1503 4938 im0,
1536 4863 1615 4925 ad
1656 4863 1847 4926 istum
1881 4863 2180 4926 videlicet
2209 4884 2349 4927 sen-

852 4987 1018 5042 sum,
1071 4966 1241 5048 quod
1298 4962 1571 5045 Spiritus
1620 4962 1885 5025 Sanctus
1933 4971 2030 5026 est
2076 4981 2348 5045 persona

854 5065 1203 5150 procedens
1241 5081 1383 5145 quae
1420 5068 1516 5123 est
1559 5060 1695 5142 ipsa
1738 5061 2071 5143 sapientia,
2104 5070 2166 5124 et
2211 5063 2348 5144 ipse

855 5162 1141 5247 procedit
1176 5180 1215 5223 a
1252 5160 1427 5223 Patre
1469 5159 1581 5242 qui
1624 5166 1719 5221 est
1760 5160 2095 5242 sapientia,
2125 5179 2348 5242 quam-

854 5264 953 5325 vis
1000 5278 1127 5324 non
1178 5259 1475 5341 procedat
1526 5258 1878 5320 secundum
1930 5259 2192 5321 modum
2240 5268 2350 5323 aut

2450 4293 2588 4337 esse
2631 4283 2693 4337 et
2735 4294 2873 4338 esse
2921 4284 3282 4358 potentem3
3325 4298 3442 4341 nec
3491 4279 3629 4361 ipse
3671 4300 3709 4343 a
3755 4282 3940 4355 Filio,

2451 4374 2560 4437 sed
2601 4374 2682 4436 ab
2727 4375 2865 4456 ipso
2907 4376 3103 4437 Filius
3147 4376 3338 4439 habet
3379 4380 3748 4459 potentiam.

2531 4571 2624 4634 Ad
2684 4572 2805 4634 hoc
2862 4573 3300 4636 Bonaventura
3356 4578 3696 4657 respondet
3751 4594 3766 4639 :
3821 4579 3950 4643 Ista

2453 4670 2831 4752 simpliciter
2869 4671 3028 4734 falsa
3065 4681 3183 4748 est,
3216 4672 3395 4735 Pater
3433 4683 3530 4737 est
3571 4685 3796 4758 potens
3835 4698 3948 4761 po-

2455 4769 2652 4831 tentia
2703 4769 2936 4850 genita,
2987 4777 3053 4832 et
3100 4771 3298 4852 magis
3354 4772 3703 4855 impropria
3753 4796 3949 4859 quam

2454 4866 2669 4949 aliqua
2731 4868 3196 4948 praedictarum.
3261 4869 3370 4931 Est
3431 4872 3670 4935 etenim
3731 4877 3953 4957 regula

2457 4965 2625 5048 quod
2657 4966 3018 5047 praepositio
3041 4986 3164 5044 per
3185 4968 3408 5048 juncta
3437 4970 3632 5033 verbo
3659 4972 3955 5039 absoluto

2459 5064 2759 5146 importat
2805 5065 3269 5139 auctoritatem,
3323 5074 3394 5128 ut
3439 5087 3640 5149 quum
3691 5072 3952 5147 dicitur,

2458 5163 2580 5224 Iste
2619 5171 2716 5224 est
2757 5162 2962 5226 bonus
3007 5183 3121 5245 per
3161 5164 3385 5244 illum3
3419 5185 3565 5229 cum
3604 5170 3802 5235 verbo
3843 5192 3957 5235 au-

2457 5269 2589 5323 tem
2631 5261 2966 5324 transitivo
3013 5262 3312 5345 importat
3361 5265 3952 5347 subauctoritatem,
