4359 6250
162 3389 259 3432 Gen.
282 3403 307 3440 ι,
325 3391 391 3432 26.

586 542 882 599 ocau'rnn
922 542 996 590 m·
1039 544 1101 589 m
1144 544 1357 599 omncs
1400 543 1603 590 rossu-
1643 544 1952 589 votcx'ras
1994 544 2256 590 numm
2297 544 2524 592 Divinae
2563 547 2898 594 νοιιτΝτΑτι
2940 546 3327 594 contremunt
3385 528 3505 593 659

410 722 471 776 ct
512 715 819 797 perfectio
862 716 1079 797 copiae.
1112 714 1420 777 perfectio
1461 722 1671 776 autem
1719 714 1902 776 suffi-
1930 715 1981 779 A
2011 716 2314 797 perfecte,
2347 719 2884 798 quemadmodum
2929 719 3316 781 luminosum
3357 736 3502 781 con-

412 813 661 876 cientiae
694 814 757 875 in
790 813 1037 875 duobus
1069 814 1379 885 consistit,
1416 822 1567 894 puta
1603 812 1668 874 in
1699 812 1903 875 forma

412 911 663 973 volendi
704 919 767 973 et
800 912 929 972 fine
964 911 1328 985 voluntati5‚
1361 920 1423 973 et
1454 928 1580 973 non
1622 929 1904 972 necessa-

411 1010 506 1071 rio
538 1010 602 1071 in
638 1010 1051 1082 materia,sed
1082 1010 1461 1092 quandoque
1493 1010 1685 1082 sic,et
1714 1028 1905 1090 quan-

410 1108 617 1189 doque
665 1126 808 1170 non.
854 1109 1078 1170 Forma
1121 1108 1373 1170 volendi
1415 1115 1512 1168 est
1552 1107 1799 1179 caritaS,
1834 1114 1905 1168 ut

410 1226 487 1267 ex
525 1206 724 1267 simili
766 1206 1025 1267 caritate
1055 1206 1249 1268 velim
1281 1206 1591 1287 quidquid
1626 1206 1790 1278 νοἸο,
1826 1224 1902 1267 ex

410 1323 536 1385 qua
580 1304 744 1365 Deus
786 1303 923 1366 vult
966 1305 1136 1385 quod
1181 1304 1351 1381 vult3
1390 1312 1451 1366 et
1496 1303 1648 1366 finis
1689 1303 1906 1365 volun-

412 1403 557 1463 tatis
600 1403 894 1465 humanae
924 1410 1021 1464 est
1052 1403 1114 1464 id
1148 1411 1406 1483 propter
1435 1403 1605 1484 quod
1635 1410 1751 1476 est,
1786 1402 1905 1463 sic-

411 1508 480 1561 ut
523 1509 620 1563 est
662 1502 865 1581 gloria
908 1502 1041 1574 Dei,
1075 1501 1151 1562 ad
1198 1521 1389 1582 quam
1436 1502 1645 1563 omnis
1694 1508 1907 1562 nostra

411 1600 705 1661 voluntas
744 1600 1025 1661 finaliter
1055 1600 1398 1662 ordinatur.
1434 1600 1576 1663 Haec
1615 1602 1741 1662 duo
1780 1599 1908 1661 suf-

412 1698 644 1760 ficiunt
686 1698 878 1759 etiam
926 1698 1276 1759 secundum
1327 1698 1758 1760 diversitatem
1806 1716 1909 1760 vo—

413 1796 533 1869 liti,
578 1804 642 1857 ut
694 1804 863 1878 patet
914 1796 979 1858 in
1032 1796 1239 1858 littera
1289 1797 1365 1858 de
1410 1797 1704 1877 exemplo
1755 1796 1905 1858 boni

2012 813 2326 877 formatur
2372 817 2519 878 luci.
2576 817 2908 898 Quumque
2961 826 3117 879 teste
3165 818 3230 879 B.
3275 818 3503 899 Diony-

2012 912 2128 985 sio,
2184 912 2247 974 in
2300 915 2506 977 causis
2555 922 2618 976 et
2667 916 2937 977 causatis
2986 934 3110 978 non
3161 915 3505 996 recipiatur
3573 930 3632 973 oe
3653 930 3794 974 mvsa.

3530 1005 3645 1037 nom.
3675 1008 3713 1039 c.
3733 1008 3776 1037 n.

2013 1012 2346 1073 conversio
2393 1013 2854 1085 similitudinis,
2897 1032 3024 1075 non
3072 1020 3276 1095 potest
3319 1031 3504 1076 econ-

2014 1127 2198 1171 verso
2228 1110 2378 1183 dici,
2413 1112 2576 1191 quod
2609 1112 2900 1173 voluntas
2931 1111 3039 1173 Dei
3073 1111 3506 1174 conformetur

2016 1205 2294 1268 hominis
2325 1208 2653 1270 voluntati.
2688 1209 2895 1271 Potest
2923 1210 3182 1289 quidem
3215 1210 3506 1271 voluntas

2016 1305 2295 1366 humana
2326 1305 2708 1368 conformari
2741 1307 2992 1380 divinae,
3028 1307 3327 1389 quoniam
3360 1307 3506 1369 elici

2016 1410 2221 1484 potest
2261 1412 2440 1465 actus
2487 1405 2804 1467 virtuosus
2847 1423 2884 1467 a
2921 1406 3244 1467 voluntate
3289 1407 3509 1468 huma-

2015 1520 2117 1576 na,
2155 1501 2220 1563 in
2261 1511 2571 1584 quantum
2610 1512 2702 1566 est
2737 1512 2906 1566 mota
2935 1523 2972 1565 a
3003 1505 3325 1566 voluntate
3359 1504 3512 1565 divi·

2017 1619 2098 1660 na
2128 1601 2480 1663 secundum
2519 1602 2828 1665 rationem
2862 1602 3160 1664 bonitatis
3191 1603 3509 1684 exempla-

2018 1698 2186 1759 rium
2229 1699 2534 1761 vit-tutum
2581 1701 2646 1762 in
2688 1702 2834 1763 Deo,
2871 1702 3075 1775 Quum
3116 1698 3291 1763 enim
3331 1708 3510 1763 actus

2020 1796 2378 1858 necessario
2416 1797 2643 1859 habeat
2683 1800 2746 1860 in
2793 1818 2860 1861 se
2900 1799 3168 1861 formam
3213 1800 3510 1861 similitu-

412 1894 533 1956 filii
595 1895 869 1957 nolentis
928 1902 1172 1977 patrem
1231 1913 1417 1955 suum
1482 1896 1663 1969 mori,
1716 1914 1904 1976 quem
1944 1895 1991 1957 B
2021 1892 2364 1975 dinemque
2403 1896 2646 1976 agentis
2687 1915 2800 1980 per
2839 1917 2927 1969 se,
2963 1897 3027 1959 id
3055 1905 3150 1959 est
3181 1916 3294 1979 per
3330 1917 3510 1960 suam

415 1994 579 2055 Deus
626 1992 765 2054 vult
825 1993 1004 2055 mori.
1058 1992 1363 2055 Perfectio
1416 2001 1627 2054 autem
1689 1992 1907 2074 patriai

414 2091 702 2153 consistit
755 2091 820 2151 in
869 2100 1163 2172 quatuor,
1208 2099 1276 2151 ut
1323 2091 1568 2152 scilicet
1616 2091 1908 2153 voluntas

416 2198 623 2252 creata
654 2189 807 2252 velit
850 2190 1017 2251 idem
1060 2190 1228 2270 quod
1269 2191 1455 2255 Deus,
1489 2198 1551 2251 et
1588 2208 1665 2251 ex
1708 2190 1910 2252 forma

414 2289 637 2351 eadem
686 2307 797 2350 seu
848 2288 1127 2360 caritate,
1182 2297 1244 2349 et
1298 2296 1557 2369 propter
1606 2288 1796 2358 idem,
1847 2296 1908 2349 et

414 2387 584 2469 quod
625 2386 791 2447 Deus
830 2386 967 2447 vult
1004 2404 1143 2447 eam
1184 2386 1365 2448 velle.
1401 2422 1481 2431 --
1510 2386 1715 2459 Quum
1760 2404 1910 2448 vero

416 2484 888 2566 beneplacitum
931 2484 1041 2546 Dei
1084 2485 1426 2557 nescimuS,
1460 2483 1702 2546 sufficit
1740 2486 1907 2565 quod

416 2583 891 2647 conformamur
931 2590 1247 2664 praecepto
1277 2591 1332 2645 et
1370 2584 1718 2664 operationi
1751 2602 1764 2645 ε
1799 2584 1907 2644 sed

416 2682 671 2762 cognito
701 2681 1101 2763 beneplacito
1130 2681 1263 2755 Dei,
1295 2680 1677 2743 conformari
1712 2682 1908 2762 magis

416 2790 709 2843 tenemur
748 2780 827 2842 ei.
864 2780 1005 2842 Haec
1046 2779 1340 2842 Albertus
1376 2798 1389 2843 :
1424 2780 1531 2861 qui
1575 2778 1745 2843 circa
1786 2781 1913 2841 dis-

415 2879 789 2941 tinctionem
824 2878 984 2938 lianc
1019 2878 1217 2938 multa
1246 2877 1512 2958 pulchra
1542 2878 1909 2951 conscribit,

416 2996 559 3058 quae
598 2977 732 3056 jam
776 2974 1237 3037 sententialiter
1278 2982 1427 3036 sunt
1472 2975 1747 3037 inducta.

2024 1989 2315 2063 formam,
2349 1994 2514 2055 sicut
2561 1995 2770 2057 lucere
2814 1995 3003 2057 habet
3041 1995 3283 2077 aliquid
3328 1996 3510 2071 lucis,

2021 2096 2083 2149 et
2116 2089 2460 2152 calefacere
2500 2092 2654 2173 quid
2695 2093 2953 2171 caloris;
2985 2100 3162 2155 actus
3193 2094 3514 2156 virtuosus

2022 2187 2299 2261 volendi,
2337 2188 2399 2249 in
2445 2199 2754 2269 quantum
2798 2191 3238 2274 principaliter
3279 2200 3372 2253 est
3417 2210 3516 2254 ac-

2022 2294 2123 2347 tus
2173 2286 2472 2349 bonitatis
2522 2289 2904 2369 exemplaris
2952 2290 3184 2352 divinae
3227 2290 3514 2352 volunta-

2026 2383 2125 2457 tis,
2158 2404 2235 2445 ex
2275 2384 2394 2447 hoc
2435 2386 2868 2448 conformatur
2908 2387 3213 2449 voluntati
3259 2388 3509 2451 divinae.

2023 2483 2181 2544 Hinc
2216 2484 2276 2544 in
2311 2484 2589 2565 Epistola
2618 2486 2694 2546 ad
2727 2486 3037 2548 Romanos
3068 2486 3516 2548 describuntur

2026 2574 2144 2641 filii
2192 2582 2324 2652 Dei,
2367 2582 2475 2663 qui
2527 2582 2764 2663 Spiritu
2815 2584 2926 2646 Dei
2963 2592 3266 2665 aguntur.
3310 2584 3412 2647 Sic
3455 2592 3517 2646 et
3546 2600 3806 2704 1ζιοηωηιι.

2026 2678 2306 2740 bonitate
2365 2680 2587 2741 morali
2646 2681 2834 2743 debet
2893 2682 3181 2744 voluntas
3240 2682 3518 2745 humana

2026 2776 2407 2839 conformari
2446 2778 2699 2850 divinae,
2735 2786 2804 2839 ut
2833 2779 2914 2839 sit
2944 2779 3126 2841 bona.
3162 2780 3304 2843 Haec
3336 2780 3518 2843 Udal-

2025 2875 2197 2936 ricus
2233 2896 2246 2938 :
2283 2875 2465 2955 cujus
2497 2884 2704 2937 cetera
2733 2877 2970 2958 scripta
3000 2878 3075 2939 de
3109 2879 3226 2940 ista
3257 2879 3520 2941 materia

2025 2975 2177 3035 sat-is
2221 2974 2518 3036 videntur
2561 2982 2875 3057 praetacta.

524 3074 854 3138 Udalricus
917 3090 1170 3155 quoque
1231 3074 1621 3137 concordans
1687 3074 1786 3136 his
1846 3074 1912 3136 in
1954 3073 1997 3137 C
2108 3072 2441 3135 Durandus
2482 3081 2786 3155 praeterea
2815 3074 2983 3136 circa
3022 3075 3154 3138 haec
3187 3074 3517 3157 loquitur:

421 3174 681 3236 Summa
724 3192 860 3246 sua,
896 3171 1059 3234 libro
1103 3172 1381 3234 secundo
1417 3191 1430 3235 ε
1466 3173 1767 3234 Voluntas
1798 3173 1917 3252 (in-

421 3272 587 3353 quit)
626 3279 860 3344 nostra,
893 3290 1035 3352 quae
1079 3277 1175 3330 est
1218 3270 1499 3352 potentia
1548 3269 1778 3333 animae
1820 3289 1914 3332 se-

422 3371 706 3432 cundum
745 3388 937 3450 quam
979 3368 1170 3430 homo
1210 3366 1411 3429 factus
1451 3369 1652 3429 estad
1696 3367 1915 3448 imagi-

425 3487 568 3529 nem
621 3467 755 3540 Dei,
798 3467 1145 3529 conformis
1194 3473 1289 3528 est
1334 3485 1446 3547 per
1496 3466 1916 3529 imitationem

425 3567 717 3628 increatae
756 3564 1065 3626 voluntati
1116 3563 1179 3625 in
1223 3564 1469 3626 cunctis
1516 3563 1916 3643 hominibus3

422 3664 531 3725 sed
580 3663 916 3744 perficitur
959 3661 1370 3725 conformitas
1419 3662 1539 3723 ista
1584 3680 1697 3744 per
1746 3661 1919 3723 habi-

423 3770 559 3824 tum
599 3760 864 3841 justi'tiae
895 3761 1223 3842 acquisitae
1253 3760 1353 3822 vel
1396 3759 1645 3832 infusae,
1678 3767 1741 3822 et
1771 3778 1918 3822 con-

424 3867 780 3922 summatur
811 3877 924 3940 per
952 3858 1441 3920 similitudinem
1471 3857 1687 3938 gratiae
1720 3859 1782 3918 in
1815 3858 1919 3920 ha-

424 3957 560 4019 bitu
622 3956 923 4030 caritatiS‚
975 3975 1115 4038 quae
1173 3964 1269 4018 est
1325 3956 1559 4017 divinae
1619 3955 1919 4017 bonitatis

426 4054 925 4137 supernaturalis
963 4055 1335 4116 similitude.
1369 4090 1450 4099 —
1487 4054 1601 4116 Per
1641 4053 1920 4115 denomi-

426 4155 748 4216 nationem
798 4161 1010 4214 autem
1060 4152 1139 4214 ab
1190 4152 1305 4213 hac
1354 4152 1677 4214 voluntate
1726 4152 1917 4213 etiam

2030 3170 2260 3232 Omnes
2291 3170 2562 3233 viatores
2595 3179 2890 3234 tenentur
2917 3173 3309 3236 voluntatem
3341 3192 3524 3235 suam

2032 3268 2431 3330 conformare
2491 3268 2802 3332 voluntati
2861 3271 3092 3334 divinae
3156 3271 3220 3332 in
3283 3271 3519 3352 aliquo,

2032 3367 2334 3453 quoniam
2366 3367 2528 3428 nihil
2558 3376 2653 3429 est
2685 3375 2929 3430 rectum
2967 3368 3091 3430 nisi
3131 3388 3260 3432 suae
3291 3370 3525 3450 regulae

2032 3464 2464 3527 conformetur
2511 3482 2526 3526 :
2572 3466 2864 3527 voluntas
2910 3474 3123 3528 autem
3173 3467 3387 3529 divina
3431 3476 3528 3529 est

2034 3564 2241 3644 prima
2276 3571 2338 3625 et
2377 3582 2628 3625 summa
2665 3563 2881 3644 regula
2923 3565 3267 3627 voluntatis
3307 3566 3527 3627 huma-

2032 3681 2150 3735 nae,
2186 3681 2386 3742 quum
2428 3660 2508 3722 ab
2554 3661 2661 3722 illa
2707 3662 3007 3743 procedat
3048 3663 3255 3724 omnis
3297 3663 3396 3725 lex
3439 3664 3530 3725 di-

2032 3759 2181 3820 vina
2229 3778 2301 3820 ac
2349 3759 2675 3834 naturaliS,
2722 3761 2826 3822 cui
2877 3760 3087 3834 subdi,
3142 3760 3527 3824 conformari

2033 3867 2095 3919 et
2142 3857 2400 3919 obedire
2452 3864 2762 3920 tenemur.
2809 3895 2890 3904 —
2937 3859 3025 3920 De
3076 3859 3264 3922 modo
3311 3867 3524 3922 autem

2035 3954 2553 4018 conformationis
2592 3956 2940 4018 'tenendum
2979 3963 3094 4030 est,
3139 3958 3308 4038 quod
3355 3966 3526 4019 tene-

2036 4073 2180 4115 mur
2219 4055 2538 4136 praecipue
2581 4054 2658 4115 ad
2702 4054 3211 4116 conformitatem
3251 4075 3392 4136 quae
3431 4063 3528 4116 est

2034 4152 2387 4215 secundum
2427 4170 2627 4232 genus
2666 4171 2872 4214 causae
2909 4151 3274 4224 efficientis,
3309 4158 3380 4213 ut-
3409 4152 3526 4214 sci-

426 4260 603 4314 actus
634 4251 1002 4324 voluntatiS,
1037 4250 1147 4331 qui
1180 4258 1277 4311 est
1305 4250 1490 4322 velle,
1525 4257 1786 4311 vocatur
1813 4268 1921 4312 vo·
1952 4253 2001 4314 D
2036 4252 2184 4314 licet
2217 4251 2280 4312 id
2312 4250 2584 4311 velimus
2623 4250 2792 4330 quod
2827 4250 2991 4312 Deus
3022 4251 3158 4312 vult
3189 4268 3302 4312 nos
3333 4249 3520 4323 velle,

431 4350 656 4412 luntas.
714 4350 827 4423 Qui
888 4357 1065 4410 actus
1126 4349 1273 4410 licet
1335 4349 1399 4409 in
1460 4355 1768 4429 quantum
1828 4357 1926 4409 est

429 4457 607 4511 actus
655 4448 1000 4512 voluntatis
1053 4455 1236 4529 prout
1290 4447 1427 4528 ipsa
1470 4454 1566 4508 est
1618 4446 1923 4508 naturalis

430 4547 734 4628 potentia,
776 4547 855 4609 sit
908 4546 1113 4608 bonus
1156 4564 1233 4606 ex
1284 4564 1397 4606 sua
1448 4550 1691 4617 natura,
1734 4552 1923 4625 atque

429 4645 663 4707 divinae
702 4644 1045 4707 voluntatis
1084 4643 1255 4704 actui
1298 4641 1561 4719 similis3
1605 4648 1813 4704 tamen
1860 4641 1925 4702 in

430 4751 741 4824 quantum
787 4749 883 4803 est
926 4741 1271 4804 voluntatis
1322 4747 1511 4822 prout
1559 4739 1694 4821 ipsa
1735 4759 1811 4802 ex
1857 4739 1929 4800 li-

431 4839 675 4900 bertate
705 4838 897 4900 habet
923 4846 1101 4900 actus
1142 4839 1239 4900 sui
1280 4838 1659 4911 dominium,
1693 4845 1756 4898 et
1788 4855 1929 4918 pro-

434 4944 575 5019 pter
618 4936 740 4999 hoc
779 4937 842 4997 in
886 4956 1001 4999 suo
1044 4945 1187 4998 actu
1237 4935 1571 4998 laudabilis
1610 4935 1927 5016 vitupera-

434 5034 664 5097 bilisve
705 5034 1016 5107 consistit,
1050 5034 1142 5094 sic
1181 5033 1443 5114 speciali
1491 5034 1678 5096 modo
1721 5041 1929 5114 potest

434 5133 817 5196 conformari
860 5131 1170 5194 voluntati
1220 5132 1453 5195 divinae
1503 5151 1617 5213 per
1665 5131 1929 5194 modum

435 5250 562 5312 quo
605 5231 994 5313 participans
1040 5230 1319 5311 aliquam
1369 5229 1640 5292 formam
1685 5230 1932 5293 confor-

439 5337 645 5391 matur
673 5329 731 5391 ei
765 5330 827 5390 in
864 5346 990 5410 quo
1029 5336 1125 5390 est
1156 5327 1359 5390 forma
1397 5328 1817 5389 essentialiter
1853 5348 1927 5391 ac

2035 4349 2288 4432 quando
2319 4348 2503 4411 nobis
2543 4347 2662 4408 hoc
2696 4348 3034 4409 innotescit
3065 4365 3079 4410 :
3115 4348 3266 4430 quia
3304 4367 3526 4410 secun-

2035 4449 2187 4510 dum
2241 4447 2302 4508 id
2354 4445 2684 4528 potissime
2732 4444 2920 4508 debet
2966 4445 3254 4508 voluntas
3314 4453 3527 4509 nostra

2037 4545 2418 4608 conformari
2466 4543 2720 4616 divinae,
2771 4544 3124 4605 secundum
3173 4544 3343 4626 quod
3392 4545 3529 4626 ipsa

2037 4651 2131 4706 est
2183 4643 2455 4704 maxime
2505 4641 2722 4722 regula
2771 4649 3001 4704 nostrae
3047 4642 3413 4715 voluntatiS,
3462 4643 3527 4704 in

2037 4747 2347 4820 quantum
2387 4738 2683 4800 videlicet
2723 4738 2862 4800 vult
2904 4755 3020 4800 nos
3059 4737 3300 4820 aliquid
3339 4739 3524 4812 velle,

1984 4851 1997 4863 '
2038 4837 2190 4918 quia
2231 4837 2321 4898 sic
2362 4843 2571 4897 movet
2615 4853 2748 4897 nos
2784 4836 3097 4915 Regulans
3137 4853 3386 4918 quoque
3425 4855 3531 4899 vo-

2040 4935 2369 5006 luntatem,
2420 4941 2513 4995 est
2574 4933 2818 4995 dictans
2876 4942 2940 4995 et
2999 4934 3318 5015 imperans
3376 4935 3531 5016 quid

2039 5032 2373 5114 agendum.
2409 5032 2580 5093 Idem
2620 5038 2716 5092 est
2753 5031 2831 5092 de
2871 5031 2972 5093 his
3012 5051 3152 5114 quae
3192 5032 3357 5094 Deus
3395 5032 3534 5095 vult

2041 5149 2155 5193 nos
2195 5130 2358 5192 velle
2395 5129 2716 5192 voluntate
2764 5138 3214 5211 consequente,
3249 5131 3303 5192 si
3347 5131 3534 5194 nobis

2042 5230 2394 5292 innotescat
2439 5247 2552 5309 per
2599 5227 3051 5290 revelationem
3099 5238 3208 5292 aut
3253 5230 3533 5312 aliquam

2046 5326 2545 5409 inspirationem.
2580 5326 2794 5387 Alium
2843 5327 3082 5409 quippe
3134 5329 3393 5391 modum
3447 5329 3536 5391 in-
