4359 6250
486 491 687 536 uranu
717 491 956 537 nomm
988 491 1121 547 Qua-3
1148 492 1225 536 nx
1256 492 1533 536 murone
1563 491 1916 538 comparum·
1946 491 2083 545 meo,
2118 491 2340 537 DICANT
2367 493 2612 538 annau
2639 493 3022 540 autumnum
3054 495 3116 540 m
3146 495 3278 540 lrso
3337 476 3458 541 303

444 662 535 723 Ad
568 661 738 743 quod
771 661 1064 742 quamvis
1102 661 1233 742 iam
1274 681 1443 742 saepe
1483 678 1857 743 responsum
1890 659 1941 720 A
1972 659 2258 721 dimidio.
2295 661 2434 723 Sint
2464 661 2634 722 enim
2668 662 2793 723 duo
2823 661 3130 736 bicubita,
3161 663 3459 724 alterum-

372 759 467 822 sit.
500 767 713 822 tamen
748 760 999 841 plenius
1031 760 1177 821 inde
1210 760 1601 821 tractandum
1634 766 1749 820 est.
1786 759 1860 819 Et

373 866 629 940 apparet
659 858 871 939 primo
900 859 1068 940 quod
1104 858 1317 920 dicant
1349 859 1583 920 realem
1616 857 1862 919 relatio-

374 975 511 1018 nem
561 955 628 1017 in
672 956 821 1028 Deo,
855 956 1157 1038 quoniam
1201 957 1363 1018 Deus
1404 976 1574 1031 vere,
1608 957 1862 1018 realiter

371 1063 429 1114 et
468 1054 1007 1117 excellentissime
1052 1055 1349 1118 dominus
1393 1063 1509 1128 est,
1552 1073 1682 1138 rex,
1727 1073 1857 1116 cre-

372 1159 521 1224 ator,
574 1159 639 1214 et
689 1151 755 1212 in
808 1151 946 1235 ipso
994 1160 1089 1214 est
1137 1171 1359 1214 verum
1411 1171 1485 1215 ac
1534 1171 1857 1214 summum

372 1248 747 1322 dominium,
765 1250 1149 1331 jurisdicti0,
1172 1253 1534 1324 auctorita&
1560 1270 1700 1333 quae
1730 1268 1861 1312 om-

372 1347 471 1408 nia
513 1348 739 1409 dicunt
784 1349 1153 1411 relationem
1189 1368 1203 1412 ε
1238 1357 1302 1410 et
1342 1349 1427 1410 ita
1472 1349 1536 1410 in
1586 1350 1722 1429 ipso
1764 1357 1860 1410 est

372 1446 589 1508 relatio
622 1446 701 1507 ad
740 1433 1079 1509 creatas—
1108 1448 1417 1519 Secundo,
1452 1447 1603 1530 quia
1640 1465 1861 1509 secun-

371 1543 515 1606 dum
587 1544 1039 1626 Philosophum
1108 1544 1333 1627 quinto
1394 1545 1855 1627 Metaphysicae,

370 1662 585 1704 servus
616 1650 679 1705 et
710 1643 1006 1705 dominus
1038 1651 1185 1704 sunt
1214 1643 1476 1706 relativa
1505 1644 1856 1704 secundum

368 1759 521 1814 esse,
577 1748 641 1802 et
693 1741 841 1802 talia
899 1742 1120 1802 dicunt
1170 1742 1402 1804 realem
1464 1741 1528 1803 in
1588 1749 1857 1822 utroque

1974 777 2097 839 que
2158 767 2439 820 mutetur
2496 779 2609 840 per
2658 761 2847 822 unius
2905 761 3104 822 cubiti
3162 760 3462 822 abscisio·

1976 874 2144 930 nem,
2196 857 2326 937 Jam
2388 856 2626 918 factum
2677 866 2774 918 est
2819 858 3180 932 dimidium,
3232 865 3296 920 et
3345 858 3467 920 erit

1975 954 2370 1036 subduplum
2402 963 2465 1016 et
2493 957 2765 1018 alterum
2797 956 3065 1038 duplum
3094 955 3335 1038 absque
3367 956 3466 1018 sui

1976 1053 2347 1126 mutatione,
2390 1073 2588 1135 quum
2640 1062 2852 1116 tamen
2900 1054 3168 1136 duplum
3217 1062 3279 1116 et
3325 1055 3472 1116 sub-

1974 1151 2244 1232 duplum
2293 1153 2586 1214 dicantur
2633 1153 2709 1214 ad
2755 1154 3250 1215 convertentiam
3295 1171 3309 1216 ε
3353 1154 3471 1215 sic-

1974 1268 2098 1330 que
2138 1249 2350 1312 dicere
2391 1268 2726 1331 possumus
2767 1252 2845 1312 de
2878 1252 3166 1313 Creatore
3205 1259 3268 1314 et
3299 1271 3466 1314 crea-

1974 1353 2132 1408 tura.
2191 1347 2265 1408 Et
2325 1347 2448 1410 illae
2509 1347 2844 1410 relationes
2899 1367 3038 1429 quae
3098 1349 3189 1410 sic
3248 1357 3468 1411 notant

1973 1443 2416 1506 habitudinem
2477 1447 2831 1508 secundum
2891 1446 3286 1508 intellectum
3333 1455 3465 1509 tan-

1973 1549 2132 1615 tum,
2164 1561 2202 1603 a
2241 1542 2522 1605 Gilberto
2567 1544 2902 1606 Porretano
2944 1544 3318 1606 dicebantur
3357 1546 3462 1607 ad-

1972 1639 2288 1712 sistentes,
2321 1649 2385 1702 et
2415 1641 2575 1703 nihil
2618 1641 2959 1722 praedicare
3003 1643 3066 1704 in
3109 1661 3185 1704 eo
3220 1643 3297 1705 de
3337 1661 3463 1725 quo

1971 1737 2365 1800 dicebantur.
2401 1741 2690 1802 Attamen
2736 1740 2862 1801 dici
2904 1748 3131 1822 potest,
3163 1742 3332 1822 quod
3375 1741 3467 1802 in-

367 1846 645 1902 extremo
676 1840 1067 1902 relationem.
1102 1876 1182 1886 —
1213 1841 1441 1912 Tertio,
1476 1841 1528 1901 si
1570 1841 1691 1902 ista
1730 1857 1855 1902 non
1894 1842 1939 1904 B
1971 1835 2262 1898 tellectus
2313 1855 2555 1918 ponens
2603 1857 2708 1900 eas
2768 1838 2833 1899 in
2883 1839 3033 1912 Dec,
3087 1839 3351 1901 fulcitur
3399 1840 3466 1902 in

366 1937 583 1999 dicunt
629 1938 696 1999 in
740 1939 869 2000 Deo
912 1939 1280 2001 relationem
1336 1938 1455 2000 nisi
1504 1939 1855 2000 secundum

364 2035 693 2109 rationem,
727 2055 877 2118 ergo
916 2037 1177 2098 rationis
1219 2044 1363 2098 actu
1405 2044 1689 2098 cessant-e
1730 2053 1855 2098 non

364 2141 719 2214 congruunt
759 2134 909 2208 De0,
942 2153 1059 2196 nec
1102 2134 1237 2216 ipse
1278 2153 1425 2196 vere
1466 2134 1720 2196 realiter
1753 2134 1857 2195 do-

366 2231 597 2306 minuS,
658 2251 767 2294 rex
836 2241 897 2294 et
963 2240 1205 2295 creator
1271 2233 1503 2314 poterit
1570 2232 1717 2294 dici.
1778 2267 1858 2277 —

362 2330 609 2404 Quarto,
662 2331 726 2392 in
777 2330 905 2394 Deo
954 2339 1049 2393 est
1098 2331 1285 2394 realis
1344 2331 1748 2412 praesidentia
1795 2338 1857 2393 et

363 2429 787 2511 superpositio
819 2437 1011 2512 atque
1042 2430 1376 2492 causalitas
1408 2437 1701 2511 respectu
1732 2448 1860 2492 cre-

360 2535 705 2602 aturarum,
753 2546 903 2609 ergo
946 2534 1010 2590 et
1055 2546 1204 2590 vera
1250 2546 1324 2590 ac
1375 2528 1560 2590 realis
1610 2527 1853 2602 relati0,

362 2626 657 2705 quoniam
704 2626 921 2689 omnia
964 2626 1084 2688 ista
1126 2633 1275 2687 sunt
1318 2627 1672 2688 relationes,

435 2725 506 2784 ln
550 2726 1060 2806 oppositum-est
1106 2742 1369 2787 concors
1418 2726 1855 2805 theologorum

360 2821 661 2884 doctrina.
718 2823 845 2885 Nec
904 2823 1079 2884 enim
1138 2823 1438 2886 convenit
1488 2824 1615 2885 Deo
1668 2824 1855 2886 realis

360 2919 781 3002 dependentia
823 2921 900 2983 ad
942 2929 1167 2983 creata.

436 3117 531 3181 Ad
561 3118 682 3181 hoc
714 3121 1056 3202 respondet
1084 3121 1383 3186 Albertus
1418 3140 1432 3185 :
1466 3124 1736 3186 Nomina
1768 3132 1856 3187 ta-

364 3216 445 3279 lia
474 3218 809 3280 nominant
839 3220 1123 3283 divinam
1154 3222 1495 3284 essentiam
1532 3222 1653 3285 sub
1685 3222 1851 3285 habi-

356 3316 575 3378 tudine
635 3316 715 3378 ad
764 3326 997 3392 creata,
1047 3338 1189 3401 quae
1247 3319 1554 3383 habitudo
1603 3321 1669 3382 in
1730 3322 1858 3383 Deo

357 3431 481 3476 non
532 3415 715 3496 ponit
766 3416 889 3477 nisi
938 3425 1152 3479 actum
1203 3418 1312 3499 qui
1352 3425 1449 3479 est
1490 3419 1657 3481 idem
1708 3439 1855 3482 cum

356 3512 679 3575 voluntate
728 3522 790 3575 et
841 3513 1196 3578 substantia
1254 3516 1364 3579 Dei
1423 3518 1703 3598 agentis3
1754 3519 1857 3581 de-

359 3610 699 3690 pendentia
731 3630 883 3674 vero
913 3632 1055 3694 quae
1094 3614 1368 3687 additur,
1406 3614 1470 3676 in
1508 3623 1722 3677 nostro
1762 3624 1857 3679 est

359 3708 708 3783 intellectu,
761 3727 889 3772 non
951 3712 1015 3772 in
1065 3713 1211 3774 Deo.
1268 3712 1343 3773 Et
1391 3714 1513 3775 hoc
1564 3713 1706 3777 ideo
1754 3714 1851 3790 fit,

358 3807 661 3887 quoniam
704 3808 1069 3871 intellectus
1108 3816 1323 3871 noster
1361 3811 1596 3893 accipit
1624 3813 1857 3894 depen-

358 3904 639 3967 dentiam
702 3905 937 3968 realem
1000 3907 1063 3969 in
1124 3915 1431 3981 creatura,
1484 3929 1675 3990 quam
1728 3930 1855 3974 non

359 4011 563 4082 potest
614 4003 972 4085 intelligere
1033 4013 1100 4066 ut
1151 4006 1387 4067 realem
1445 4008 1856 4088 dependenti-

354 4119 478 4173 am,
514 4101 639 4163 nisi
670 4102 867 4164 etiam
898 4102 1340 4167 habitudinem
1372 4107 1715 4187 quamdam
1746 4125 1855 4188 po-

1968 1941 2112 1996 actu
2145 1935 2418 1996 creantis
2451 1944 2512 1997 et
2541 1935 3133 2016 gubernantiS.Haec
3153 1937 3462 2000 AlbertuS.

2050 2033 2364 2095 Consonat
2395 2033 2664 2096 Thomas
2700 2053 2713 2095 :
2749 2035 3110 2097 Secundum
3144 2036 3466 2118 theologos

1967 2131 2324 2213 (inquiens)
2353 2139 2544 2214 atque
2574 2132 2984 2214 philosophos
3017 2135 3464 2208 communiter,

1970 2248 2194 2291 verum
2243 2238 2340 2292 est
2389 2231 2560 2313 quod
2619 2230 2956 2293 relationes
3017 2232 3251 2314 quibus
3302 2235 3468 2296 Deus

1969 2328 2047 2388 ad
2096 2337 2451 2390 creaturam
2502 2327 2794 2402 refertur,
2839 2347 2964 2391 non
3009 2339 3158 2392 sunt
3210 2332 3274 2393 in
3327 2332 3466 2413 ipso

1969 2429 2322 2490 secundum
2371 2447 2526 2500 rem,
2563 2429 2672 2490 sed
2718 2429 2925 2491 solum
2968 2431 3321 2492 secundum
3372 2450 3465 2492 ra-

1969 2525 2208 2588 tionem
2254 2545 2267 2588 :
2314 2525 2616 2608 quoniam
2668 2527 3028 2589 intellectus
3078 2536 3292 2590 noster
3336 2546 3464 2592 non

1970 2631 2176 2704 potest
2225 2624 2514 2705 accipere
2565 2624 2808 2706 aliquid
2860 2625 3120 2688 relative
3163 2626 3241 2688 ad
3289 2627 3462 2689 aliud

1967 2721 2117 2794 dici,
2152 2722 2278 2783 nisi
2321 2721 2442 2784 sub
2485 2722 2776 2804 opposita
2819 2723 3190 2786 habitudine
3237 2724 3467 2786 intelli-

1965 2829 2072 2901 gat
2104 2820 2336 2901 ipsum.
2374 2821 2563 2883 Porro
2593 2821 2752 2883 ratio
2785 2821 2849 2883 in
2892 2822 3218 2884 intellectu
3251 2842 3464 2885 rerum

1970 2918 2310 2999 tripliciter
2351 2919 2544 2981 habet
2588 2938 2674 2982 se.
2710 2921 3095 3002 Quandoque
3140 2921 3312 2983 enim
3356 2941 3466 3003 ap·

1893 3020 1936 3083 C
1969 3017 2307 3097 prehendit
2357 3017 2599 3098 aliquid
2651 3019 2818 3100 quod
2869 3025 2964 3080 est
3013 3019 3080 3080 in
3130 3036 3196 3081 re
3247 3038 3468 3082 secun-

1968 3115 2119 3177 dum
2171 3115 2339 3197 quod
2394 3136 2492 3178 res
2544 3115 2653 3178 illa
2700 3116 3200 3198 apprehenditur
3243 3136 3256 3179 :
3301 3118 3468 3181 sicut

1966 3214 2119 3275 dum
2171 3214 2598 3295 apprehendit
2646 3214 2876 3296 lapidis
2928 3216 3216 3279 sormam.
3273 3218 3466 3279 lnter-

1968 3312 2122 3373 dum
2152 3331 2304 3375 vero
2333 3312 2755 3394 apprehendit
2792 3313 3033 3395 aliquid
3076 3315 3244 3396 quod
3287 3315 3467 3378 nullo

1971 3412 2155 3473 modo
2188 3419 2282 3472 est
2308 3412 2372 3473 in
2408 3428 2509 3473 re:
2533 3418 2602 3472 ut
2625 3411 2776 3473 dum
2810 3412 3192 3493 imaginatur
3216 3413 3468 3477 Chimae-

1968 3526 2122 3569 ram.
2166 3508 2527 3590 Aliquando
2565 3527 2716 3571 vero
2757 3510 3178 3590 apprehendit
3219 3511 3462 3592 aliquid

1968 3608 2072 3669 cui
2110 3606 2330 3670 subest
2373 3608 2438 3669 in
2477 3626 2543 3669 re
2588 3608 2876 3689 quaedam
2925 3616 3168 3681 natura,
3204 3628 3328 3672 non
3377 3618 3462 3672 ta-

1968 3724 2114 3767 men
2156 3707 2508 3768 secundum
2541 3706 2850 3769 rationem
2882 3726 3008 3788 qua
3045 3708 3466 3789 apprehendi-

1966 3811 2071 3865 tur
2105 3822 2118 3865 :
2155 3812 2224 3866 ut
2255 3805 2320 3866 in
2350 3804 2857 3886 apprehensione
2890 3804 3285 3867 universalis,
3314 3807 3466 3870 Con·

1967 3902 2267 3964 similiter
2315 3902 2380 3964 in
2429 3901 2845 3964 relationibus
2895 3921 3052 3984 quas
3103 3902 3464 3967 intellectus

1966 4008 2181 4063 noster
2228 4002 2354 4063 Deo
2402 4000 2712 4062 attribuit.
2766 4000 3014 4063 Invenit
3073 4020 3348 4084 namque
3399 4004 3462 4065 in

1967 4100 2094 4161 Deo
2124 4099 2427 4161 virtutem
2467 4107 2530 4160 et
2567 4099 2882 4161 actionem
2926 4118 3052 4180 qua
3089 4101 3464 4181 producitur

356 4207 461 4259 nat
502 4200 569 4261 in
610 4218 819 4262 causa.
855 4201 1004 4273 Quae
1044 4201 1351 4265 habitudo
1396 4221 1522 4265 non
1561 4204 1683 4266 erit
1721 4222 1853 4268 om-
1885 4206 1935 4267 D
1966 4207 2254 4260 creatura
2289 4198 2660 4260 relationem
2690 4198 2932 4260 habens
2960 4199 3038 4259 ad
3070 4198 3270 4259 Deum
3306 4216 3320 4260 ε
3355 4198 3459 4259 cui

355 4297 507 4359 nino
537 4296 775 4360 frustra
804 4317 818 4361 :
852 4297 1120 4360 fulcitur
1148 4300 1319 4361 enim
1354 4301 1418 4362 in
1449 4309 1593 4363 actu
1626 4322 1850 4378 causae,

355 4396 647 4473 quamvis
706 4414 835 4458 non
885 4396 1054 4458 dicat
1111 4397 1405 4461 accidens
1465 4400 1529 4461 in
1580 4401 1741 4479 Deo;
1792 4408 1855 4463 et

354 4493 555 4571 gratia
604 4494 1002 4556 habitudinis
1046 4496 1240 4576 hujus
1286 4499 1547 4559 nomina
1589 4498 1707 4561 ista
1746 4500 1852 4561 ha-

360 4589 511 4652 bent
539 4611 655 4653 sua
682 4600 1021 4655 connotata
1062 4600 1209 4655 nata
1244 4594 1309 4656 in
1339 4604 1642 4659 creatura.
1678 4633 1756 4642 —
1788 4598 1849 4660 Si

356 4697 567 4751 autem
618 4691 984 4771 objiciatur,
1037 4692 1189 4773 quia
1236 4710 1458 4755 omnes
1516 4694 1850 4758 relationes

356 4787 432 4849 ad
492 4790 995 4851 convertentiam
1053 4790 1237 4854 dictae
1295 4800 1358 4853 et
1415 4810 1542 4855 non
1600 4812 1853 4875 semper

356 4886 917 4959 convenientes‚ex
946 4888 1285 4951 mutatione
1318 4897 1669 4966 causantur,
1689 4893 1851 4954 Deus

356 5002 509 5047 vero
576 4985 997 5049 immutabilis
1067 4994 1163 5049 est
1228 5006 1241 5050 :
1316 4990 1849 5069 respondendum,

356 5084 529 5163 quod
566 5084 714 5146 talia
750 5084 1019 5147 relativa
1058 5101 1184 5146 non
1225 5103 1477 5166 semper
1520 5087 1853 5169 requirunt

360 5182 774 5244 mutationem
806 5190 870 5244 et
902 5182 1137 5245 realem
1179 5192 1540 5265 respectum
1582 5185 1647 5245 in
1690 5193 1854 5250 utro-

358 5297 483 5359 que
548 5280 981 5355 relativorum,
1043 5288 1115 5343 ut
1171 5288 1343 5363 patet
1408 5281 1473 5343 in
1536 5282 1733 5364 duplo
1790 5292 1853 5346 et

1965 4296 2256 4359 essentiae
2301 4316 2411 4358 seu
2455 4297 2676 4358 virtuti
2717 4297 2816 4358 vel
2863 4295 3096 4359 actioni
3145 4296 3459 4359 habitudi-

1966 4414 2110 4457 nem
2160 4394 2472 4469 attribuit,
2515 4403 2577 4458 et
2626 4396 2885 4458 nomina
2933 4395 3197 4457 relativa
3237 4396 3295 4458 ei
3339 4396 3456 4456 im·

1964 4493 2143 4575 ponit
2172 4494 2525 4556 secundum
2555 4495 2723 4575 quod
2765 4494 2970 4575 ipsam
3011 4494 3329 4575 intelligit.
3365 4495 3458 4556 Id-

1962 4610 2039 4655 eo
2069 4593 2428 4654 intellectus
2469 4593 2559 4654 sic
2589 4610 2803 4673 agem,
2836 4610 2966 4655 non
3004 4600 3099 4655 est
3139 4612 3354 4655 cassus
3385 4602 3455 4655 et

1961 4711 2186 4765 vanus,
2221 4691 2521 4773 quoniam
2571 4690 2760 4753 habet
2807 4690 2930 4752 sibi
2982 4691 3049 4753 in
3089 4710 3156 4753 re
3211 4692 3452 4774 aliquid

1962 4791 2482 4871 correspondens.
2506 4826 2587 4835 —
2606 4790 2888 4871 Denique
2919 4790 3328 4852 relativorum
3359 4798 3456 4851 est

1964 4890 2195 4970 triplex
2224 4888 2560 4951 diversitas
2596 4906 2609 4949 :
2644 4888 2945 4970 quoniam
2977 4888 3268 4968 quaedam
3305 4897 3454 4949 sunt

1961 5005 2238 5069 quorum
2308 4996 2651 5068 utrumque
2715 4986 3014 5066 importat
3080 4984 3451 5049 relationem

1963 5086 2247 5159 rationiS,
2281 5104 2406 5147 non
2449 5085 2705 5159 realem,
2740 5092 2808 5145 ut
2837 5086 2990 5145 dum
3029 5102 3142 5145 ens
3182 5082 3453 5145 refertur

1961 5186 2038 5247 ad
2088 5204 2214 5247 non
2263 5202 2412 5262 ens;
2451 5183 2596 5257 alia,
2630 5201 2904 5264 quorum
2950 5189 3293 5265 utrumque
3337 5183 3452 5245 im-

1962 5290 2170 5366 portat
2225 5282 2460 5345 realem
2519 5281 2927 5360 relationem3
2977 5280 3123 5357 alia,
3175 5300 3449 5363 quorum
