4359 6250
1339 511 1574 559 Lissa-1
1617 510 2097 558 snm-nmmum.
2144 529 2226 538 —
2265 510 2417 556 msr.
2462 509 2611 556 xnn
3406 484 3527 552 573

421 685 777 767 justitiam,
828 688 1018 769 quasi
1069 687 1324 768 poterat
1369 687 1663 769 quidem,
1708 687 1824 750 sed
1873 704 2004 749 non
2055 685 2353 767 volebat3
2402 686 2468 749 et
2513 685 2628 748 illa
2673 684 2978 747 voluntas
3019 683 3203 765 justa
3252 683 3411 747 erat.
3454 682 3524 746 Si

424 819 578 864 vero
616 819 733 883 per
761 803 904 866 haec
931 803 1128 867 verba
1166 803 1493 884 intelligas
1521 820 1675 866 eum
1713 819 1844 865 non
1880 819 2074 883 posse
2106 801 2315 866 facere
2350 801 2481 864 nisi
2518 802 2684 865 illud
2713 801 2891 882 quod
2928 801 2985 864 si
3014 801 3218 880 fieret,
3246 799 3523 879 justitiae

429 917 573 997 eJus
611 919 1024 1001 conveniret3
1067 937 1296 982 verum
1333 919 1521 982 dicis.
1556 919 1874 983 Similiter
1898 918 2229 999 distingue
2263 917 2430 981 illud
2462 938 2477 978 :
2508 918 2659 982 Non
2688 920 2905 1000 potest
2943 918 3153 981 facere
3188 918 3369 998 quod
3404 934 3525 980 sua

420 1034 681 1114 justitia
724 1034 930 1116 exigit
967 1039 1040 1098 ut
1075 1053 1208 1098 non
1254 1035 1472 1114 faciat,
1506 1035 1574 1097 id
1615 1036 1736 1114 est,
1767 1052 1900 1097 non
1937 1036 2154 1116 potest
2192 1034 2404 1098 facere
2446 1035 2514 1097 id
2551 1035 2728 1115 quod
2766 1035 2931 1115 ipse,
2965 1033 3081 1115 qui
3124 1035 3223 1097 est
3262 1051 3525 1097 summa

420 1149 703 1230 Justitia,
743 1167 878 1214 non
917 1152 1059 1215 vult
1097 1153 1344 1232 facere3
1384 1151 1628 1214 falsum
1665 1153 1785 1215 est.
1829 1151 1898 1214 Si
1942 1152 2164 1214 autem
2202 1151 2308 1213 his
2344 1149 2561 1238 verbis
2599 1151 2927 1230 intelligas
2964 1167 3117 1214 eum
3156 1167 3287 1213 non
3328 1167 3522 1230 posse

427 1267 635 1331 facere
683 1267 752 1331 id
800 1269 978 1351 quod
1017 1270 1294 1350 justitiae
1345 1269 1488 1350 ejus
1534 1269 1882 1333 convenire
1927 1285 2059 1331 non
2105 1269 2346 1350 potest,
2387 1285 2617 1331 verum
2663 1267 2850 1330 dicis,

1460 1494 1544 1557 D.
1601 1495 1849 1558 Tertia
1900 1497 2209 1558 illorum
2250 1495 2481 1558 ratiO.

554 1696 828 1759 Addunt
865 1713 1126 1778 quoque
1165 1700 1230 1760 et
1267 1697 1417 1777 alia,
1450 1697 1741 1761 dicentes
1785 1717 1798 1757 ε
1839 1698 1989 1760 Non
2026 1699 2245 1778 potest
2280 1698 2460 1760 Deus
2498 1696 2708 1760 facere
2746 1697 2875 1760 nisi
2913 1699 3091 1778 quod
3127 1698 3338 1762 debet.
3372 1700 3522 1764 Non

425 1813 648 1874 autem
689 1811 883 1876 debet
919 1812 1128 1876 facere
1167 1814 1297 1876 nisi
1336 1813 1514 1894 quod
1552 1812 1708 1876 facit
1741 1834 1756 1874 ε
1791 1813 1849 1877 si
1892 1813 2068 1876 enim
2110 1811 2304 1876 debet
2340 1813 2469 1875 alia
2506 1813 2739 1893 facere,
2772 1831 2905 1876 non
2942 1831 3094 1894 ergo
3134 1814 3289 1878 facit
3326 1833 3521 1878 omne

421 1929 602 2009 quod
644 1930 857 1994 debet.
891 1930 962 1994 Si
1000 1949 1154 1994 vero
1200 1930 1356 1993 facit
1393 1948 1586 1994 omne
1624 1931 1803 2011 quod
1838 1929 2053 2008 debet,
2093 1947 2215 1992 nec
2251 1931 2467 2010 potest
2504 1930 2715 1993 facere
2752 1931 2881 1993 nisi
2919 1931 3097 2012 quod
3134 1931 3348 2011 debet,
3389 1949 3523 1995 non

420 2062 576 2126 ergo
605 2048 824 2127 potest
853 2046 1062 2111 facere
1099 2048 1228 2110 nisi
1258 2048 1436 2128 quod
1474 2048 1650 2110 facit.
1684 2047 1877 2126 Item,
1911 2048 2024 2109 aut
2052 2046 2247 2109 debet
2281 2046 2612 2109 dimittere
2649 2046 2827 2128 quod
2855 2046 3153 2125 dimittit,
3186 2065 3269 2110 ne
3300 2048 3517 2128 faciat,

420 2163 539 2224 aut
574 2180 709 2225 non
755 2163 969 2227 debet.
1002 2165 1072 2228 Si
1115 2183 1246 2227 non
1285 2164 1499 2245 debet,
1541 2183 1673 2229 non
1723 2165 1894 2228 recte
1931 2163 2244 2245 di1nittit;
2284 2164 2341 2226 si
2383 2180 2536 2227 vero
2575 2162 2769 2226 debet
2803 2163 3157 2243 dimittere,
3197 2180 3349 2244 ergo
3387 2182 3521 2228 non

417 2278 614 2342 debet
655 2277 984 2362 facere'ysi
1013 2283 1232 2344 autem
1271 2299 1402 2344 non
1439 2280 1653 2360 debet,
1685 2299 1806 2344 nec
1841 2282 2026 2346 decet
2063 2297 2181 2343 nec
2220 2280 2476 2360 oportet
2512 2296 2665 2343 eum
2705 2279 2954 2362 facere3
2986 2281 3136 2344 etsi
3174 2297 3307 2344 non
3336 2282 3522 2346 decet

417 2412 540 2458 nec
589 2397 847 2477 oportet
884 2414 1033 2460 eum
1077 2397 1308 2476 facere,
1341 2416 1495 2478 ergo
1541 2416 1673 2461 non
1722 2400 1938 2479 potest
1985 2397 2217 2461 facere.
2252 2397 2399 2459 Non
2445 2414 2597 2478 ergo
2645 2398 2861 2478 potest
2906 2397 3119 2462 facere
3160 2399 3290 2462 nisi
3341 2399 3520 2479 quod

389 2512 614 2593 ,facit3
655 2531 774 2575 nec
810 2514 1029 2595 potest
1069 2513 1232 2576 illud
1279 2515 1609 2578 dimittere
1647 2515 1824 2594 quod
1872 2514 2047 2594 facit,
2080 2515 2243 2594 quin
2280 2513 2475 2576 faciat
2508 2533 2521 2575 :
2556 2514 2711 2594 quia
2747 2513 2939 2578 debet
2976 2514 3142 2578 illud
3179 2515 3413 2594 facere,
3456 2516 3520 2578 et

415 2629 596 2708 quod
625 2629 816 2693 debet
855 2630 1088 2710 facere,
1114 2648 1246 2693 non
1284 2631 1501 2712 potest
1540 2630 1702 2693 illud
1739 2631 2092 2693 dimittere.
2123 2665 2214 2674 —
2241 2630 2392 2709 Sed,
2424 2631 2499 2692 ut
2536 2630 2702 2692 mihi
2740 2631 3021 2709 videtur,
3052 2632 3180 2694 hoc
3214 2630 3513 2712 verbum,

415 2742 635 2824 debet,
667 2763 994 2808 venenum
1032 2745 1227 2810 habet
1259 2766 1274 2807 ε
1309 2746 1744 2828 multiplicem
1783 2745 1961 2809 enim
1995 2746 2059 2808 et
2096 2745 2459 2808 involutam
2499 2746 2788 2809 continet
2824 2745 3347 2827 intelligentiam.
3380 2746 3517 2810 Nec

417 2859 558 2923 Deo
601 2861 864 2943 proprie
903 2862 1238 2943 competit,
1280 2863 1395 2943 qui
1433 2879 1566 2926 non
1604 2866 1703 2926 est
1739 2862 1996 2925 debitor
2029 2861 2246 2942 nobiS,
2288 2862 2417 2924 nisi
2464 2862 2629 2925 forte
2669 2879 2751 2926 ex
2799 2863 3160 2945 promisso;
3200 2845 3322 2926 nos
3359 2879 3513 2926 vero

418 2976 478 3038 ei
528 2977 858 3040 debitores
903 2996 1138 3042 sumus
1186 2996 1266 3041 ex
1318 2979 1697 3043 commiss0.
1749 2979 1838 3041 Ut
1886 2980 2107 3042 autem
2155 2995 2484 3041 venenum
2532 2980 2904 3058 evacuetur,
2955 2978 3285 3060 distingue
3335 2979 3516 3042 verbi

417 3111 709 3158 sensum.
757 3094 907 3159 Non
955 3096 1173 3177 potest
1213 3096 1394 3161 Deus
1440 3095 1652 3160 facere
1701 3095 1829 3159 nisi
1878 3095 2056 3177 quod
2103 3094 2317 3175 debet,
2360 3095 2428 3158 id
2476 3096 2597 3175 est,
2642 3095 2773 3159 nisi
2819 3094 2998 3176 quod
3047 3095 3231 3177 vult;
3273 3095 3516 3161 falsum

417 3212 558 3273 est:
592 3212 688 3275 sic
725 3212 902 3276 enim
938 3213 1156 3294 potest
1192 3214 1334 3293 ipse
1363 3212 1493 3275 dici
1531 3211 1765 3276 debere
1794 3212 2068 3293 aliquid,
2101 3211 2258 3292 quia
2294 3212 2438 3274 vult
2475 3211 2663 3275 illud.
2692 3211 2763 3276 Si
2800 3214 3021 3275 autem
3058 3212 3335 3291 dicatur,
3366 3213 3517 3277 Non

415 3329 634 3407 potest
669 3329 798 3391 nisi
836 3330 1013 3411 quod
1048 3329 1264 3409 debet,
1306 3329 1374 3392 id
1411 3330 1532 3409 est,
1561 3347 1693 3394 non
1730 3330 1947 3411 potest
1987 3328 2118 3392 nisi
2155 3328 2321 3391 illud
2358 3329 2536 3409 quod
2572 3329 2631 3391 si
2672 3328 2933 3409 faceret,
2968 3330 3029 3393 ei
3075 3329 3240 3393 bene
3278 3347 3517 3395 conve-

415 3444 624 3523 niret;
673 3462 902 3508 verum
948 3448 1068 3509 est.

548 3559 822 3622 Addunt
861 3578 1123 3644 quoque
1163 3562 1284 3643 illi,
1325 3564 1616 3627 dicentes
1649 3583 1663 3623 ε
1697 3562 1879 3626 Nihil
1926 3560 2082 3624 facit
2118 3562 2233 3624 aut
2269 3561 2544 3624 dimittit
2580 3560 2708 3624 nisi
2748 3561 2997 3642 optima
3037 3562 3104 3625 et
3139 3563 3511 3627 rationabili

415 3694 632 3757 causa,
661 3677 814 3741 licet
841 3678 1034 3741 nobis
1070 3680 1326 3742 occulta
1362 3680 1470 3759 sit,
1505 3680 1864 3765 secundum
1898 3696 2095 3760 quam
2136 3680 2392 3760 oportet
2422 3695 2574 3741 eum
2606 3678 2815 3741 facere
2852 3681 2967 3741 aut
2994 3678 3323 3742 dimittere
3362 3698 3509 3760 quae

414 3794 572 3857 facit
601 3794 706 3857 vel
735 3794 1033 3858 dimittit.
1065 3796 1261 3859 Ratio
1292 3796 1470 3858 enim
1508 3814 1708 3878 penes
1747 3813 1899 3858 eum
1938 3797 2036 3859 est
2065 3795 2339 3875 qua-illa
2377 3794 2533 3858 facit
2559 3795 2625 3857 et
2655 3794 2769 3858 illa
2805 3794 3083 3857 dimittit
3115 3814 3130 3855 t
3164 3812 3311 3876 quae
3342 3796 3508 3859 ratio

413 3912 658 3974 aeterna
695 3913 796 3975 est
831 3913 897 3975 et
933 3930 1193 3993 semper
1220 3930 1517 3992 manem,
1549 3913 1786 3993 praeter
1822 3928 2023 3992 quam
2058 3929 2193 3974 non
2229 3911 2446 3991 potest
2481 3910 2733 3991 aliquid
2761 3911 2972 3974 facere
3009 3911 3114 3974 vel
3150 3912 3504 3977 dimittere.

411 4026 536 4089 Illa
572 4044 726 4109 ergo
765 4030 1095 4110 manente,
1127 4048 1259 4092 non
1294 4031 1510 4111 potest
1546 4027 1725 4109 quod
1764 4028 1920 4091 facit
1955 4028 2309 4107 dimittere,
2342 4044 2462 4090 nec
2497 4027 2675 4107 quod
2712 4027 2989 4090 dimittit
3025 4028 3236 4092 facere
3266 4050 3280 4089 :
3314 4030 3380 4093 et
3417 4030 3508 4093 ita

409 4160 545 4205 non
580 4146 799 4225 potest
846 4145 1056 4209 facere
1103 4145 1230 4209 nisi
1278 4146 1456 4227 quod
1504 4144 1680 4208 facit.
1723 4179 1810 4189 —
1847 4144 1932 4205 Et
1967 4144 2050 4207 ad
2087 4144 2213 4206 hoc
2260 4142 2755 4223 respondemus,
2789 4142 3289 4224 ambiguitatem
3325 4144 3508 4209 locu-

411 4260 613 4323 tionis
648 4260 1180 4325 determinantes.
1223 4262 1442 4336 Quum
1483 4262 1659 4325 enim
1703 4262 1965 4340 dicitur,
2005 4260 2201 4323 Ratio
2244 4258 2349 4321 vel
2387 4275 2583 4321 causa
2624 4260 2874 4339 optima
2913 4278 3115 4341 penes
3155 4262 3368 4325 Deum
3410 4265 3509 4326 est

413 4394 542 4456 qua
587 4376 744 4439 facit
782 4380 1017 4441 cuncta
1058 4396 1238 4459 quae-
1253 4378 1431 4457 facit,
1479 4380 1542 4441 et
1589 4378 1865 4440 dimittit
1901 4393 1976 4440 ea
2015 4394 2163 4457 quae
2211 4375 2527 4457 dimittit3
2569 4392 2799 4439 verum
2844 4376 3115 4457 quidem
3152 4379 3253 4441 est
3294 4400 3308 4440 :
3351 4379 3509 4459 quia

410 4492 480 4554 in
519 4510 595 4555 eo
633 4493 942 4556 voluntas
980 4496 1079 4557 est
1116 4494 1496 4575 aequissima
1539 4495 1602 4557 et
1639 4492 2028 4571 rectissima,
2071 4509 2203 4573 qua
2249 4491 2405 4553 facit
2452 4492 2516 4553 et
2556 4491 2832 4554 dimittit
2875 4509 3024 4572 quae
3062 4493 3241 4574 vult3
3282 4497 3508 4557 contra

410 4626 608 4690 quam
661 4610 873 4673 facere
922 4628 1056 4674 non
1112 4611 1350 4692 potest,
1394 4628 1514 4674 nec
1565 4612 1800 4691 praeter
1855 4627 2000 4673 eam
2058 4608 2269 4673 facere
2325 4609 2561 4689 potest.
2604 4608 2739 4671 Nec
2794 4609 3023 4690 utique
3080 4612 3304 4674 contra
3359 4628 3507 4676 eam

409 4726 648 4791 faceret
696 4744 815 4790 nec
860 4730 1099 4809 praeter
1143 4745 1313 4807 eam,
1353 4728 1410 4789 si
1459 4744 1534 4790 ea
1580 4744 1728 4808 quae
1779 4726 1932 4789 facit
1978 4726 2361 4805 dimitteret,
2403 4724 2508 4787 vel
2553 4741 2699 4804 quae
2745 4724 3022 4787 dimittit
3073 4726 3348 4809 faceret3
3387 4727 3503 4790 sed

408 4844 634 4907 eadem
693 4846 998 4908 manente
1046 4846 1296 4908 ratione
1345 4845 1409 4907 et
1454 4861 1672 4923 causa,
1716 4843 1844 4906 alia
1895 4844 2113 4925 potuit
2168 4842 2379 4906 facere
2427 4841 2491 4903 et
2538 4841 2663 4903 ista
2712 4842 3063 4906 dimittere.
3115 4842 3298 4908 Licet
3348 4862 3501 4925 ergo

405 4962 571 5023 ratio
610 4961 701 5024 sit
735 4977 938 5041 penes
972 4978 1123 5024 eum
1161 4978 1292 5041 qua
1334 4960 1464 5023 alia
1501 4960 1656 5022 facit
1693 4960 1758 5022 et
1793 4959 1922 5021 alia
1958 4959 2257 5037 dimittit,
2298 4958 2514 5039 potest
2550 4959 2771 5019 tamen
2807 4958 3169 5022 secundum
3206 4960 3504 5025 eamdem

407 5077 730 5140 rationem
778 5078 844 5139 et
888 5076 1218 5141 dimittere
1265 5094 1412 5158 quae
1463 5076 1642 5155 facit,
1685 5076 1750 5139 et
1795 5075 2006 5138 facere
2054 5091 2203 5156 quae
2250 5073 2546 5137 dimittit.

539 5192 678 5274 Ipsi
717 5191 916 5256 etiam
964 5192 1213 5256 addunt
1245 5213 1260 5255 :
1292 5193 1488 5256 Ratio
1530 5193 1630 5256 est
1676 5209 1830 5256 eum
1879 5191 2089 5255 facere
2132 5208 2281 5272 quae
2329 5189 2505 5269 facit,
2548 5189 2613 5253 et
2658 5206 2791 5251 non
2828 5189 2979 5270 alia,
3013 5191 3078 5254 et
3112 5208 3246 5254 non
3292 5194 3510 5274 potest

415 5309 626 5374 facere
671 5309 803 5373 nisi
853 5309 1032 5391 quod
1081 5310 1246 5373 ratio
1293 5310 1393 5373 est
1439 5325 1591 5373 eum
1640 5306 1850 5372 facere
1901 5328 1915 5369 :
1963 5309 2029 5372 et
2073 5308 2165 5369 ita
2209 5322 2344 5368 non
2389 5306 2605 5387 potest
2656 5304 2865 5370 facere
2914 5307 3047 5371 nisi
3096 5309 3275 5390 quod
3326 5309 3503 5377 facit.
