4359 6250
126 2453 205 2490 ten.
224 2449 321 2501 xlx,

110 2523 135 2558 ιι
148 2511 279 2554 timet
290 2527 319 2555 s.

894 498 1091 543 m'nmt
1136 497 1257 542 UNA
1303 495 1575 542 PRRSONA
1621 495 1834 540 mleA
1878 495 1971 538 Sl'r
2014 492 2362 541 PRINCIPIUM
2381 475 2716 550 kalamus,
2763 495 2890 540 ETC.

3325 478 3446 540 285

344 685 553 740 causa,
616 685 760 748 quae
824 666 1119 747 importat
1175 664 1629 736 diversitatem,
1684 679 1837 744 quo·
1869 661 1920 723 A
1951 663 2119 743 quod
2152 679 2278 724 non
2321 662 2510 724 habet
2550 662 2952 726 influentiam
2985 664 3062 725 ad
3103 682 3242 726 esse
3274 665 3444 745 prin-

344 764 513 826 niam
560 783 753 826 causa
790 763 1192 831 describitur,
1225 763 1303 824 ad
1345 761 1529 843 cujus
1568 780 1707 822 esse
1746 779 1838 822 se-

342 863 561 943 quitur
610 863 833 942 aliud;
885 881 1003 924 nec
1058 861 1209 922 linis
1264 868 1556 942 respectu
1605 859 1837 922 divinae

346 979 653 1042 personae,
678 961 831 1042 quia
859 960 1011 1022 finis
1041 967 1136 1021 θεῖ
1167 939 1581 1040 principalior
1610 958 1837 1020 mediis

340 1059 647 1122 ordinatis
694 1059 763 1121 in
823 1058 1055 1141 ipsum.
1108 1057 1353 1120 Nomen
1402 1075 1553 1119 vero
1612 1057 1840 1138 produ-

340 1159 539 1221 centis
600 1167 664 1219 et
716 1157 1010 1238 producti
1060 1157 1357 1219 convenit
1406 1155 1473 1216 in
1530 1155 1765 1216 divinis
1820 1171 1834 1216 :

340 1257 487 1338 quia
536 1256 845 1338 possibile
888 1263 985 1318 est
1034 1255 1416 1337 productum
1460 1252 1835 1336 producenti

342 1355 599 1436 aequari.
634 1389 715 1398 —
743 1355 949 1427 Quum
993 1371 1141 1434 ergo
1185 1352 1511 1434 objicitur,
1546 1351 1715 1434 quod
1759 1350 1835 1413 ad

342 1453 735 1534 principium
778 1451 1069 1533 sequitur
1116 1452 1316 1534 priuS‚
1350 1459 1411 1513 et
1456 1450 1633 1531 prius
1682 1450 1837 1512 dici-

344 1559 441 1612 tur
488 1569 607 1633 per
656 1551 1027 1613 relationem
1077 1551 1155 1612 ad
1205 1549 1557 1631 posterius3
1590 1550 1667 1610 ad
1716 1549 1835 1610 hoc

273 1691 286 1704 .
343 1667 719 1731 responsum
751 1656 847 1710 est
876 1667 1068 1731 supra
1101 1665 1115 1709 ε
1149 1654 1213 1709 θῖ
1241 1647 1365 1709 dici
1408 1654 1634 1728 potest,
1667 1647 1835 1729 quod

342 1748 505 1809 sicut
529 1747 718 1827 juxta
744 1747 1076 1820 Hilarium,
1110 1747 1289 1808 Pater
1318 1753 1413 1808 est
1449 1746 1673 1826 major,
1707 1763 1833 1807 non

1948 759 2189 841 cipiati,
2223 761 2388 821 sicut
2429 761 2737 823 terminus
2768 781 2804 822 a
2834 779 2961 842 quo
2999 761 3234 824 dicitnr
3272 763 3444 844 prin-

1949 859 2192 940 cipium
2255 866 2484 934 motus,
2537 867 2601 920 et
2658 879 2842 922 mane
2895 860 3286 942 principium
3345 869 3442 923 est

1947 957 2094 1018 diei.
2129 957 2374 1020 Nomen
2405 976 2555 1020 vero
2596 957 2871 1020 auctoris
2910 958 3084 1020 addit
3124 978 3316 1041 super
3347 979 3442 1021 ra-

1951 1056 2189 1117 tionem
2243 1055 2546 1138 principii
2598 1056 2718 1118 hoc
2766 1057 2935 1137 quod
2984 1065 3081 1119 est
3128 1074 3253 1119 non
3304 1077 3443 1120 esse

1946 1153 2026 1216 ab
2074 1154 2218 1216 alio.
2273 1154 2420 1216 Ideo
2467 1154 2638 1216 solus
2688 1155 2867 1217 Pater
2915 1154 3151 1216 dicitur
3197 1163 3438 1230 auctor,

1946 1253 2240 1334 quamvis
2279 1260 2341 1314 et
2380 1252 2574 1314 Filius
2606 1261 2868 1314 vocetur
2907 1253 3296 1336 principium
3335 1273 3442 1317 no-

1948 1350 2288 1412 tionaliter.
2337 1351 2479 1412 Haec
2524 1350 2589 1412 in
2633 1351 2900 1432 Scripto.

2027 1449 2093 1508 ln
2141 1449 2326 1529 cujus
2365 1448 2577 1510 verbis
2619 1448 2978 1530 impugnari
3021 1457 3230 1531 posset
3270 1451 3438 1532 quod

1944 1546 2031 1608 ait
2076 1563 2332 1607 omnem
2384 1565 2638 1608 causam
2689 1565 2828 1608 esse
2876 1554 3052 1608 extra
3097 1548 3439 1611 essentiam

1945 1645 2034 1707 rei
2096 1644 2196 1706 vel
2261 1663 2398 1707 esse
2459 1652 2706 1726 partem
2770 1646 3076 1708 essentiae.
3141 1647 3438 1720 Quamvis

1945 1743 2117 1804 enim
2183 1743 2245 1804 in
2303 1741 2494 1804 rebus
2560 1743 2994 1806 materialibus
3059 1744 3323 1806 materia
3377 1753 3441 1806 et

344 1854 549 1908 tamen
583 1853 680 1908 est
710 1846 906 1907 Filius
939 1845 1181 1923 minor3
1214 1845 1307 1906 sic
1336 1845 1628 1925 quamvis
1656 1844 1834 1906 Pater
1871 1845 1918 1908 B
1948 1839 2151 1903 forma
2180 1841 2309 1902 sint
2339 1850 2548 1922 partes
2579 1843 2889 1915 essentiae,
2925 1844 3274 1905 secundum
3307 1843 3441 1924 opi-

342 1944 589 2006 dicatur
621 1944 815 2025 prior,
849 1961 975 2006 non
1018 1951 1229 2005 tamen
1271 1943 1467 2005 Filius
1500 1942 1828 2024 posterior.

340 2043 479 2104 Haec
520 2043 980 2104 Bonaventura.

418 2142 595 2203 Istud
640 2149 854 2203 autem
905 2159 1099 2222 supra
1152 2140 1383 2202 clarius
1432 2147 1527 2201 est
1580 2156 1832 2220 expres-

343 2259 503 2300 sum.
552 2239 634 2300 Et
680 2238 975 2320 quamvis
1022 2239 1466 2300 Bonaventura
1513 2237 1617 2298 hic
1668 2237 1835 2298 dicat

344 2337 509 2418 quod
540 2337 999 2419 principiatum
1031 2336 1268 2398 dicitur
1296 2336 1361 2398 in
1392 2335 1649 2410 diviniS‚
1676 2335 1833 2397 Tho-

348 2455 471 2498 mas
502 2443 721 2498 tamen
748 2444 805 2496 et
836 2436 945 2497 alii
975 2436 1231 2517 quidam
1260 2435 1359 2514 (ut
1389 2435 1593 2516 patuit
1622 2434 1837 2516 supra)

345 2534 565 2596 dicunt
616 2535 789 2615 quod
847 2533 1301 2616 principiatum
1354 2551 1482 2596 non
1540 2532 1837 2595 convenit

342 2633 571 2696 divinae
624 2650 911 2714 personae
958 2632 1041 2694 ob
1091 2651 1345 2693 causam
1396 2631 1829 2713 praehabitam.

341 2731 509 2793 Istud
562 2739 777 2792 tamen
820 2731 885 2792 in
929 2731 1083 2812 quid
1126 2729 1405 2792 nominis
1450 2747 1564 2811 pro
1610 2747 1836 2810 magna

342 2837 517 2910 parte
558 2837 727 2891 stare
770 2829 1040 2890 videtur.

416 2927 707 3009 Denique
738 2926 1007 2988 Thomas
1034 2944 1047 2988 :
1072 2927 1165 2989 Ad
1196 2925 1713 3008 significandum,
1747 2926 1835 2988 in·

1946 1939 2202 2001 nionem
2257 1939 2640 2020 multorum3
2688 1949 2898 2002 tamen
2949 1941 3014 2002 in
3065 1940 3438 2004 substantiis

1944 2039 2250 2119 separatis
2291 2037 2496 2100 forma
2533 2047 2629 2100 est
2669 2046 2799 2102 tota
2838 2043 3133 2114 essentia,
3168 2041 3333 2103 sicut
3375 2049 3439 2104 et

1944 2137 2216 2218 ipsemet
2257 2137 2526 2199 Thomas
2575 2137 2640 2199 in
2684 2144 2952 2200 tractatu
2999 2157 3116 2202 suo
3161 2140 3238 2201 de
3285 2140 3435 2202 Esse

1943 2242 2006 2296 et
2046 2236 2324 2298 essentia
2364 2235 2648 2317 alibique
2693 2235 2942 2298 fatetur.

2022 2335 2289 2416 Insuper
2339 2334 2404 2395 in
2447 2335 2656 2416 prima
2706 2343 2884 2416 parte
2927 2337 3225 2410 Summae,
3267 2356 3436 2418 quae-

1943 2432 2147 2494 stione
2194 2432 2518 2494 tricesima
2571 2433 2756 2495 tertia
2807 2451 2820 2495 :
2873 2434 3286 2517 Principium,
3339 2436 3433 2497 in-

1942 2530 2103 2611 quit,
2139 2530 2301 2592 nihil
2341 2530 2514 2592 aliud
2553 2530 2876 2611 significat
2913 2551 3106 2614 quam
3147 2533 3210 2595 id
3241 2552 3278 2594 a
3306 2551 3434 2615 quo

1942 2629 2185 2711 aliquid
2218 2631 2521 2712 procedit.
2547 2630 2880 2712 Quumque
2913 2631 3107 2693 Filius
3137 2633 3436 2714 procedat

1942 2748 1979 2790 a
2020 2729 2220 2801 Patre,
2255 2735 2499 2791 constat
2542 2730 2711 2810 quod
2751 2729 2929 2792 Pater
2966 2731 3047 2791 sit
3086 2730 3226 2811 ejus
3267 2731 3436 2812 prin·

1944 2827 2207 2908 cipium.
2245 2825 2441 2890 Graeci
2474 2834 2686 2888 autem
2716 2828 2908 2889 etiam
2940 2828 3161 2890 dicunt
3190 2829 3434 2891 Patrem

1943 2945 2082 2988 esse
2113 2943 2370 2986 causam
2401 2925 2562 2986 Filii.
2599 2926 2719 2988 Sed
2751 2925 2954 2988 Latini
2995 2929 3252 2990 nomine
3293 2946 3438 2990 cau-

337 3026 495 3106 quit,
530 3025 896 3088 divinarum
927 3024 1239 3107 originem
1270 3043 1707 3106 personarum,
1743 3025 1834 3086 uti
1871 3025 1914 3086 C
1946 3043 2029 3087 sae
2060 3042 2186 3086 non
2230 3030 2497 3085 utuntur
2527 3024 2593 3086 in
2631 3024 2889 3100 diviniS,
2925 3034 3181 3107 propter
3219 3045 3440 3088 causas

336 3132 588 3206 oportet
648 3124 1017 3187 nominibus
1078 3124 1589 3205 competentibus
1650 3125 1835 3187 modo

337 3222 511 3285 illius
553 3222 822 3303 originis
856 3240 871 3283 ε
907 3223 972 3284 in
1015 3240 1141 3304 qua
1190 3222 1377 3304 plane
1420 3222 1663 3303 origine
1712 3230 1837 3285 tota

336 3322 613 3383 essentia
671 3320 863 3383 unius
918 3338 1203 3402 personae
1262 3320 1326 3382 in
1387 3320 1510 3381 alia
1569 3338 1837 3402 persona

336 3419 707 3502 suscipitur.
742 3419 901 3481 Hinc
940 3419 1019 3481 ad
1049 3419 1510 3498 designandum
1546 3418 1835 3481 ordinem

338 3517 509 3579 illius
560 3518 831 3598 originis
885 3536 1013 3579 non
1062 3517 1354 3598 congruit
1408 3535 1639 3579 nomen
1692 3518 1832 3591 hoc,

338 3635 545 3679 causa.
600 3617 835 3691 Primo,
886 3617 1189 3697 quoniam
1238 3615 1447 3678 omnis
1499 3634 1688 3678 causa
1734 3615 1837 3677 vel

336 3722 429 3775 est
472 3722 656 3776 extra
692 3714 1058 3786 essentiam,
1094 3720 1163 3774 ut
1204 3732 1393 3775 causa
1434 3712 1729 3775 efficiens
1772 3721 1836 3775 et

338 3813 575 3885 finaliS,
608 3813 713 3875 vel
758 3820 852 3875 est
894 3831 1039 3893 pars
1082 3812 1396 3885 essentiae,
1432 3812 1599 3873 sicut
1642 3818 1835 3873 mate-

338 3912 429 3973 ria
486 3920 555 3973 et
612 3911 837 3973 forma.
900 3910 1212 3983 Secunde,
1265 3910 1567 3991 quoniam
1626 3908 1834 3972 omnis

340 4028 528 4071 causa
558 4008 754 4071 habet
791 4008 1083 4070 ordinem
1125 4008 1425 4089 principii
1457 4008 1534 4070 ad
1567 4026 1705 4069 esse
1737 4006 1834 4069 sui

336 4108 599 4181 causati,
634 4106 805 4188 quod
855 4125 969 4187 per
1017 4105 1221 4188 ipsam
1274 4105 1698 4167 constituitur.
1733 4105 1839 4167 Pa-

1942 3124 2073 3205 jam
2124 3132 2339 3187 tactas,
2388 3123 2782 3205 Principium
2832 3142 3108 3206 namque
3157 3143 3441 3189 commu-

1947 3222 2091 3283 nius
2122 3230 2218 3283 est
2248 3239 2440 3304 quam
2480 3240 2690 3295 causa,
2725 3221 2892 3283 sicut
2930 3230 2992 3285 et
3025 3242 3216 3285 causa
3246 3243 3438 3305 quam

1944 3319 2353 3381 elementum.
2390 3319 2696 3382 Similiter
2728 3319 2924 3383 Graeci
2959 3322 3316 3399 concedunt
3348 3323 3444 3383 Fi-

1947 3418 2104 3480 lium
2154 3438 2227 3479 ac
2279 3418 2586 3499 Spiritum
2640 3418 2938 3480 Sanctum
2995 3420 3369 3502 principiari
3424 3438 3438 3481 z

1944 3517 2114 3599 quod
2146 3534 2272 3578 non
2305 3524 2400 3578 est
2431 3516 2497 3577 in
2528 3536 2647 3577 usu
2687 3516 3018 3579 doctorum
3050 3526 3437 3581 nostrorum.

1945 3614 2244 3687 Quamvis
2289 3614 2461 3675 enim
2511 3613 2931 3675 attribuamus
2979 3614 3143 3677 Patri
3193 3615 3436 3697 aliquid

1945 3712 2339 3774 auctoritatis
2390 3719 2683 3793 respectu
2734 3711 2876 3773 Filii
2922 3712 3163 3775 ratione
3209 3714 3445 3795 princi-

1946 3806 2075 3892 pii,
2101 3810 2196 3873 nil
2235 3819 2447 3871 tamen
2485 3810 2562 3871 ad
2605 3809 3070 3890 subjectionem
3117 3811 3440 3874 minorati-

1945 3926 2215 3972 onemve
2273 3908 2596 3989 pertinens
2654 3907 3062 3969 attribuimus
3122 3909 3280 3971 Filio
3331 3918 3442 3971 aut

1946 4007 2212 4088 Spiritui
2263 4006 2511 4079 Sancto,
2546 4013 2616 4067 ut
2660 4005 2896 4067 vitetur
2937 4006 3144 4068 omnis
3187 4007 3438 4070 errandi

1946 4106 2213 4168 occasio,
2263 4104 2561 4177 Quamvis
2611 4104 2802 4166 etiam
2853 4121 3085 4167 nomen
3135 4106 3438 4187 principii

337 4212 429 4267 ter
486 4212 705 4267 autem
764 4222 892 4267 non
952 4203 1142 4265 habet
1203 4204 1484 4285 aliquem
1545 4203 1835 4265 ordinem
1866 4211 1915 4272 D
1946 4211 2257 4285 quantum
2289 4204 2366 4264 ad
2398 4202 2462 4263 id
2493 4222 2529 4263 a
2557 4219 2684 4283 quo
2722 4220 2954 4264 nomen
2986 4202 3196 4284 ipsum
3235 4204 3438 4285 impo-

338 4302 641 4385 principii
673 4304 753 4364 ad
790 4320 931 4364 esse
969 4302 1111 4363 Filii
1142 4302 1264 4376 sui,
1298 4302 1835 4383 quemadmodum

340 4420 453 4463 nec
512 4402 593 4463 ad
653 4400 987 4483 proprium
1046 4418 1207 4472 esse,
1259 4418 1459 4481 quum
1515 4419 1713 4462 unum
1775 4408 1836 4461 et

340 4500 505 4563 idem
560 4500 644 4563 sit
686 4518 827 4561 esse
871 4498 1227 4572 amborum,
1260 4498 1428 4560 sicut
1470 4506 1533 4560 et
1576 4518 1701 4560 una
1745 4517 1839 4561 es-

339 4600 561 4661 sentia.
597 4599 743 4661 Ideo
781 4598 963 4659 Pater
1000 4616 1127 4660 non
1167 4606 1263 4659 est
1302 4615 1491 4659 causa
1530 4596 1671 4659 Filii
1711 4598 1833 4671 sui,

338 4698 443 4759 sed
505 4696 903 4779 principium
958 4712 971 4757 :
1025 4696 1175 4776 quia
1233 4695 1623 4776 principium
1682 4695 1836 4757 dicit

338 4797 627 4858 ordinem
677 4794 945 4875 originis
1001 4793 1311 4867 absolute,
1365 4811 1489 4856 non
1545 4794 1839 4856 determi-

338 4896 549 4957 nando
578 4894 861 4976 aliquem
895 4894 1148 4955 modum
1180 4893 1289 4974 qui
1322 4891 1403 4954 ab
1430 4892 1673 4973 origine
1704 4911 1839 4974 per-

338 5010 639 5055 sonarum
700 4992 787 5054 sit
846 4992 1113 5054 alienus
1178 4991 1503 5053 Invenitur
1561 5010 1835 5072 namque

336 5092 731 5172 principium
776 5090 1097 5171 quoddam
1140 5089 1309 5171 quod
1353 5106 1479 5151 non
1523 5096 1617 5151 est
1661 5097 1838 5151 extra

337 5189 680 5251 essent-iam
731 5188 1124 5270 principiati,
1170 5196 1242 5266 ut
1290 5194 1587 5268 punctuS,
1630 5206 1667 5248 a
1708 5205 1836 5269 quo

338 5288 483 5350 fluit
543 5288 749 5367 linea3
800 5296 867 5349 et
924 5294 1019 5347 θεῖ
1066 5286 1383 5367 quoddam
1442 5285 1835 5366 principium

1948 4302 2119 4364 nitur
2148 4301 2227 4363 ad
2269 4300 2785 4381 significandum,
2820 4300 3108 4362 videatur
3146 4321 3183 4364 a
3215 4302 3442 4384 priori-

1947 4408 2071 4462 tate
2104 4406 2456 4481 sumptum,
2490 4398 2641 4479 quia
2681 4398 2747 4459 in
2789 4400 3093 4461 creaturis
3130 4401 3439 4483 principi-

1948 4519 2057 4562 um
2088 4499 2302 4580 aliquo
2331 4497 2513 4559 modo
2540 4496 2718 4578 prius
2748 4505 2845 4559 est
2875 4497 3287 4580 principiat03
3312 4520 3437 4564 non

1946 4606 2161 4659 tamen
2220 4596 2613 4677 prioritatem
2679 4594 3021 4676 significat,
3083 4598 3191 4660 sed
3249 4600 3441 4681 origi-

1946 4714 2113 4757 nem.
2148 4695 2292 4757 Haec
2333 4694 2398 4755 in
2440 4694 2718 4757 Summa.
2752 4729 2833 4738 —
2861 4694 2951 4756 Ex
2992 4695 3226 4776 quibus
3268 4707 3443 4780 patet

1946 4793 2178 4857 solutio
2222 4793 2299 4854 ad
2343 4792 2611 4872 objecta.

2024 4892 2307 4972 AEgidius
2347 4899 2558 4952 autem
2600 4890 2892 4972 quamvis
2925 4890 2990 4952 in
3030 4892 3436 4957 conclusione

1945 4991 2173 5052 horum
2207 4989 2545 5051 concordet
2575 5007 2721 5050 cum
2753 4988 3009 5063 Thoma,
3035 4991 3437 5055 concedendo

1945 5089 2114 5171 quod
2171 5088 2353 5150 Pater
2401 5087 2482 5147 sit
2539 5086 2928 5167 principium
2990 5088 3129 5149 Filii
3185 5097 3249 5150 et
3307 5108 3436 5153 non

1945 5206 2155 5261 causa,
2211 5185 2697 5248 declarationem
2757 5192 2968 5247 tamen
3028 5186 3282 5251 Thomae
3340 5208 3434 5251 re·

1947 5285 2214 5367 darguit.
2267 5284 2424 5358 Quia
2472 5290 2542 5344 ut
2587 5282 2674 5344 ait
2731 5282 2866 5365 ipse
2913 5283 3216 5366 AEgidius,
3269 5286 3436 5350 sieut

3521 2451 3602 2490 art.
3663 2479 3676 2490 .
