4359 6250
553 4624 614 4668 De
633 4623 775 4668 Divin.

507 4699 622 4730 nom.
639 4699 733 4742 cap.
746 4700 774 4730 ι.

527 4807 774 4887 *emmi-

456 4921 568 4980 ρῑον

801 476 920 544 136
1455 495 1518 542 m
1557 496 1781 543 unium
1822 497 1842 541 1
1885 494 2367 542 sumum-unum.
2412 512 2493 523 -
2532 495 2686 540 n1sr.
2731 494 2903 557 xx113
2946 495 3169 551 QuAEsr.
3215 495 3236 540 1

799 668 1032 731 nabilis
1095 686 1220 730 uno
1280 668 1487 740 mod0,
1538 666 1835 730 videlicet
1894 665 2288 747 imperfecte,
2321 664 2371 726 A
2403 665 2664 727 modum
2704 665 3051 728 accidentis
3092 664 3414 747 significat
3452 666 3622 747 quod
3659 665 3725 727 in
3764 666 3906 728 Deo

799 767 918 831 hoc
968 774 1063 829 est
1112 766 1177 828 in
1239 765 1545 828 creaturis
1604 773 1668 827 et
1715 784 1792 827 ex
1843 764 2170 839 creaturis,
2226 764 2291 825 in

798 865 1033 947 quibus
1081 873 1144 927 et
1191 884 1266 927 ex
1318 863 1552 946 quibus
1601 882 1676 926 eo
1728 864 1914 926 modo
1972 862 2293 943 cognosci-

797 983 941 1025 mus
981 964 1148 1025 sicut
1187 964 1254 1025 in
1295 963 1591 1045 speculo;
1628 960 2104 1024 innominabilis
2139 978 2291 1023 vero

797 1063 981 1124 nobis
1013 1062 1076 1123 in
1119 1080 1186 1123 se
1220 1070 1284 1123 et
1322 1080 1400 1122 ex
1440 1080 1506 1122 se
1543 1078 1557 1122 :
1592 1061 1893 1141 quoniam
1934 1078 2082 1121 eum
2125 1058 2190 1121 in
2224 1078 2289 1121 se

798 1160 939 1242 ipso
997 1178 1168 1221 nunc
1223 1159 1456 1220 intueri
1517 1177 1644 1221 non
1702 1175 2042 1239 possumus
2099 1157 2289 1219 sicuti

796 1267 912 1337 est,
947 1276 1097 1339 ergo
1137 1277 1256 1319 nec
1301 1257 1509 1319 taliter
1548 1257 1894 1319 nominare.
1931 1256 2074 1319 Haec
2112 1255 2293 1317 Anti-

795 1356 1199 1421 siodorensis.

876 1456 1182 1518 Praeterea
1211 1454 1413 1516 multa
1441 1454 1518 1516 ad
1559 1452 1888 1515 materiam
1931 1453 2116 1514 istam
2149 1470 2289 1534 spe-

797 1554 1033 1617 ctantia
1065 1553 1296 1616 scribit
1325 1552 1619 1615 Albertus
1651 1572 1844 1634 supra
1881 1551 2289 1615 distinctione

795 1653 1096 1726 secunda,
1158 1652 1235 1713 ad
1299 1652 1713 1733 quaestionem
1781 1651 1966 1711 istam
2031 1666 2289 1730 respon-

795 1752 974 1825 dem,
1008 1758 1072 1813 et
1123 1750 1287 1812 inter
1335 1757 1544 1812 cetera
1593 1749 1856 1831 loquens
1892 1748 2146 1821 :Quum
2198 1745 2285 1808 nil

2402 762 2903 826 substantialiter
2932 771 3049 837 est,
3084 771 3147 826 et
3176 770 3271 825 est
3300 764 3441 845 ejus
3472 763 3761 826 essentia.
3797 765 3905 826 ld-

2400 879 2476 924 eo
2519 880 2618 923 res
2660 862 2877 923 divina
2917 881 3109 943 quam
3149 862 3437 925 nominat
3481 869 3545 923 et
3583 862 3899 942 designat,

2400 968 2685 1022 remanet
2724 960 2907 1023 nobis
2948 961 3198 1023 occulta
3231 977 3245 1022 :
3281 979 3427 1021 nam
3469 960 3707 1022 scimus
3750 979 3899 1021 eam

2400 1079 2593 1141 super
2639 1077 2828 1122 omne
2888 1078 3121 1122 nomen
3182 1060 3549 1132 consistere,
3602 1067 3666 1121 et
3721 1060 3901 1140 quod

2400 1157 2714 1220 deficiunt
2756 1158 2986 1238 linguae
3024 1158 3105 1220 ab
3144 1158 3285 1240 ejus
3320 1158 3696 1221 narratione.
3729 1157 3899 1219 Hinc

2400 1258 2458 1319 S.
2482 1256 2817 1339 Dionysius
2848 1249 3109 1338 exponit
3138 1257 3309 1339 quod
3338 1256 3501 1318 dixit
3532 1258 3725 1319 Deum
3750 1275 3899 1318 esse
3976 1280 4062 1323 De
4100 1280 4257 1324 nain.

2398 1355 2597 1418 vitam
2641 1361 2703 1417 et
2752 1372 2881 1417 non
2924 1355 3143 1429 vitam,
3178 1355 3242 1418 id
3290 1363 3388 1417 est
3436 1373 3629 1437 super
3668 1354 3895 1417 vitam.
3934 1356 4257 1449 &fvt-⁶⁸⁹¹·

2400 1453 2509 1515 Est
2554 1472 2827 1535 namque
2871 1453 3002 1515 vita
3045 1472 3161 1535 per
3198 1454 3378 1535 prius
3421 1453 3485 1514 in
3528 1453 3656 1515 Deo
3698 1472 3899 1535 quam
3978 1438 3993 1457 ’
4078 1438 4093 1451 ’

2400 1552 2465 1613 in
2512 1552 2702 1614 rebus
2747 1552 3010 1630 creatis3
3044 1559 3106 1614 et
3148 1552 3283 1633 ipse
3323 1559 3420 1614 est
3464 1569 3590 1614 non
3630 1552 3759 1613 vit-a
3794 1570 3901 1614 se-

2401 1650 2683 1712 cundum
2730 1650 2794 1712 id
2834 1652 3003 1732 quod
3045 1668 3277 1713 nomen
3318 1659 3500 1713 sonat
3538 1657 3601 1711 et
3640 1667 3753 1712 nos
3790 1670 3902 1711 ca-

2403 1768 2551 1831 pere
2592 1767 2931 1831 possumus
2966 1767 2980 1811 :
3017 1750 3145 1812 imo
3190 1750 3282 1811 sic
3326 1756 3421 1811 est
3466 1748 3787 1831 supervita
3830 1756 3904 1810 et

795 1850 1062 1931 dignum
1103 1848 1230 1911 dici
1272 1848 1473 1929 possit
1511 1850 1588 1910 de
1629 1848 1778 1922 Deo,
1811 1854 2025 1909 tamen
2064 1853 2136 1907 ut
2163 1844 2288 1906 Au·
2326 1850 2373 1911 B
2403 1868 2595 1931 super
2623 1849 2842 1922 vitam,
2877 1850 3179 1931 quoniam
3222 1849 3359 1931 ipse
3398 1857 3496 1911 est
3528 1869 3643 1911 sua
3670 1849 3800 1912 vita
3832 1858 3905 1910 et

793 1948 1089 2029 gustinus
1131 1946 1339 2029 primo
1368 1947 1446 2009 de
1486 1946 1783 2009 Doctrina
1822 1944 2168 2007 christiana
2198 1963 2292 2005 as-

796 2047 969 2120 serit,
1033 2046 1168 2127 ipse
1229 2046 1392 2107 Deus
1451 2044 1709 2108 admisit
1766 2044 2059 2105 humanae
2118 2042 2291 2104 vocis

794 2145 1199 2226 obsequium,
1232 2150 1296 2206 et
1326 2141 1538 2206 verbis
1578 2142 1709 2204 suis
1738 2142 2012 2223 gaudere
2042 2158 2158 2203 nos
2188 2158 2293 2202 vo-

799 2243 935 2304 luit.
979 2242 1223 2305 Idcirco
1271 2242 1633 2315 dicendum,
1681 2241 1850 2322 quod
1900 2241 2064 2302 Deus
2115 2240 2293 2301 inno-

798 2341 1120 2404 minabilis
1151 2348 1246 2403 est
1277 2339 1532 2403 nomine
1564 2346 2054 2421 repraesentante
2087 2337 2292 2420 perse-

795 2448 894 2503 cte
927 2441 990 2503 id
1023 2439 1191 2521 quod
1223 2446 1319 2501 est
1358 2438 1514 2521 ipse.
1551 2438 1670 2501 Sed
1713 2445 1970 2519 propter
2009 2436 2289 2517 inopiam

794 2539 1129 2603 nominum
1173 2537 1623 2601 condescendit
1667 2536 1850 2598 nobis
1894 2543 1963 2597 ut
2007 2535 2293 2597 nomine-

797 2658 938 2700 mus
987 2655 1134 2700 eum
1188 2636 1557 2698 nominibus
1607 2634 1992 2715 incomplete
2045 2633 2293 2714 signifi-

796 2736 1111 2811 cantibus,
1165 2735 1510 2797 dummodo
1568 2732 2116 2815 imperfectionem
2179 2732 2294 2793 hu-

791 2835 1073 2918 jusmodi
1105 2852 1509 2915 nequaquam
1541 2833 1608 2894 in
1640 2832 1780 2913 ipso
1810 2848 2143 2913 ponamuS,
2166 2830 2293 2892 imo

795 2953 944 2997 eum
975 2932 1275 2997 omnibus
1305 2931 1782 3014 supereminere
1821 2948 2178 2992 noscamus.
2215 2964 2295 2973 —

2400 1948 2532 2010 vita
2564 1947 2818 2010 infinita
2851 1947 3510 2029 incomprehensibilis
3541 1948 3907 2011 nobiS.Pro-

2401 2054 2542 2128 pter
2581 2046 2751 2127 quod
2795 2046 2860 2107 B.
2906 2046 3243 2129 Dionysius
3288 2053 3688 2127 protestatur,
3722 2049 3901 2128 quod
3956 2068 4035 2112 ne
4056 2070 4261 2113 eote-sa.

2400 2144 2861 2207 affirmationes
2903 2145 2970 2206 in
3002 2146 3130 2207 Deo
3170 2152 3319 2207 sunt
3360 2144 3793 2226 incompactae,
3830 2146 3901 2208 id
3934 2131 4261 2187 ''⁵⁶‘·‘²⁸¹'·¹¹·

2400 2249 2497 2303 est
2542 2241 2927 2323 impropriae,
2964 2242 3328 2322 negationes
3366 2250 3578 2303 autem
3620 2262 3782 2306 verae
3822 2262 3903 2305 ac

2402 2339 2675 2421 propriae
2738 2357 2752 2400 :
2816 2340 2968 2421 quia
3030 2339 3473 2421 negationibus
3532 2341 3905 2422 designatur

2402 2438 2557 2520 quid
2608 2455 2733 2500 non
2783 2445 2899 2511 est,
2949 2445 3019 2500 ut
3068 2458 3267 2519 quum
3316 2438 3573 2513 dicitur,
3616 2440 3907 2502 incorru-

2402 2536 2673 2618 ptibilis‚
2723 2536 3176 2617 incorporalis3
3222 2544 3286 2598 et
3336 2538 3469 2600 haec
3518 2537 3907 2620 simpliciter

2403 2653 2552 2697 vera
2582 2642 2747 2696 sunt.
2785 2634 3148 2697 Affirmatio
3176 2643 3389 2697 aut-em
3425 2635 3489 2696 in
3520 2636 3648 2699 Deo
3676 2643 3773 2697 est
3802 2636 3905 2698 in-

2404 2741 2753 2815 compacta,
2788 2734 3089 2816 quoniam
3128 2733 3355 2796 modus
3392 2734 3799 2821 significandi
3832 2735 3905 2797 in

2402 2832 2663 2895 nomine
2711 2839 3023 2913 repugnat
3070 2832 3449 2913 perfectioni
3499 2832 3592 2894 rei
3639 2832 3901 2905 divinae,

2404 2929 2723 3011 praecipue
2772 2937 3031 3012 propter
3072 2930 3195 2991 tria
3236 2948 3250 2992 :
3294 2930 3595 3011 quoniam
3640 2930 3907 2993 nomina

795 3033 861 3096 Si
891 3040 1105 3095 autem
1137 3038 1477 3114 quaeratur,
1502 3046 1628 3112 quo
1659 3029 1918 3091 nomine
1950 3046 2294 3109 congruen-
2328 3026 2373 3089 C
2404 3027 2771 3109 frequenter
2822 3028 3158 3109 designant
3214 3029 3565 3109 composite
3616 3028 3678 3091 id
3727 3031 3905 3111 quod

794 3133 923 3195 tius
953 3130 1340 3204 nominetur,
1370 3130 1708 3212 respondet
1737 3129 2097 3202 AnselmuS,
2121 3129 2291 3210 quod

795 3229 972 3294 omni
1037 3228 1294 3292 nomine
1363 3233 1566 3310 potest
1637 3245 1912 3307 congrue
1976 3225 2293 3288 nominari

797 3329 967 3410 quod
1036 3326 1325 3389 absolute
1400 3324 1908 3406 simpliciterque
1977 3322 2295 3405 loquendo

797 3426 1028 3488 melius
1077 3433 1174 3487 est
1219 3426 1446 3498 inesse,
1487 3422 1706 3485 haberi
1750 3430 1861 3484 aut
1903 3442 2064 3496 esse,
2099 3441 2292 3504 quam

796 3542 944 3589 non.
967 3524 1150 3586 Omni
1182 3529 1393 3585 autem
1425 3522 1515 3584 rei
1549 3521 1780 3584 melius
1810 3529 1906 3583 est
1935 3540 2073 3584 esse
2105 3539 2296 3602 quam

797 3642 925 3687 non
976 3641 1152 3700 esse3
1185 3621 1482 3684 similiter
1525 3621 1700 3683 omni
1747 3621 1877 3682 enti
1925 3619 2155 3682 melius
2200 3625 2297 3680 est

797 3723 1016 3785 vivere
1057 3741 1246 3804 quam
1289 3739 1414 3784 non
1459 3720 1709 3798 vivere3
1743 3719 1852 3782 sed
1891 3727 1955 3780 et
1993 3719 2168 3781 omni
2202 3718 2294 3780 vi-

798 3821 970 3884 venti
1005 3821 1232 3884 melius
1263 3828 1358 3883 est
1390 3818 1743 3900 intelligere
1774 3837 1966 3901 quam
1997 3837 2123 3881 non
2156 3837 2295 3879 esse

799 3919 1246 3982 intellectualis
1278 3927 1536 3982 naturae.
1574 3919 1720 3981 Ideo
1749 3936 1910 3990 esse,
1935 3917 2171 3990 vivere,
2209 3915 2297 3976 in-

798 4017 1103 4100 telligere,
1155 4025 1219 4079 et
1278 4015 1639 4078 consimilia
1692 4014 2030 4097 praedicata
2089 4014 2294 4095 perfe-

800 4117 1117 4189 ctionalia,
1151 4123 1296 4197 apte
1341 4114 1674 4177 nominant
1712 4115 1932 4176 Deum.
1967 4114 2296 4174 Verumta-

2405 3128 2472 3190 in
2509 3128 2635 3190 Deo
2674 3135 2771 3189 est
2809 3127 3082 3190 infinitae
3118 3128 3571 3211 simplicitatiS,
3604 3137 3668 3191 et
3701 3129 3901 3191 etiam

2406 3226 2779 3308 imperfecte
2813 3226 2873 3287 id
2916 3227 3085 3308 quod
3128 3227 3666 3308 perfectissimum
3696 3235 3793 3289 est
3830 3227 3903 3290 in

2406 3326 2553 3398 De0,
2586 3332 2650 3387 et
2687 3325 3163 3387 accidentaliter
3203 3327 3582 3408 quandoque
3622 3328 3789 3408 quod
3832 3327 3903 3388 in

2405 3425 2533 3486 Deo
2563 3423 2917 3486 substantia
2946 3432 3058 3485 est.
3096 3423 3476 3507 Symbolicis
3506 3424 3765 3486 demum
3796 3443 3907 3486 no-

2408 3521 2690 3584 minibus
2724 3521 3091 3584 nominatur
3118 3523 3284 3584 Deus
3320 3541 3515 3604 penes
3546 3523 3904 3586 translatio-

2406 3640 2553 3684 nem
2613 3621 2960 3703 corporalis
3021 3621 3428 3703 proprietatis
3476 3621 3553 3684 ad
3602 3622 3907 3704 spiritua-

2408 3720 2552 3783 lem.
2590 3720 2820 3801 Sicque
2851 3719 3085 3782 dicitur
3116 3720 3300 3802 lapis,
3334 3739 3533 3800 agnus
3558 3738 3572 3782 :
3596 3720 3903 3802 quoniam

2408 3817 2569 3900 lapis
2613 3818 2853 3880 solidus
2897 3826 3014 3891 est,
3048 3827 3111 3880 et
3154 3818 3353 3881 solide
3404 3818 3679 3880 fundans
3729 3820 3905 3900 quod

2408 3935 2599 3998 super
2640 3917 2850 3998 ipsum
2895 3916 3319 3996 construitur;
3353 3916 3446 3978 sic
3485 3916 3907 3997 spiritualiter

2406 4015 2571 4076 Deus
2619 4021 2715 4076 est
2765 4012 3151 4076 solidissima
3198 4013 3453 4088 veritas,
3499 4021 3563 4076 et
3610 4021 3904 4076 constan-

2407 4113 2653 4175 tissima
2702 4112 2928 4185 virtus,
2980 4112 3175 4175 totius
3228 4111 3579 4194 spiritualis
3638 4111 3901 4174 aedificii

801 4234 949 4278 men
978 4214 1436 4290 advertendum
1466 4214 1636 4295 quod
1668 4212 2010 4294 dupliciter
2039 4212 2297 4274 nomina
2324 4211 2376 4274 D
2405 4211 2853 4274 firmissimum
2898 4210 3407 4272 fundamentum.
3450 4211 3639 4273 Porro
3684 4211 3906 4290 regula

799 4313 1018 4377 divina
1061 4313 1434 4376 formantur.
1470 4311 1703 4386 Primo,
1745 4310 1825 4373 ab
1870 4310 1970 4372 his
2014 4330 2156 4391 quae
2200 4329 2294 4372 se-

802 4413 1082 4475 cundum
1135 4432 1270 4474 rem
1319 4430 1434 4494 per
1484 4411 1662 4493 prius
1717 4416 1862 4472 sunt
1919 4408 1984 4470 in
2037 4409 2185 4482 Deo,
2232 4416 2296 4470 et

802 4530 918 4593 per
947 4510 1262 4592 posterius
1295 4509 1360 4570 in
1401 4509 1724 4570 creaturis.
1762 4508 1838 4569 Et
1877 4507 2137 4569 nomina
2175 4507 2294 4570 ista

804 4629 840 4672 a
871 4608 1090 4672 divino
1120 4607 1417 4690 Dionysio
1450 4605 1716 4689 mystica
1745 4605 2168 4688 appellantur,
2202 4605 2294 4667 vi-

804 4707 1034 4771 delicet
1078 4707 1339 4780 bonum,
1381 4724 1517 4779 enS,
1551 4704 1702 4778 vita,
1747 4703 2078 4785 sapientia,
2113 4703 2293 4765 intel-

806 4808 1027 4880 lectuS,
1070 4813 1189 4868 etc.
1229 4806 1494 4883 mystis*
1523 4802 1760 4865 etenim
1807 4801 2040 4876 Graece,
2075 4801 2294 4864 Latine

803 4913 1118 4970 secretum
1169 4912 1282 4966 est.
1333 4903 1410 4964 Et.
1459 4902 1578 4964 hoc
1627 4901 1789 4974 ideo,
1837 4900 2138 4982 quoniam
2189 4919 2297 4964 no-

803 5025 950 5068 men
1009 5005 1133 5067 tale
1187 5003 1538 5066 secundum
1601 4999 2051 5084 proprietatem
2101 5019 2291 5082 quam

801 5103 992 5167 habet
1029 5104 1109 5165 ab
1149 5103 1539 5184 imponente,
1574 5099 1896 5181 significat
1939 5099 2293 5160 secundum

803 5209 1047 5284 partem
1080 5219 1192 5262 seu
1233 5197 1606 5281 imperfecte
1639 5197 1702 5259 id
1733 5196 1902 5279 quod
1945 5195 2008 5256 in
2042 5196 2169 5257 Deo
2199 5203 2296 5257 est

805 5298 1080 5363 totaliter
1118 5318 1190 5361 ac
1235 5297 1538 5380 perfecte,
1580 5303 1769 5377 atque
1815 5294 2134 5356 interdum
2180 5313 2295 5376 per

2406 4317 2703 4392 praetacta
2740 4309 3023 4371 Anselmi
3067 4309 3478 4390 intelligenda
3516 4316 3613 4371 est
3652 4309 3727 4370 de
3769 4328 3907 4390 my-

2406 4407 2582 4470 sticis
2611 4407 3001 4482 nominibuS,
3036 4427 3177 4489 quae
3215 4426 3293 4469 ex
3334 4415 3560 4470 natura
3597 4407 3686 4468 rei
3718 4407 3903 4488 prius

2408 4507 2795 4570 conveniunt
2825 4507 2970 4568 Deo.
3006 4541 3087 4550 ——
3115 4506 3274 4567 Vera
3308 4513 3404 4568 est
3434 4523 3687 4587 quoqne
3716 4523 3904 4586 regu-

2408 4605 2467 4667 la
2506 4605 2950 4686 magistrorum
2992 4604 3342 4666 dicentium
3383 4604 3551 4685 quod
3592 4603 3757 4666 Deus
3786 4622 3902 4666 no-

2407 4702 2687 4764 minatur
2719 4722 2796 4765 ex
2837 4702 3137 4765 omnibus
3177 4721 3318 4784 quae
3358 4702 3435 4764 ad
3477 4700 3900 4783 privationem

2404 4819 2531 4864 non
2578 4802 2898 4883 pertinent
2940 4808 3129 4882 atque
3178 4800 3510 4862 materiam
3546 4817 3560 4861 ε
3594 4799 3899 4881 quoniam

2403 4900 2482 4962 ad
2529 4900 2859 4962 materiam
2906 4900 3227 4982 pertinent
3270 4899 3623 4961 materialia
3659 4905 3724 4960 et
3762 4915 3900 4961 cor-

2406 5000 2647 5080 poralia
2675 4999 2909 5072 omnia,
2945 4999 3079 5060 sive
3110 4999 3233 5060 sint
3275 5016 3539 5080 corpora
3571 4997 3727 5080 ipsa,
3760 4997 3901 5059 sive

2404 5098 2625 5161 formae
2656 5097 3103 5160 substantiales
3134 5116 3245 5158 seu
3276 5096 3735 5174 accidentales3
3768 5096 3901 5177 pri-

2404 5196 2615 5258 vativa
2656 5214 2807 5258 vero
2855 5205 3003 5258 sunt
3046 5215 3187 5278 quae
3235 5195 3557 5277 pertinent
3602 5194 3680 5256 ad
3729 5193 3903 5256 defe-

2408 5302 2607 5368 ctum,
2656 5295 2955 5376 quoniam
3002 5294 3216 5357 omnia
3265 5293 3373 5356 illa
3418 5313 3496 5355 ex
3544 5292 3901 5375 privatione
