4359 6250
552 487 755 536 mmm
796 490 1161 536 ABSTnAmls
1206 489 1319 536 PER
1362 489 1769 534 INTELLEGTL'M
1812 487 2340 544 mormannum,
2379 488 2752 534 REMANEANT
2794 487 3102 543 rEnsoNAE,
3143 487 3270 534 ETc.

3340 467 3455 532 221

368 663 453 718 est
498 659 671 739 quod
714 657 989 722 essentia
1030 664 1237 740 potest
1280 655 1549 737 intelligi
1596 674 1723 718 non
1764 655 1857 716 in·
1890 657 1943 718 A
2052 655 2404 717 Dicendum
2435 674 2688 738 quoque
2720 656 2819 736 [ad
2858 656 3258 735 secundumJ,
3291 655 3460 737 quod

368 755 613 818 tellecta
661 756 965 830 bonitate,
1002 764 1071 817 ut
1117 755 1273 817 dicit
1315 755 1567 817 Boetius
1612 754 1675 814 in
1726 753 1857 815 suis

368 853 896 917 Hebdomadibus
960 854 1267 917 Similiter
1327 861 1531 935 potest
1590 851 1857 932 intelligi

367 952 637 1014 essentia
674 973 802 1016 non
845 952 1167 1015 intellecta
1205 952 1582 1034 paternitate
1618 956 1727 1013 aut
1762 969 1857 1012 re-

370 1049 617 1126 latione,
668 1052 835 1114 sicut.
880 1051 1079 1114 Judaei
1132 1050 1518 1130 intelligunt,
1570 1049 1680 1130 qui
1730 1066 1855 1111 non

368 1147 725 1229 intelligunt
774 1149 865 1210 sic
916 1167 1030 1231 per
1078 1149 1339 1212 modum
1388 1147 1851 1209 abstractionis.

364 1247 475 1308 Sed
527 1265 658 1309 non
708 1254 915 1328 potest
964 1247 1235 1327 intelligi
1286 1246 1456 1327 quod
1507 1246 1571 1307 in
1621 1244 1855 1306 divinis

364 1353 759 1407 removeatur
818 1345 1062 1421 relati0,
1114 1353 1177 1407 et
1233 1353 1553 1406 remaneat
1611 1343 1853 1424 aliquid

361 1441 711 1504 subsistens
761 1451 871 1504 aut
912 1442 1305 1504 substratum
1352 1440 1665 1514 relationi,
1699 1458 1853 1522 quo·

360 1540 521 1600 niam
576 1540 851 1622 ipsamet
892 1539 1116 1602 relatio
1158 1539 1468 1601 subsistit.
1504 1575 1581 1586 -
1614 1539 1851 1601 Idcirco

360 1639 763 1701 concedimus
807 1659 957 1701 cum
998 1640 1163 1713 aliis,
1195 1640 1365 1720 quod
1410 1648 1651 1700 remota
1699 1639 1852 1699 rela-

358 1738 539 1808 tione,
577 1756 709 1800 non
748 1747 1033 1800 remanet
1065 1738 1423 1820 hypostasis
1457 1737 1753 1798 distincta
1784 1735 1849 1798 in

1968 755 2149 817 Pater
2187 755 2564 836 paternitate
2602 754 2794 816 habet
2835 755 3004 836 quod
3049 755 3132 818 sit
3169 756 3368 828 Pater,
3401 761 3466 816 et

1968 854 2138 934 quod
2170 854 2253 915 sit
2281 854 2424 934 quis
2455 873 2568 916 seu
2600 854 2736 916 iste.
2765 855 2902 916 Non
2934 861 3146 916 tamen
3177 853 3468 935 sequitur

1967 952 2137 1033 quod
2172 951 2366 1013 Filius
2399 970 2525 1014 non
2558 952 2641 1014 sit
2671 952 2816 1033 quis
2847 961 2908 1012 et
2941 953 3080 1027 iste,
3115 953 3266 1033 quia
3295 951 3464 1032 quod

1967 1052 2144 1112 Pater
2191 1049 2383 1112 habet
2425 1051 2824 1131 paternitate,
2867 1051 3063 1112 Filius
3107 1049 3298 1113 habet
3341 1049 3465 1112 fili-

1966 1147 2200 1222 atione,
2247 1168 2390 1229 quae
2440 1149 2632 1210 etiam
2683 1156 2885 1211 exstat
2935 1149 3174 1211 relatio.
3222 1149 3464 1210 Idcirco

1965 1247 2282 1309 abstracta
2313 1247 2636 1322 relatione,
2671 1267 2786 1310 nec
2816 1249 2994 1309 Pater
3022 1255 3116 1309 est
3145 1247 3312 1329 quiS‚
3346 1265 3462 1309 nec

1966 1345 2161 1406 Filius
2199 1363 2213 1406 :
2250 1354 2311 1406 et
2343 1353 2552 1407 tamen
2594 1354 2862 1427 uterque
2905 1346 3155 1408 realiter
3184 1353 3278 1407 est
3316 1344 3462 1426 quis

1966 1461 2079 1504 sua
2136 1443 2462 1515 relatione,
2512 1443 2678 1504 sicut
2726 1451 2993 1524 uterque
3039 1451 3137 1505 est
3192 1461 3459 1524 persona

1965 1560 2079 1602 sua
2136 1541 2606 1622 personalitate,
2657 1549 2720 1602 et
2774 1550 2983 1602 tamen
3043 1542 3456 1623 personalitas

1966 1639 2155 1700 unius
2189 1658 2314 1701 non
2356 1647 2452 1700 est
2484 1638 2898 1720 personalitas
2935 1639 3219 1712 alteriuS‚
3255 1647 3324 1700 ut
3355 1657 3458 1720 pa-

1964 1745 2052 1798 tet
2092 1757 2170 1798 ex
2210 1737 2397 1798 dietis
2437 1737 2514 1798 de
2554 1737 3007 1798 communitate
3039 1755 3342 1820 personia.
3375 1773 3458 1782 -

358 1835 583 1898 divinis
632 1853 647 1896 ε
688 1844 827 1897 tum
876 1836 1029 1916 quia
1074 1854 1203 1899 non
1248 1843 1460 1897 manet
1502 1834 1846 1907 distinctio,
1888 1833 1935 1895 B
1963 1836 2105 1898 Haec
2150 1835 2421 1898 Thomas
2467 1836 2532 1897 in
2576 1835 2844 1918 Scripto.

360 1941 485 1994 tum
523 1933 681 2015 quia
720 1951 848 1995 non
892 1941 1105 1995 manet
1143 1933 1496 1995 subsistens
1536 1932 1843 1994 relationi.

358 2032 469 2093 Sed
515 2050 747 2093 verum
806 2040 903 2094 est
948 2031 1117 2113 quod
1167 2031 1461 2113 quamvis
1520 2048 1849 2112 nunquam

358 2137 555 2191 essent
588 2130 954 2203 relationeS,
991 2149 1103 2211 per
1132 2147 1289 2210 quas
1320 2128 1482 2190 fides
1515 2129 1849 2209 distinguit

358 2245 675 2308 personas,
711 2229 877 2291 Deus
906 2236 1074 2290 esset
1103 2226 1457 2290 substantia
1487 2235 1549 2288 et
1579 2245 1849 2310 persona

356 2326 659 2402 absoluta,
691 2346 771 2389 ex
813 2326 935 2388 hoc
980 2326 1151 2407 quod
1190 2325 1565 2388 subsisteret
1604 2326 1670 2387 iu
1710 2345 1849 2387 esse

356 2443 482 2498 su0,
514 2433 575 2486 et
608 2425 797 2506 quasi
828 2424 1203 2487 subsisteret
1234 2423 1682 2486 essentialibus
1714 2441 1851 2505 pro-

354 2522 726 2603 prietatibus
771 2523 926 2596 suiS,
960 2521 1195 2603 quibus
1238 2519 1319 2585 ab
1370 2521 1659 2583 essentiis
1706 2521 1847 2583 aliis

352 2621 865 2701 distingueretur.
917 2621 1025 2682 Est
1085 2638 1234 2701 ergo
1288 2621 1355 2682 in
1404 2619 1636 2682 divinis
1684 2620 1847 2682 acci-

352 2737 493 2800 pere
540 2719 914 2781 absolutum
971 2727 1035 2781 et
1082 2719 1443 2789 relativum,
1497 2736 1625 2782 non
1676 2718 1846 2800 quod

352 2817 562 2879 relatio
612 2817 701 2879 sit
750 2817 903 2898 quid
952 2816 1126 2879 aliud
1174 2817 1255 2879 ab
1302 2817 1593 2879 absoluto
1642 2825 1705 2879 et
1752 2817 1846 2878 illi

350 2915 693 2977 adveniens
742 2934 815 2977 ae
864 2915 1075 2996 ipsum
1123 2915 1544 2996 distinguenS,
1579 2917 1687 2978 sed
1734 2935 1847 2997 per

2044 1935 2131 1996 Ex
2175 1933 2412 2015 quibus
2457 1941 2629 2015 patet
2671 1934 2749 1996 ad
2791 1934 3042 2014 objecta
3083 1933 3332 1998 solutio.

2040 2033 2121 2094 At
2161 2050 2314 2094 vero
2362 2031 2426 2092 in
2479 2031 2686 2112 prima
2734 2041 2910 2114 parte
2961 2033 3259 2105 Summae,
3292 2050 3460 2113 quae-

1961 2130 2165 2192 stione
2216 2130 2696 2211 quadragesima
2733 2148 2747 2192 :
2786 2130 3052 2212 Duplex,
3103 2130 3334 2212 inquit,
3381 2129 3462 2192 fit

1962 2247 2076 2311 per
2108 2228 2502 2290 intellectum
2533 2228 2872 2291 abstractio
2903 2245 2915 2288 :
2945 2248 3071 2290 una
3104 2228 3456 2290 secundum

1960 2326 2127 2406 quod
2170 2326 2529 2388 universale
2566 2327 2954 2389 abstrahitur
2992 2346 3029 2388 a
3063 2327 3453 2409 particulari,

1959 2430 2030 2483 ut
2056 2423 2293 2485 animal
2325 2423 2404 2486 ab
2437 2423 2726 2502 homine;
2749 2425 2874 2486 alia
2902 2425 3254 2486 secundum
3286 2425 3455 2506 quod

1958 2519 2166 2582 forma
2194 2520 2584 2583 abstrahitur
2610 2540 2646 2583 a
2677 2522 2960 2596 materia,
2996 2530 3066 2584 ut
3105 2521 3309 2585 forma
3339 2523 3458 2584 cir-

1961 2619 2087 2680 culi
2130 2639 2167 2682 a
2215 2619 2477 2682 materia
2517 2619 2691 2683 omni
2737 2620 3048 2682 sensibili.
3087 2623 3256 2682 Inter
3297 2640 3454 2702 quas

1958 2718 2416 2780 abstractiones
2457 2717 2824 2781 differentia
2861 2720 2995 2782 haec
3035 2727 3150 2794 est,
3185 2721 3354 2801 quod
3389 2719 3454 2781 in

1958 2815 2382 2878 abstractione
2425 2815 2801 2878 universalis
2841 2836 2878 2878 a
2917 2816 3285 2898 particulari
3327 2836 3453 2879 non

1958 2923 2244 2976 remanet
2291 2915 2353 2976 id
2404 2935 2440 2977 a
2489 2932 2617 2996 quo
2666 2914 2744 2977 fit
2789 2916 3178 2978 abstractio:
3213 2924 3458 2979 remota

350 3014 783 3077 omnimodam
814 3014 905 3075 rei
939 3013 1337 3076 identitatem
1371 3032 1386 3074 :
1423 3013 1551 3076 imo
1584 3015 1645 3075 id
1676 3014 1845 3095 quod
1883 3017 1925 3080 C
1956 3012 2129 3074 enim
2158 3012 2239 3074 ab
2280 3012 2538 3075 homine
2575 3012 2942 3075 differentia
2981 3013 3292 3087 rationali,
3327 3032 3454 3077 non

350 3112 765 3194 distinguitur
812 3111 1141 3186 relatione,
1174 3119 1271 3175 est
1320 3111 1457 3195 ipsa
1505 3111 1747 3187 relati0,
1783 3120 1845 3175 et

352 3210 461 3272 hoc
502 3219 719 3293 potest
757 3210 1110 3292 significari
1152 3231 1265 3293 per
1305 3211 1563 3273 modum
1602 3212 1844 3274 relatio-

352 3308 441 3370 nis
482 3317 681 3391 atque
726 3310 1105 3391 hypostasis,

420 3407 729 3471 Praeterea
774 3408 827 3469 si
872 3407 1233 3487 objiciatur,
1268 3409 1436 3488 quod
1486 3408 1843 3489 hypostasis

349 3504 598 3585 ponitur
654 3506 721 3567 in
772 3504 1149 3568 definitione
1200 3524 1506 3587 personae,
1542 3524 1689 3587 ergo
1737 3523 1844 3588 po-

346 3611 459 3665 test
500 3604 783 3685 intelligi
833 3622 961 3666 non
1004 3603 1329 3666 intellecta
1368 3622 1657 3686 persona,
1691 3622 1843 3686 quo—

346 3700 507 3763 niam
543 3701 800 3782 aliquid
840 3701 1227 3783 superaddit.
1264 3701 1637 3775 Dicendum,
1669 3702 1839 3783 quod

344 3796 699 3879 hypostasis
734 3798 997 3881 ponitur
1025 3799 1091 3861 in
1121 3798 1501 3861 definitione
1531 3817 1836 3880 personae,

344 3896 485 3976 quia
514 3914 793 3979 persona
833 3897 1075 3979 aliquid
1116 3897 1292 3960 addit
1328 3917 1521 3979 super
1551 3899 1842 3980 hyposta-

344 3994 479 4067 sim,
512 4014 643 4057 non
690 3995 957 4077 quidem
999 3994 1393 4069 relationem,
1427 3996 1578 4077 quia
1618 3996 1841 4059 relatio

344 4100 431 4153 est
480 4093 557 4156 de
614 4093 951 4155 intellectu
1006 4093 1361 4175 hypostasis
1415 4094 1669 4167 divinae,
1718 4096 1837 4157 sic-

1958 3105 2241 3173 rem'anet
2272 3111 2484 3186 homo,
2509 3112 2619 3173 sed
2649 3111 2882 3174 animal
2917 3120 3180 3175 tantum.
3217 3114 3286 3175 In
3316 3113 3456 3176 abs-

1958 3210 2264 3272 tractione
2322 3219 2537 3273 autem
2595 3210 2816 3274 formae
2863 3231 2902 3275 a
2950 3212 3234 3285 materia,
3288 3220 3453 3273 utra-

1955 3327 2081 3389 que
2114 3318 2326 3371 manet
2355 3309 2422 3370 in
2453 3309 2782 3371 intellectu
2802 3326 2816 3372 :
2836 3310 3257 3373 abstrahendo
3285 3312 3453 3373 enim

1957 3405 2228 3468 formam
2273 3406 2496 3468 circuli
2539 3406 2618 3469 ab
2659 3426 2802 3481 aere,
2837 3416 3122 3470 remanet
3165 3427 3450 3471 seorsum

1956 3504 2021 3565 in
2054 3504 2382 3567 intellectu
2416 3513 2632 3568 nostro
2661 3513 2788 3567 tam
2835 3506 3195 3568 intellectus
3227 3506 3451 3568 circuli

1953 3621 2144 3684 quam
2189 3603 2552 3665 intellectus
2591 3603 2752 3666 aeriS.
2788 3604 3086 3677 Quamvis
3125 3612 3339 3667 autem
3384 3605 3450 3665 in

1951 3701 2190 3763 divinis
2240 3720 2368 3764 non
2420 3701 2550 3763 sint
2603 3701 2958 3763 universale
3007 3710 3072 3763 et
3113 3702 3450 3783 particula—

1953 3818 2041 3871 re,
2095 3818 2212 3861 nec
2271 3799 2476 3862 forma
2533 3818 2740 3881 neque
2789 3800 3051 3861 materia
3095 3800 3450 3864 secundum

1952 3884 2338 3973 rem‚tamen
2369 3898 2722 3959 secundum
2755 3897 3010 3961 modum
3041 3898 3449 3978 significandi

1951 3995 2278 4059 invenitur
2306 3997 2520 4079 aliqua
2553 3995 2906 4059 similitudo
2936 3997 3164 4059 horum
3197 3997 3261 4058 in
3293 3998 3450 4061 divi-

1950 4094 2049 4157 nis
2086 4112 2099 4156 :
2133 4096 2487 4157 secundum
2531 4114 2724 4177 quem
2769 4095 3028 4157 modum
3073 4096 3298 4159 asserit
3335 4098 3450 4159 Da-

346 4196 409 4249 ut
455 4200 553 4253 est
600 4192 683 4254 de
751 4191 1079 4253 intellectu
1140 4209 1444 4273 personae,
1498 4193 1607 4254 sed
1663 4193 1839 4256 addit
1868 4202 1917 4263 D
1950 4212 2305 4267 mascenuS,
2339 4195 2508 4275 quod
2553 4193 2906 4257 substantia
2943 4203 3039 4256 est
3079 4214 3440 4271 commune,

346 4287 830 4351 determinatam
882 4290 1191 4352 rationem
1237 4290 1583 4365 relationiS,
1620 4300 1837 4372 utpote

344 4387 721 4465 pertinentis
782 4388 859 4449 ad
915 4388 1288 4469 dignitatem
1337 4406 1350 4449 :
1399 4388 1541 4451 ideo
1596 4398 1835 4451 remota

344 4482 662 4559 relatione,
721 4504 841 4547 nec
898 4485 1255 4547 intellectus
1309 4486 1664 4568 hypostasis
1716 4507 1833 4550 nec

342 4580 699 4647 intellectus
746 4600 1032 4667 personae
1078 4593 1408 4665 permanet
1457 4584 1521 4646 in
1572 4585 1827 4648 divinis,

340 4679 483 4743 Nam
528 4690 591 4744 et
636 4701 722 4745 ex
770 4682 910 4763 ipso
954 4682 1123 4763 quod
1170 4683 1429 4764 ponitur
1474 4692 1533 4745 et
1573 4692 1834 4746 vocatur

340 4778 544 4841 divina
593 4780 985 4864 hypostasiS,
1025 4781 1286 4863 ponitur
1329 4781 1394 4842 in
1444 4781 1645 4844 nobili
1695 4801 1834 4864 pro-

342 4877 597 4956 prietate
642 4877 1005 4941 subsistens
1040 4896 1053 4939 :
1088 4879 1309 4961 sicque
1349 4879 1509 4942 ratio
1544 4881 1835 4943 nobilita-

340 4974 413 5035 tis
450 4996 644 5059 quam
686 4976 865 5039 addit
904 4995 1191 5057 persona,
1226 4976 1575 5039 includitur
1611 4980 1677 5040 in
1714 4981 1833 5042 hoc

342 5076 497 5152 quod
526 5084 625 5137 est
659 5074 883 5137 divina
914 5074 1289 5157 hypostasis
1326 5077 1499 5139 Unde
1534 5078 1700 5138 sicut
1728 5079 1837 5160 hy-

346 5173 603 5251 postasis
650 5173 937 5235 humana
978 5174 1138 5236 nihil
1184 5174 1395 5236 minus
1438 5174 1595 5237 dicit
1643 5196 1835 5257 quam

346 5287 625 5349 persona,
662 5271 753 5332 ita
794 5289 915 5333 nec
960 5271 1313 5353 hypostasis
1356 5273 1591 5335 divina.

1946 4292 2303 4375 hypostasis
2335 4311 2486 4355 vero
2516 4293 2914 4375 particulare.
2935 4293 3271 4376 Loquendo
3297 4314 3442 4377 ergo

1946 4390 2023 4452 de
2054 4392 2261 4473 prima
2299 4390 2741 4465 abstractione,
2778 4393 3272 4473 proprietatibus
3299 4395 3438 4457 abs-

1946 4490 2184 4562 tractiS,
2223 4489 2544 4551 remanet*
2574 4489 2848 4551 essentia
2886 4492 3266 4567 communiS‚
3309 4511 3435 4556 non

1943 4685 2151 4746 ctione
2215 4684 2552 4765 loquendo,
2615 4684 2874 4747 remotis
2943 4687 3435 4767 proprietatibus

1942 4800 2069 4845 non
2110 4782 2574 4864 personalibus,
2610 4792 2895 4845 remanet
2933 4783 3292 4846 intellectus
3328 4785 3439 4867 hy-

1943 4889 2256 4963 postasum
2271 4898 2288 4960 ;
2311 4890 2546 4943 remota
2573 4900 2720 4944 vero
2747 4882 3126 4964 proprietate
3156 4900 3442 4964 persona-

1946 4980 2012 5053 li,
2035 4980 2280 5043 tollitur
2311 4980 2669 5042 intellectus
2701 4980 3076 5062 hypostasis.
3097 4980 3233 5043 Non
3263 4982 3437 5044 enim

1945 5078 2362 5162 proprietates
2425 5077 2786 5159 personales
2843 5078 3190 5140 adveniunt
3246 5079 3441 5162 hypo-

1945 5175 2221 5238 stasibus
2265 5175 2428 5236 sicut
2475 5174 2678 5237 forma
2728 5174 3186 5255 praeexsistenti
3235 5176 3444 5257 subje-

1948 5282 2071 5348 cto,
2125 5273 2235 5335 sed
2294 5272 2510 5335 ferunt
2556 5291 2775 5335 secum
2824 5292 2938 5335 sua
2995 5274 3324 5358 supposita
3371 5274 3440 5341 in

1943 4594 2154 4648 autem
2195 4586 2571 4669 hypostasis
2608 4587 2727 4648 Sed
2767 4587 2844 4649 de
2885 4590 3163 4650 secunda
3202 4589 3440 4653 abstra-
3463 4519 3713 4635 ¹⁰⁰[2ff1mffl
