4359 6250
907 489 990 534 AN
1031 488 1284 536 camus
1328 490 1420 535 SIT
1461 489 1672 535 vm‘rus
1715 489 1973 544 GREATA,
2007 489 2120 533 VEL
2161 488 2415 535 IPSEMET
2455 489 2723 536 srmrrus
2765 489 3029 536 SANCTUS
3433 469 3509 533 15

494 655 802 719 Praeterea
832 658 910 720 de
940 658 1058 721 hac
1093 677 1158 721 re
1199 659 1478 741 plurima
1513 659 1736 722 scribit
1769 658 1911 721 Sco-
1941 656 1991 720 A
2022 665 2092 718 ut
2139 658 2385 731 asserit,
2436 657 2637 738 gratia
2682 665 2745 720 et
2794 658 3021 720 caritas
3071 663 3220 719 sunt
3256 656 3510 719 habitus

415 761 539 828 ωε,
579 763 644 816 et
687 755 1132 837 multipliciter
1167 776 1241 819 ac
1291 756 1643 819 efficaciter
1687 756 1910 838 probat

417 853 588 932 quod
637 863 928 936 oporteat
976 874 1212 937 ponere
1268 856 1558 918 habitum
1609 856 1904 917 caritatis,

421 951 658 1014 Deinde
703 953 1036 1035 subjungit
1080 973 1093 1016 :
1137 955 1286 1017 Mihi
1331 955 1583 1016 videtur
1631 955 1800 1035 quod
1847 954 1909 1015 in

420 1049 536 1111 hac
589 1051 854 1113 materia
902 1052 1086 1114 aliter
1133 1054 1331 1115 sensit
1378 1053 1672 1132 Magister
1719 1071 1909 1133 quam

420 1148 848 1210 communiter
905 1150 1030 1211 sibi
1099 1151 1469 1232 imponitur.
1533 1150 1680 1211 Vult
1738 1149 1910 1211 enim

419 1247 588 1326 quod
639 1255 870 1328 praeter
922 1247 1120 1310 fidem
1175 1257 1238 1311 et
1291 1267 1468 1331 spem
1527 1257 1797 1330 ponatur
1845 1249 1910 1310 in

413 1345 630 1406 anima
671 1346 865 1408 etiam
905 1348 1160 1410 habitus
1199 1348 1564 1429 gratificans
1606 1349 1906 1422 animam,

417 1443 586 1504 unde
617 1453 797 1506 actus
827 1445 1076 1507 dicatur
1105 1453 1168 1508 et
1199 1447 1282 1509 sit
1313 1447 1676 1509 meritorius
1713 1465 1724 1508 :
1761 1447 1912 1527 quia

417 1539 482 1600 in
531 1539 694 1603 libro
733 1544 1014 1605 secundo
1055 1545 1342 1606 concedit
1381 1546 1551 1626 quod
1591 1545 1791 1624 gratia
1830 1545 1913 1607 sit

415 1637 618 1700 virtus
671 1640 1014 1721 perficiens
1061 1643 1362 1716 animam,
1415 1650 1478 1704 et
1527 1644 1695 1724 quod
1745 1644 1910 1705 sicut

415 1736 633 1818 pluvia
664 1739 1030 1801 infunditur
1061 1749 1241 1804 terrae
1279 1759 1548 1822 eamque
1591 1742 1808 1823 irrigat
1847 1749 1908 1803 et

2023 776 2187 818 unus
2217 765 2279 817 et
2312 756 2481 818 idem
2522 757 2795 828 realiter,
2829 755 3012 818 fateri
3050 763 3299 836 oportet
3342 753 3511 836 quod

2020 855 2294 936 Spiritus
2339 855 2605 917 Sanctus
2654 862 3029 936 cooperetur
3079 854 3387 916 voluntati
3432 853 3511 914 ad

2019 953 2406 1015 eliciendum
2450 954 2847 1015 meritorium
2891 961 3103 1015 actum
3154 952 3513 1013 dilectionis

2022 1051 2340 1113 mediante
2377 1052 2596 1114 habitu
2637 1052 2939 1124 caritatiS,
2974 1052 3139 1113 sicut
3173 1058 3236 1112 et
3273 1049 3518 1111 intelle-

2021 1150 2150 1211 ctui
2185 1159 2560 1230 cooperatur
2589 1151 2667 1212 ad
2699 1150 3087 1212 eliciendum
3118 1148 3273 1210 fidei
3300 1155 3515 1210 actum

2023 1249 2339 1309 mediante
2392 1247 2544 1310 fidei
2598 1247 2841 1320 habitu,
2889 1267 3089 1329 quum
3140 1255 3385 1308 certum
3436 1245 3518 1306 sit

2020 1345 2333 1407 actualem
2374 1345 2782 1408 dilectionem
2817 1347 3131 1407 internam
3162 1365 3235 1407 ac
3268 1344 3519 1406 merito-

2021 1445 2179 1506 riam
2216 1454 2341 1507 tam
2375 1463 2538 1518 vere,
2561 1445 2915 1507 immediate
2946 1462 3019 1506 ac
3051 1445 3303 1526 proprie
3333 1451 3515 1525 atque

2020 1543 2298 1605 elici‘tive
2358 1562 2496 1605 esse
2549 1551 2758 1605 actum
2818 1543 3095 1605 caritatis
3154 1541 3511 1615 habitualiS,

2020 1660 2209 1723 quam
2240 1660 2386 1702 vere
2418 1649 2480 1702 et
2510 1640 2787 1703 elicitive
2818 1649 2996 1703 actus
3026 1640 3181 1703 fidei
3212 1647 3390 1703 actus
3420 1649 3517 1702 est

2022 1737 2173 1800 fidei
2205 1738 2567 1800 habitualis,
2592 1775 2673 1783 —
2693 1739 2999 1820 Denique,
3024 1738 3078 1800 si
3108 1746 3181 1799 ut
3208 1737 3511 1811 affirmat,

411 1833 733 1910 fecundat,
806 1838 899 1899 sic
967 1840 1198 1902 animae
1263 1840 1464 1920 gratia
1536 1840 1903 1921 inspiratur,
1946 1843 1992 1905 Β
2020 1836 2222 1915 gratia
2258 1843 2323 1897 et
2362 1836 2588 1898 caritas
2630 1837 2884 1898 realiter
2924 1837 3094 1897 idem
3133 1843 3302 1910 sunt,
3335 1852 3518 1916 opor-

413 1931 616 2013 ipsam
678 1934 950 2016 irrigans
1007 1946 1198 2018 atque
1250 1937 1614 2019 perficiens,
1667 1937 1908 1998 Asserit

408 2049 666 2113 quoque
718 2034 891 2115 quod
942 2055 1094 2098 usus
1152 2036 1357 2100 bonus
1417 2036 1602 2097 liberi
1660 2035 1906 2098 arbitrii

407 2131 489 2191 sit
530 2149 608 2192 ex
647 2133 873 2212 gratia,
909 2152 1050 2215 quae
1089 2135 1291 2196 virtus
1331 2140 1428 2196 est
1467 2134 1714 2196 animae.
1750 2134 1909 2196 Hinc

408 2228 554 2291 dico
601 2231 775 2311 quod
820 2233 1048 2294 caritas
1097 2240 1159 2294 et
1207 2233 1407 2314 gratia
1455 2239 1604 2294 sunt
1655 2232 1908 2293 habitus

411 2342 602 2398 unus,
647 2327 819 2407 quod
867 2345 984 2408 pro
1027 2329 1324 2409 praesenti
1367 2328 1752 2410 supponitur
1790 2345 1802 2389 :
1847 2336 1910 2390 et

409 2421 706 2503 Magister
735 2425 874 2510 ⁴hoc
927 2426 1146 2499 voluit,
1194 2427 1486 2507 quamvis
1537 2443 1663 2488 non
1713 2427 1910 2508 expli-

411 2521 580 2582 cavit
611 2531 850 2604 aperte.
888 2523 1116 2605 Sicque
1148 2531 1376 2606 praeter
1405 2523 1603 2587 fidem
1634 2533 1698 2586 et
1729 2544 1908 2606 spem

409 2637 539 2681 non
579 2629 830 2702 oportet
875 2639 1110 2703 ponere
1150 2623 1438 2684 habitum
1483 2623 1762 2684 caritatis
1800 2623 1911 2685 ali-

413 2736 524 2778 um
554 2737 628 2778 ac
669 2719 1046 2782 distinctum
1085 2739 1122 2782 a
1155 2721 1372 2800 grat-ia.
1411 2721 1532 2782 Sed
1574 2721 1753 2802 ponit
1793 2721 1911 2782 Ma-

410 2815 612 2895 gister
651 2817 962 2898 Spiritum
1005 2817 1306 2880 Sanctum
1349 2819 1564 2900 gratiae
1606 2819 1911 2880 adsisten-

417 2921 566 2988 tem,
595 2916 690 2988 λιιι
729 2917 900 2996 quod
938 2917 1139 2997 gratia
1179 2917 1460 2980 animam
1501 2917 1906 2990 informante,

2021 1941 2110 1994 tet.
2169 1934 2515 1996 concedere
2575 1935 2743 2016 quod
2799 1935 3001 2015 gratia
3060 1942 3187 1996 tam
3238 1952 3383 1996 vere
3441 1951 3514 1994 ac

2021 2031 2377 2112 subjective
2436 2033 2739 2095 consistat
2799 2033 2863 2094 in
2921 2033 3267 2105 voluntate,
3321 2050 3513 2113 quam

2019 2137 2271 2190 vere'et
2303 2129 2606 2191 inhaesive
2648 2130 2875 2191 caritas
2915 2137 3010 2191 est
3051 2131 3117 2190 in
3156 2147 3248 2190 ea.
3284 2129 3515 2192 Carita-

2020 2235 2149 2288 tem
2200 2235 2416 2289 autem
2466 2227 2776 2289 voluntati
2837 2228 3043 2289 inesse
3094 2245 3323 2308 negare
3382 2245 3509 2288 non

2023 2333 2250 2406 potest,
2285 2327 2395 2407 qui
2433 2334 2647 2387 actum
2687 2326 2988 2400 caritatiS,
3022 2326 3319 2388 videlicet
3350 2325 3513 2387 velle

2019 2431 2210 2505 atque
2241 2425 2527 2506 diligere,
2565 2426 2855 2487 concedit
2884 2443 3022 2487 esse
3066 2425 3131 2486 in
3164 2425 3508 2486 voluntate.

2019 2523 2174 2583 Nam
2225 2530 2288 2584 et
2336 2523 2619 2603 diligere,
2662 2531 2757 2584 est
2805 2522 2997 2585 alicui
3040 2522 3281 2585 bonum
3325 2521 3510 2596 velle,

2021 2621 2375 2682 secundum
2414 2621 2888 2702 Philosophum.
2928 2621 3101 2683 Velle
3140 2628 3351 2682 autem
3399 2639 3514 2682 seu

2021 2725 2235 2779 actum
2265 2718 2519 2780 volendi
2550 2737 2675 2780 non
2708 2737 2846 2780 esse
2888 2720 2952 2780 in
2994 2719 3341 2792 voluntate,
3377 2718 3516 2779 nul-

2023 2816 2121 2877 lus
2159 2817 2297 2878 sani
2336 2817 2559 2896 judicii
2605 2818 2836 2898 poterit
2872 2817 3218 2880 affirmare.
3252 2852 3333 2861 —
3360 2817 3515 2880 Prae-

2024 2922 2214 2987 terea,
2269 2915 2561 2995 quamvis
2611 2915 2907 2978 subtilior
2952 2915 3513 2996 rationabiliorque

413 3011 692 3093 Spiritus
733 3014 999 3076 Sanctus
1042 3013 1342 3077 fecundat
1380 3015 1660 3077 animam
1705 3015 1908 3096 ipsam
1949 3019 1992 3082 C
2024 3013 2257 3094 positio
2299 3019 2509 3074 teneat
2550 3015 2875 3075 caritatem
2922 3021 2985 3076 et
3026 3015 3293 3094 gratiam
3337 3013 3517 3075 reali-

414 3130 531 3193 per
578 3112 872 3193 gratiam,
917 3121 981 3175 et
1027 3114 1119 3176 sic
1165 3132 1305 3177 eam
1350 3113 1732 3187 inhabitanS,
1777 3132 1913 3195 gra-

413 3209 622 3272 tificat
669 3219 884 3273 actum
936 3231 1064 3275 suae
1121 3213 1530 3291 dilectionis3
1582 3221 1645 3274 et
1692 3213 1912 3274 volun-

413 3315 533 3382 ωε,
571 3309 888 3370 mediante
929 3309 1149 3371 habitu
1178 3309 1394 3391 gratiae
1425 3310 1808 3373 informante
1837 3330 1910 3372 ac

415 3404 662 3486 Spiritu
721 3406 950 3469 Sancto
1007 3408 1420 3482 inhabitante,
1464 3410 1639 3471 elicit
1697 3416 1910 3471 actum

413 3503 780 3567 dilectionis
823 3522 837 3566 :
882 3514 944 3567 et
986 3506 1092 3579 ita,
1127 3508 1479 3569 secundum
1520 3508 1906 3588 Magistrum,

417 3603 674 3683 parvuli
741 3604 1041 3687 baptizati
1102 3605 1336 3667 habent
1393 3606 1700 3687 Spiritum
1760 3608 1911 3669 San-

415 3710 596 3764 ctum
639 3701 1100 3765 inhabitantem
1143 3712 1206 3765 et
1242 3704 1510 3784 gratiam
1553 3705 1914 3785 gratifican-

417 3808 570 3862 tem.
625 3801 780 3863 Dico
837 3802 1031 3882 igitur
1088 3803 1257 3883 quod
1316 3802 1588 3883 Spiritus
1645 3804 1911 3866 Sanctus

415 3906 798 3981 cooperatur
853 3900 1082 3962 animae
1148 3899 1227 3960 ad
1289 3900 1674 3963 eliciendum
1732 3910 1910 3963 actus

415 3996 575 4059 fidei
623 4015 697 4059 ac
746 3997 904 4077 spei,
949 3997 1378 4059 mediantibus
1427 3998 1750 4061 habitibus
1801 4000 1912 4081 qui

413 4102 570 4157 sunt
616 4094 780 4157 fides
827 4103 892 4157 et
947 4114 1115 4176 speS,
1170 4105 1428 4176 propter
1485 4096 1911 4178 imperfectio-

2025 3118 2118 3172 ter
2162 3111 2469 3192 distingui
2516 3111 2597 3174 ab
2642 3112 2941 3187 invicem,
2985 3121 3173 3195 prout
3216 3130 3331 3174 suo
3376 3112 3515 3175 loco

2024 3210 2267 3291 patebit
2304 3218 2367 3271 et
2405 3209 2559 3271 alibi
2598 3229 2766 3292 saepe
2804 3210 3142 3292 probatum
3182 3218 3297 3283 est,
3333 3220 3396 3273 et
3433 3210 3514 3273 ab

2022 3309 2397 3383 AlexandrO,
2440 3310 2697 3385 Thema,
2739 3310 3019 3385 Alberto,
3052 3310 3511 3384 Bonaventura,

2023 3407 2293 3490 aliisque
2333 3408 2741 3471 solidioribus
2782 3409 3147 3471 doctoribus
3192 3409 3517 3471 concordi-

2025 3514 2120 3569 ter
2150 3507 2491 3585 edocetur;
2531 3508 2650 3569 hoc
2690 3516 2901 3569 tamen
2943 3526 3057 3589 pro
3092 3526 3262 3570 nunc
3293 3508 3515 3570 transi-

2025 3605 2236 3679 liatur,
2273 3606 2391 3668 hoc
2432 3606 2665 3680 addito,
2707 3607 2859 3687 quia
2908 3606 2960 3667 si
3009 3606 3301 3687 Magister
3341 3606 3512 3668 illius

2022 3704 2250 3766 fuisset
2288 3704 2609 3785 opinionis
2650 3704 2821 3785 quod
2858 3704 3111 3766 realiter
3150 3704 3317 3765 idem
3362 3705 3509 3778 sint,

2024 3819 2152 3863 non
2186 3802 2371 3882 plane
2403 3808 2692 3882 negasset
2728 3800 3017 3863 habitum
3058 3800 3335 3863 caritatis
3372 3818 3511 3862 esse

2026 3900 2089 3961 in
2129 3900 2364 3973 anima,
2399 3900 2565 3961 sicut
2604 3918 2720 3961 nec
2766 3899 3054 3961 habitum
3097 3900 3332 3980 gratiae.
3366 3900 3512 3961 Ideo

2026 3998 2328 4061 resolutio
2358 3998 2525 4061 Scoti
2558 4015 2684 4060 non
2717 3998 3002 4079 procedit
3032 3998 3385 4061 secundum
3422 3998 3515 4059 in-

2023 4096 2372 4158 tentionem
2403 4096 2699 4176 Magistri.
2724 4132 2805 4141 —
2831 4096 3145 4177 AmpliuS,
3169 4096 3315 4158 dato
3344 4096 3514 4177 quod

415 4212 570 4255 nem
621 4201 880 4255 actuum
935 4194 1356 4271 eorumdem;
1405 4195 1712 4257 voluntati
1763 4214 1913 4259 vero
1946 4202 1992 4262 D
2023 4211 2149 4256 non
2214 4202 2555 4275 poneretur
2613 4194 2678 4256 in
2736 4195 2950 4256 anima
3009 4194 3263 4257 habitus
3324 4194 3515 4257 infor-

415 4299 797 4373 cooperatur
843 4292 921 4353 ad
971 4291 1358 4353 eliciendum
1401 4300 1613 4354 actum
1660 4302 1912 4375 gratum

415 4392 560 4452 sine
591 4389 812 4453 habitu
843 4390 1054 4454 medio
1083 4410 1097 4453 τ
1125 4399 1189 4453 et
1218 4392 1310 4453 sic
1342 4392 1615 4472 Spiritus
1647 4393 1912 4455 Sanctus

413 4497 516 4551 est
554 4488 762 4551 forma
793 4488 1122 4551 virtut-um.
1159 4489 1335 4563 Quod
1375 4496 1588 4551 autem
1628 4497 1914 4571 oporteat

417 4604 658 4669 ponere
697 4586 988 4649 habitum
1029 4585 1500 4661 informantem,
1535 4587 1685 4650 hinc
1725 4590 1916 4670 potis-

417 4687 586 4748 sime
635 4684 1105 4766 comproba'tur,
1158 4688 1462 4767 quoniam
1520 4687 1676 4748 alias
1734 4696 1912 4749 actus

416 4783 788 4846 meritorius
817 4800 945 4844 non
976 4791 1142 4845 esset
1171 4784 1238 4845 in
1268 4784 1548 4847 hominis
1579 4794 1910 4866 potestate,

415 4883 552 4945 imo
593 4889 760 4944 esset
805 4889 1050 4943 tantum
1092 4881 1509 4946 miraculosus
1549 4892 1612 4945 et
1651 4904 1687 4946 a
1726 4903 1916 4947 causa

414 4980 760 5062 superiori,
815 4978 1112 5041 videlicet
1171 4980 1411 5062 Spiritu
1461 4982 1690 5044 Sancto
1737 4982 1916 5043 dum-

415 5088 610 5143 taxat.

498 5181 694 5242 Porro
733 5177 869 5239 haec
909 5177 1076 5239 Scoti
1117 5178 1334 5259 opinio
1362 5178 1614 5240 videtur
1653 5179 1718 5241 in
1760 5181 1919 5241 mul-

414 5281 500 5348 tis
551 5278 857 5349 deficere,
911 5276 1040 5339 imo
1097 5284 1160 5339 et
1209 5277 1556 5358 implicare.
1612 5277 1676 5339 Si
1715 5280 1912 5352 enim,

2027 4310 2206 4355 mans
2234 4300 2425 4373 atque
2454 4290 2845 4372 gratificans,
2880 4293 2991 4374 qui
3024 4293 3244 4374 utique
3282 4301 3378 4354 est
3407 4309 3515 4374 po-

2024 4391 2323 4468 nendus;
2375 4408 2452 4451 ex
2511 4390 2629 4452 hoc
2688 4398 2899 4453 tamen
2958 4408 3085 4454 non
3140 4399 3515 4473 sequeretur

2024 4490 2194 4571 quod
2244 4490 2467 4552 Scotus
2518 4489 2731 4565 infert,
2774 4491 3073 4553 videlicet
3116 4492 3286 4573 quod
3335 4498 3514 4553 actus

2025 4590 2387 4651 meritorius
2436 4607 2563 4652 non
2608 4600 2773 4653 esset
2818 4592 2883 4653 in
2926 4591 3204 4654 hominis
3249 4599 3519 4673 potesta-

2024 4696 2085 4750 te
2120 4705 2134 4749 :
2170 4696 2307 4749 tum
2340 4689 2490 4770 quia
2518 4697 2581 4750 et
2612 4689 2665 4751 is
2697 4689 2809 4770 qui
2838 4699 2935 4751 est
2967 4690 3033 4752 in
3064 4697 3323 4772 peccato
3356 4708 3519 4753 mor-

2024 4786 2133 4848 tali
2175 4795 2384 4867 potest
2423 4788 2749 4849 caritatem
2788 4789 3118 4869 acquirere
3162 4797 3225 4850 et
3266 4790 3519 4851 merito-

2024 4886 2116 4947 rie
2145 4885 2417 4967 operari,
2443 4886 2611 4966 quod
2643 4886 2708 4946 in
2740 4905 2806 4948 se
2837 4894 2932 4949 est
2963 4886 3271 4961 faciende,
3296 4888 3515 4968 sicque

2023 4992 2202 5046 actus
2261 4983 2624 5045 meritorius
2685 4984 2750 5045 in
2808 4984 2949 5065 ejus
3006 4992 3102 5045 est
3160 4992 3513 5065 potestate3

2024 5090 2162 5143 tum
2214 5080 2364 5162 quia
2410 5080 2669 5141 alterius
2716 5080 3036 5161 opinionis
3084 5080 3381 5143 defensor
3424 5101 3517 5145 re-

2025 5180 2387 5263 sponderet,
2421 5179 2588 5261 quod
2622 5179 2878 5240 homine
2909 5197 2975 5240 se
3007 5187 3398 5260 prae-parante
3428 5188 3515 5242 at-

2026 5298 2150 5361 que
2209 5278 2379 5361 quod
2438 5296 2625 5338 suum
2680 5284 2775 5337 est
2828 5286 3188 5357 peragente,
3239 5277 3511 5359 Spiritus
