4359 6250
1235 519 1408 566 mmm
1451 519 1470 564 1
1511 519 1992 567 san-rammam.
2038 538 2119 549 —
2159 521 2314 566 msr.
2358 523 2573 570 xxxvu
3333 507 3453 572 427

365 695 710 770 Quomodo
755 697 976 760 autem
1015 696 1198 760 Deus
1234 695 1486 758 habitet
1520 694 1588 757 in
1623 693 1838 776 bonis,
1871 712 1952 758 ex
1991 695 2125 759 illis
2163 695 2579 777 aliquatenus
2616 698 2979 780 intelligere
3016 699 3265 764 valebis
3302 717 3449 781 quae

367 831 562 895 supra
617 813 794 877 dicta
835 814 1012 894 sunt,
1065 829 1272 893 quum
1314 812 1395 874 de
1443 811 1729 893 Spiritus
1776 811 1997 875 Sancti
2044 813 2461 893 processione
2506 815 2851 895 temporali
2898 819 3199 896 ageretur
3247 836 3262 877 ε
3309 815 3446 895 ubi,
3503 841 3605 886 dist.
3630 857 3714 886 m.

366 930 515 994 licet
561 949 645 994 ex
690 931 898 1011 parte,
951 930 1304 1011 exponitur
1341 931 1448 1012 (ex
1494 929 1678 1010 parte
1729 927 1904 991 enim
1953 929 2435 1010 cognoscimUS,
2486 931 2552 994 et
2596 949 2679 994 ex
2723 933 2905 1012 parte
2951 931 3449 1014 prophetamus)
3502 951 3741 1006 nemum,

369 1047 698 1129 quomodo
729 1046 1014 1128 Spiritus
1051 1047 1329 1111 Sanctus
1367 1044 1615 1109 habitet
1651 1045 1718 1108 in
1751 1045 1965 1126 nobis,
1998 1045 2112 1128 qui
2143 1064 2275 1109 non
2304 1047 2445 1110 sine
2475 1047 2668 1111 Patre
2708 1049 2771 1110 et
2806 1048 2977 1111 Filio
3015 1048 3357 1112 inhabitat.
3478 1019 3521 1059 ‘³‘

732 1298 803 1362 C.
855 1303 986 1364 Ubi
1021 1300 1191 1362 erat
1229 1303 1343 1362 vel
1377 1301 1762 1365 habitabat
1800 1303 1990 1363 Deus
2027 1301 2429 1377 antequam
2468 1303 2654 1364 esset
2691 1304 3071 1366 creatura.

492 1514 564 1578 Si
601 1516 824 1577 autem
865 1514 1131 1594 quaeris,
1171 1512 1285 1577 ubi
1327 1513 1664 1577 habitabat
1703 1515 1885 1577 Deus
1925 1516 2279 1596 antequam
2312 1516 2520 1579 sancti
2551 1518 2809 1596 essent;
2848 1516 3155 1598 dicimus,
3198 1520 3351 1600 quia
3381 1521 3451 1583 in

365 1649 430 1694 se
469 1630 826 1694 habitabat.
861 1630 1048 1694 Unde
1079 1629 1493 1710 Augustinus
1531 1629 1598 1693 in
1628 1630 1795 1693 libro
1837 1631 2060 1692 contra
2095 1630 2536 1694 Maximinum
2581 1652 2594 1692 :
2636 1634 2713 1696 In
2750 1633 2997 1714 templo
3028 1633 3297 1716 (inquit)
3329 1653 3451 1699 suo
3507 1661 3615 1717 Aug.
3638 1661 3747 1705 eon-

365 1746 612 1808 habitat
658 1747 866 1824 Deua,
915 1747 1164 1810 scilicet
1215 1745 1282 1808 in
1331 1747 1598 1824 sanctiS,
1648 1747 1764 1827 qui
1818 1748 1975 1810 sunt
2029 1748 2352 1828 templum
2408 1749 2532 1812 Dei
2590 1751 2787 1813 modo
2836 1751 3193 1814 secundum
3252 1751 3449 1815 fidem
3479 1724 3598 1837 2212*
3598 1725 3747 1836 ’ῗζῗζῖζ

365 1863 792 1942 ambulanteS,
835 1865 901 1926 et
950 1863 1272 1944 templum
1323 1863 1444 1926 Dei
1503 1865 1694 1926 erunt
1747 1863 2098 1944 aliquando
2153 1864 2517 1927 secundum
2572 1867 2883 1946 speciem,
2924 1867 3207 1947 qualiter
3251 1867 3445 1930 etiarn
3478 1863 3529 1956 ξ,
3584 1849 3745 1954 ·,,“Ϊ“·

3675 1977 3700 2016 5

363 1996 530 2042 nunc
571 1979 896 2060 templum
939 1980 1062 2042 Dei
1099 1980 1256 2042 sunt
1292 1979 1528 2060 angeli.
1575 1979 1700 2042 Sed
1753 1980 1926 2042 dicet
1967 1980 2234 2059 aliquis,
2275 1981 2647 2061 Antequam
2696 1981 2934 2048 faceret
2984 1983 3163 2046 Deus
3210 1983 3449 2046 coelum
3504 1976 3663 2081 ¹¹²⁸&ss-
3685 2006 3743 2086 11·Ιὶ

365 2097 425 2158 et
469 2097 736 2176 terram,
777 2096 1128 2176 antequam
1175 2094 1414 2158 faceret
1459 2097 1744 2172 sanctoS‚
1784 2096 1897 2158 ubi
1949 2095 2337 2159 habitabat?
2387 2097 2465 2159 In
2516 2114 2586 2159 se
2643 2097 2978 2161 habitabat
3020 2099 3223 2178 DeUS,
3277 2100 3451 2181 apud
3485 2105 3549 2145 ¹⁰·

363 2231 428 2276 se
472 2211 750 2292 habitat,
792 2212 857 2274 et
905 2211 1079 2292 apud
1129 2229 1199 2274 se
1247 2212 1366 2274 est.
1417 2212 1565 2274 Non
1606 2228 1760 2292 ergo
1809 2212 2018 2274 sancti
2066 2211 2163 2274 sic
2209 2212 2364 2274 sunt
2409 2211 2649 2276 domus
2695 2213 2841 2292 Dei,
2887 2215 2963 2276 ut
2999 2231 3075 2276 ea
3124 2214 3452 2278 subtracta

366 2329 544 2392 cadat
579 2330 764 2392 Deus
797 2349 812 2389 :
855 2327 989 2390 imo
1021 2328 1117 2390 sic
1155 2326 1407 2390 habitat
1445 2329 1626 2390 Deus
1664 2327 1728 2389 in
1768 2327 2035 2408 sanctiS,
2069 2328 2144 2391 ut
2181 2327 2239 2391 si
2282 2328 2421 2409 ipse
2459 2328 2854 2409 discesserit,
2893 2331 3144 2392 cadant.

806 2571 887 2634 D.
929 2573 1162 2635 Multa
1200 2574 1314 2634 hic
1354 2573 1679 2634 breviter
1715 2573 1921 2635 docet
1957 2588 2116 2649 quoe
2153 2573 2600 2645 confirmant
2628 2574 3013 2646 praedicta.

490 2787 851 2852 Sciendum
911 2785 1009 2850 est
1060 2785 1283 2862 etiam,
1331 2785 1486 2866 quia
1532 2785 1608 2847 ut
1653 2784 1745 2847 ait
1781 2783 2197 2866 Augustinus
2234 2785 2303 2847 in
2352 2784 2517 2848 libro
2567 2786 2649 2848 ad
2692 2785 3094 2866 Dardanum,
3140 2785 3270 2848 dici
3319 2785 3447 2849 nisi
3478 2807 3741 2862 Augaza-2.

366 2904 752 2968 stultissime
789 2902 1042 2984 nequit,
1083 2900 1406 2982 Spiritum
1456 2902 1771 2965 Sanctum
1812 2919 1944 2964 non
1986 2900 2226 2964 habere
2272 2901 2491 2965 locum
2543 2902 2613 2965 in
2662 2903 2883 2965 nostro
2940 2920 3232 2984 corpore,
3272 2902 3450 2982 quod
3482 2871 3637 2922 ¹⁸⁷’n'
3663 2872 3727 2912 ¹⁵‘

364 3021 572 3083 totum
623 3021 842 3082 anima
895 3019 1120 3082 nostra
1167 3016 1580 3098 impleverit3
1622 3017 1892 3080 stultius
1939 3016 2134 3080 etiam
2187 3017 2451 3096 dicitur,
2491 3018 2815 3098 angustiis
2864 3018 3105 3082 alicubi
3144 3018 3451 3100 impediri

363 3137 769 3213 Trinitatem,
813 3138 889 3199 ut
924 3138 1118 3200 Pater
1155 3137 1220 3199 et
1253 3133 1468 3198 Filius
1507 3137 1571 3197 et
1607 3133 1894 3215 Spiritus
1936 3134 2217 3197 Sanctus
2266 3134 2505 3197 alicubi
2553 3136 2753 3198 simul
2803 3154 2944 3199 esse
2991 3153 3123 3199 non
3170 3138 3445 3218 possint.

365 3256 604 3319 Verum
646 3254 812 3317 illud
845 3257 944 3318 est
978 3254 1187 3317 multo
1228 3252 1620 3331 mirabilius,
1662 3250 1840 3331 quod
1879 3268 2082 3332 quum
2124 3252 2305 3314 Deus
2342 3250 2586 3332 ubique
2616 3253 2704 3315 sit
2740 3252 2941 3329 totus,
2972 3270 3102 3315 non
3133 3255 3351 3317 tamen
3380 3254 3449 3317 in
3480 3274 3651 3319 maan.
3678 3277 3741 3317 ισ.

367 3371 668 3435 omnibus
715 3371 987 3434 habitat.
1039 3369 1208 3443 Quis
1258 3385 1452 3449 porro
1497 3368 1732 3430 audeat
1784 3368 2062 3447 opinari,
2105 3367 2236 3430 nisi
2284 3367 2907 3448 inseparabilitatem
2953 3368 3292 3433 Trinitatis
3342 3390 3453 3452 pe-

365 3488 542 3551 nitus
587 3487 866 3569 ignoret,
909 3486 1088 3567 quod
1137 3484 1206 3547 in
1249 3484 1471 3564 aliquo
1523 3484 1736 3564 possit
1779 3483 2072 3546 habitare
2119 3483 2315 3545 Pater
2356 3484 2421 3546 et
2464 3483 2701 3561 Filius,
2734 3483 2803 3545 in
2849 3501 2981 3565 quo
3023 3501 3155 3546 non
3203 3485 3453 3549 habitet-

365 3605 643 3685 Spiritus
681 3604 984 3682 Sanctus,
1018 3603 1132 3666 aut
1163 3602 1230 3665 in
1267 3601 1490 3681 aliquo
1521 3600 1806 3681 Spiritus
1835 3600 2136 3678 SanctuS,
2171 3600 2238 3661 in
2271 3617 2401 3680 quo
2432 3617 2563 3662 non
2597 3599 2845 3661 habitet
2880 3600 3075 3663 Pater
3104 3602 3169 3663 et
3195 3602 3450 3665 Filius?

363 3719 722 3783 Fatendum
766 3720 866 3782 est
902 3734 1080 3799 ergo,
1122 3717 1367 3798 ubique
1416 3734 1556 3779 esse
1605 3716 1821 3779 Deum
1858 3733 1976 3797 per
2012 3715 2380 3778 divinitatis
2417 3714 2857 3796 praesentiam,
2891 3715 3005 3779 sed
3044 3733 3175 3778 non
3206 3716 3449 3798 ubique

361 3854 473 3917 per
509 3833 1006 3898 inhabitationis
1045 3834 1345 3913 gratiam.
1390 3832 1668 3912 Propter
1703 3831 1870 3894 hanc
1909 3831 2082 3894 enim
2127 3830 2667 3893 inhabitationem
2707 3831 2931 3911 gratiae
2970 3850 3101 3895 non
3140 3833 3445 3914 dicimus,

361 3952 551 4015 Pater
585 3951 808 4014 noster
842 3950 957 4030 qui
990 3967 1060 4012 es
1096 3948 1364 4029 ubique,
1406 3966 1614 4029 quum
1654 3948 1718 4010 et
1747 3946 1873 4009 hoc
1911 3962 2141 4010 verum
2173 3947 2302 4029 sit3
2349 3948 2485 4026 sed,
2522 3946 2647 4021 Qui
2694 3964 2763 4010 es
2794 3948 2862 4009 in
2901 3948 3106 4028 coeliS,
3149 3949 3213 4012 id
3245 3950 3344 4013 est
3380 3950 3447 4013 in
3490 3967 3743 4021 Macetum.

361 4069 622 4147 sanctis,
673 4067 742 4130 in
787 4065 1030 4147 quibus
1077 4066 1175 4129 est
1220 4065 1509 4145 quodam
1558 4062 2001 4127 excellentiori
2050 4064 2270 4126 mod0.
3476 4034 3518 4075 ⁹·

563 4309 638 4371 E.
689 4312 885 4377 Quod
914 4311 1104 4371 Deus
1133 4309 1592 4371 inhabitator
1621 4308 1730 4370 est
1767 4310 2262 4383 quorumdam
2302 4312 2627 4372 nondum
2656 4310 3245 4384 coquos-centium

923 4464 932 4473 -
1027 4428 1281 4499 Deum,
1325 4426 1397 4487 et
1432 4440 1584 4488 non
1623 4427 2112 4501 quorumdam
2153 4426 2765 4501 coquos-centium.

494 4642 663 4706 Illud
701 4658 966 4723 quoque
1007 4639 1305 4703 mirabile
1339 4642 1460 4721 est,
1496 4640 1650 4721 quia
1688 4640 1761 4702 ut
1805 4640 1898 4702 ait
1925 4639 2341 4721 Augustinus
2379 4639 2447 4701 in
2487 4639 2741 4719 eodem,
2774 4640 2954 4703 Deus
2984 4642 3083 4703 est
3123 4641 3449 4704 inhabita·
3480 4654 3740 4729 Augrpist.

367 4760 465 4821 tor
494 4758 926 4839 quorumdam
967 4756 1262 4819 nondum
1302 4756 1835 4835 cognoscentium
1874 4756 2112 4835 Deum,
2146 4756 2213 4819 et
2255 4772 2387 4817 non
2432 4755 2870 4835 quorumdam
2915 4756 3448 4836 cognoscentium
3482 4723 3723 4772 ¹⁸⁷’⁰‘²¹'

365 4876 596 4939 Deum.
637 4876 744 4939 Illi
785 4875 960 4939 enim
992 4874 1074 4937 ad
1101 4872 1426 4954 templum
1464 4871 1586 4935 Dei
1624 4890 1754 4933 non
1793 4872 2140 4953 pertinent,
2174 4874 2289 4953 qui
2330 4872 2794 4952 cognoscentes
2832 4872 3069 4949 Deum,
3110 4888 3241 4934 non
3278 4872 3452 4934 sicut
3478 4882 3740 4932 Rom-adt-

365 4992 575 5055 Deum
603 4992 992 5073 glorificant.
1029 4991 1133 5053 Ad
1161 4988 1485 5070 templum
1522 4988 1644 5051 Dei
1683 4988 2012 5069 pertinent
2046 4989 2303 5070 parvuli
2341 4987 2724 5052 sanctificati
2764 4986 3167 5049 sacramento
3206 4986 3449 5049 Christi

367 5108 430 5169 et
464 5107 821 5188 regenerati
850 5106 1102 5187 Spiritu
1130 5105 1392 5185 Sancto,
1433 5104 1547 5184 qui
1589 5104 1882 5166 nondum
1919 5103 2139 5167 valent
2175 5120 2564 5185 cognoscere
2601 5104 2839 5167 Deum.
2882 5101 3053 5181 Ergo
3092 5118 3287 5181 quem
3327 5119 3450 5183 po-

368 5224 627 5287 tuerunt
676 5222 774 5286 illi
823 5240 1016 5285 nosse
1068 5238 1188 5285 nec
1242 5219 1504 5299 habere,
1546 5220 1657 5283 isti
1712 5220 2069 5301 potuerunt
2116 5220 2351 5282 habere
2398 5219 2750 5299 antequam
2798 5233 3013 5279 nosse.
3072 5216 3451 5281 Beatissimi

369 5340 584 5403 autem
620 5338 774 5403 sunt
827 5336 926 5400 illi
976 5335 1219 5418 quibus
1259 5336 1385 5399 hoc
1432 5338 1531 5400 est
1571 5336 1786 5400 Deum
1839 5333 2077 5398 habere
2128 5335 2301 5423 quod
2352 5350 2569 5397 nosse.
2611 5332 2736 5396 Hic
2783 5332 3197 5413 aliquatenus
3243 5334 3452 5415 aperit
