4359 6250
1235 490 1389 549 Quor
1429 487 1614 540 uoms
1655 487 1748 538 sir
1789 487 1941 536 naus
1986 487 2048 536 m
2091 486 2446 548 cannonis,
2486 484 2613 537 erc.
3345 467 3465 536 449

371 658 538 721 Deus
579 678 706 724 uno
747 662 936 724 modo
975 649 1324 744 spiritualis
1363 664 1653 726 omnium
1691 663 1864 725 loeus
1895 660 1947 724 Α
1975 662 2440 742 spondendum,
2474 662 2642 743 quod
2672 661 2963 743 quamvis
2994 669 3161 724 totus
3191 662 3466 723 mundus

371 765 653 831 vocatur,
697 761 1000 841 quoniam
1040 761 1206 824 intra
1247 781 1314 823 se
1359 760 1862 843 comprehendit,
1975 760 2297 822 sensibilis
2338 779 2451 822 seu
2490 760 2679 821 etiam
2720 768 2924 822 totum
2962 760 3335 824 universum
3373 779 3469 821 es-

369 857 651 919 continet
709 867 773 920 et
841 868 1171 922 conservat
1229 860 1544 923 universa.
1607 861 1866 941 Propter
1974 865 2071 920 set
2111 858 2349 920 animal
2393 878 2617 932 unum,
2660 878 2771 920 seu
2818 879 3017 922 unum
3061 858 3462 942 simpliciter,

370 956 542 1036 quod
571 957 660 1018 ait
683 957 1225 1040 Gregorius,quod
1257 958 1464 1040 angeli
1494 958 1695 1020 sancti
1719 976 1867 1040 quo-
1975 963 2189 1020 tamen
2228 977 2347 1020 nec
2387 958 2664 1020 mundus
2704 976 2822 1019 nec
2858 958 3072 1020 anima
3113 957 3335 1019 mundi
3374 976 3469 1018 es-

370 1071 648 1136 eumque
688 1055 1042 1129 mittantur,
1078 1056 1244 1118 intra
1282 1056 1482 1118 Deum
1523 1063 1805 1118 currunt.
1974 1063 2070 1117 set
2101 1054 2341 1138 ubique
2372 1057 2580 1138 primo
2618 1064 2679 1118 et
2710 1075 2824 1138 per
2851 1075 2940 1130 se,
2974 1056 3141 1118 sicut
3178 1056 3300 1117 hoc
3340 1056 3468 1118 Deo

1976 1153 2318 1217 convenire
2348 1155 2708 1237 expositum
2740 1161 2853 1218 est.
2887 1156 3021 1217 Imo
3050 1155 3215 1216 sicut
3246 1152 3465 1215 Alber-

443 1249 542 1312 Ad
579 1249 831 1331 objecta
871 1252 1102 1315 solutio
1141 1260 1314 1335 patet
1353 1272 1430 1315 ex
1469 1253 1686 1332 dictis3
1723 1273 1864 1336 quae
1975 1258 2076 1314 tus
2117 1260 2180 1315 et
2220 1253 2545 1316 Udalricus
2583 1252 2931 1328 affirmant,
2965 1252 3019 1315 si
3058 1259 3226 1315 esset
3266 1271 3466 1313 unum

369 1355 584 1410 tamen
629 1348 906 1412 breviter
948 1350 1180 1413 clarius
1223 1359 1320 1414 est
1365 1352 1691 1432 tangenda.
1977 1368 2209 1433 corpus
2250 1349 2602 1424 infinitum,
2648 1351 2805 1412 illud
2846 1369 2971 1414 non
3020 1358 3187 1413 esset
3228 1349 3467 1431 ubique

445 1446 542 1507 Ad
574 1447 859 1528 primum
888 1466 1038 1529 ergo
1067 1449 1435 1523 dicendum,
1468 1449 1638 1530 quod
1673 1449 1860 1523 DeuS,
1977 1448 2185 1530 primo
2212 1455 2277 1511 et
2305 1467 2421 1531 per
2450 1467 2539 1522 se,
2572 1450 2682 1511 sed
2714 1467 2829 1532 per
2857 1457 3066 1531 partes
3107 1467 3254 1512 suas
3288 1468 3302 1512 :
3339 1449 3469 1511 imo

370 1553 680 1625 quantum
718 1555 816 1608 est
853 1565 930 1609 ex
971 1555 1148 1630 parte
1179 1547 1402 1630 ipsiuS,
1437 1555 1533 1610 est
1564 1565 1692 1610 uno
1732 1566 1862 1610 mo-
1975 1563 2103 1608 non
2146 1554 2313 1609 esset
2352 1545 2615 1628 ubique,
2657 1548 2767 1609 sed
2807 1547 3014 1610 solum
3056 1547 3121 1609 in
3164 1565 3292 1610 uno
3331 1546 3469 1609 loco

368 1643 448 1704 do
499 1643 566 1705 in
615 1644 808 1706 rebus
846 1663 864 1724 ;
913 1655 1008 1708 est
1059 1664 1313 1729 quoque
1373 1647 1438 1708 in
1497 1645 1688 1709 rebus
1736 1665 1864 1709 uno
1973 1645 2056 1726 (si
2090 1645 2397 1708 tamenin
2431 1645 2616 1726 loco),
2650 1665 2848 1727 quum
2888 1645 3064 1708 locus
3098 1647 3179 1707 sit
3212 1645 3471 1729 proprie

371 1741 559 1804 modo
591 1750 653 1804 et
687 1743 1114 1818 uniformiter,
1148 1744 1214 1807 id
1249 1753 1342 1807 est
1379 1745 1866 1822 incommutabi-
1976 1743 2352 1825 superficies
2384 1744 2788 1806 continentis,
2825 1744 2900 1806 Et
2929 1745 2983 1806 si
3015 1762 3140 1807 non
3172 1752 3337 1806 esset
3367 1744 3475 1806 ali-

370 1838 532 1902 liter.
580 1841 1054 1916 Verumtamen,
1101 1843 1266 1905 sicut
1311 1843 1448 1926 ipse
1496 1843 1559 1905 in
1609 1863 1677 1906 se
1726 1843 1865 1926 ipso
1900 1829 1956 1906 B'
1978 1842 2145 1923 quod
2179 1859 2409 1924 corpus
2450 1843 2575 1904 nisi
2608 1863 2773 1904 unus
2815 1842 2997 1926 lapiS,
3032 1842 3189 1904 illud
3220 1861 3348 1905 non
3380 1861 3475 1904 es-

370 1937 890 2021 simplicissimus
935 1960 1219 2013 manens,
1265 1959 1524 2006 omnem
1569 1942 1864 2025 perfecti·
1975 1946 2070 2000 set
2103 1939 2363 2022 ubique,
2388 1940 2450 2002 id
2481 1949 2575 2003 θεῖ
2607 1941 2672 2003 in
2704 1941 2877 2003 omni
2912 1940 3069 2013 loco,
3104 1942 3213 2003 sed
3248 1941 3313 2003 in
3345 1959 3473 2004 uno

367 2053 554 2098 onem
611 2055 725 2119 per
775 2036 1098 2100 infinitam
1155 2039 1598 2102 excellentiam
1651 2040 1862 2115 habet,
1974 2038 2323 2113 dumtaxat,
2366 2038 2516 2120 quia
2554 2056 2682 2101 non
2720 2046 2887 2102 esset
2926 2038 3047 2100 nisi
3090 2038 3267 2102 locus
3305 2058 3471 2101 unus

367 2143 430 2196 et
471 2135 921 2199 universorum
967 2137 1200 2200 ideales
1247 2138 1524 2200 rationes
1568 2139 1868 2202 distincte
1978 2135 2202 2217 ipsius.

370 2233 653 2296 intuetur
685 2253 758 2297 αθ
799 2235 983 2316 gerit,
1019 2243 1210 2317 atque
1245 2235 1762 2299 intellectualiter
1793 2256 1866 2299 ac
2056 2235 2274 2316 ltaque
2316 2234 2487 2297 modi
2527 2236 2763 2317 quibus
2800 2236 2963 2299 Deus
3002 2244 3099 2298 θεῖ
3143 2235 3207 2298 in
3255 2236 3469 2311 rebuS,

369 2330 568 2394 libere
617 2341 918 2414 operatur
943 2351 960 2414 3
1005 2334 1098 2396 sic
1143 2334 1280 2417 ipse
1325 2343 1422 2396 est
1464 2353 1655 2397 eausa
1700 2336 1868 2398 ordi·
1975 2353 2012 2394 a
2060 2333 2330 2396 diversis
2377 2334 2803 2397 diversimode
2846 2335 3265 2416 assignantur.
3314 2334 3471 2398 Nam

367 2429 466 2490 nis
495 2430 806 2506 universi,
841 2439 904 2494 et
932 2433 1126 2494 variis
1159 2434 1366 2496 modis
1403 2433 1533 2514 agit
1574 2440 1636 2495 et
1679 2432 1869 2497 habet
1977 2431 2246 2494 Thomas
2292 2433 2369 2494 de
2411 2431 2755 2512 Argentina
2802 2431 3102 2495 disseruit
3152 2450 3165 2494 :
3212 2433 3470 2514 Aliquid

369 2546 436 2596 Se
476 2545 491 2589 ε
535 2546 666 2592 non
708 2530 879 2612 quod
930 2531 1118 2593 realis
1158 2531 1491 2594 diversitas
1535 2532 1616 2593 sit
1663 2531 1728 2594 in
1768 2550 1864 2606 eo,
1976 2538 2072 2592 est
2115 2529 2180 2592 in
2226 2530 2364 2593 loco
2407 2527 2956 2612 circumscriptive
3000 2539 3063 2592 et
3114 2529 3469 2605 definitive,

369 2625 490 2688 nisi
549 2627 1004 2710 exemplariter
1058 2637 1248 2711 atque
1308 2629 1664 2702 causaliter,
1719 2630 1869 2710 quia
1980 2635 2048 2689 ut
2091 2645 2322 2710 corpus
2365 2636 2786 2706 contentum3
2831 2627 3069 2710 aliquid
3115 2627 3473 2702 definitive,

370 2725 656 2806 procedit
685 2726 872 2790 abeo
901 2747 916 2791 ε
951 2728 1121 2810 quod
1153 2747 1284 2791 suae
1313 2727 1705 2810 simplicitati
1736 2727 1871 2788 nul·
1979 2744 2104 2787 non
2150 2726 2722 2808 circumscriptive‚
2774 2733 2841 2787 ut
2883 2727 3187 2807 ange-lus3
3228 2727 3471 2808 aliquid

370 2822 618 2887 latenus
669 2826 946 2908 derogat,
993 2827 1124 2890 imo
1171 2847 1300 2890 suae
1349 2846 1614 2890 summae
1663 2825 1868 2910 perfe-
1979 2841 2094 2885 nec
2143 2825 2258 2898 sic,
2312 2843 2429 2886 nec
2480 2825 2595 2895 sic,
2647 2824 2758 2886 sed
2814 2825 3351 2900 transcendenter‚
3407 2831 3475 2886 ut

371 2924 567 2986 ctioni
614 2925 890 2988 maxime
934 2935 1240 2989 consonat
1281 2933 1344 2988 et
1384 2925 1629 2988 alludit.
1663 2962 1744 2971 —
1775 2927 1868 2988 Ad
1978 2923 2144 2984 Deus
2180 2942 2195 2986 :
2234 2923 2403 3004 quod
2446 2930 2540 2985 est
2584 2922 2887 3004 quoniam
2930 2923 3096 2984 Deus
3139 2941 3267 2985 non
3311 2923 3474 2986 indi-

370 3023 749 3097 secundum,
796 3026 967 3106 quod
1014 3025 1122 3087 illa
1165 3025 1490 3087 distinctio
1535 3024 1700 3087 bona
1749 3033 1864 3100 est,
1905 3021 1949 3084 G
1981 3020 2278 3082 viduatur
2320 3039 2435 3103 per
2477 3021 2807 3083 materiam
2852 3021 3017 3084 sicut
3060 3038 3313 3104 corpus,
3354 3039 3474 3084 nec

371 3130 436 3183 et
472 3121 658 3202 juxta
698 3142 840 3186 eam
884 3124 1183 3187 convenit
1225 3124 1354 3187 Deo
1391 3142 1529 3185 esse
1571 3123 1636 3185 in
1678 3123 1868 3185 rebus
1978 3138 2094 3201 per
2130 3119 2535 3202 suppositum
2576 3128 2644 3182 ut
2684 3118 2967 3201 angelus.
3011 3119 3202 3183 Porro
3243 3138 3473 3203 corpus

371 3238 502 3282 uno
542 3220 732 3283 modo
765 3238 780 3282 :
813 3240 930 3303 per
967 3240 1160 3303 quem
1200 3230 1412 3283 tamen
1452 3221 1559 3283 alii
1601 3240 1727 3284 non
1767 3240 1870 3283 ex·
1979 3216 2209 3279 Christi
2264 3225 2361 3280 est
2416 3218 2480 3279 in
2532 3217 2825 3300 pluribus
2881 3205 3045 3281 locis'
3096 3218 3216 3280 sub
3270 3238 3473 3281 sacra-

371 3318 742 3393 cluduntur,
791 3319 942 3401 quia
984 3320 1336 3381 secundum
1387 3319 1672 3382 diversas
1723 3337 1868 3382 con·
1979 3315 2364 3378 mentalibus
2405 3315 2762 3398 speciebus,
2796 3336 2921 3380 non
2965 3325 3175 3379 tamen
3211 3315 3469 3398 ubique.

370 3416 811 3492 siderationeS,
845 3416 1270 3481 diversimode
1299 3418 1706 3499 assignantur
1736 3436 1867 3480 mo·
1978 3413 2142 3475 Deus
2195 3432 2449 3498 quoque
2504 3422 2598 3477 est
2652 3415 2717 3478 in
2771 3415 3071 3478 omnibus
3130 3434 3245 3497 per
3296 3423 3474 3478 natu-

371 3514 435 3575 di
475 3514 865 3578 exsistentia!
903 3514 1013 3577 Dei
1063 3515 1127 3577 in
1171 3515 1381 3578 rebus.
1429 3552 1509 3560 -
1545 3516 1662 3579 Per
1699 3516 1868 3598 quod
1979 3530 2136 3585 ram,
2180 3512 2245 3574 in
2289 3512 2473 3575 bonis
2518 3532 2632 3596 per
2671 3514 2961 3594 gratiam,
3004 3513 3069 3575 in
3112 3513 3319 3576 Beatis
3362 3533 3476 3596 per

373 3620 551 3695 patet
606 3612 839 3676 solutio
895 3613 1086 3676 tertii.
1139 3614 1214 3675 Et
1271 3613 1436 3675 sicut
1496 3621 1869 3696 praetaetum
1977 3610 2244 3691 gloriam
2283 3610 2378 3691 (in
2418 3629 2691 3693 quorum
2732 3610 3023 3673 rationali
3065 3618 3160 3673 θεῖ
3202 3618 3274 3671 ut
3314 3612 3475 3673 veri-

371 3717 494 3782 est,
539 3708 707 3771 Deus
758 3709 993 3771 dicitur
1032 3728 1170 3772 esse
1217 3709 1278 3771 in
1323 3709 1514 3772 rebus
1557 3729 1672 3792 per
1713 3730 1870 3793 prae-
1978 3718 2072 3773 tas
2115 3710 2281 3771 clare
2312 3710 2468 3782 visa,
2507 3710 2571 3772 in
2602 3709 3092 3792 concupiscibili
3122 3717 3192 3771 ut
3221 3709 3471 3773 bonitas

372 3808 642 3870 sentiam
673 3806 916 3869 ratione
945 3808 1272 3889 sapientiae
1301 3827 1374 3870 ac
1405 3808 1686 3873 scientiae
1716 3830 1867 3884 suae,
1979 3816 2042 3870 et
2090 3807 2360 3871 dulcedo
2407 3807 2737 3889 perfruita,
2781 3810 2845 3871 in
2897 3808 3201 3870 irascibili
3252 3816 3322 3870 ut
3368 3826 3474 3890 po-

374 3924 503 3987 qua
549 3912 780 3967 cuncta
827 3907 1010 3987 quasi
1060 3907 1542 3988 praesentialiter
1589 3917 1871 3972 contem·
1980 3915 2170 3969 testas
2210 3926 2459 3969 summe
2499 3906 2981 3987 confortativa);
3013 3925 3129 3989 per
3168 3906 3471 3969 unionem

373 4004 607 4086 platur.
641 4004 856 4086 Aliqui
887 4011 1100 4067 tamen
1140 4005 1383 4081 dicunt,
1418 4007 1581 4070 sicut
1620 4015 1684 4070 et
1713 4008 1870 4071 Tho·
1981 4006 2046 4067 in
2078 4006 2473 4068 humanitate
2503 4012 2829 4087 assumpta
2862 4023 2876 4068 :
2910 4005 3131 4086 sicque
3162 4005 3226 4067 in
3259 4005 3473 4069 triduo

373 4120 532 4176 mas,
583 4102 755 4183 quod
805 4120 904 4164 res
953 4102 1256 4165 dicuntur
1302 4122 1442 4166 esse
1492 4105 1558 4167 in
1607 4106 1756 4179 Deo,
1805 4107 1870 4168 in
1983 4104 2205 4167 mortis
2256 4124 2329 4167 αθ
2380 4103 2722 4185 sepulturae
2771 4102 2895 4165 fuit
2942 4101 3008 4165 in
3061 4121 3247 4165 carne
3298 4104 3473 4167 Chri-

371 4209 688 4282 quantum
735 4202 871 4283 ipse
915 4202 1239 4283 cognoscit
1281 4210 1343 4264 et
1388 4203 1523 4265 vult
1567 4223 1678 4267 seu
1722 4205 1951 4267 dili-‘D
1981 4204 2059 4265 sti
2116 4202 2179 4264 in
2235 4209 2670 4275 monumentO,
2716 4208 2778 4263 et
2835 4201 2897 4263 in
2950 4201 3164 4263 anima
3214 4201 3355 4282 ejus
3410 4202 3473 4263 in

369 4299 466 4380 git
509 4318 638 4373 eaS,
682 4299 885 4381 magis
925 4319 1116 4381 quam
1158 4300 1296 4382 ipse
1340 4301 1589 4363 dicatur
1625 4321 1762 4366 esse
1803 4304 1870 4365 in
1983 4299 2185 4361 limbo.
2200 4299 2307 4361 Est
2337 4298 2490 4361 item
2522 4298 2587 4359 in
2618 4297 2807 4361 rebus
2838 4316 2949 4380 per
2972 4298 3360 4363 occultorum
3389 4318 3477 4361 re-

371 4397 487 4459 eis.
547 4397 675 4460 Cur
724 4406 938 4459 autem
994 4398 1358 4480 specialiter
1407 4398 1655 4461 dicatur
1705 4401 1869 4463 Deus
1982 4396 2585 4476 velationem,juxta
2614 4395 2772 4457 illud
2803 4395 2869 4457 in
2900 4395 3329 4471 Genesi,Vere
3360 4398 3474 4460 Do-
3515 4424 3767 4477 omnum,

369 4513 516 4557 esse
574 4496 642 4557 in
699 4495 956 4558 entibus
1014 4514 1129 4578 per
1185 4496 1549 4570 essentiam,
1605 4517 1872 4579 praesen-
1983 4496 2196 4559 minus
2226 4503 2321 4559 est
2349 4496 2415 4557 in
2449 4496 2588 4558 loco
2628 4494 2787 4575 ist03
2822 4513 2936 4577 per
2963 4496 3215 4577 vestigii
3248 4515 3474 4579 reprae-
3504 4492 3569 4531 ¹⁵·

371 4594 556 4669 tiam,
617 4594 990 4677 potentiam,
1052 4602 1148 4657 est
1209 4614 1603 4679 expressum.
1665 4596 1871 4660 Potest
1981 4595 2421 4669 sentationem,
2456 4612 2571 4677 per
2600 4593 2895 4675 imaginis
2934 4602 2993 4656 et
3035 4594 3475 4658 similitudinis

369 4692 572 4755 etiam
612 4692 1004 4777 responderi,
1041 4693 1211 4775 quod
1250 4693 1415 4756 Deus
1451 4702 1545 4757 est
1582 4694 1647 4756 in
1681 4696 1870 4758 rebus
1981 4692 2478 4775 expressionem,
2533 4711 2649 4775 per
2705 4692 2995 4755 essentiae
3053 4691 3469 4767 identitatem,

371 4810 493 4873 per
549 4791 952 4874 sapientiam,
1004 4811 1130 4873 qua
1187 4810 1293 4854 eas
1349 4793 1677 4874 gubernat,
1736 4796 1874 4875 [per
1983 4792 2148 4853 sicut
2187 4791 2365 4854 Pater
2394 4792 2460 4852 in
2490 4791 2650 4853 Filio
2688 4784 2747 4853 et'
2788 4797 3066 4864 econtra,
3098 4798 3161 4853 et
3201 4791 3475 4873 Spiritus

371 4889 798 4964 voluntatem,
819 4909 968 4972 qua
1003 4908 1108 4952 eas
1149 4891 1480 4970 condidit,]
1519 4897 1581 4953 et
1621 4910 1735 4974 per
1767 4891 1872 4955 bo·
1983 4890 2249 4952 Sanctus
2280 4889 2347 4953 in
2378 4896 2647 4970 utroque
2676 4895 2739 4951 et
2764 4906 3125 4951 econverso.
3151 4888 3258 4951 Est
3282 4889 3475 4951 etiam

371 4990 642 5051 nitatem
684 5008 799 5051 seu
841 4988 1372 5063 benevolentiam,
1417 5008 1545 5071 qua
1581 5010 1686 5053 eas
1726 5009 1872 5053 con·
1985 4997 2056 5051 ut
2082 4988 2289 5072 Alpha
2324 4995 2388 5051 et
2418 4986 2669 5068 Omega.
2703 4987 2942 5050 Rursus
2974 4986 3209 5049 dicitur
3238 5004 3376 5049 esse
3408 4988 3475 5050 in

369 5096 626 5168 servat3
669 5095 734 5149 et
779 5088 947 5169 quod
999 5086 1092 5149 illi
1141 5105 1214 5149 ac
1263 5087 1506 5150 similes
1558 5089 1729 5152 modi
1777 5109 1872 5153 re·
1983 5087 2175 5151 rebus
2216 5105 2330 5168 per
2371 5084 2823 5147 miraculorum
2864 5084 3319 5166 operationem,
3362 5104 3478 5167 per

370 5187 701 5249 ducuntur
757 5187 836 5248 ad
895 5194 1021 5248 tres
1081 5186 1301 5249 modos
1361 5187 1714 5268 praedictos,
1773 5188 1873 5251 vel
1986 5185 2342 5250 coelestium
2372 5183 2693 5245 visionum
2731 5181 3181 5255 ostensionem,
3212 5182 3378 5245 sicut
3411 5184 3477 5246 in

372 5287 588 5370 potius
626 5285 1048 5349 includuntur
1082 5286 1147 5348 in
1181 5284 1293 5347 eis.
1334 5321 1415 5329 —
1448 5284 1540 5347 Ad
1575 5286 1749 5349 aliud
1783 5306 1878 5365 ‘re-
1983 5294 2150 5351 terra
2193 5291 2255 5347 et
2297 5289 2508 5344 monte
2538 5280 2587 5341 V
2594 5280 2859 5359 isionis3
2892 5279 2961 5343 in
3005 5282 3263 5357 mund0,
3310 5282 3479 5351 sicut

628 5421 695 5473 T.
732 5422 814 5473 20.
3166 5414 3229 5469 29
