<?xml version="1.0" encoding="UTF-8"?>
<!DOCTYPE html PUBLIC "-//W3C//DTD XHTML 1.0 Transitional//EN"
    "http://www.w3.org/TR/xhtml1/DTD/xhtml1-transitional.dtd">
<html xmlns="http://www.w3.org/1999/xhtml" xml:lang="en" lang="en">
 <head>
  <title>
</title>
<meta http-equiv="Content-Type" content="text/html;charset=utf-8" />
  <meta name='ocr-system' content='tesseract 3.04.00' />
  <meta name='ocr-capabilities' content='ocr_page ocr_carea ocr_par ocr_line ocrx_word'/>
</head>
<body>
  <div class='ocr_page' id='page_1' title='image "./doctorisecstati11unkngoog_0546.png"; bbox 0 0 4359 6250; ppageno 0'>
   <div class='ocr_carea' id='block_1_1' title="bbox 573 3158 836 3210">
    <p class='ocr_par' dir='ltr' id='par_1_1' title="bbox 573 3158 836 3210">
     <span class='ocr_line' id='line_1_1' title="bbox 573 3158 836 3210; baseline 0.008 -7"><span class='ocrx_word' id='word_1_1' title='bbox 573 3158 696 3203; x_wconf 81' lang='lat' dir='ltr'>Rom.</span> <span class='ocrx_word' id='word_1_2' title='bbox 709 3163 836 3210; x_wconf 54' lang='lat'><strong>1133.</strong></span> 
     </span>
    </p>
   </div>
   <div class='ocr_carea' id='block_1_2' title="bbox 870 489 992 554">
    <p class='ocr_par' dir='ltr' id='par_1_2' title="bbox 870 489 992 554">
     <span class='ocr_line' id='line_1_2' title="bbox 870 489 992 554; baseline 0.008 -1"><span class='ocrx_word' id='word_1_3' title='bbox 870 489 992 554; x_wconf 76' lang='lat'>534</span> 
     </span>
    </p>
   </div>
   <div class='ocr_carea' id='block_1_3' title="bbox 1552 504 3304 568">
    <p class='ocr_par' dir='ltr' id='par_1_3' title="bbox 1552 504 3304 568">
     <span class='ocr_line' id='line_1_3' title="bbox 1552 504 3304 568; baseline -0.002 -14"><span class='ocrx_word' id='word_1_4' title='bbox 1552 508 1615 554; x_wconf 83' lang='grc' dir='ltr'>ΙΝ</span> <span class='ocrx_word' id='word_1_5' title='bbox 1655 509 1876 554; x_wconf 72' lang='lat' dir='ltr'>LIBRUM</span> <span class='ocrx_word' id='word_1_6' title='bbox 1918 508 1940 553; x_wconf 87' lang='lat'>1</span> <span class='ocrx_word' id='word_1_7' title='bbox 1981 505 2464 565; x_wconf 71' lang='lat' dir='ltr'>SENTENTtARuu.</span> <span class='ocrx_word' id='word_1_8' title='bbox 2508 523 2590 533; x_wconf 88' lang='grc'>-</span> <span class='ocrx_word' id='word_1_9' title='bbox 2629 505 2782 551; x_wconf 80' lang='lat' dir='ltr'>msT.</span> <span class='ocrx_word' id='word_1_10' title='bbox 2826 505 2968 568; x_wconf 56' lang='lat'>11³3</span> <span class='ocrx_word' id='word_1_11' title='bbox 3012 504 3235 561; x_wconf 78' lang='lat' dir='ltr'><strong>QUAEST.</strong></span> <span class='ocrx_word' id='word_1_12' title='bbox 3283 505 3304 551; x_wconf 88' lang='lat'>1</span> 
     </span>
    </p>
   </div>
   <div class='ocr_carea' id='block_1_4' title="bbox 873 676 3977 762">
    <p class='ocr_par' dir='ltr' id='par_1_4' title="bbox 873 676 3977 762">
     <span class='ocr_line' id='line_1_4' title="bbox 873 676 3977 762; baseline -0.002 -20"><span class='ocrx_word' id='word_1_13' title='bbox 873 679 952 742; x_wconf 87' lang='lat' dir='ltr'>Et</span> <span class='ocrx_word' id='word_1_14' title='bbox 1005 679 1058 742; x_wconf 92' lang='lat' dir='ltr'>si</span> <span class='ocrx_word' id='word_1_15' title='bbox 1119 689 1458 762; x_wconf 83' lang='lat' dir='ltr'>quaeratur,</span> <span class='ocrx_word' id='word_1_16' title='bbox 1519 699 1714 762; x_wconf 87' lang='lat' dir='ltr'>quare</span> <span class='ocrx_word' id='word_1_17' title='bbox 1770 698 1896 742; x_wconf 91' lang='lat' dir='ltr'>non</span> <span class='ocrx_word' id='word_1_18' title='bbox 1953 680 2091 741; x_wconf 86' lang='lat' dir='ltr'>vult</span> <span class='ocrx_word' id='word_1_19' title='bbox 2148 697 2369 742; x_wconf 89' lang='lat' dir='ltr'>omnes</span> <span class='ocrx_word' id='word_1_20' title='bbox 2399 676 2451 740; x_wconf 82' lang='lat' dir='ltr'>A</span> <span class='ocrx_word' id='word_1_21' title='bbox 2481 677 2921 740; x_wconf 89' lang='lat' dir='ltr'>remotissima.</span> <span class='ocrx_word' id='word_1_22' title='bbox 2951 678 3094 741; x_wconf 92' lang='lat' dir='ltr'>Ideo</span> <span class='ocrx_word' id='word_1_23' title='bbox 3124 676 3339 739; x_wconf 91' lang='lat' dir='ltr'>nullus</span> <span class='ocrx_word' id='word_1_24' title='bbox 3370 676 3559 739; x_wconf 90' lang='lat' dir='ltr'>debet</span> <span class='ocrx_word' id='word_1_25' title='bbox 3586 694 3725 738; x_wconf 86' lang='lat' dir='ltr'>cam</span> <span class='ocrx_word' id='word_1_26' title='bbox 3760 676 3826 738; x_wconf 92' lang='lat' dir='ltr'>in</span> <span class='ocrx_word' id='word_1_27' title='bbox 3856 676 3977 737; x_wconf 89' lang='lat' dir='ltr'>hac</span> 
     </span>
    </p>
   </div>
   <div class='ocr_carea' id='block_1_5' title="bbox 868 777 2371 1844">
    <p class='ocr_par' dir='ltr' id='par_1_5' title="bbox 868 777 2371 1844">
     <span class='ocr_line' id='line_1_5' title="bbox 874 777 2368 859; baseline -0.001 -20"><span class='ocrx_word' id='word_1_28' title='bbox 874 778 1166 840; x_wconf 89' lang='lat' dir='ltr'>homines</span> <span class='ocrx_word' id='word_1_29' title='bbox 1201 778 1556 859; x_wconf 79' lang='lat' dir='ltr'>justificare</span> <span class='ocrx_word' id='word_1_30' title='bbox 1586 779 1908 841; x_wconf 84' lang='lat' dir='ltr'>voluntate</span> <span class='ocrx_word' id='word_1_31' title='bbox 1947 777 2368 858; x_wconf 82' lang='lat' dir='ltr'>beneplaciti3</span> 
     </span>
     <span class='ocr_line' id='line_1_6' title="bbox 873 875 2370 958; baseline -0.001 -20"><span class='ocrx_word' id='word_1_32' title='bbox 873 877 1238 951; x_wconf 91' lang='lat' dir='ltr'>dicendum,</span> <span class='ocrx_word' id='word_1_33' title='bbox 1281 878 1448 958; x_wconf 93' lang='lat' dir='ltr'>quod</span> <span class='ocrx_word' id='word_1_34' title='bbox 1499 879 1619 940; x_wconf 90' lang='lat' dir='ltr'>hoc</span> <span class='ocrx_word' id='word_1_35' title='bbox 1661 886 1758 938; x_wconf 86' lang='lat' dir='ltr'>est</span> <span class='ocrx_word' id='word_1_36' title='bbox 1807 885 2064 958; x_wconf 84' lang='lat' dir='ltr'>propter</span> <span class='ocrx_word' id='word_1_37' title='bbox 2105 875 2370 956; x_wconf 61' lang='lat' dir='ltr'>justitia}</span> 
     </span>
     <span class='ocr_line' id='line_1_7' title="bbox 873 974 2371 1055; baseline 0 -19"><span class='ocrx_word' id='word_1_38' title='bbox 873 995 1003 1038; x_wconf 80' lang='lat' dir='ltr'>suae</span> <span class='ocrx_word' id='word_1_39' title='bbox 1050 976 1498 1038; x_wconf 85' lang='lat' dir='ltr'>ostensionem.</span> <span class='ocrx_word' id='word_1_40' title='bbox 1544 977 1718 1038; x_wconf 90' lang='lat' dir='ltr'>Unde</span> <span class='ocrx_word' id='word_1_41' title='bbox 1766 975 2156 1055; x_wconf 83' lang='lat' dir='ltr'>Augustinus</span> <span class='ocrx_word' id='word_1_42' title='bbox 2209 974 2371 1036; x_wconf 90' lang='lat' dir='ltr'>libro</span> 
     </span>
     <span class='ocr_line' id='line_1_8' title="bbox 871 1073 2368 1136; baseline -0.001 -1"><span class='ocrx_word' id='word_1_43' title='bbox 871 1074 948 1135; x_wconf 91' lang='lat' dir='ltr'>de</span> <span class='ocrx_word' id='word_1_44' title='bbox 990 1073 1254 1136; x_wconf 81' lang='lat' dir='ltr'>Civitate</span> <span class='ocrx_word' id='word_1_45' title='bbox 1295 1074 1404 1136; x_wconf 89' lang='lat' dir='ltr'>Dei</span> <span class='ocrx_word' id='word_1_46' title='bbox 1443 1093 1456 1135; x_wconf 91' lang='lat'>:</span> <span class='ocrx_word' id='word_1_47' title='bbox 1490 1075 1552 1136; x_wconf 91' lang='lat' dir='ltr'>Si</span> <span class='ocrx_word' id='word_1_48' title='bbox 1599 1082 2000 1136; x_wconf 77' lang='lat' dir='ltr'>remanerent</span> <span class='ocrx_word' id='word_1_49' title='bbox 2037 1091 2257 1135; x_wconf 91' lang='lat' dir='ltr'>omnes</span> <span class='ocrx_word' id='word_1_50' title='bbox 2303 1073 2368 1134; x_wconf 91' lang='lat' dir='ltr'>in</span> 
     </span>
     <span class='ocr_line' id='line_1_9' title="bbox 871 1170 2370 1255; baseline -0.002 -20"><span class='ocrx_word' id='word_1_51' title='bbox 871 1191 1080 1254; x_wconf 88' lang='lat' dir='ltr'>poena,</span> <span class='ocrx_word' id='word_1_52' title='bbox 1115 1191 1242 1234; x_wconf 93' lang='lat' dir='ltr'>non</span> <span class='ocrx_word' id='word_1_53' title='bbox 1277 1181 1610 1255; x_wconf 87' lang='lat' dir='ltr'>appareret</span> <span class='ocrx_word' id='word_1_54' title='bbox 1637 1173 1837 1253; x_wconf 82' lang='lat' dir='ltr'>gratia</span> <span class='ocrx_word' id='word_1_55' title='bbox 1875 1170 2370 1234; x_wconf 86' lang='lat' dir='ltr'>misericorditer</span> 
     </span>
     <span class='ocr_line' id='line_1_10' title="bbox 871 1270 2369 1349; baseline -0.001 -17"><span class='ocrx_word' id='word_1_56' title='bbox 871 1271 1278 1349; x_wconf 81' lang='lat' dir='ltr'>redimentis3</span> <span class='ocrx_word' id='word_1_57' title='bbox 1319 1279 1380 1333; x_wconf 87' lang='lat' dir='ltr'>et</span> <span class='ocrx_word' id='word_1_58' title='bbox 1413 1272 1462 1333; x_wconf 93' lang='lat' dir='ltr'>si</span> <span class='ocrx_word' id='word_1_59' title='bbox 1497 1290 1718 1334; x_wconf 88' lang='lat' dir='ltr'>omnes</span> <span class='ocrx_word' id='word_1_60' title='bbox 1749 1272 1827 1333; x_wconf 91' lang='lat' dir='ltr'>de</span> <span class='ocrx_word' id='word_1_61' title='bbox 1858 1270 2136 1332; x_wconf 91' lang='lat' dir='ltr'>tenebris</span> <span class='ocrx_word' id='word_1_62' title='bbox 2168 1277 2369 1331; x_wconf 90' lang='lat' dir='ltr'>trans-</span> 
     </span>
     <span class='ocr_line' id='line_1_11' title="bbox 868 1367 2371 1450; baseline -0.002 -20"><span class='ocrx_word' id='word_1_63' title='bbox 868 1369 1190 1431; x_wconf 79' lang='lat' dir='ltr'>ferrentur</span> <span class='ocrx_word' id='word_1_64' title='bbox 1215 1370 1293 1431; x_wconf 89' lang='lat' dir='ltr'>ad</span> <span class='ocrx_word' id='word_1_65' title='bbox 1332 1371 1563 1443; x_wconf 91' lang='lat' dir='ltr'>lucem,</span> <span class='ocrx_word' id='word_1_66' title='bbox 1596 1369 1660 1430; x_wconf 92' lang='lat' dir='ltr'>in</span> <span class='ocrx_word' id='word_1_67' title='bbox 1697 1369 1874 1432; x_wconf 91' lang='lat' dir='ltr'>nullo</span> <span class='ocrx_word' id='word_1_68' title='bbox 1912 1375 2246 1450; x_wconf 81' lang='lat' dir='ltr'>appareret</span> <span class='ocrx_word' id='word_1_69' title='bbox 2280 1367 2371 1428; x_wconf 93' lang='lat' dir='ltr'>di-</span> 
     </span>
     <span class='ocr_line' id='line_1_12' title="bbox 868 1466 2368 1549; baseline -0.001 -20"><span class='ocrx_word' id='word_1_70' title='bbox 868 1467 1113 1529; x_wconf 91' lang='lat' dir='ltr'>strictio</span> <span class='ocrx_word' id='word_1_71' title='bbox 1151 1467 1409 1530; x_wconf 88' lang='lat' dir='ltr'>ult-ionis</span> <span class='ocrx_word' id='word_1_72' title='bbox 1441 1485 1454 1528; x_wconf 78' lang='grc' dir='ltr'><strong>ε</strong></span> <span class='ocrx_word' id='word_1_73' title='bbox 1487 1468 1551 1529; x_wconf 92' lang='lat' dir='ltr'>in</span> <span class='ocrx_word' id='word_1_74' title='bbox 1588 1487 1712 1549; x_wconf 88' lang='lat' dir='ltr'>qua</span> <span class='ocrx_word' id='word_1_75' title='bbox 1747 1485 1934 1548; x_wconf 86' lang='lat' dir='ltr'>poena</span> <span class='ocrx_word' id='word_1_76' title='bbox 1967 1473 2116 1528; x_wconf 87' lang='lat' dir='ltr'>sunt</span> <span class='ocrx_word' id='word_1_77' title='bbox 2152 1466 2368 1547; x_wconf 84' lang='lat' dir='ltr'>plures</span> 
     </span>
     <span class='ocr_line' id='line_1_13' title="bbox 869 1564 2366 1647; baseline -0.001 -21"><span class='ocrx_word' id='word_1_78' title='bbox 869 1584 1061 1647; x_wconf 88' lang='lat' dir='ltr'>quam</span> <span class='ocrx_word' id='word_1_79' title='bbox 1120 1565 1186 1627; x_wconf 93' lang='lat' dir='ltr'>in</span> <span class='ocrx_word' id='word_1_80' title='bbox 1243 1566 1443 1646; x_wconf 88' lang='lat' dir='ltr'>gratia</span> <span class='ocrx_word' id='word_1_81' title='bbox 1500 1583 1612 1627; x_wconf 92' lang='lat' dir='ltr'>seu</span> <span class='ocrx_word' id='word_1_82' title='bbox 1667 1564 1866 1646; x_wconf 90' lang='lat' dir='ltr'>gloria</span> <span class='ocrx_word' id='word_1_83' title='bbox 1921 1572 2230 1646; x_wconf 87' lang='lat' dir='ltr'>quantum</span> <span class='ocrx_word' id='word_1_84' title='bbox 2289 1564 2366 1625; x_wconf 91' lang='lat' dir='ltr'>ad</span> 
     </span>
     <span class='ocr_line' id='line_1_14' title="bbox 868 1662 2365 1746; baseline -0.001 -21"><span class='ocrx_word' id='word_1_85' title='bbox 868 1663 1181 1738; x_wconf 84' lang='lat' dir='ltr'>homineS‚</span> <span class='ocrx_word' id='word_1_86' title='bbox 1235 1672 1302 1726; x_wconf 93' lang='lat' dir='ltr'>ut</span> <span class='ocrx_word' id='word_1_87' title='bbox 1351 1670 1649 1746; x_wconf 83' lang='lat' dir='ltr'>appareat</span> <span class='ocrx_word' id='word_1_88' title='bbox 1698 1663 1850 1745; x_wconf 92' lang='lat' dir='ltr'>quid</span> <span class='ocrx_word' id='word_1_89' title='bbox 1912 1662 2212 1725; x_wconf 90' lang='lat' dir='ltr'>omnibus</span> <span class='ocrx_word' id='word_1_90' title='bbox 2261 1662 2365 1724; x_wconf 91' lang='lat' dir='ltr'>de-</span> 
     </span>
     <span class='ocr_line' id='line_1_15' title="bbox 869 1761 2367 1844; baseline -0.002 -20"><span class='ocrx_word' id='word_1_91' title='bbox 869 1761 1156 1825; x_wconf 86' lang='lat' dir='ltr'>bebatur.</span> <span class='ocrx_word' id='word_1_92' title='bbox 1190 1763 1256 1825; x_wconf 91' lang='lat' dir='ltr'>Si</span> <span class='ocrx_word' id='word_1_93' title='bbox 1288 1782 1437 1825; x_wconf 92' lang='lat' dir='ltr'>vero</span> <span class='ocrx_word' id='word_1_94' title='bbox 1465 1771 1785 1844; x_wconf 62' lang='lat' dir='ltr'>quaeratur</span> <span class='ocrx_word' id='word_1_95' title='bbox 1816 1763 1879 1824; x_wconf 91' lang='lat' dir='ltr'>in</span> <span class='ocrx_word' id='word_1_96' title='bbox 1911 1761 2195 1844; x_wconf 89' lang='lat' dir='ltr'>speciali,</span> <span class='ocrx_word' id='word_1_97' title='bbox 2221 1780 2367 1842; x_wconf 91' lang='lat' dir='ltr'>qua·</span> 
     </span>
    </p>
   </div>
   <div class='ocr_carea' id='block_1_6' title="bbox 2478 776 3981 1153">
    <p class='ocr_par' dir='ltr' id='par_1_6' title="bbox 2478 776 3981 1153">
     <span class='ocr_line' id='line_1_16' title="bbox 2478 776 3979 858; baseline -0.001 -20"><span class='ocrx_word' id='word_1_98' title='bbox 2478 776 2609 839; x_wconf 89' lang='lat' dir='ltr'>vita</span> <span class='ocrx_word' id='word_1_99' title='bbox 2640 776 2983 857; x_wconf 85' lang='lat' dir='ltr'>inquirere,</span> <span class='ocrx_word' id='word_1_100' title='bbox 3016 776 3167 858; x_wconf 91' lang='lat' dir='ltr'>quia</span> <span class='ocrx_word' id='word_1_101' title='bbox 3195 776 3271 838; x_wconf 91' lang='lat' dir='ltr'>ad</span> <span class='ocrx_word' id='word_1_102' title='bbox 3304 795 3444 838; x_wconf 88' lang='lat' dir='ltr'>eam</span> <span class='ocrx_word' id='word_1_103' title='bbox 3474 792 3601 837; x_wconf 92' lang='lat' dir='ltr'>non</span> <span class='ocrx_word' id='word_1_104' title='bbox 3635 793 3979 857; x_wconf 91' lang='lat' dir='ltr'>possumus</span> 
     </span>
     <span class='ocr_line' id='line_1_17' title="bbox 2478 873 3979 956; baseline -0.001 -20"><span class='ocrx_word' id='word_1_105' title='bbox 2478 875 2832 956; x_wconf 89' lang='lat' dir='ltr'>pervenire.</span> <span class='ocrx_word' id='word_1_106' title='bbox 2870 875 3110 937; x_wconf 83' lang='lat' dir='ltr'>Idcirco</span> <span class='ocrx_word' id='word_1_107' title='bbox 3153 875 3218 936; x_wconf 89' lang='lat' dir='ltr'>in</span> <span class='ocrx_word' id='word_1_108' title='bbox 3269 873 3697 955; x_wconf 85' lang='lat' dir='ltr'>recognitione</span> <span class='ocrx_word' id='word_1_109' title='bbox 3743 873 3979 935; x_wconf 88' lang='lat' dir='ltr'>humili</span> 
     </span>
     <span class='ocr_line' id='line_1_18' title="bbox 2480 973 3981 1053; baseline -0.001 -19"><span class='ocrx_word' id='word_1_110' title='bbox 2480 973 2957 1036; x_wconf 78' lang='lat' dir='ltr'>insufficientiae</span> <span class='ocrx_word' id='word_1_111' title='bbox 3014 973 3449 1053; x_wconf 65' lang='lat' dir='ltr'>intelligentias</span> <span class='ocrx_word' id='word_1_112' title='bbox 3507 981 3757 1044; x_wconf 84' lang='lat' dir='ltr'>nostrae,</span> <span class='ocrx_word' id='word_1_113' title='bbox 3809 973 3981 1034; x_wconf 89' lang='lat' dir='ltr'>clau-</span> 
     </span>
     <span class='ocr_line' id='line_1_19' title="bbox 2480 1071 3979 1153; baseline 0 -19"><span class='ocrx_word' id='word_1_114' title='bbox 2480 1072 2723 1134; x_wconf 91' lang='lat' dir='ltr'>dendus</span> <span class='ocrx_word' id='word_1_115' title='bbox 2754 1079 2849 1134; x_wconf 81' lang='lat' dir='ltr'>est</span> <span class='ocrx_word' id='word_1_116' title='bbox 2880 1091 3088 1134; x_wconf 91' lang='lat' dir='ltr'>sermo</span> <span class='ocrx_word' id='word_1_117' title='bbox 3127 1080 3340 1135; x_wconf 91' lang='lat' dir='ltr'>noster</span> <span class='ocrx_word' id='word_1_118' title='bbox 3370 1073 3447 1133; x_wconf 91' lang='lat' dir='ltr'>de</span> <span class='ocrx_word' id='word_1_119' title='bbox 3480 1071 3979 1153; x_wconf 83' lang='lat' dir='ltr'>praedestinatio-</span> 
     </span>
    </p>
   </div>
   <div class='ocr_carea' id='block_1_7' title="bbox 2478 1169 4251 1244">
    <p class='ocr_par' dir='ltr' id='par_1_7' title="bbox 2478 1169 4251 1244">
     <span class='ocr_line' id='line_1_20' title="bbox 2478 1169 4251 1244; baseline -0.003 -11"><span class='ocrx_word' id='word_1_120' title='bbox 2478 1190 2580 1244; x_wconf 91' lang='lat' dir='ltr'>ne,</span> <span class='ocrx_word' id='word_1_121' title='bbox 2616 1179 2684 1232; x_wconf 85' lang='lat' dir='ltr'>ut.</span> <span class='ocrx_word' id='word_1_122' title='bbox 2714 1189 2903 1232; x_wconf 88' lang='lat' dir='ltr'>omne</span> <span class='ocrx_word' id='word_1_123' title='bbox 2931 1189 3001 1232; x_wconf 92' lang='lat' dir='ltr'>os</span> <span class='ocrx_word' id='word_1_124' title='bbox 3032 1169 3417 1243; x_wconf 90' lang='lat' dir='ltr'>obstruatur,</span> <span class='ocrx_word' id='word_1_125' title='bbox 3440 1178 3502 1232; x_wconf 91' lang='lat' dir='ltr'>et</span> <span class='ocrx_word' id='word_1_126' title='bbox 3534 1169 3829 1232; x_wconf 83' lang='lat' dir='ltr'>subditus</span> <span class='ocrx_word' id='word_1_127' title='bbox 3866 1169 3979 1232; x_wconf 82' lang='lat' dir='ltr'>siat</span> <span class='ocrx_word' id='word_1_128' title='bbox 4006 1185 4251 1235; x_wconf 47' lang='lat' dir='ltr'>Romanas.</span> 
     </span>
    </p>
   </div>
   <div class='ocr_carea' id='block_1_8' title="bbox 2477 1268 3983 1528">
    <p class='ocr_par' dir='ltr' id='par_1_8' title="bbox 2477 1268 3983 1528">
     <span class='ocr_line' id='line_1_21' title="bbox 2478 1268 3983 1350; baseline -0.001 -18"><span class='ocrx_word' id='word_1_129' title='bbox 2478 1269 2688 1332; x_wconf 90' lang='lat' dir='ltr'>omnis</span> <span class='ocrx_word' id='word_1_130' title='bbox 2719 1269 2995 1330; x_wconf 89' lang='lat' dir='ltr'>mundus</span> <span class='ocrx_word' id='word_1_131' title='bbox 3028 1269 3177 1340; x_wconf 91' lang='lat' dir='ltr'>Deo,</span> <span class='ocrx_word' id='word_1_132' title='bbox 3212 1268 3396 1350; x_wconf 91' lang='lat' dir='ltr'>cujus</span> <span class='ocrx_word' id='word_1_133' title='bbox 3424 1268 3669 1349; x_wconf 87' lang='lat' dir='ltr'>judicia</span> <span class='ocrx_word' id='word_1_134' title='bbox 3704 1275 3856 1329; x_wconf 89' lang='lat' dir='ltr'>sunt</span> <span class='ocrx_word' id='word_1_135' title='bbox 3889 1269 3983 1330; x_wconf 91' lang='lat' dir='ltr'>in-</span> 
     </span>
     <span class='ocr_line' id='line_1_22' title="bbox 2477 1366 3982 1440; baseline -0.001 -10"><span class='ocrx_word' id='word_1_136' title='bbox 2477 1367 2865 1440; x_wconf 88' lang='lat' dir='ltr'>scrutabilia,</span> <span class='ocrx_word' id='word_1_137' title='bbox 2886 1385 3013 1430; x_wconf 90' lang='lat' dir='ltr'>non</span> <span class='ocrx_word' id='word_1_138' title='bbox 3044 1368 3403 1440; x_wconf 88' lang='lat' dir='ltr'>scrutanda,</span> <span class='ocrx_word' id='word_1_139' title='bbox 3423 1367 3533 1428; x_wconf 86' lang='lat' dir='ltr'>sed</span> <span class='ocrx_word' id='word_1_140' title='bbox 3564 1366 3982 1429; x_wconf 84' lang='lat' dir='ltr'>formidoloso</span> 
     </span>
     <span class='ocr_line' id='line_1_23' title="bbox 2478 1464 3975 1528; baseline -0.001 0"><span class='ocrx_word' id='word_1_141' title='bbox 2478 1465 2732 1528; x_wconf 91' lang='lat' dir='ltr'>silentio</span> <span class='ocrx_word' id='word_1_142' title='bbox 2776 1467 3152 1528; x_wconf 89' lang='lat' dir='ltr'>veneranda.</span> <span class='ocrx_word' id='word_1_143' title='bbox 3200 1500 3274 1510; x_wconf 94' lang='lat'><strong>—</strong></span> <span class='ocrx_word' id='word_1_144' title='bbox 3319 1465 3464 1528; x_wconf 81' lang='lat' dir='ltr'>Haec</span> <span class='ocrx_word' id='word_1_145' title='bbox 3513 1464 3975 1528; x_wconf 82' lang='lat' dir='ltr'>Bonaventura.</span> 
     </span>
    </p>
   </div>
   <div class='ocr_carea' id='block_1_9' title="bbox 2477 1662 3980 1842">
    <p class='ocr_par' dir='ltr' id='par_1_9' title="bbox 2477 1662 3980 1842">
     <span class='ocr_line' id='line_1_24' title="bbox 2583 1662 3980 1744; baseline -0.001 -19"><span class='ocrx_word' id='word_1_146' title='bbox 2583 1663 2772 1725; x_wconf 87' lang='lat' dir='ltr'>Porro</span> <span class='ocrx_word' id='word_1_147' title='bbox 2828 1662 3181 1724; x_wconf 84' lang='lat' dir='ltr'>Alexander</span> <span class='ocrx_word' id='word_1_148' title='bbox 3243 1662 3343 1724; x_wconf 92' lang='lat' dir='ltr'>his</span> <span class='ocrx_word' id='word_1_149' title='bbox 3407 1669 3711 1724; x_wconf 88' lang='lat' dir='ltr'>consonat</span> <span class='ocrx_word' id='word_1_150' title='bbox 3768 1663 3980 1744; x_wconf 86' lang='lat' dir='ltr'>quoad</span> 
     </span>
     <span class='ocr_line' id='line_1_25' title="bbox 2477 1760 3980 1842; baseline 0.001 -21"><span class='ocrx_word' id='word_1_151' title='bbox 2477 1760 2781 1842; x_wconf 89' lang='lat' dir='ltr'>primum,</span> <span class='ocrx_word' id='word_1_152' title='bbox 2814 1760 3133 1834; x_wconf 89' lang='lat' dir='ltr'>videlicet,</span> <span class='ocrx_word' id='word_1_153' title='bbox 3175 1779 3257 1821; x_wconf 87' lang='lat' dir='ltr'>an</span> <span class='ocrx_word' id='word_1_154' title='bbox 3302 1761 3527 1822; x_wconf 87' lang='lat' dir='ltr'>merita</span> <span class='ocrx_word' id='word_1_155' title='bbox 3571 1761 3980 1842; x_wconf 80' lang='lat' dir='ltr'>praedestina-</span> 
     </span>
    </p>
   </div>
   <div class='ocr_carea' id='block_1_10' title="bbox 866 1858 3981 1942">
    <p class='ocr_par' dir='ltr' id='par_1_10' title="bbox 866 1858 3981 1942">
     <span class='ocr_line' id='line_1_26' title="bbox 866 1858 3981 1942; baseline -0.001 -20"><span class='ocrx_word' id='word_1_156' title='bbox 866 1880 934 1922; x_wconf 89' lang='lat' dir='ltr'>re</span> <span class='ocrx_word' id='word_1_157' title='bbox 976 1861 1174 1942; x_wconf 86' lang='lat' dir='ltr'>magis</span> <span class='ocrx_word' id='word_1_158' title='bbox 1215 1861 1352 1922; x_wconf 86' lang='lat' dir='ltr'>vult</span> <span class='ocrx_word' id='word_1_159' title='bbox 1392 1881 1591 1923; x_wconf 90' lang='lat' dir='ltr'>unum</span> <span class='ocrx_word' id='word_1_160' title='bbox 1628 1860 1983 1942; x_wconf 83' lang='lat' dir='ltr'>justificare</span> <span class='ocrx_word' id='word_1_161' title='bbox 2022 1879 2213 1942; x_wconf 90' lang='lat' dir='ltr'>quam</span> <span class='ocrx_word' id='word_1_162' title='bbox 2257 1859 2365 1920; x_wconf 91' lang='lat' dir='ltr'>ali·</span> <span class='ocrx_word' id='word_1_163' title='bbox 2402 1859 2447 1920; x_wconf 95' lang='lat' dir='ltr'>B</span> <span class='ocrx_word' id='word_1_164' title='bbox 2477 1867 2683 1922; x_wconf 88' lang='lat' dir='ltr'>torum</span> <span class='ocrx_word' id='word_1_165' title='bbox 2718 1868 2825 1920; x_wconf 90' lang='lat' dir='ltr'>aut</span> <span class='ocrx_word' id='word_1_166' title='bbox 2854 1859 3163 1921; x_wconf 87' lang='lat' dir='ltr'>demerita</span> <span class='ocrx_word' id='word_1_167' title='bbox 3200 1858 3637 1939; x_wconf 59' lang='lat' dir='ltr'>praescitorum</span> <span class='ocrx_word' id='word_1_168' title='bbox 3676 1858 3807 1920; x_wconf 89' lang='lat' dir='ltr'>sint</span> <span class='ocrx_word' id='word_1_169' title='bbox 3836 1877 3981 1919; x_wconf 89' lang='lat' dir='ltr'>cau-</span> 
     </span>
    </p>
   </div>
   <div class='ocr_carea' id='block_1_11' title="bbox 861 1957 2365 3026">
    <p class='ocr_par' dir='ltr' id='par_1_11' title="bbox 861 1957 2365 3026">
     <span class='ocr_line' id='line_1_27' title="bbox 868 1957 2365 2039; baseline -0.002 -18"><span class='ocrx_word' id='word_1_170' title='bbox 868 1978 1000 2032; x_wconf 93' lang='lat' dir='ltr'>um,</span> <span class='ocrx_word' id='word_1_171' title='bbox 1031 1959 1283 2021; x_wconf 90' lang='lat' dir='ltr'>duobus</span> <span class='ocrx_word' id='word_1_172' title='bbox 1327 1959 1648 2021; x_wconf 88' lang='lat' dir='ltr'>similibus</span> <span class='ocrx_word' id='word_1_173' title='bbox 1692 1958 2172 2036; x_wconf 87' lang='lat' dir='ltr'>demonstratis;</span> <span class='ocrx_word' id='word_1_174' title='bbox 2215 1957 2365 2039; x_wconf 88' lang='lat' dir='ltr'>quia</span> 
     </span>
     <span class='ocr_line' id='line_1_28' title="bbox 866 2057 2361 2140; baseline -0.001 -20"><span class='ocrx_word' id='word_1_175' title='bbox 866 2057 1083 2120; x_wconf 86' lang='lat' dir='ltr'>multae</span> <span class='ocrx_word' id='word_1_176' title='bbox 1123 2066 1386 2140; x_wconf 86' lang='lat' dir='ltr'>possunt</span> <span class='ocrx_word' id='word_1_177' title='bbox 1418 2076 1556 2120; x_wconf 90' lang='lat' dir='ltr'>esse</span> <span class='ocrx_word' id='word_1_178' title='bbox 1597 2058 2024 2138; x_wconf 80' lang='lat' dir='ltr'>congruentiae</span> <span class='ocrx_word' id='word_1_179' title='bbox 2063 2057 2361 2130; x_wconf 77' lang='lat' dir='ltr'>rationeS,</span> 
     </span>
     <span class='ocr_line' id='line_1_29' title="bbox 868 2154 2363 2236; baseline -0.002 -18"><span class='ocrx_word' id='word_1_180' title='bbox 868 2157 1011 2218; x_wconf 89' lang='lat' dir='ltr'>ideo</span> <span class='ocrx_word' id='word_1_181' title='bbox 1041 2174 1168 2219; x_wconf 89' lang='lat' dir='ltr'>non</span> <span class='ocrx_word' id='word_1_182' title='bbox 1199 2163 1295 2217; x_wconf 91' lang='lat' dir='ltr'>est</span> <span class='ocrx_word' id='word_1_183' title='bbox 1325 2155 1638 2217; x_wconf 85' lang='lat' dir='ltr'>certitudo</span> <span class='ocrx_word' id='word_1_184' title='bbox 1668 2173 1743 2216; x_wconf 86' lang='lat' dir='ltr'>ex</span> <span class='ocrx_word' id='word_1_185' title='bbox 1777 2163 1952 2236; x_wconf 90' lang='lat' dir='ltr'>parte</span> <span class='ocrx_word' id='word_1_186' title='bbox 1983 2155 2093 2216; x_wconf 86' lang='lat' dir='ltr'>rei.</span> <span class='ocrx_word' id='word_1_187' title='bbox 2130 2154 2363 2226; x_wconf 90' lang='lat' dir='ltr'>Quum-</span> 
     </span>
     <span class='ocr_line' id='line_1_30' title="bbox 864 2253 2363 2337; baseline -0.001 -21"><span class='ocrx_word' id='word_1_188' title='bbox 864 2273 988 2337; x_wconf 87' lang='lat' dir='ltr'>que</span> <span class='ocrx_word' id='word_1_189' title='bbox 1046 2253 1324 2335; x_wconf 84' lang='lat' dir='ltr'>cognitio</span> <span class='ocrx_word' id='word_1_190' title='bbox 1383 2262 1596 2316; x_wconf 81' lang='lat' dir='ltr'>nostra</span> <span class='ocrx_word' id='word_1_191' title='bbox 1651 2254 2003 2336; x_wconf 86' lang='lat' dir='ltr'>dependeat</span> <span class='ocrx_word' id='word_1_192' title='bbox 2051 2273 2128 2315; x_wconf 88' lang='lat' dir='ltr'>ex</span> <span class='ocrx_word' id='word_1_193' title='bbox 2187 2261 2363 2335; x_wconf 91' lang='lat' dir='ltr'>parte</span> 
     </span>
     <span class='ocr_line' id='line_1_31' title="bbox 864 2351 2364 2435; baseline -0.001 -21"><span class='ocrx_word' id='word_1_194' title='bbox 864 2353 978 2426; x_wconf 88' lang='lat' dir='ltr'>rei,</span> <span class='ocrx_word' id='word_1_195' title='bbox 1031 2353 1246 2414; x_wconf 89' lang='lat' dir='ltr'>nullus</span> <span class='ocrx_word' id='word_1_196' title='bbox 1307 2359 1512 2435; x_wconf 85' lang='lat' dir='ltr'>potest</span> <span class='ocrx_word' id='word_1_197' title='bbox 1573 2360 1810 2414; x_wconf 87' lang='lat' dir='ltr'>certam</span> <span class='ocrx_word' id='word_1_198' title='bbox 1868 2353 2015 2414; x_wconf 91' lang='lat' dir='ltr'>inde</span> <span class='ocrx_word' id='word_1_199' title='bbox 2075 2351 2364 2414; x_wconf 89' lang='lat' dir='ltr'>invenire</span> 
     </span>
     <span class='ocr_line' id='line_1_32' title="bbox 863 2448 2362 2531; baseline -0.001 -19"><span class='ocrx_word' id='word_1_200' title='bbox 863 2450 1196 2522; x_wconf 90' lang='lat' dir='ltr'>rationem,</span> <span class='ocrx_word' id='word_1_201' title='bbox 1230 2449 1353 2511; x_wconf 91' lang='lat' dir='ltr'>nisi</span> <span class='ocrx_word' id='word_1_202' title='bbox 1392 2449 1620 2511; x_wconf 87' lang='lat' dir='ltr'>habeat</span> <span class='ocrx_word' id='word_1_203' title='bbox 1650 2469 1763 2531; x_wconf 89' lang='lat' dir='ltr'>per</span> <span class='ocrx_word' id='word_1_204' title='bbox 1797 2449 2249 2512; x_wconf 85' lang='lat' dir='ltr'>revelationem</span> <span class='ocrx_word' id='word_1_205' title='bbox 2289 2448 2362 2511; x_wconf 91' lang='lat' dir='ltr'>il-</span> 
     </span>
     <span class='ocr_line' id='line_1_33' title="bbox 864 2548 2364 2628; baseline -0.002 -17"><span class='ocrx_word' id='word_1_206' title='bbox 864 2549 988 2611; x_wconf 91' lang='lat' dir='ltr'>lius</span> <span class='ocrx_word' id='word_1_207' title='bbox 1033 2549 1135 2609; x_wconf 94' lang='lat' dir='ltr'>cui</span> <span class='ocrx_word' id='word_1_208' title='bbox 1181 2555 1426 2610; x_wconf 85' lang='lat' dir='ltr'>certum</span> <span class='ocrx_word' id='word_1_209' title='bbox 1471 2555 1568 2610; x_wconf 71' lang='lat' dir='ltr'>est¹</span> <span class='ocrx_word' id='word_1_210' title='bbox 1611 2566 1799 2610; x_wconf 92' lang='lat' dir='ltr'>omne</span> <span class='ocrx_word' id='word_1_211' title='bbox 1843 2548 2215 2628; x_wconf 85' lang='lat' dir='ltr'>ambiguum</span> <span class='ocrx_word' id='word_1_212' title='bbox 2253 2564 2266 2609; x_wconf 93' lang='lat'>:</span> <span class='ocrx_word' id='word_1_213' title='bbox 2302 2555 2364 2608; x_wconf 92' lang='lat' dir='ltr'>et</span> 
     </span>
     <span class='ocr_line' id='line_1_34' title="bbox 863 2645 2365 2728; baseline -0.001 -20"><span class='ocrx_word' id='word_1_214' title='bbox 863 2647 1016 2728; x_wconf 89' lang='lat' dir='ltr'>quia</span> <span class='ocrx_word' id='word_1_215' title='bbox 1053 2664 1178 2709; x_wconf 91' lang='lat' dir='ltr'>non</span> <span class='ocrx_word' id='word_1_216' title='bbox 1224 2646 1346 2708; x_wconf 84' lang='lat' dir='ltr'>fuit</span> <span class='ocrx_word' id='word_1_217' title='bbox 1385 2646 1568 2708; x_wconf 90' lang='lat' dir='ltr'>nobis</span> <span class='ocrx_word' id='word_1_218' title='bbox 1606 2646 1950 2728; x_wconf 86' lang='lat' dir='ltr'>expediens</span> <span class='ocrx_word' id='word_1_219' title='bbox 1995 2647 2114 2708; x_wconf 87' lang='lat' dir='ltr'>ista</span> <span class='ocrx_word' id='word_1_220' title='bbox 2153 2645 2365 2726; x_wconf 86' lang='lat' dir='ltr'>cogni-</span> 
     </span>
     <span class='ocr_line' id='line_1_35' title="bbox 861 2743 2362 2824; baseline -0.001 -18"><span class='ocrx_word' id='word_1_221' title='bbox 861 2746 972 2818; x_wconf 91' lang='lat' dir='ltr'>ti0‚</span> <span class='ocrx_word' id='word_1_222' title='bbox 1025 2747 1133 2808; x_wconf 94' lang='lat' dir='ltr'>sed</span> <span class='ocrx_word' id='word_1_223' title='bbox 1195 2745 1411 2808; x_wconf 90' lang='lat' dir='ltr'>utilior</span> <span class='ocrx_word' id='word_1_224' title='bbox 1467 2746 1590 2807; x_wconf 85' lang='lat' dir='ltr'>suit</span> <span class='ocrx_word' id='word_1_225' title='bbox 1647 2745 2030 2824; x_wconf 83' lang='lat' dir='ltr'>nescientia3</span> <span class='ocrx_word' id='word_1_226' title='bbox 2085 2745 2228 2806; x_wconf 90' lang='lat' dir='ltr'>ideo</span> <span class='ocrx_word' id='word_1_227' title='bbox 2280 2743 2362 2806; x_wconf 93' lang='lat' dir='ltr'>ob</span> 
     </span>
     <span class='ocr_line' id='line_1_36' title="bbox 863 2843 2361 2906; baseline -0.001 0"><span class='ocrx_word' id='word_1_228' title='bbox 863 2852 1142 2906; x_wconf 90' lang='lat' dir='ltr'>nostram</span> <span class='ocrx_word' id='word_1_229' title='bbox 1183 2844 1694 2906; x_wconf 88' lang='lat' dir='ltr'>humiliationem</span> <span class='ocrx_word' id='word_1_230' title='bbox 1734 2845 1900 2906; x_wconf 91' lang='lat' dir='ltr'>Deus</span> <span class='ocrx_word' id='word_1_231' title='bbox 1939 2843 2144 2905; x_wconf 86' lang='lat' dir='ltr'>noluit</span> <span class='ocrx_word' id='word_1_232' title='bbox 2177 2843 2361 2904; x_wconf 89' lang='lat' dir='ltr'>nobis</span> 
     </span>
     <span class='ocr_line' id='line_1_37' title="bbox 865 2942 2363 3026; baseline -0.002 -20"><span class='ocrx_word' id='word_1_233' title='bbox 865 2944 1009 3026; x_wconf 92' lang='lat' dir='ltr'>plus</span> <span class='ocrx_word' id='word_1_234' title='bbox 1055 2943 1352 3006; x_wconf 88' lang='lat' dir='ltr'>revelare.</span> <span class='ocrx_word' id='word_1_235' title='bbox 1391 2943 1728 3025; x_wconf 90' lang='lat' dir='ltr'>Apostolus</span> <span class='ocrx_word' id='word_1_236' title='bbox 1772 2961 2024 3024; x_wconf 92' lang='lat' dir='ltr'>quoque</span> <span class='ocrx_word' id='word_1_237' title='bbox 2069 2961 2194 3004; x_wconf 94' lang='lat' dir='ltr'>non</span> <span class='ocrx_word' id='word_1_238' title='bbox 2242 2942 2363 3003; x_wconf 79' lang='lat' dir='ltr'>fuit</span> 
     </span>
    </p>
   </div>
   <div class='ocr_carea' id='block_1_12' title="bbox 2471 1956 3982 2531">
    <p class='ocr_par' dir='ltr' id='par_1_12' title="bbox 2474 1956 3979 2118">
     <span class='ocr_line' id='line_1_38' title="bbox 2474 1956 3979 2039; baseline -0.001 -19"><span class='ocrx_word' id='word_1_239' title='bbox 2474 1979 2543 2020; x_wconf 89' lang='lat' dir='ltr'>sa</span> <span class='ocrx_word' id='word_1_240' title='bbox 2583 1977 2695 2020; x_wconf 91' lang='lat' dir='ltr'>seu</span> <span class='ocrx_word' id='word_1_241' title='bbox 2736 1957 2896 2020; x_wconf 87' lang='lat' dir='ltr'>ratio</span> <span class='ocrx_word' id='word_1_242' title='bbox 2928 1956 3498 2039; x_wconf 74' lang='lat' dir='ltr'>praedestinationis</span> <span class='ocrx_word' id='word_1_243' title='bbox 3538 1964 3647 2019; x_wconf 84' lang='lat' dir='ltr'>aut</span> <span class='ocrx_word' id='word_1_244' title='bbox 3682 1956 3979 2039; x_wconf 87' lang='lat' dir='ltr'>reproba·</span> 
     </span>
     <span class='ocr_line' id='line_1_39' title="bbox 2475 2057 2687 2118; baseline -0.009 0"><span class='ocrx_word' id='word_1_245' title='bbox 2475 2057 2687 2118; x_wconf 84' lang='lat' dir='ltr'>tioniS.</span> 
     </span>
    </p>

    <p class='ocr_par' dir='ltr' id='par_1_13' title="bbox 2471 2153 3982 2531">
     <span class='ocr_line' id='line_1_40' title="bbox 2583 2153 3974 2228; baseline 0.001 -14"><span class='ocrx_word' id='word_1_246' title='bbox 2583 2154 2816 2226; x_wconf 82' lang='lat' dir='ltr'>Quaerit</span> <span class='ocrx_word' id='word_1_247' title='bbox 2871 2154 3086 2228; x_wconf 88' lang='lat' dir='ltr'>etiam,</span> <span class='ocrx_word' id='word_1_248' title='bbox 3146 2173 3224 2216; x_wconf 89' lang='lat' dir='ltr'>an</span> <span class='ocrx_word' id='word_1_249' title='bbox 3290 2153 3497 2216; x_wconf 86' lang='lat' dir='ltr'>aliena</span> <span class='ocrx_word' id='word_1_250' title='bbox 3558 2154 3787 2216; x_wconf 88' lang='lat' dir='ltr'>merita</span> <span class='ocrx_word' id='word_1_251' title='bbox 3848 2155 3974 2216; x_wconf 90' lang='lat' dir='ltr'>sint</span> 
     </span>
     <span class='ocr_line' id='line_1_41' title="bbox 2473 2252 3973 2335; baseline 0.001 -21"><span class='ocrx_word' id='word_1_252' title='bbox 2473 2271 2665 2314; x_wconf 87' lang='lat' dir='ltr'>causa</span> <span class='ocrx_word' id='word_1_253' title='bbox 2709 2252 3301 2334; x_wconf 70' lang='lat' dir='ltr'>praedestinationis</span> <span class='ocrx_word' id='word_1_254' title='bbox 3336 2253 3599 2315; x_wconf 89' lang='lat' dir='ltr'>Videtur</span> <span class='ocrx_word' id='word_1_255' title='bbox 3643 2254 3813 2335; x_wconf 92' lang='lat' dir='ltr'>quod</span> <span class='ocrx_word' id='word_1_256' title='bbox 3858 2254 3973 2327; x_wconf 89' lang='lat' dir='ltr'>sic,</span> 
     </span>
     <span class='ocr_line' id='line_1_42' title="bbox 2473 2351 3982 2432; baseline 0.001 -21"><span class='ocrx_word' id='word_1_257' title='bbox 2473 2351 2769 2432; x_wconf 88' lang='lat' dir='ltr'>quoniam</span> <span class='ocrx_word' id='word_1_258' title='bbox 2804 2351 3047 2413; x_wconf 88' lang='lat' dir='ltr'>meritis</span> <span class='ocrx_word' id='word_1_259' title='bbox 3079 2351 3309 2414; x_wconf 88' lang='lat' dir='ltr'>Christi</span> <span class='ocrx_word' id='word_1_260' title='bbox 3340 2360 3405 2413; x_wconf 90' lang='lat' dir='ltr'>et</span> <span class='ocrx_word' id='word_1_261' title='bbox 3434 2351 3820 2415; x_wconf 82' lang='lat' dir='ltr'>beatissimae</span> <span class='ocrx_word' id='word_1_262' title='bbox 3850 2353 3982 2414; x_wconf 91' lang='lat' dir='ltr'>Vir-</span> 
     </span>
     <span class='ocr_line' id='line_1_43' title="bbox 2471 2449 3976 2531; baseline 0.001 -21"><span class='ocrx_word' id='word_1_263' title='bbox 2471 2449 2637 2530; x_wconf 86' lang='lat' dir='ltr'>ginis</span> <span class='ocrx_word' id='word_1_264' title='bbox 2676 2468 2748 2510; x_wconf 89' lang='lat' dir='ltr'>ac</span> <span class='ocrx_word' id='word_1_265' title='bbox 2781 2450 3178 2523; x_wconf 88' lang='lat' dir='ltr'>Sanctorum,</span> <span class='ocrx_word' id='word_1_266' title='bbox 3215 2449 3434 2511; x_wconf 87' lang='lat' dir='ltr'>multis</span> <span class='ocrx_word' id='word_1_267' title='bbox 3474 2450 3801 2512; x_wconf 79' lang='lat' dir='ltr'>confertur</span> <span class='ocrx_word' id='word_1_268' title='bbox 3838 2470 3976 2531; x_wconf 87' lang='lat' dir='ltr'>gra-</span> 
     </span>
    </p>
   </div>
   <div class='ocr_carea' id='block_1_13' title="bbox 2473 2547 4257 2630">
    <p class='ocr_par' dir='ltr' id='par_1_14' title="bbox 2473 2547 4257 2630">
     <span class='ocr_line' id='line_1_44' title="bbox 2473 2547 4257 2630; baseline 0.002 -21"><span class='ocrx_word' id='word_1_269' title='bbox 2473 2549 2559 2610; x_wconf 82' lang='lat' dir='ltr'>tia</span> <span class='ocrx_word' id='word_1_270' title='bbox 2590 2566 3034 2629; x_wconf 84' lang='lat' dir='ltr'>perseverans:</span> <span class='ocrx_word' id='word_1_271' title='bbox 3057 2549 3183 2610; x_wconf 93' lang='lat' dir='ltr'>imo</span> <span class='ocrx_word' id='word_1_272' title='bbox 3207 2548 3285 2610; x_wconf 92' lang='lat' dir='ltr'>de</span> <span class='ocrx_word' id='word_1_273' title='bbox 3316 2547 3716 2630; x_wconf 91' lang='lat' dir='ltr'>plenitudine</span> <span class='ocrx_word' id='word_1_274' title='bbox 3741 2549 3977 2612; x_wconf 79' lang='lat' dir='ltr'>Christi</span> <span class='ocrx_word' id='word_1_275' title='bbox 4004 2569 4257 2620; x_wconf 53' lang='lat' dir='ltr'>ammas.</span> 
     </span>
    </p>
   </div>
   <div class='ocr_carea' id='block_1_14' title="bbox 2472 2646 3980 3025">
    <p class='ocr_par' dir='ltr' id='par_1_15' title="bbox 2472 2646 3980 3025">
     <span class='ocr_line' id='line_1_45' title="bbox 2472 2646 3978 2728; baseline 0.001 -19"><span class='ocrx_word' id='word_1_276' title='bbox 2472 2665 2693 2709; x_wconf 88' lang='lat' dir='ltr'>omnes</span> <span class='ocrx_word' id='word_1_277' title='bbox 2724 2647 3111 2727; x_wconf 84' lang='lat' dir='ltr'>accepimuS,</span> <span class='ocrx_word' id='word_1_278' title='bbox 3135 2647 3403 2728; x_wconf 89' lang='lat' dir='ltr'>ejusque</span> <span class='ocrx_word' id='word_1_279' title='bbox 3435 2646 3677 2708; x_wconf 83' lang='lat' dir='ltr'>meritis</span> <span class='ocrx_word' id='word_1_280' title='bbox 3706 2648 3978 2728; x_wconf 88' lang='lat' dir='ltr'>gratiam</span> 
     </span>
     <span class='ocr_line' id='line_1_46' title="bbox 2474 2744 3975 2827; baseline 0.002 -21"><span class='ocrx_word' id='word_1_281' title='bbox 2474 2744 2928 2827; x_wconf 89' lang='lat' dir='ltr'>consequimur</span> <span class='ocrx_word' id='word_1_282' title='bbox 2984 2753 3045 2806; x_wconf 87' lang='lat' dir='ltr'>et</span> <span class='ocrx_word' id='word_1_283' title='bbox 3104 2745 3395 2806; x_wconf 89' lang='lat' dir='ltr'>salutem.</span> <span class='ocrx_word' id='word_1_284' title='bbox 3459 2781 3539 2791; x_wconf 89' lang='lat'>—</span> <span class='ocrx_word' id='word_1_285' title='bbox 3596 2747 3975 2820; x_wconf 90' lang='lat' dir='ltr'>Dicendum,</span> 
     </span>
     <span class='ocr_line' id='line_1_47' title="bbox 2473 2845 3979 2927; baseline 0.001 -21"><span class='ocrx_word' id='word_1_286' title='bbox 2473 2845 2641 2927; x_wconf 90' lang='lat' dir='ltr'>quod</span> <span class='ocrx_word' id='word_1_287' title='bbox 2692 2846 2757 2907; x_wconf 91' lang='lat' dir='ltr'>in</span> <span class='ocrx_word' id='word_1_288' title='bbox 2805 2845 3357 2926; x_wconf 81' lang='lat' dir='ltr'>praedestinatione</span> <span class='ocrx_word' id='word_1_289' title='bbox 3406 2853 3556 2907; x_wconf 87' lang='lat' dir='ltr'>sunt</span> <span class='ocrx_word' id='word_1_290' title='bbox 3601 2845 3750 2921; x_wconf 91' lang='lat' dir='ltr'>du0,</span> <span class='ocrx_word' id='word_1_291' title='bbox 3800 2846 3979 2908; x_wconf 86' lang='lat' dir='ltr'>vide-</span> 
     </span>
     <span class='ocr_line' id='line_1_48' title="bbox 2474 2942 3980 3025; baseline 0.001 -22"><span class='ocrx_word' id='word_1_292' title='bbox 2474 2943 2619 3004; x_wconf 89' lang='lat' dir='ltr'>licet</span> <span class='ocrx_word' id='word_1_293' title='bbox 2656 2960 2670 3004; x_wconf 73' lang='grc' dir='ltr'><strong>ε</strong></span> <span class='ocrx_word' id='word_1_294' title='bbox 2706 2942 3125 3024; x_wconf 79' lang='lat' dir='ltr'>praescientia,</span> <span class='ocrx_word' id='word_1_295' title='bbox 3171 2943 3545 3024; x_wconf 65' lang='lat' dir='ltr'>praeparatio</span> <span class='ocrx_word' id='word_1_296' title='bbox 3586 2961 3699 3005; x_wconf 92' lang='lat' dir='ltr'>seu</span> <span class='ocrx_word' id='word_1_297' title='bbox 3746 2963 3980 3025; x_wconf 79' lang='lat' dir='ltr'>praeor-</span> 
     </span>
    </p>
   </div>
   <div class='ocr_carea' id='block_1_15' title="bbox 865 3039 3981 3125">
    <p class='ocr_par' dir='ltr' id='par_1_16' title="bbox 865 3039 3981 3125">
     <span class='ocr_line' id='line_1_49' title="bbox 865 3039 3981 3125; baseline 0 -21"><span class='ocrx_word' id='word_1_298' title='bbox 865 3062 1058 3105; x_wconf 89' lang='lat' dir='ltr'>ausus</span> <span class='ocrx_word' id='word_1_299' title='bbox 1089 3043 1436 3125; x_wconf 89' lang='lat' dir='ltr'>inquirere,</span> <span class='ocrx_word' id='word_1_300' title='bbox 1470 3043 1579 3104; x_wconf 91' lang='lat' dir='ltr'>sed</span> <span class='ocrx_word' id='word_1_301' title='bbox 1610 3041 1886 3104; x_wconf 86' lang='lat' dir='ltr'>ostendit</span> <span class='ocrx_word' id='word_1_302' title='bbox 1917 3041 2235 3103; x_wconf 85' lang='lat' dir='ltr'>desectum</span> <span class='ocrx_word' id='word_1_303' title='bbox 2272 3041 2363 3102; x_wconf 89' lang='lat' dir='ltr'>in·</span> <span class='ocrx_word' id='word_1_304' title='bbox 2400 3039 2441 3102; x_wconf 91' lang='lat' dir='ltr'>C</span> <span class='ocrx_word' id='word_1_305' title='bbox 2474 3041 2714 3103; x_wconf 88' lang='lat' dir='ltr'>dinatio</span> <span class='ocrx_word' id='word_1_306' title='bbox 2763 3041 2911 3120; x_wconf 81' lang='lat' dir='ltr'>Dei3</span> <span class='ocrx_word' id='word_1_307' title='bbox 2966 3040 3139 3103; x_wconf 87' lang='lat' dir='ltr'>aliud</span> <span class='ocrx_word' id='word_1_308' title='bbox 3194 3049 3291 3103; x_wconf 92' lang='lat' dir='ltr'>est</span> <span class='ocrx_word' id='word_1_309' title='bbox 3340 3041 3592 3103; x_wconf 86' lang='lat' dir='ltr'>collatio</span> <span class='ocrx_word' id='word_1_310' title='bbox 3647 3042 3867 3123; x_wconf 81' lang='lat' dir='ltr'>gratiae</span> <span class='ocrx_word' id='word_1_311' title='bbox 3916 3053 3981 3105; x_wconf 90' lang='lat' dir='ltr'>et</span> 
     </span>
    </p>
   </div>
   <div class='ocr_carea' id='block_1_16' title="bbox 866 3140 2370 4206">
    <p class='ocr_par' dir='ltr' id='par_1_17' title="bbox 866 3140 2370 4206">
     <span class='ocr_line' id='line_1_50' title="bbox 867 3140 2363 3222; baseline -0.002 -19"><span class='ocrx_word' id='word_1_312' title='bbox 867 3142 1232 3222; x_wconf 79' lang='lat' dir='ltr'>telligentiae</span> <span class='ocrx_word' id='word_1_313' title='bbox 1266 3149 1495 3203; x_wconf 73' lang='lat' dir='ltr'>nostrae</span> <span class='ocrx_word' id='word_1_314' title='bbox 1526 3160 1724 3221; x_wconf 92' lang='lat' dir='ltr'>quum</span> <span class='ocrx_word' id='word_1_315' title='bbox 1756 3140 2173 3202; x_wconf 88' lang='lat' dir='ltr'>exclamavit:</span> <span class='ocrx_word' id='word_1_316' title='bbox 2200 3140 2247 3203; x_wconf 91' lang='grc' dir='ltr'>Ο</span> <span class='ocrx_word' id='word_1_317' title='bbox 2277 3140 2363 3201; x_wconf 91' lang='lat' dir='ltr'>al-</span> 
     </span>
     <span class='ocr_line' id='line_1_51' title="bbox 867 3238 2365 3319; baseline 0 -18"><span class='ocrx_word' id='word_1_318' title='bbox 867 3240 1072 3301; x_wconf 91' lang='lat' dir='ltr'>titudo</span> <span class='ocrx_word' id='word_1_319' title='bbox 1135 3238 1501 3300; x_wconf 78' lang='lat' dir='ltr'>d1vitiarum</span> <span class='ocrx_word' id='word_1_320' title='bbox 1570 3238 1896 3319; x_wconf 65' lang='lat' dir='ltr'>sapientiae</span> <span class='ocrx_word' id='word_1_321' title='bbox 1959 3246 2022 3300; x_wconf 89' lang='lat' dir='ltr'>et</span> <span class='ocrx_word' id='word_1_322' title='bbox 2082 3238 2365 3301; x_wconf 85' lang='lat' dir='ltr'>scientiae</span> 
     </span>
     <span class='ocr_line' id='line_1_52' title="bbox 868 3336 2365 3419; baseline -0.001 -19"><span class='ocrx_word' id='word_1_323' title='bbox 868 3338 1020 3400; x_wconf 80' lang='lat' dir='ltr'>Deit</span> <span class='ocrx_word' id='word_1_324' title='bbox 1056 3356 1245 3419; x_wconf 92' lang='lat' dir='ltr'>quam</span> <span class='ocrx_word' id='word_1_325' title='bbox 1292 3336 1966 3418; x_wconf 87' lang='lat' dir='ltr'>incomprehensibilia</span> <span class='ocrx_word' id='word_1_326' title='bbox 2009 3344 2157 3399; x_wconf 92' lang='lat' dir='ltr'>sunt</span> <span class='ocrx_word' id='word_1_327' title='bbox 2196 3337 2365 3417; x_wconf 87' lang='lat' dir='ltr'>judi-</span> 
     </span>
     <span class='ocr_line' id='line_1_53' title="bbox 867 3434 2158 3517; baseline -0.002 -19"><span class='ocrx_word' id='word_1_328' title='bbox 867 3437 966 3499; x_wconf 89' lang='lat' dir='ltr'>cia</span> <span class='ocrx_word' id='word_1_329' title='bbox 1003 3436 1168 3517; x_wconf 84' lang='lat' dir='ltr'>ejuS,</span> <span class='ocrx_word' id='word_1_330' title='bbox 1201 3443 1264 3497; x_wconf 93' lang='lat' dir='ltr'>et</span> <span class='ocrx_word' id='word_1_331' title='bbox 1307 3434 1777 3516; x_wconf 88' lang='lat' dir='ltr'>investigabiles</span> <span class='ocrx_word' id='word_1_332' title='bbox 1817 3436 1936 3499; x_wconf 79' lang='lat' dir='ltr'>viae</span> <span class='ocrx_word' id='word_1_333' title='bbox 1975 3436 2114 3516; x_wconf 91' lang='lat' dir='ltr'>ejus</span> <span class='ocrx_word' id='word_1_334' title='bbox 2145 3443 2158 3496; x_wconf 82' lang='lat' dir='ltr'>t</span> 
     </span>
     <span class='ocr_line' id='line_1_54' title="bbox 947 3533 2369 3616; baseline -0.001 -20"><span class='ocrx_word' id='word_1_335' title='bbox 947 3533 1493 3616; x_wconf 87' lang='lat' dir='ltr'>Itaque,quamvis</span> <span class='ocrx_word' id='word_1_336' title='bbox 1523 3533 1845 3614; x_wconf 78' lang='lat' dir='ltr'>Scriptura</span> <span class='ocrx_word' id='word_1_337' title='bbox 1873 3533 2184 3595; x_wconf 89' lang='lat' dir='ltr'>rationem</span> <span class='ocrx_word' id='word_1_338' title='bbox 2216 3552 2369 3616; x_wconf 83' lang='lat' dir='ltr'>prae-</span> 
     </span>
     <span class='ocr_line' id='line_1_55' title="bbox 866 3631 2367 3713; baseline -0.001 -18"><span class='ocrx_word' id='word_1_339' title='bbox 866 3633 1305 3695; x_wconf 85' lang='lat' dir='ltr'>destinationis</span> <span class='ocrx_word' id='word_1_340' title='bbox 1347 3641 1410 3694; x_wconf 90' lang='lat' dir='ltr'>et</span> <span class='ocrx_word' id='word_1_341' title='bbox 1452 3631 1887 3695; x_wconf 88' lang='lat' dir='ltr'>obdurationis</span> <span class='ocrx_word' id='word_1_342' title='bbox 1936 3632 2215 3713; x_wconf 86' lang='lat' dir='ltr'>assignet</span> <span class='ocrx_word' id='word_1_343' title='bbox 2263 3631 2367 3694; x_wconf 91' lang='lat' dir='ltr'>be-</span> 
     </span>
     <span class='ocr_line' id='line_1_56' title="bbox 867 3730 2365 3813; baseline -0.001 -20"><span class='ocrx_word' id='word_1_344' title='bbox 867 3730 1256 3813; x_wconf 86' lang='lat' dir='ltr'>neplacitum</span> <span class='ocrx_word' id='word_1_345' title='bbox 1298 3730 1432 3803; x_wconf 89' lang='lat' dir='ltr'>Dei,</span> <span class='ocrx_word' id='word_1_346' title='bbox 1466 3747 1591 3791; x_wconf 91' lang='lat' dir='ltr'>non</span> <span class='ocrx_word' id='word_1_347' title='bbox 1625 3737 1837 3791; x_wconf 89' lang='lat' dir='ltr'>tamen</span> <span class='ocrx_word' id='word_1_348' title='bbox 1875 3730 2166 3811; x_wconf 89' lang='lat' dir='ltr'>sequitur</span> <span class='ocrx_word' id='word_1_349' title='bbox 2196 3730 2365 3811; x_wconf 93' lang='lat' dir='ltr'>quod</span> 
     </span>
     <span class='ocr_line' id='line_1_57' title="bbox 867 3828 2367 3909; baseline -0.001 -18"><span class='ocrx_word' id='word_1_350' title='bbox 867 3846 993 3891; x_wconf 88' lang='lat' dir='ltr'>non</span> <span class='ocrx_word' id='word_1_351' title='bbox 1025 3830 1108 3891; x_wconf 92' lang='lat' dir='ltr'>sit</span> <span class='ocrx_word' id='word_1_352' title='bbox 1135 3829 1260 3891; x_wconf 89' lang='lat' dir='ltr'>alia</span> <span class='ocrx_word' id='word_1_353' title='bbox 1293 3830 1452 3891; x_wconf 88' lang='lat' dir='ltr'>ratio</span> <span class='ocrx_word' id='word_1_354' title='bbox 1487 3846 1501 3890; x_wconf 91' lang='lat'><strong>:</strong></span> <span class='ocrx_word' id='word_1_355' title='bbox 1536 3828 1686 3909; x_wconf 89' lang='lat' dir='ltr'>quia</span> <span class='ocrx_word' id='word_1_356' title='bbox 1720 3846 1846 3889; x_wconf 90' lang='lat' dir='ltr'>non</span> <span class='ocrx_word' id='word_1_357' title='bbox 1878 3829 2093 3890; x_wconf 92' lang='lat' dir='ltr'>omnia</span> <span class='ocrx_word' id='word_1_358' title='bbox 2131 3829 2367 3909; x_wconf 88' lang='lat' dir='ltr'>scripta</span> 
     </span>
     <span class='ocr_line' id='line_1_58' title="bbox 867 3924 2368 4006; baseline -0.001 -17"><span class='ocrx_word' id='word_1_359' title='bbox 867 3935 1037 4002; x_wconf 89' lang='lat' dir='ltr'>sunt,</span> <span class='ocrx_word' id='word_1_360' title='bbox 1088 3928 1196 3988; x_wconf 91' lang='lat' dir='ltr'>sed</span> <span class='ocrx_word' id='word_1_361' title='bbox 1248 3926 1430 3988; x_wconf 92' lang='lat' dir='ltr'>utilia</span> <span class='ocrx_word' id='word_1_362' title='bbox 1489 3925 1672 3987; x_wconf 92' lang='lat' dir='ltr'>nobis</span> <span class='ocrx_word' id='word_1_363' title='bbox 1721 3924 1957 4006; x_wconf 86' lang='lat' dir='ltr'>scripta</span> <span class='ocrx_word' id='word_1_364' title='bbox 2005 3933 2170 3987; x_wconf 90' lang='lat' dir='ltr'>sunt.</span> <span class='ocrx_word' id='word_1_365' title='bbox 2226 3926 2368 3987; x_wconf 88' lang='lat' dir='ltr'>Fuit</span> 
     </span>
     <span class='ocr_line' id='line_1_59' title="bbox 868 4024 2370 4108; baseline -0.001 -20"><span class='ocrx_word' id='word_1_366' title='bbox 868 4044 1122 4108; x_wconf 90' lang='lat' dir='ltr'>quoque</span> <span class='ocrx_word' id='word_1_367' title='bbox 1168 4026 1324 4087; x_wconf 88' lang='lat' dir='ltr'>utile</span> <span class='ocrx_word' id='word_1_368' title='bbox 1374 4024 1558 4087; x_wconf 92' lang='lat' dir='ltr'>nobis</span> <span class='ocrx_word' id='word_1_369' title='bbox 1615 4024 1791 4085; x_wconf 89' lang='lat' dir='ltr'>illam</span> <span class='ocrx_word' id='word_1_370' title='bbox 1852 4025 2159 4087; x_wconf 89' lang='lat' dir='ltr'>rationem</span> <span class='ocrx_word' id='word_1_371' title='bbox 2217 4026 2370 4086; x_wconf 91' lang='lat' dir='ltr'>assi-</span> 
     </span>
     <span class='ocr_line' id='line_1_60' title="bbox 866 4122 2365 4206; baseline 0.001 -22"><span class='ocrx_word' id='word_1_372' title='bbox 866 4123 1068 4206; x_wconf 82' lang='lat' dir='ltr'>gnari,</span> <span class='ocrx_word' id='word_1_373' title='bbox 1103 4131 1172 4184; x_wconf 93' lang='lat' dir='ltr'>ut</span> <span class='ocrx_word' id='word_1_374' title='bbox 1212 4124 1531 4185; x_wconf 88' lang='lat' dir='ltr'>discamus</span> <span class='ocrx_word' id='word_1_375' title='bbox 1574 4123 1774 4184; x_wconf 91' lang='lat' dir='ltr'>Deum</span> <span class='ocrx_word' id='word_1_376' title='bbox 1821 4122 2064 4193; x_wconf 84' lang='lat' dir='ltr'>timere,</span> <span class='ocrx_word' id='word_1_377' title='bbox 2099 4130 2158 4184; x_wconf 87' lang='lat' dir='ltr'>et</span> <span class='ocrx_word' id='word_1_378' title='bbox 2204 4123 2365 4185; x_wconf 90' lang='lat' dir='ltr'>nihil</span> 
     </span>
    </p>
   </div>
   <div class='ocr_carea' id='block_1_17' title="bbox 2473 3141 3985 4210">
    <p class='ocr_par' dir='ltr' id='par_1_18' title="bbox 2473 3141 3985 3498">
     <span class='ocr_line' id='line_1_61' title="bbox 2473 3141 3983 3222; baseline 0.001 -19"><span class='ocrx_word' id='word_1_379' title='bbox 2473 3141 2710 3221; x_wconf 84' lang='lat' dir='ltr'>gloriae.</span> <span class='ocrx_word' id='word_1_380' title='bbox 2746 3142 2963 3221; x_wconf 84' lang='lat' dir='ltr'>Itaque</span> <span class='ocrx_word' id='word_1_381' title='bbox 3002 3141 3079 3202; x_wconf 88' lang='lat' dir='ltr'>ad</span> <span class='ocrx_word' id='word_1_382' title='bbox 3122 3141 3403 3222; x_wconf 91' lang='lat' dir='ltr'>primum</span> <span class='ocrx_word' id='word_1_383' title='bbox 3444 3141 3671 3203; x_wconf 91' lang='lat' dir='ltr'>horum</span> <span class='ocrx_word' id='word_1_384' title='bbox 3714 3160 3842 3204; x_wconf 91' lang='lat' dir='ltr'>non</span> <span class='ocrx_word' id='word_1_385' title='bbox 3882 3152 3983 3205; x_wconf 84' lang='lat' dir='ltr'>est</span> 
     </span>
     <span class='ocr_line' id='line_1_62' title="bbox 2475 3239 3985 3322; baseline 0.002 -21"><span class='ocrx_word' id='word_1_386' title='bbox 2475 3239 2880 3301; x_wconf 84' lang='lat' dir='ltr'>referendum</span> <span class='ocrx_word' id='word_1_387' title='bbox 2921 3240 3090 3321; x_wconf 93' lang='lat' dir='ltr'>quod</span> <span class='ocrx_word' id='word_1_388' title='bbox 3133 3240 3603 3321; x_wconf 76' lang='lat' dir='ltr'>praedestinatio</span> <span class='ocrx_word' id='word_1_389' title='bbox 3641 3241 3985 3322; x_wconf 83' lang='lat' dir='ltr'>adjuvetur</span> 
     </span>
     <span class='ocr_line' id='line_1_63' title="bbox 2476 3338 3985 3419; baseline 0.003 -21"><span class='ocrx_word' id='word_1_390' title='bbox 2476 3338 2721 3399; x_wconf 89' lang='lat' dir='ltr'>meritis</span> <span class='ocrx_word' id='word_1_391' title='bbox 2771 3338 3149 3419; x_wconf 84' lang='lat' dir='ltr'>precibusve</span> <span class='ocrx_word' id='word_1_392' title='bbox 3189 3339 3585 3415; x_wconf 87' lang='lat' dir='ltr'>Sanctorum,</span> <span class='ocrx_word' id='word_1_393' title='bbox 3618 3341 3731 3403; x_wconf 87' lang='lat' dir='ltr'>sed</span> <span class='ocrx_word' id='word_1_394' title='bbox 3768 3341 3847 3402; x_wconf 90' lang='lat' dir='ltr'>ad</span> <span class='ocrx_word' id='word_1_395' title='bbox 3889 3360 3985 3403; x_wconf 89' lang='lat' dir='ltr'>se-</span> 
     </span>
     <span class='ocr_line' id='line_1_64' title="bbox 2476 3436 3369 3498; baseline 0 -1"><span class='ocrx_word' id='word_1_396' title='bbox 2476 3436 2777 3497; x_wconf 89' lang='lat' dir='ltr'>cundum.</span> <span class='ocrx_word' id='word_1_397' title='bbox 2812 3436 2955 3498; x_wconf 81' lang='lat' dir='ltr'>Haec</span> <span class='ocrx_word' id='word_1_398' title='bbox 2998 3436 3369 3498; x_wconf 85' lang='lat' dir='ltr'>Alexander.</span> 
     </span>
    </p>

    <p class='ocr_par' dir='ltr' id='par_1_19' title="bbox 2474 3534 3985 4210">
     <span class='ocr_line' id='line_1_65' title="bbox 2555 3534 3984 3618; baseline 0.002 -21"><span class='ocrx_word' id='word_1_399' title='bbox 2555 3537 2822 3617; x_wconf 84' lang='lat' dir='ltr'>Insuper</span> <span class='ocrx_word' id='word_1_400' title='bbox 2864 3534 3111 3616; x_wconf 61' lang='lat' dir='ltr'>quaerit,</span> <span class='ocrx_word' id='word_1_401' title='bbox 3148 3542 3361 3597; x_wconf 85' lang='lat' dir='ltr'>utrum</span> <span class='ocrx_word' id='word_1_402' title='bbox 3408 3537 3879 3618; x_wconf 81' lang='lat' dir='ltr'>praedestinatio</span> <span class='ocrx_word' id='word_1_403' title='bbox 3918 3546 3984 3600; x_wconf 87' lang='lat' dir='ltr'>ct</span> 
     </span>
     <span class='ocr_line' id='line_1_66' title="bbox 2475 3632 3982 3715; baseline 0.003 -20"><span class='ocrx_word' id='word_1_404' title='bbox 2475 3634 2835 3715; x_wconf 88' lang='lat' dir='ltr'>reprobatio</span> <span class='ocrx_word' id='word_1_405' title='bbox 2883 3632 3156 3695; x_wconf 86' lang='lat' dir='ltr'>habeant</span> <span class='ocrx_word' id='word_1_406' title='bbox 3200 3653 3455 3696; x_wconf 87' lang='lat' dir='ltr'>causam</span> <span class='ocrx_word' id='word_1_407' title='bbox 3506 3654 3617 3697; x_wconf 90' lang='lat' dir='ltr'>seu</span> <span class='ocrx_word' id='word_1_408' title='bbox 3666 3636 3982 3699; x_wconf 88' lang='lat' dir='ltr'>rationem</span> 
     </span>
     <span class='ocr_line' id='line_1_67' title="bbox 2474 3731 3983 3815; baseline 0.002 -21"><span class='ocrx_word' id='word_1_409' title='bbox 2474 3750 2552 3794; x_wconf 88' lang='lat' dir='ltr'>ex</span> <span class='ocrx_word' id='word_1_410' title='bbox 2598 3739 2773 3815; x_wconf 86' lang='lat' dir='ltr'>parte</span> <span class='ocrx_word' id='word_1_411' title='bbox 2819 3731 2951 3805; x_wconf 90' lang='lat' dir='ltr'>Dei,</span> <span class='ocrx_word' id='word_1_412' title='bbox 2986 3731 3284 3793; x_wconf 91' lang='lat' dir='ltr'>videlicet</span> <span class='ocrx_word' id='word_1_413' title='bbox 3327 3732 3815 3814; x_wconf 62' lang='lat' dir='ltr'>praescientiam,</span> <span class='ocrx_word' id='word_1_414' title='bbox 3858 3735 3983 3797; x_wconf 91' lang='lat' dir='ltr'>hoc</span> 
     </span>
     <span class='ocr_line' id='line_1_68' title="bbox 2477 3829 3984 3913; baseline 0.002 -22"><span class='ocrx_word' id='word_1_415' title='bbox 2477 3837 2593 3904; x_wconf 87' lang='lat' dir='ltr'>est,</span> <span class='ocrx_word' id='word_1_416' title='bbox 2636 3837 2871 3913; x_wconf 38' lang='lat' dir='ltr'>utrum,</span> <span class='ocrx_word' id='word_1_417' title='bbox 2903 3829 3301 3910; x_wconf 64' lang='lat' dir='ltr'>praescientia</span> <span class='ocrx_word' id='word_1_418' title='bbox 3345 3848 3471 3912; x_wconf 88' lang='lat' dir='ltr'>qua</span> <span class='ocrx_word' id='word_1_419' title='bbox 3520 3831 3684 3893; x_wconf 90' lang='lat' dir='ltr'>Deus</span> <span class='ocrx_word' id='word_1_420' title='bbox 3736 3832 3857 3893; x_wconf 91' lang='lat' dir='ltr'>scit</span> <span class='ocrx_word' id='word_1_421' title='bbox 3900 3832 3984 3894; x_wconf 93' lang='lat' dir='ltr'>is-</span> 
     </span>
     <span class='ocr_line' id='line_1_69' title="bbox 2479 3928 3983 4013; baseline 0.004 -25"><span class='ocrx_word' id='word_1_422' title='bbox 2479 3935 2611 3990; x_wconf 93' lang='lat' dir='ltr'>tum</span> <span class='ocrx_word' id='word_1_423' title='bbox 2663 3928 2824 3990; x_wconf 92' lang='lat' dir='ltr'>bene</span> <span class='ocrx_word' id='word_1_424' title='bbox 2877 3947 3143 3989; x_wconf 91' lang='lat' dir='ltr'>usurum</span> <span class='ocrx_word' id='word_1_425' title='bbox 3194 3928 3415 4007; x_wconf 88' lang='lat' dir='ltr'>gratia,</span> <span class='ocrx_word' id='word_1_426' title='bbox 3459 3928 3541 3990; x_wconf 88' lang='lat' dir='ltr'>sit</span> <span class='ocrx_word' id='word_1_427' title='bbox 3583 3948 3773 3992; x_wconf 87' lang='lat' dir='ltr'>causa</span> <span class='ocrx_word' id='word_1_428' title='bbox 3822 3951 3983 4013; x_wconf 80' lang='lat' dir='ltr'>prae-</span> 
     </span>
     <span class='ocr_line' id='line_1_70' title="bbox 2476 4026 3985 4111; baseline 0.004 -24"><span class='ocrx_word' id='word_1_429' title='bbox 2476 4026 2913 4088; x_wconf 89' lang='lat' dir='ltr'>destinationis</span> <span class='ocrx_word' id='word_1_430' title='bbox 2954 4044 3121 4105; x_wconf 79' lang='lat' dir='ltr'>suae3</span> <span class='ocrx_word' id='word_1_431' title='bbox 3155 4034 3217 4088; x_wconf 87' lang='lat' dir='ltr'>et</span> <span class='ocrx_word' id='word_1_432' title='bbox 3256 4028 3657 4109; x_wconf 82' lang='lat' dir='ltr'>praescientia</span> <span class='ocrx_word' id='word_1_433' title='bbox 3693 4049 3819 4111; x_wconf 89' lang='lat' dir='ltr'>qua</span> <span class='ocrx_word' id='word_1_434' title='bbox 3857 4032 3985 4093; x_wconf 84' lang='lat' dir='ltr'>scit</span> 
     </span>
     <span class='ocr_line' id='line_1_71' title="bbox 2478 4120 3985 4210; baseline 0.005 -26"><span class='ocrx_word' id='word_1_435' title='bbox 2478 4124 2659 4185; x_wconf 89' lang='lat' dir='ltr'>illum</span> <span class='ocrx_word' id='word_1_436' title='bbox 2708 4124 2872 4185; x_wconf 91' lang='lat' dir='ltr'>male</span> <span class='ocrx_word' id='word_1_437' title='bbox 2918 4144 3207 4200; x_wconf 88' lang='lat' dir='ltr'>usurum,</span> <span class='ocrx_word' id='word_1_438' title='bbox 3243 4144 3432 4188; x_wconf 88' lang='lat' dir='ltr'>causa</span> <span class='ocrx_word' id='word_1_439' title='bbox 3474 4127 3555 4188; x_wconf 85' lang='lat' dir='ltr'>sit</span> <span class='ocrx_word' id='word_1_440' title='bbox 3595 4120 3725 4190; x_wconf 80' lang='lat' dir='ltr'>suae</span> <span class='ocrx_word' id='word_1_441' title='bbox 3768 4148 3985 4210; x_wconf 86' lang='lat' dir='ltr'>repro·</span> 
     </span>
    </p>
   </div>
   <div class='ocr_carea' id='block_1_18' title="bbox 869 4220 3982 4307">
    <p class='ocr_par' dir='ltr' id='par_1_20' title="bbox 869 4220 3982 4307">
     <span class='ocr_line' id='line_1_72' title="bbox 869 4220 3982 4307; baseline 0.002 -23"><span class='ocrx_word' id='word_1_442' title='bbox 869 4222 1240 4285; x_wconf 90' lang='lat' dir='ltr'>meritorum</span> <span class='ocrx_word' id='word_1_443' title='bbox 1299 4221 1483 4284; x_wconf 93' lang='lat' dir='ltr'>nobis</span> <span class='ocrx_word' id='word_1_444' title='bbox 1543 4220 1841 4282; x_wconf 82' lang='lat' dir='ltr'>tribuere.</span> <span class='ocrx_word' id='word_1_445' title='bbox 1897 4220 2094 4283; x_wconf 87' lang='lat' dir='ltr'>Habet</span> <span class='ocrx_word' id='word_1_446' title='bbox 2151 4229 2363 4284; x_wconf 89' lang='lat' dir='ltr'>autem</span> <span class='ocrx_word' id='word_1_447' title='bbox 2398 4225 2446 4286; x_wconf 91' lang='lat' dir='ltr'>D</span> <span class='ocrx_word' id='word_1_448' title='bbox 2477 4222 2770 4285; x_wconf 86' lang='lat' dir='ltr'>bationis.</span> <span class='ocrx_word' id='word_1_449' title='bbox 2815 4222 3077 4285; x_wconf 83' lang='lat' dir='ltr'>Videtur</span> <span class='ocrx_word' id='word_1_450' title='bbox 3124 4226 3295 4305; x_wconf 92' lang='lat' dir='ltr'>quod</span> <span class='ocrx_word' id='word_1_451' title='bbox 3342 4226 3457 4299; x_wconf 94' lang='lat' dir='ltr'>sic,</span> <span class='ocrx_word' id='word_1_452' title='bbox 3502 4226 3803 4307; x_wconf 88' lang='lat' dir='ltr'>quoniam</span> <span class='ocrx_word' id='word_1_453' title='bbox 3855 4228 3982 4291; x_wconf 81' lang='lat' dir='ltr'>Au-</span> 
     </span>
    </p>
   </div>
   <div class='ocr_carea' id='block_1_19' title="bbox 864 4317 2370 5376">
    <p class='ocr_par' dir='ltr' id='par_1_21' title="bbox 864 4317 2370 5376">
     <span class='ocr_line' id='line_1_73' title="bbox 868 4317 2368 4402; baseline 0.001 -21"><span class='ocrx_word' id='word_1_454' title='bbox 868 4320 1085 4382; x_wconf 91' lang='lat' dir='ltr'>divina</span> <span class='ocrx_word' id='word_1_455' title='bbox 1132 4320 1422 4381; x_wconf 89' lang='lat' dir='ltr'>voluntas</span> <span class='ocrx_word' id='word_1_456' title='bbox 1482 4318 1547 4380; x_wconf 93' lang='lat' dir='ltr'>in</span> <span class='ocrx_word' id='word_1_457' title='bbox 1599 4317 1697 4381; x_wconf 89' lang='lat' dir='ltr'>his</span> <span class='ocrx_word' id='word_1_458' title='bbox 1755 4318 2063 4380; x_wconf 88' lang='lat' dir='ltr'>rationem</span> <span class='ocrx_word' id='word_1_459' title='bbox 2115 4338 2192 4381; x_wconf 88' lang='lat' dir='ltr'>ex</span> <span class='ocrx_word' id='word_1_460' title='bbox 2242 4340 2368 4402; x_wconf 89' lang='lat' dir='ltr'>qua</span> 
     </span>
     <span class='ocr_line' id='line_1_74' title="bbox 868 4418 2365 4499; baseline 0.001 -20"><span class='ocrx_word' id='word_1_461' title='bbox 868 4418 1104 4481; x_wconf 89' lang='lat' dir='ltr'>dicitur</span> <span class='ocrx_word' id='word_1_462' title='bbox 1163 4424 1582 4497; x_wconf 88' lang='lat' dir='ltr'>congruenter</span> <span class='ocrx_word' id='word_1_463' title='bbox 1635 4418 1921 4499; x_wconf 85' lang='lat' dir='ltr'>operari;</span> <span class='ocrx_word' id='word_1_464' title='bbox 1972 4426 2187 4480; x_wconf 89' lang='lat' dir='ltr'>tamen</span> <span class='ocrx_word' id='word_1_465' title='bbox 2238 4437 2365 4481; x_wconf 90' lang='lat' dir='ltr'>non</span> 
     </span>
     <span class='ocr_line' id='line_1_75' title="bbox 867 4515 2369 4598; baseline -0.001 -19"><span class='ocrx_word' id='word_1_466' title='bbox 867 4516 1058 4579; x_wconf 88' lang='lat' dir='ltr'>habet</span> <span class='ocrx_word' id='word_1_467' title='bbox 1106 4515 1414 4577; x_wconf 87' lang='lat' dir='ltr'>rationem</span> <span class='ocrx_word' id='word_1_468' title='bbox 1465 4516 1802 4589; x_wconf 89' lang='lat' dir='ltr'>causalem,</span> <span class='ocrx_word' id='word_1_469' title='bbox 1853 4535 2052 4597; x_wconf 91' lang='lat' dir='ltr'>quum</span> <span class='ocrx_word' id='word_1_470' title='bbox 2102 4516 2241 4598; x_wconf 91' lang='lat' dir='ltr'>ipsa</span> <span class='ocrx_word' id='word_1_471' title='bbox 2286 4517 2369 4579; x_wconf 91' lang='lat' dir='ltr'>sit</span> 
     </span>
     <span class='ocr_line' id='line_1_76' title="bbox 867 4614 2369 4696; baseline 0.001 -20"><span class='ocrx_word' id='word_1_472' title='bbox 867 4633 1057 4677; x_wconf 88' lang='lat' dir='ltr'>causa</span> <span class='ocrx_word' id='word_1_473' title='bbox 1086 4632 1442 4687; x_wconf 88' lang='lat' dir='ltr'>causarum,</span> <span class='ocrx_word' id='word_1_474' title='bbox 1466 4623 1529 4675; x_wconf 90' lang='lat' dir='ltr'>et</span> <span class='ocrx_word' id='word_1_475' title='bbox 1559 4614 1907 4694; x_wconf 84' lang='lat' dir='ltr'>praesertim</span> <span class='ocrx_word' id='word_1_476' title='bbox 1941 4622 2233 4696; x_wconf 88' lang='lat' dir='ltr'>respectu</span> <span class='ocrx_word' id='word_1_477' title='bbox 2265 4634 2369 4679; x_wconf 85' lang='lat' dir='ltr'>vo-</span> 
     </span>
     <span class='ocr_line' id='line_1_77' title="bbox 865 4712 2370 4796; baseline 0.001 -21"><span class='ocrx_word' id='word_1_478' title='bbox 865 4714 986 4787; x_wconf 84' lang='lat' dir='ltr'>liti,</span> <span class='ocrx_word' id='word_1_479' title='bbox 1023 4713 1192 4796; x_wconf 91' lang='lat' dir='ltr'>quod</span> <span class='ocrx_word' id='word_1_480' title='bbox 1231 4720 1328 4774; x_wconf 87' lang='lat' dir='ltr'>est</span> <span class='ocrx_word' id='word_1_481' title='bbox 1359 4731 1437 4774; x_wconf 84' lang='lat' dir='ltr'>ex</span> <span class='ocrx_word' id='word_1_482' title='bbox 1476 4731 1650 4773; x_wconf 88' lang='lat' dir='ltr'>mera</span> <span class='ocrx_word' id='word_1_483' title='bbox 1688 4712 1798 4774; x_wconf 91' lang='lat' dir='ltr'>Dei</span> <span class='ocrx_word' id='word_1_484' title='bbox 1842 4712 2238 4789; x_wconf 84' lang='lat' dir='ltr'>liberalitate,</span> <span class='ocrx_word' id='word_1_485' title='bbox 2277 4723 2370 4776; x_wconf 81' lang='lat' dir='ltr'>ut-</span> 
     </span>
     <span class='ocr_line' id='line_1_78' title="bbox 867 4809 2368 4896; baseline -0.001 -20"><span class='ocrx_word' id='word_1_486' title='bbox 867 4821 1013 4896; x_wconf 90' lang='lat' dir='ltr'>pote</span> <span class='ocrx_word' id='word_1_487' title='bbox 1052 4819 1149 4876; x_wconf 87' lang='lat' dir='ltr'>est</span> <span class='ocrx_word' id='word_1_488' title='bbox 1176 4809 1375 4893; x_wconf 87' lang='lat' dir='ltr'>gratia</span> <span class='ocrx_word' id='word_1_489' title='bbox 1409 4810 1772 4891; x_wconf 82' lang='lat' dir='ltr'>justificans</span> <span class='ocrx_word' id='word_1_490' title='bbox 1814 4811 2104 4893; x_wconf 92' lang='lat' dir='ltr'>impium.</span> <span class='ocrx_word' id='word_1_491' title='bbox 2142 4812 2368 4875; x_wconf 88' lang='lat' dir='ltr'>Divina</span> 
     </span>
     <span class='ocr_line' id='line_1_79' title="bbox 865 4908 2368 4992; baseline -0.001 -18"><span class='ocrx_word' id='word_1_492' title='bbox 865 4929 1014 4992; x_wconf 84' lang='lat' dir='ltr'>ergo</span> <span class='ocrx_word' id='word_1_493' title='bbox 1053 4910 1346 4975; x_wconf 83' lang='lat' dir='ltr'>voluntas</span> <span class='ocrx_word' id='word_1_494' title='bbox 1385 4908 1847 4971; x_wconf 88' lang='lat' dir='ltr'>rationabiliter</span> <span class='ocrx_word' id='word_1_495' title='bbox 1885 4910 2038 4972; x_wconf 84' lang='lat' dir='ltr'>facit</span> <span class='ocrx_word' id='word_1_496' title='bbox 2075 4919 2138 4971; x_wconf 92' lang='lat' dir='ltr'>et</span> <span class='ocrx_word' id='word_1_497' title='bbox 2177 4911 2368 4973; x_wconf 87' lang='lat' dir='ltr'>habet</span> 
     </span>
     <span class='ocr_line' id='line_1_80' title="bbox 864 5006 2365 5089; baseline 0 -18"><span class='ocrx_word' id='word_1_498' title='bbox 864 5009 1173 5071; x_wconf 84' lang='lat' dir='ltr'>rationem</span> <span class='ocrx_word' id='word_1_499' title='bbox 1204 5006 1616 5089; x_wconf 86' lang='lat' dir='ltr'>congruitatis</span> <span class='ocrx_word' id='word_1_500' title='bbox 1647 5016 1938 5088; x_wconf 90' lang='lat' dir='ltr'>respectu</span> <span class='ocrx_word' id='word_1_501' title='bbox 1970 5009 2170 5071; x_wconf 82' lang='lat' dir='ltr'>voliti.</span> <span class='ocrx_word' id='word_1_502' title='bbox 2194 5010 2365 5071; x_wconf 90' lang='lat' dir='ltr'>Unde</span> 
     </span>
     <span class='ocr_line' id='line_1_81' title="bbox 866 5105 2365 5187; baseline 0 -18"><span class='ocrx_word' id='word_1_503' title='bbox 866 5108 931 5170; x_wconf 91' lang='lat' dir='ltr'>in</span> <span class='ocrx_word' id='word_1_504' title='bbox 975 5107 1139 5168; x_wconf 90' lang='lat' dir='ltr'>libro</span> <span class='ocrx_word' id='word_1_505' title='bbox 1176 5106 1714 5169; x_wconf 86' lang='lat' dir='ltr'>Retractationum</span> <span class='ocrx_word' id='word_1_506' title='bbox 1758 5105 2039 5187; x_wconf 89' lang='lat' dir='ltr'>loquitur</span> <span class='ocrx_word' id='word_1_507' title='bbox 2069 5106 2365 5187; x_wconf 86' lang='lat' dir='ltr'>Augusti-</span> 
     </span>
     <span class='ocr_line' id='line_1_82' title="bbox 866 5204 2367 5287; baseline 0.001 -21"><span class='ocrx_word' id='word_1_508' title='bbox 866 5224 987 5267; x_wconf 90' lang='lat' dir='ltr'>nus</span> <span class='ocrx_word' id='word_1_509' title='bbox 1040 5225 1054 5268; x_wconf 90' lang='lat'>:</span> <span class='ocrx_word' id='word_1_510' title='bbox 1109 5206 1274 5267; x_wconf 91' lang='lat' dir='ltr'>Deus</span> <span class='ocrx_word' id='word_1_511' title='bbox 1335 5204 1652 5285; x_wconf 90' lang='lat' dir='ltr'>proponit,</span> <span class='ocrx_word' id='word_1_512' title='bbox 1715 5204 1894 5285; x_wconf 90' lang='lat' dir='ltr'>eligit</span> <span class='ocrx_word' id='word_1_513' title='bbox 1949 5212 2011 5265; x_wconf 88' lang='lat' dir='ltr'>et</span> <span class='ocrx_word' id='word_1_514' title='bbox 2071 5205 2367 5287; x_wconf 86' lang='lat' dir='ltr'>reprobat</span> 
     </span>
     <span class='ocr_line' id='line_1_83' title="bbox 865 5301 2365 5376; baseline 0.003 -13"><span class='ocrx_word' id='word_1_515' title='bbox 865 5302 1128 5365; x_wconf 88' lang='lat' dir='ltr'>veritate</span> <span class='ocrx_word' id='word_1_516' title='bbox 1179 5301 1554 5376; x_wconf 86' lang='lat' dir='ltr'>certissima,</span> <span class='ocrx_word' id='word_1_517' title='bbox 1598 5310 1658 5364; x_wconf 88' lang='lat' dir='ltr'>et</span> <span class='ocrx_word' id='word_1_518' title='bbox 1703 5321 1740 5365; x_wconf 87' lang='lat' dir='ltr'>a</span> <span class='ocrx_word' id='word_1_519' title='bbox 1788 5302 2020 5366; x_wconf 85' lang='lat' dir='ltr'>nostris</span> <span class='ocrx_word' id='word_1_520' title='bbox 2069 5303 2365 5367; x_wconf 89' lang='lat' dir='ltr'>sensibus</span> 
     </span>
    </p>
   </div>
   <div class='ocr_carea' id='block_1_20' title="bbox 2475 4320 3984 5394">
    <p class='ocr_par' dir='ltr' id='par_1_22' title="bbox 2475 4320 3984 5174">
     <span class='ocr_line' id='line_1_84' title="bbox 2475 4320 3983 4403; baseline 0.004 -20"><span class='ocrx_word' id='word_1_521' title='bbox 2475 4322 2769 4403; x_wconf 85' lang='lat' dir='ltr'>gustinus</span> <span class='ocrx_word' id='word_1_522' title='bbox 2810 4320 3044 4383; x_wconf 83' lang='lat' dir='ltr'>fatetur</span> <span class='ocrx_word' id='word_1_523' title='bbox 3076 4341 3090 4385; x_wconf 78' lang='lat' dir='ltr'><em>z</em></span> <span class='ocrx_word' id='word_1_524' title='bbox 3124 4322 3427 4385; x_wconf 84' lang='lat' dir='ltr'>Voluntas</span> <span class='ocrx_word' id='word_1_525' title='bbox 3468 4324 3577 4386; x_wconf 91' lang='lat' dir='ltr'>Dei</span> <span class='ocrx_word' id='word_1_526' title='bbox 3619 4344 3695 4386; x_wconf 83' lang='lat' dir='ltr'>ex</span> <span class='ocrx_word' id='word_1_527' title='bbox 3733 4326 3983 4389; x_wconf 86' lang='lat' dir='ltr'>ratione</span> 
     </span>
     <span class='ocr_line' id='line_1_85' title="bbox 2477 4421 3981 4505; baseline 0.003 -23"><span class='ocrx_word' id='word_1_528' title='bbox 2477 4428 2591 4482; x_wconf 90' lang='lat' dir='ltr'>est.</span> <span class='ocrx_word' id='word_1_529' title='bbox 2627 4421 3052 4481; x_wconf 88' lang='lat' dir='ltr'>Damascenus</span> <span class='ocrx_word' id='word_1_530' title='bbox 3083 4437 3359 4502; x_wconf 88' lang='lat' dir='ltr'>quoquc,</span> <span class='ocrx_word' id='word_1_531' title='bbox 3386 4422 3711 4497; x_wconf 85' lang='lat' dir='ltr'>Voluntas,</span> <span class='ocrx_word' id='word_1_532' title='bbox 3744 4424 3981 4505; x_wconf 88' lang='lat' dir='ltr'>inquit,</span> 
     </span>
     <span class='ocr_line' id='line_1_86' title="bbox 2477 4518 3984 4603; baseline 0.004 -24"><span class='ocrx_word' id='word_1_533' title='bbox 2477 4518 2801 4581; x_wconf 89' lang='lat' dir='ltr'>rationalis</span> <span class='ocrx_word' id='word_1_534' title='bbox 2860 4525 2955 4581; x_wconf 88' lang='lat' dir='ltr'>est</span> <span class='ocrx_word' id='word_1_535' title='bbox 3011 4518 3333 4600; x_wconf 88' lang='lat' dir='ltr'>appetitus</span> <span class='ocrx_word' id='word_1_536' title='bbox 3388 4537 3401 4581; x_wconf 95' lang='lat'><strong>:</strong></span> <span class='ocrx_word' id='word_1_537' title='bbox 3450 4538 3601 4601; x_wconf 86' lang='lat' dir='ltr'>ergo</span> <span class='ocrx_word' id='word_1_538' title='bbox 3649 4522 3984 4603; x_wconf 90' lang='lat' dir='ltr'>potissime</span> 
     </span>
     <span class='ocr_line' id='line_1_87' title="bbox 2479 4617 3983 4696; baseline 0.004 -17"><span class='ocrx_word' id='word_1_539' title='bbox 2479 4618 2590 4680; x_wconf 90' lang='lat' dir='ltr'>Dei</span> <span class='ocrx_word' id='word_1_540' title='bbox 2637 4618 2945 4680; x_wconf 83' lang='lat' dir='ltr'>voluntas.</span> <span class='ocrx_word' id='word_1_541' title='bbox 2982 4617 3156 4690; x_wconf 90' lang='lat' dir='ltr'>Quod</span> <span class='ocrx_word' id='word_1_542' title='bbox 3205 4618 3381 4680; x_wconf 90' lang='lat' dir='ltr'>enim</span> <span class='ocrx_word' id='word_1_543' title='bbox 3430 4619 3711 4683; x_wconf 88' lang='lat' dir='ltr'>nobilius</span> <span class='ocrx_word' id='word_1_544' title='bbox 3752 4630 3870 4696; x_wconf 88' lang='lat' dir='ltr'>est,</span> <span class='ocrx_word' id='word_1_545' title='bbox 3919 4623 3983 4685; x_wconf 91' lang='lat' dir='ltr'>id</span> 
     </span>
     <span class='ocr_line' id='line_1_88' title="bbox 2479 4715 3982 4798; baseline 0.005 -21"><span class='ocrx_word' id='word_1_546' title='bbox 2479 4734 2733 4798; x_wconf 89' lang='lat' dir='ltr'>semper</span> <span class='ocrx_word' id='word_1_547' title='bbox 2781 4715 3273 4778; x_wconf 88' lang='lat' dir='ltr'>adscribendum</span> <span class='ocrx_word' id='word_1_548' title='bbox 3324 4726 3421 4779; x_wconf 90' lang='lat' dir='ltr'>est</span> <span class='ocrx_word' id='word_1_549' title='bbox 3470 4718 3597 4780; x_wconf 89' lang='lat' dir='ltr'>Deo</span> <span class='ocrx_word' id='word_1_550' title='bbox 3642 4738 3655 4782; x_wconf 93' lang='lat'>:</span> <span class='ocrx_word' id='word_1_551' title='bbox 3710 4721 3820 4782; x_wconf 91' lang='lat' dir='ltr'>sed</span> <span class='ocrx_word' id='word_1_552' title='bbox 3872 4740 3982 4784; x_wconf 74' lang='lat' dir='ltr'>vo-</span> 
     </span>
     <span class='ocr_line' id='line_1_89' title="bbox 2481 4816 3984 4896; baseline 0.003 -19"><span class='ocrx_word' id='word_1_553' title='bbox 2481 4816 2688 4877; x_wconf 90' lang='lat' dir='ltr'>luntas</span> <span class='ocrx_word' id='word_1_554' title='bbox 2737 4833 2927 4896; x_wconf 90' lang='lat' dir='ltr'>agens</span> <span class='ocrx_word' id='word_1_555' title='bbox 2982 4834 3059 4877; x_wconf 87' lang='lat' dir='ltr'>ex</span> <span class='ocrx_word' id='word_1_556' title='bbox 3109 4816 3353 4879; x_wconf 88' lang='lat' dir='ltr'>ratione</span> <span class='ocrx_word' id='word_1_557' title='bbox 3402 4816 3677 4879; x_wconf 90' lang='lat' dir='ltr'>nobilior</span> <span class='ocrx_word' id='word_1_558' title='bbox 3726 4818 3835 4880; x_wconf 89' lang='lat' dir='ltr'>illa</span> <span class='ocrx_word' id='word_1_559' title='bbox 3884 4830 3984 4882; x_wconf 88' lang='lat' dir='ltr'>est</span> 
     </span>
     <span class='ocr_line' id='line_1_90' title="bbox 2478 4913 3983 4997; baseline 0.004 -22"><span class='ocrx_word' id='word_1_560' title='bbox 2478 4934 2620 4997; x_wconf 80' lang='lat' dir='ltr'>quae</span> <span class='ocrx_word' id='word_1_561' title='bbox 2651 4933 2728 4976; x_wconf 88' lang='lat' dir='ltr'>ex</span> <span class='ocrx_word' id='word_1_562' title='bbox 2763 4913 3004 4975; x_wconf 87' lang='lat' dir='ltr'>ratione</span> <span class='ocrx_word' id='word_1_563' title='bbox 3035 4932 3161 4977; x_wconf 93' lang='lat' dir='ltr'>non</span> <span class='ocrx_word' id='word_1_564' title='bbox 3192 4922 3509 4995; x_wconf 87' lang='lat' dir='ltr'>operatur.</span> <span class='ocrx_word' id='word_1_565' title='bbox 3538 4915 3844 4979; x_wconf 83' lang='lat' dir='ltr'>Voluntas</span> <span class='ocrx_word' id='word_1_566' title='bbox 3874 4937 3983 4981; x_wconf 89' lang='lat' dir='ltr'>au·</span> 
     </span>
     <span class='ocr_line' id='line_1_91' title="bbox 2479 5011 3983 5094; baseline 0.004 -21"><span class='ocrx_word' id='word_1_567' title='bbox 2479 5022 2605 5075; x_wconf 88' lang='lat' dir='ltr'>tem</span> <span class='ocrx_word' id='word_1_568' title='bbox 2646 5012 2757 5075; x_wconf 89' lang='lat' dir='ltr'>Dei</span> <span class='ocrx_word' id='word_1_569' title='bbox 2809 5011 3211 5074; x_wconf 91' lang='lat' dir='ltr'>nobilissima</span> <span class='ocrx_word' id='word_1_570' title='bbox 3254 5021 3371 5087; x_wconf 89' lang='lat' dir='ltr'>est,</span> <span class='ocrx_word' id='word_1_571' title='bbox 3412 5032 3562 5094; x_wconf 88' lang='lat' dir='ltr'>ergo</span> <span class='ocrx_word' id='word_1_572' title='bbox 3603 5021 3665 5076; x_wconf 92' lang='lat' dir='ltr'>et</span> <span class='ocrx_word' id='word_1_573' title='bbox 3712 5016 3983 5078; x_wconf 84' lang='lat' dir='ltr'>rationa-</span> 
     </span>
     <span class='ocr_line' id='line_1_92' title="bbox 2479 5109 2809 5174; baseline 0 -2"><span class='ocrx_word' id='word_1_574' title='bbox 2479 5109 2809 5174; x_wconf 88' lang='lat' dir='ltr'>bilissima.</span> 
     </span>
    </p>

    <p class='ocr_par' dir='ltr' id='par_1_23' title="bbox 2477 5209 3977 5394">
     <span class='ocr_line' id='line_1_93' title="bbox 2556 5209 3976 5291; baseline 0.003 -20"><span class='ocrx_word' id='word_1_575' title='bbox 2556 5209 2867 5282; x_wconf 84' lang='lat' dir='ltr'>Quaeritur</span> <span class='ocrx_word' id='word_1_576' title='bbox 2909 5226 3080 5289; x_wconf 88' lang='lat' dir='ltr'>erg0‚</span> <span class='ocrx_word' id='word_1_577' title='bbox 3122 5230 3263 5291; x_wconf 83' lang='lat' dir='ltr'>quae</span> <span class='ocrx_word' id='word_1_578' title='bbox 3306 5210 3388 5272; x_wconf 89' lang='lat' dir='ltr'>sit</span> <span class='ocrx_word' id='word_1_579' title='bbox 3428 5210 3588 5274; x_wconf 88' lang='lat' dir='ltr'>ratio</span> <span class='ocrx_word' id='word_1_580' title='bbox 3628 5212 3976 5275; x_wconf 87' lang='lat' dir='ltr'>voluntatis</span> 
     </span>
     <span class='ocr_line' id='line_1_94' title="bbox 2477 5306 3977 5394; baseline 0.005 -27"><span class='ocrx_word' id='word_1_581' title='bbox 2477 5306 2727 5373; x_wconf 82' lang='lat' dir='ltr'>divinae.</span> <span class='ocrx_word' id='word_1_582' title='bbox 2766 5308 3029 5372; x_wconf 86' lang='lat' dir='ltr'>Videtur</span> <span class='ocrx_word' id='word_1_583' title='bbox 3069 5310 3240 5393; x_wconf 91' lang='lat' dir='ltr'>quod</span> <span class='ocrx_word' id='word_1_584' title='bbox 3284 5308 3701 5394; x_wconf 73' lang='lat' dir='ltr'>praescientia.</span> <span class='ocrx_word' id='word_1_585' title='bbox 3742 5310 3977 5375; x_wconf 81' lang='lat' dir='ltr'>Volun-</span> 
     </span>
    </p>
   </div>
  </div>
 </body>
</html>
