<?xml version="1.0" encoding="UTF-8"?>
<!DOCTYPE html PUBLIC "-//W3C//DTD XHTML 1.0 Transitional//EN"
    "http://www.w3.org/TR/xhtml1/DTD/xhtml1-transitional.dtd">
<html xmlns="http://www.w3.org/1999/xhtml" xml:lang="en" lang="en">
 <head>
  <title>
</title>
<meta http-equiv="Content-Type" content="text/html;charset=utf-8" />
  <meta name='ocr-system' content='tesseract 3.04.00' />
  <meta name='ocr-capabilities' content='ocr_page ocr_carea ocr_par ocr_line ocrx_word'/>
</head>
<body>
  <div class='ocr_page' id='page_1' title='image "./doctorisecstati11unkngoog_0312.png"; bbox 0 0 4359 6250; ppageno 0'>
   <div class='ocr_carea' id='block_1_1' title="bbox 880 473 1002 538">
    <p class='ocr_par' dir='ltr' id='par_1_1' title="bbox 880 473 1002 538">
     <span class='ocr_line' id='line_1_1' title="bbox 880 473 1002 538; baseline 0.016 -2"><span class='ocrx_word' id='word_1_1' title='bbox 880 473 1002 538; x_wconf 84' lang='lat'><strong>300</strong></span> 
     </span>
    </p>
   </div>
   <div class='ocr_carea' id='block_1_2' title="bbox 1530 497 3338 560">
    <p class='ocr_par' dir='ltr' id='par_1_2' title="bbox 1530 497 3338 560">
     <span class='ocr_line' id='line_1_2' title="bbox 1530 497 3338 560; baseline 0.001 -17"><span class='ocrx_word' id='word_1_2' title='bbox 1530 498 1593 543; x_wconf 80' lang='lat' dir='ltr'><strong>IN</strong></span> <span class='ocrx_word' id='word_1_3' title='bbox 1635 497 1857 544; x_wconf 70' lang='lat' dir='ltr'>LIBRUM</span> <span class='ocrx_word' id='word_1_4' title='bbox 1901 499 1919 542; x_wconf 91' lang='lat'>1</span> <span class='ocrx_word' id='word_1_5' title='bbox 1962 497 2444 543; x_wconf 59' lang='lat' dir='ltr'><strong>SENTENTQRUM.</strong></span> <span class='ocrx_word' id='word_1_6' title='bbox 2488 514 2568 524; x_wconf 89' lang='lat'>—</span> <span class='ocrx_word' id='word_1_7' title='bbox 2613 497 2766 543; x_wconf 81' lang='lat' dir='ltr'><strong>DlsT.</strong></span> <span class='ocrx_word' id='word_1_8' title='bbox 2811 497 2978 560; x_wconf 83' lang='lat' dir='ltr'>xxx;</span> <span class='ocrx_word' id='word_1_9' title='bbox 3021 498 3245 553; x_wconf 74' lang='lat' dir='ltr'><strong>QUAEST.</strong></span> <span class='ocrx_word' id='word_1_10' title='bbox 3291 499 3338 544; x_wconf 86' lang='lat'><strong>11</strong></span> 
     </span>
    </p>
   </div>
   <div class='ocr_carea' id='block_1_3' title="bbox 880 662 3992 751">
    <p class='ocr_par' dir='ltr' id='par_1_3' title="bbox 880 662 3992 751">
     <span class='ocr_line' id='line_1_3' title="bbox 880 662 3992 751; baseline 0.002 -30"><span class='ocrx_word' id='word_1_11' title='bbox 880 662 1141 726; x_wconf 91' lang='lat' dir='ltr'><strong>rationis</strong></span> <span class='ocrx_word' id='word_1_12' title='bbox 1192 666 1529 749; x_wconf 80' lang='lat' dir='ltr'><strong>importata</strong></span> <span class='ocrx_word' id='word_1_13' title='bbox 1580 669 1644 731; x_wconf 92' lang='lat' dir='ltr'><strong>in</strong></span> <span class='ocrx_word' id='word_1_14' title='bbox 1694 669 1786 732; x_wconf 92' lang='lat' dir='ltr'><strong>eis</strong></span> <span class='ocrx_word' id='word_1_15' title='bbox 1836 668 2141 731; x_wconf 86' lang='lat' dir='ltr'><strong>fundatur</strong></span> <span class='ocrx_word' id='word_1_16' title='bbox 2179 687 2372 749; x_wconf 89' lang='lat' dir='ltr'><strong>super</strong></span> <span class='ocrx_word' id='word_1_17' title='bbox 2402 666 2452 729; x_wconf 80' lang='lat' dir='ltr'>A</span> <span class='ocrx_word' id='word_1_18' title='bbox 2483 685 2630 729; x_wconf 87' lang='lat' dir='ltr'><strong>nam</strong></span> <span class='ocrx_word' id='word_1_19' title='bbox 2661 676 2732 730; x_wconf 92' lang='lat' dir='ltr'><strong>ut</strong></span> <span class='ocrx_word' id='word_1_20' title='bbox 2761 668 2849 731; x_wconf 91' lang='lat' dir='ltr'><strong>ait</strong></span> <span class='ocrx_word' id='word_1_21' title='bbox 2867 669 3307 751; x_wconf 83' lang='lat' dir='ltr'><strong>PhilosophuS,</strong></span> <span class='ocrx_word' id='word_1_22' title='bbox 3328 669 3590 731; x_wconf 88' lang='lat' dir='ltr'><strong>materia</strong></span> <span class='ocrx_word' id='word_1_23' title='bbox 3613 667 3736 730; x_wconf 91' lang='lat' dir='ltr'><strong>hoc</strong></span> <span class='ocrx_word' id='word_1_24' title='bbox 3762 667 3992 749; x_wconf 90' lang='lat' dir='ltr'><strong>ipsum</strong></span> 
     </span>
    </p>
   </div>
   <div class='ocr_carea' id='block_1_4' title="bbox 876 763 2372 1026">
    <p class='ocr_par' dir='ltr' id='par_1_4' title="bbox 876 763 2372 1026">
     <span class='ocr_line' id='line_1_4' title="bbox 877 763 2371 849; baseline 0.004 -27"><span class='ocrx_word' id='word_1_25' title='bbox 877 763 1219 826; x_wconf 80' lang='lat' dir='ltr'><strong>essentiam</strong></span> <span class='ocrx_word' id='word_1_26' title='bbox 1252 775 1312 828; x_wconf 91' lang='lat' dir='ltr'><strong>et</strong></span> <span class='ocrx_word' id='word_1_27' title='bbox 1338 767 1641 830; x_wconf 85' lang='lat' dir='ltr'><strong>virtutem</strong></span> <span class='ocrx_word' id='word_1_28' title='bbox 1673 767 2230 849; x_wconf 83' lang='lat' dir='ltr'><strong>operationemque</strong></span> <span class='ocrx_word' id='word_1_29' title='bbox 2260 767 2371 829; x_wconf 90' lang='lat' dir='ltr'><strong>Dei</strong></span> 
     </span>
     <span class='ocr_line' id='line_1_5' title="bbox 877 866 2372 948; baseline 0.003 -26"><span class='ocrx_word' id='word_1_30' title='bbox 877 878 1283 926; x_wconf 91' lang='lat' dir='ltr'><strong>communem</strong></span> <span class='ocrx_word' id='word_1_31' title='bbox 1346 866 1633 946; x_wconf 87' lang='lat' dir='ltr'><strong>personis</strong></span> <span class='ocrx_word' id='word_1_32' title='bbox 1688 884 1701 927; x_wconf 91' lang='lat'>:</span> <span class='ocrx_word' id='word_1_33' title='bbox 1755 886 1895 948; x_wconf 82' lang='lat' dir='ltr'><strong>quae</strong></span> <span class='ocrx_word' id='word_1_34' title='bbox 1945 866 2228 948; x_wconf 87' lang='lat' dir='ltr'><strong>operatio</strong></span> <span class='ocrx_word' id='word_1_35' title='bbox 2277 872 2372 927; x_wconf 92' lang='lat' dir='ltr'><strong>est</strong></span> 
     </span>
     <span class='ocr_line' id='line_1_6' title="bbox 876 961 1723 1026; baseline 0.006 -5"><span class='ocrx_word' id='word_1_36' title='bbox 876 961 1128 1025; x_wconf 81' lang='lat' dir='ltr'><strong>realiter</strong></span> <span class='ocrx_word' id='word_1_37' title='bbox 1170 963 1389 1025; x_wconf 90' lang='lat' dir='ltr'><strong>divina</strong></span> <span class='ocrx_word' id='word_1_38' title='bbox 1430 965 1723 1026; x_wconf 84' lang='lat' dir='ltr'><strong>essentia.</strong></span> 
     </span>
    </p>
   </div>
   <div class='ocr_carea' id='block_1_5' title="bbox 874 1159 2374 1814">
    <p class='ocr_par' dir='ltr' id='par_1_5' title="bbox 874 1159 2374 1814">
     <span class='ocr_line' id='line_1_7' title="bbox 960 1159 2374 1244; baseline 0.003 -24"><span class='ocrx_word' id='word_1_39' title='bbox 960 1159 1049 1221; x_wconf 88' lang='lat' dir='ltr'><strong>Ex</strong></span> <span class='ocrx_word' id='word_1_40' title='bbox 1082 1160 1182 1222; x_wconf 89' lang='lat' dir='ltr'><strong>his</strong></span> <span class='ocrx_word' id='word_1_41' title='bbox 1224 1168 1395 1242; x_wconf 90' lang='lat' dir='ltr'><strong>patet</strong></span> <span class='ocrx_word' id='word_1_42' title='bbox 1424 1163 1503 1223; x_wconf 87' lang='lat' dir='ltr'><strong>ad</strong></span> <span class='ocrx_word' id='word_1_43' title='bbox 1544 1161 1796 1242; x_wconf 87' lang='lat' dir='ltr'><strong>objecta</strong></span> <span class='ocrx_word' id='word_1_44' title='bbox 1836 1162 2085 1225; x_wconf 88' lang='lat' dir='ltr'><strong>solutio.</strong></span> <span class='ocrx_word' id='word_1_45' title='bbox 2121 1163 2218 1225; x_wconf 88' lang='lat' dir='ltr'><strong>Ad</strong></span> <span class='ocrx_word' id='word_1_46' title='bbox 2248 1162 2374 1244; x_wconf 91' lang='lat' dir='ltr'><strong>pri-</strong></span> 
     </span>
     <span class='ocr_line' id='line_1_8' title="bbox 879 1259 2374 1343; baseline 0.002 -24"><span class='ocrx_word' id='word_1_47' title='bbox 879 1276 1057 1319; x_wconf 91' lang='lat' dir='ltr'><strong>mum</strong></span> <span class='ocrx_word' id='word_1_48' title='bbox 1103 1259 1276 1320; x_wconf 90' lang='lat' dir='ltr'><strong>enim</strong></span> <span class='ocrx_word' id='word_1_49' title='bbox 1325 1259 1690 1335; x_wconf 87' lang='lat' dir='ltr'><strong>dicendum,</strong></span> <span class='ocrx_word' id='word_1_50' title='bbox 1733 1262 1901 1343; x_wconf 91' lang='lat' dir='ltr'><strong>quod</strong></span> <span class='ocrx_word' id='word_1_51' title='bbox 1954 1260 2374 1322; x_wconf 89' lang='lat' dir='ltr'><strong>invariabilis-</strong></span> 
     </span>
     <span class='ocr_line' id='line_1_9' title="bbox 877 1356 2374 1441; baseline 0.003 -25"><span class='ocrx_word' id='word_1_52' title='bbox 877 1356 1042 1419; x_wconf 91' lang='lat' dir='ltr'><strong>simo</strong></span> <span class='ocrx_word' id='word_1_53' title='bbox 1074 1357 1201 1418; x_wconf 92' lang='lat' dir='ltr'><strong>Deo</strong></span> <span class='ocrx_word' id='word_1_54' title='bbox 1239 1358 1317 1419; x_wconf 91' lang='lat' dir='ltr'><strong>de</strong></span> <span class='ocrx_word' id='word_1_55' title='bbox 1358 1375 1522 1420; x_wconf 90' lang='lat' dir='ltr'><strong>novo</strong></span> <span class='ocrx_word' id='word_1_56' title='bbox 1563 1359 1653 1420; x_wconf 90' lang='lat' dir='ltr'><strong>nil</strong></span> <span class='ocrx_word' id='word_1_57' title='bbox 1694 1359 1991 1421; x_wconf 86' lang='lat' dir='ltr'><strong>convenit</strong></span> <span class='ocrx_word' id='word_1_58' title='bbox 2020 1378 2133 1441; x_wconf 90' lang='lat' dir='ltr'><strong>per</strong></span> <span class='ocrx_word' id='word_1_59' title='bbox 2174 1367 2374 1420; x_wconf 87' lang='lat' dir='ltr'><strong>muta-</strong></span> 
     </span>
     <span class='ocr_line' id='line_1_10' title="bbox 877 1453 2371 1538; baseline 0.005 -26"><span class='ocrx_word' id='word_1_60' title='bbox 877 1453 1117 1516; x_wconf 87' lang='lat' dir='ltr'><strong>tionem</strong></span> <span class='ocrx_word' id='word_1_61' title='bbox 1163 1454 1394 1517; x_wconf 87' lang='lat' dir='ltr'><strong>factam</strong></span> <span class='ocrx_word' id='word_1_62' title='bbox 1434 1457 1499 1517; x_wconf 90' lang='lat' dir='ltr'><strong>in</strong></span> <span class='ocrx_word' id='word_1_63' title='bbox 1542 1457 1701 1537; x_wconf 93' lang='lat' dir='ltr'><strong>ipso,</strong></span> <span class='ocrx_word' id='word_1_64' title='bbox 1736 1457 1845 1518; x_wconf 90' lang='lat' dir='ltr'><strong>sed</strong></span> <span class='ocrx_word' id='word_1_65' title='bbox 1890 1477 2003 1538; x_wconf 84' lang='lat' dir='ltr'><strong>per</strong></span> <span class='ocrx_word' id='word_1_66' title='bbox 2041 1459 2161 1519; x_wconf 89' lang='lat' dir='ltr'><strong>hoc</strong></span> <span class='ocrx_word' id='word_1_67' title='bbox 2203 1458 2371 1537; x_wconf 90' lang='lat' dir='ltr'><strong>quod</strong></span> 
     </span>
     <span class='ocr_line' id='line_1_11' title="bbox 877 1551 2366 1636; baseline 0.003 -24"><span class='ocrx_word' id='word_1_68' title='bbox 877 1551 1119 1634; x_wconf 90' lang='lat' dir='ltr'><strong>aliquid</strong></span> <span class='ocrx_word' id='word_1_69' title='bbox 1151 1555 1228 1616; x_wconf 92' lang='lat' dir='ltr'><strong>de</strong></span> <span class='ocrx_word' id='word_1_70' title='bbox 1259 1572 1424 1616; x_wconf 85' lang='lat' dir='ltr'><strong>novo</strong></span> <span class='ocrx_word' id='word_1_71' title='bbox 1460 1555 1643 1616; x_wconf 86' lang='lat' dir='ltr'><strong>aliter</strong></span> <span class='ocrx_word' id='word_1_72' title='bbox 1680 1554 1872 1617; x_wconf 89' lang='lat' dir='ltr'><strong>habet</strong></span> <span class='ocrx_word' id='word_1_73' title='bbox 1910 1575 1975 1617; x_wconf 93' lang='lat' dir='ltr'><strong>se</strong></span> <span class='ocrx_word' id='word_1_74' title='bbox 2015 1556 2091 1616; x_wconf 88' lang='lat' dir='ltr'><strong>ad</strong></span> <span class='ocrx_word' id='word_1_75' title='bbox 2134 1555 2366 1636; x_wconf 91' lang='lat' dir='ltr'><strong>ipsum.</strong></span> 
     </span>
     <span class='ocr_line' id='line_1_12' title="bbox 876 1651 2368 1735; baseline 0.001 -22"><span class='ocrx_word' id='word_1_76' title='bbox 876 1651 1003 1713; x_wconf 91' lang='lat' dir='ltr'><strong>Nec</strong></span> <span class='ocrx_word' id='word_1_77' title='bbox 1064 1652 1199 1733; x_wconf 90' lang='lat' dir='ltr'><strong>ipse</strong></span> <span class='ocrx_word' id='word_1_78' title='bbox 1259 1660 1569 1734; x_wconf 87' lang='lat' dir='ltr'><strong>quantum</strong></span> <span class='ocrx_word' id='word_1_79' title='bbox 1628 1661 1722 1714; x_wconf 93' lang='lat' dir='ltr'><strong>est</strong></span> <span class='ocrx_word' id='word_1_80' title='bbox 1770 1673 1847 1716; x_wconf 88' lang='lat' dir='ltr'><strong>ex</strong></span> <span class='ocrx_word' id='word_1_81' title='bbox 1907 1661 2084 1735; x_wconf 89' lang='lat' dir='ltr'><strong>parte</strong></span> <span class='ocrx_word' id='word_1_82' title='bbox 2143 1654 2368 1734; x_wconf 79' lang='lat' dir='ltr'><strong>ipsiuS,</strong></span> 
     </span>
     <span class='ocr_line' id='line_1_13' title="bbox 874 1749 2370 1814; baseline 0.001 -4"><span class='ocrx_word' id='word_1_83' title='bbox 874 1749 1057 1812; x_wconf 90' lang='lat' dir='ltr'><strong>aliter</strong></span> <span class='ocrx_word' id='word_1_84' title='bbox 1106 1759 1166 1811; x_wconf 90' lang='lat' dir='ltr'><strong>et</strong></span> <span class='ocrx_word' id='word_1_85' title='bbox 1218 1751 1401 1812; x_wconf 87' lang='lat' dir='ltr'><strong>aliter</strong></span> <span class='ocrx_word' id='word_1_86' title='bbox 1451 1751 1642 1813; x_wconf 87' lang='lat' dir='ltr'><strong>habet</strong></span> <span class='ocrx_word' id='word_1_87' title='bbox 1688 1771 1755 1814; x_wconf 92' lang='lat' dir='ltr'><strong>se</strong></span> <span class='ocrx_word' id='word_1_88' title='bbox 1805 1753 1881 1813; x_wconf 91' lang='lat' dir='ltr'><strong>ad</strong></span> <span class='ocrx_word' id='word_1_89' title='bbox 1934 1759 2139 1814; x_wconf 90' lang='lat' dir='ltr'><strong>creata</strong></span> <span class='ocrx_word' id='word_1_90' title='bbox 2183 1769 2196 1813; x_wconf 92' lang='lat'><strong>:</strong></span> <span class='ocrx_word' id='word_1_91' title='bbox 2240 1752 2370 1813; x_wconf 91' lang='lat' dir='ltr'><strong>imo</strong></span> 
     </span>
    </p>
   </div>
   <div class='ocr_carea' id='block_1_6' title="bbox 2481 767 3995 1814">
    <p class='ocr_par' dir='ltr' id='par_1_6' title="bbox 2481 767 3995 1814">
     <span class='ocr_line' id='line_1_14' title="bbox 2482 767 3993 850; baseline 0 -22"><span class='ocrx_word' id='word_1_92' title='bbox 2482 768 2651 848; x_wconf 87' lang='lat' dir='ltr'><strong>quod</strong></span> <span class='ocrx_word' id='word_1_93' title='bbox 2682 775 2799 842; x_wconf 91' lang='lat' dir='ltr'><strong>est,</strong></span> <span class='ocrx_word' id='word_1_94' title='bbox 2834 775 2930 829; x_wconf 86' lang='lat' dir='ltr'><strong>est</strong></span> <span class='ocrx_word' id='word_1_95' title='bbox 2956 768 3034 830; x_wconf 87' lang='lat' dir='ltr'><strong>ad</strong></span> <span class='ocrx_word' id='word_1_96' title='bbox 3065 767 3357 830; x_wconf 88' lang='lat' dir='ltr'><strong>alterum.</strong></span> <span class='ocrx_word' id='word_1_97' title='bbox 3391 767 3748 850; x_wconf 87' lang='lat' dir='ltr'><strong>Aliquando</strong></span> <span class='ocrx_word' id='word_1_98' title='bbox 3779 785 3993 848; x_wconf 86' lang='lat' dir='ltr'><strong>super</strong></span> 
     </span>
     <span class='ocr_line' id='line_1_15' title="bbox 2481 865 3994 946; baseline -0.002 -17"><span class='ocrx_word' id='word_1_99' title='bbox 2481 865 2792 946; x_wconf 86' lang='lat' dir='ltr'><strong>originem</strong></span> <span class='ocrx_word' id='word_1_100' title='bbox 2827 867 3200 939; x_wconf 87' lang='lat' dir='ltr'><strong>naturalem,</strong></span> <span class='ocrx_word' id='word_1_101' title='bbox 3225 867 3390 928; x_wconf 89' lang='lat' dir='ltr'><strong>sicut</strong></span> <span class='ocrx_word' id='word_1_102' title='bbox 3417 865 3690 928; x_wconf 86' lang='lat' dir='ltr'><strong>effectus</strong></span> <span class='ocrx_word' id='word_1_103' title='bbox 3721 865 3800 926; x_wconf 88' lang='lat' dir='ltr'><strong>ad</strong></span> <span class='ocrx_word' id='word_1_104' title='bbox 3831 883 3994 927; x_wconf 85' lang='lat' dir='ltr'><strong>cau-</strong></span> 
     </span>
     <span class='ocr_line' id='line_1_16' title="bbox 2483 963 3990 1046; baseline -0.001 -20"><span class='ocrx_word' id='word_1_105' title='bbox 2483 984 2640 1038; x_wconf 91' lang='lat' dir='ltr'><strong>sam,</strong></span> <span class='ocrx_word' id='word_1_106' title='bbox 2676 970 2739 1026; x_wconf 91' lang='lat' dir='ltr'><strong>et</strong></span> <span class='ocrx_word' id='word_1_107' title='bbox 2767 964 2890 1026; x_wconf 83' lang='lat' dir='ltr'><strong>filii</strong></span> <span class='ocrx_word' id='word_1_108' title='bbox 2929 965 3006 1027; x_wconf 90' lang='lat' dir='ltr'><strong>ad</strong></span> <span class='ocrx_word' id='word_1_109' title='bbox 3048 973 3312 1046; x_wconf 88' lang='lat' dir='ltr'><strong>patrem.</strong></span> <span class='ocrx_word' id='word_1_110' title='bbox 3347 965 3555 1027; x_wconf 88' lang='lat' dir='ltr'><strong>Prima</strong></span> <span class='ocrx_word' id='word_1_111' title='bbox 3592 963 3816 1026; x_wconf 90' lang='lat' dir='ltr'><strong>relatio</strong></span> <span class='ocrx_word' id='word_1_112' title='bbox 3845 981 3990 1026; x_wconf 87' lang='lat' dir='ltr'><strong>non</strong></span> 
     </span>
     <span class='ocr_line' id='line_1_17' title="bbox 2485 1061 3992 1145; baseline -0.001 -21"><span class='ocrx_word' id='word_1_113' title='bbox 2485 1070 2692 1145; x_wconf 91' lang='lat' dir='ltr'><strong>potest</strong></span> <span class='ocrx_word' id='word_1_114' title='bbox 2720 1081 2859 1125; x_wconf 91' lang='lat' dir='ltr'><strong>esse</strong></span> <span class='ocrx_word' id='word_1_115' title='bbox 2901 1063 2964 1125; x_wconf 90' lang='lat' dir='ltr'><strong>in</strong></span> <span class='ocrx_word' id='word_1_116' title='bbox 3008 1065 3156 1138; x_wconf 84' lang='lat' dir='ltr'><strong>Dec,</strong></span> <span class='ocrx_word' id='word_1_117' title='bbox 3190 1063 3344 1145; x_wconf 90' lang='lat' dir='ltr'><strong>quia</strong></span> <span class='ocrx_word' id='word_1_118' title='bbox 3382 1063 3449 1124; x_wconf 91' lang='lat' dir='ltr'><strong>in</strong></span> <span class='ocrx_word' id='word_1_119' title='bbox 3490 1063 3630 1143; x_wconf 89' lang='lat' dir='ltr'><strong>ipso</strong></span> <span class='ocrx_word' id='word_1_120' title='bbox 3667 1061 3846 1123; x_wconf 87' lang='lat' dir='ltr'><strong>nulla</strong></span> <span class='ocrx_word' id='word_1_121' title='bbox 3877 1069 3992 1123; x_wconf 87' lang='lat' dir='ltr'><strong>est</strong></span> 
     </span>
     <span class='ocr_line' id='line_1_18' title="bbox 2483 1159 3995 1243; baseline -0.002 -19"><span class='ocrx_word' id='word_1_122' title='bbox 2483 1162 2892 1224; x_wconf 88' lang='lat' dir='ltr'><strong>accidentalis</strong></span> <span class='ocrx_word' id='word_1_123' title='bbox 2924 1162 3311 1243; x_wconf 86' lang='lat' dir='ltr'><strong>proprietas;</strong></span> <span class='ocrx_word' id='word_1_124' title='bbox 3344 1180 3463 1224; x_wconf 90' lang='lat' dir='ltr'><strong>nec</strong></span> <span class='ocrx_word' id='word_1_125' title='bbox 3495 1159 3790 1234; x_wconf 88' lang='lat' dir='ltr'><strong>secunda,</strong></span> <span class='ocrx_word' id='word_1_126' title='bbox 3822 1160 3995 1242; x_wconf 86' lang='lat' dir='ltr'><strong>quia</strong></span> 
     </span>
     <span class='ocr_line' id='line_1_19' title="bbox 2484 1258 3990 1341; baseline -0.001 -19"><span class='ocrx_word' id='word_1_127' title='bbox 2484 1259 2550 1322; x_wconf 92' lang='lat' dir='ltr'><strong>in</strong></span> <span class='ocrx_word' id='word_1_128' title='bbox 2581 1261 2710 1323; x_wconf 91' lang='lat' dir='ltr'><strong>Deo</strong></span> <span class='ocrx_word' id='word_1_129' title='bbox 2739 1260 2916 1321; x_wconf 91' lang='lat' dir='ltr'><strong>nulla</strong></span> <span class='ocrx_word' id='word_1_130' title='bbox 2943 1267 3041 1322; x_wconf 89' lang='lat' dir='ltr'><strong>est</strong></span> <span class='ocrx_word' id='word_1_131' title='bbox 3069 1259 3510 1341; x_wconf 86' lang='lat' dir='ltr'><strong>dependentia.</strong></span> <span class='ocrx_word' id='word_1_132' title='bbox 3545 1259 3752 1321; x_wconf 87' lang='lat' dir='ltr'><strong>Tertia</strong></span> <span class='ocrx_word' id='word_1_133' title='bbox 3780 1265 3878 1320; x_wconf 91' lang='lat' dir='ltr'><strong>est</strong></span> <span class='ocrx_word' id='word_1_134' title='bbox 3913 1258 3990 1320; x_wconf 87' lang='lat' dir='ltr'><strong>in</strong></span> 
     </span>
     <span class='ocr_line' id='line_1_20' title="bbox 2483 1358 3990 1439; baseline -0.001 -18"><span class='ocrx_word' id='word_1_135' title='bbox 2483 1359 2612 1421; x_wconf 89' lang='lat' dir='ltr'><strong>Deo</strong></span> <span class='ocrx_word' id='word_1_136' title='bbox 2651 1377 2778 1422; x_wconf 91' lang='lat' dir='ltr'><strong>non</strong></span> <span class='ocrx_word' id='word_1_137' title='bbox 2828 1366 3118 1439; x_wconf 88' lang='lat' dir='ltr'><strong>respectu</strong></span> <span class='ocrx_word' id='word_1_138' title='bbox 3163 1366 3487 1431; x_wconf 79' lang='lat' dir='ltr'><strong>creaturae,</strong></span> <span class='ocrx_word' id='word_1_139' title='bbox 3529 1358 3637 1420; x_wconf 92' lang='lat' dir='ltr'><strong>sed</strong></span> <span class='ocrx_word' id='word_1_140' title='bbox 3690 1373 3990 1439; x_wconf 76' lang='lat' dir='ltr'><strong>personae</strong></span> 
     </span>
     <span class='ocr_line' id='line_1_21' title="bbox 2483 1456 3992 1539; baseline -0.001 -20"><span class='ocrx_word' id='word_1_141' title='bbox 2483 1458 2714 1520; x_wconf 82' lang='lat' dir='ltr'><strong>divinae</strong></span> <span class='ocrx_word' id='word_1_142' title='bbox 2768 1477 2782 1522; x_wconf 73' lang='grc' dir='ltr'><strong><em>ε</em></strong></span> <span class='ocrx_word' id='word_1_143' title='bbox 2835 1458 3135 1539; x_wconf 90' lang='lat' dir='ltr'><strong>quoniam</strong></span> <span class='ocrx_word' id='word_1_144' title='bbox 3196 1458 3318 1519; x_wconf 90' lang='lat' dir='ltr'><strong>ista</strong></span> <span class='ocrx_word' id='word_1_145' title='bbox 3375 1457 3596 1519; x_wconf 86' lang='lat' dir='ltr'><strong>relatio</strong></span> <span class='ocrx_word' id='word_1_146' title='bbox 3645 1474 3772 1519; x_wconf 91' lang='lat' dir='ltr'><strong>non</strong></span> <span class='ocrx_word' id='word_1_147' title='bbox 3819 1456 3992 1518; x_wconf 89' lang='lat' dir='ltr'><strong>dicit</strong></span> 
     </span>
     <span class='ocr_line' id='line_1_22' title="bbox 2482 1555 3986 1637; baseline -0.002 -18"><span class='ocrx_word' id='word_1_148' title='bbox 2482 1557 2606 1619; x_wconf 90' lang='lat' dir='ltr'><strong>nisi</strong></span> <span class='ocrx_word' id='word_1_149' title='bbox 2640 1556 3116 1618; x_wconf 84' lang='lat' dir='ltr'><strong>distinctionem</strong></span> <span class='ocrx_word' id='word_1_150' title='bbox 3147 1563 3336 1637; x_wconf 92' lang='lat' dir='ltr'><strong>atque</strong></span> <span class='ocrx_word' id='word_1_151' title='bbox 3365 1555 3630 1636; x_wconf 84' lang='lat' dir='ltr'><strong>originis</strong></span> <span class='ocrx_word' id='word_1_152' title='bbox 3657 1555 3986 1623; x_wconf 83' lang='lat' dir='ltr'><strong>ordinem,</strong></span> 
     </span>
     <span class='ocr_line' id='line_1_23' title="bbox 2483 1655 3990 1737; baseline 0.001 -22"><span class='ocrx_word' id='word_1_153' title='bbox 2483 1674 2624 1737; x_wconf 84' lang='lat' dir='ltr'><strong>quae</strong></span> <span class='ocrx_word' id='word_1_154' title='bbox 2665 1662 2812 1716; x_wconf 91' lang='lat' dir='ltr'><strong>sunt</strong></span> <span class='ocrx_word' id='word_1_155' title='bbox 2851 1655 2917 1716; x_wconf 93' lang='lat' dir='ltr'><strong>in</strong></span> <span class='ocrx_word' id='word_1_156' title='bbox 2947 1655 3204 1717; x_wconf 81' lang='lat' dir='ltr'><strong>divinis,</strong></span> <span class='ocrx_word' id='word_1_157' title='bbox 3239 1655 3374 1718; x_wconf 88' lang='lat' dir='ltr'><strong>Una</strong></span> <span class='ocrx_word' id='word_1_158' title='bbox 3410 1671 3664 1737; x_wconf 89' lang='lat' dir='ltr'><strong>quoque</strong></span> <span class='ocrx_word' id='word_1_159' title='bbox 3706 1671 3990 1736; x_wconf 90' lang='lat' dir='ltr'><strong>persona</strong></span> 
     </span>
     <span class='ocr_line' id='line_1_24' title="bbox 2482 1751 3986 1814; baseline -0.001 0"><span class='ocrx_word' id='word_1_160' title='bbox 2482 1752 2700 1814; x_wconf 89' lang='lat' dir='ltr'><strong>divina</strong></span> <span class='ocrx_word' id='word_1_161' title='bbox 2751 1752 3005 1814; x_wconf 87' lang='lat' dir='ltr'><strong>realiter</strong></span> <span class='ocrx_word' id='word_1_162' title='bbox 3065 1752 3254 1814; x_wconf 89' lang='lat' dir='ltr'><strong>habet</strong></span> <span class='ocrx_word' id='word_1_163' title='bbox 3305 1771 3372 1814; x_wconf 91' lang='lat' dir='ltr'><strong>se</strong></span> <span class='ocrx_word' id='word_1_164' title='bbox 3421 1751 3606 1813; x_wconf 83' lang='lat' dir='ltr'><strong>aliter</strong></span> <span class='ocrx_word' id='word_1_165' title='bbox 3651 1752 3728 1813; x_wconf 93' lang='lat' dir='ltr'><strong>ad</strong></span> <span class='ocrx_word' id='word_1_166' title='bbox 3779 1771 3986 1813; x_wconf 86' lang='lat' dir='ltr'><strong>unam</strong></span> 
     </span>
    </p>
   </div>
   <div class='ocr_carea' id='block_1_7' title="bbox 875 1847 3988 1932">
    <p class='ocr_par' dir='ltr' id='par_1_7' title="bbox 875 1847 3988 1932">
     <span class='ocr_line' id='line_1_25' title="bbox 875 1847 3988 1932; baseline 0.001 -24"><span class='ocrx_word' id='word_1_167' title='bbox 875 1847 1185 1929; x_wconf 90' lang='lat' dir='ltr'><strong>quidquid</strong></span> <span class='ocrx_word' id='word_1_168' title='bbox 1226 1850 1303 1910; x_wconf 92' lang='lat' dir='ltr'><strong>de</strong></span> <span class='ocrx_word' id='word_1_169' title='bbox 1349 1867 1511 1912; x_wconf 88' lang='lat' dir='ltr'><strong>novo</strong></span> <span class='ocrx_word' id='word_1_170' title='bbox 1554 1851 1652 1911; x_wconf 84' lang='lat' dir='ltr'><strong>vel</strong></span> <span class='ocrx_word' id='word_1_171' title='bbox 1694 1869 1771 1912; x_wconf 86' lang='lat' dir='ltr'><strong>ex</strong></span> <span class='ocrx_word' id='word_1_172' title='bbox 1817 1859 2101 1932; x_wconf 88' lang='lat' dir='ltr'><strong>tempore</strong></span> <span class='ocrx_word' id='word_1_173' title='bbox 2150 1869 2368 1932; x_wconf 88' lang='lat' dir='ltr'><strong>opera·</strong></span> <span class='ocrx_word' id='word_1_174' title='bbox 2407 1852 2454 1914; x_wconf 91' lang='lat' dir='ltr'>B</span> <span class='ocrx_word' id='word_1_175' title='bbox 2483 1869 2673 1932; x_wconf 88' lang='lat' dir='ltr'><strong>quam</strong></span> <span class='ocrx_word' id='word_1_176' title='bbox 2705 1850 2782 1912; x_wconf 89' lang='lat' dir='ltr'><strong>ad</strong></span> <span class='ocrx_word' id='word_1_177' title='bbox 2813 1851 3003 1912; x_wconf 88' lang='lat' dir='ltr'><strong>aliam</strong></span> <span class='ocrx_word' id='word_1_178' title='bbox 3044 1870 3159 1931; x_wconf 92' lang='lat' dir='ltr'><strong>per</strong></span> <span class='ocrx_word' id='word_1_179' title='bbox 3191 1849 3559 1912; x_wconf 86' lang='lat' dir='ltr'><strong>relationem</strong></span> <span class='ocrx_word' id='word_1_180' title='bbox 3601 1848 3854 1910; x_wconf 87' lang='lat' dir='ltr'><strong>realem.</strong></span> <span class='ocrx_word' id='word_1_181' title='bbox 3879 1849 3988 1910; x_wconf 83' lang='lat' dir='ltr'><strong>Ad</strong></span> 
     </span>
    </p>
   </div>
   <div class='ocr_carea' id='block_1_8' title="bbox 872 1946 2371 3106">
    <p class='ocr_par' dir='ltr' id='par_1_8' title="bbox 872 1946 2371 3106">
     <span class='ocr_line' id='line_1_26' title="bbox 874 1946 2369 2028; baseline 0.003 -23"><span class='ocrx_word' id='word_1_182' title='bbox 874 1953 978 2006; x_wconf 85' lang='lat' dir='ltr'><strong>tur</strong></span> <span class='ocrx_word' id='word_1_183' title='bbox 1028 1946 1091 2007; x_wconf 91' lang='lat' dir='ltr'><strong>in</strong></span> <span class='ocrx_word' id='word_1_184' title='bbox 1134 1946 1248 2018; x_wconf 87' lang='lat' dir='ltr'><strong>eis,</strong></span> <span class='ocrx_word' id='word_1_185' title='bbox 1293 1947 1373 2007; x_wconf 85' lang='lat' dir='ltr'><strong>ab</strong></span> <span class='ocrx_word' id='word_1_186' title='bbox 1422 1955 1655 2008; x_wconf 63' lang='lat' dir='ltr'><strong>{eterna</strong></span> <span class='ocrx_word' id='word_1_187' title='bbox 1705 1955 1767 2009; x_wconf 86' lang='lat' dir='ltr'><strong>et.</strong></span> <span class='ocrx_word' id='word_1_188' title='bbox 1818 1947 2175 2011; x_wconf 87' lang='lat' dir='ltr'><strong>invariabili</strong></span> <span class='ocrx_word' id='word_1_189' title='bbox 2229 1948 2369 2028; x_wconf 86' lang='lat' dir='ltr'><strong>ejus</strong></span> 
     </span>
     <span class='ocr_line' id='line_1_27' title="bbox 872 2044 2368 2128; baseline 0.002 -22"><span class='ocrx_word' id='word_1_190' title='bbox 872 2044 1288 2125; x_wconf 87' lang='lat' dir='ltr'><strong>dispositione</strong></span> <span class='ocrx_word' id='word_1_191' title='bbox 1336 2064 1410 2106; x_wconf 89' lang='lat' dir='ltr'><strong>ac</strong></span> <span class='ocrx_word' id='word_1_192' title='bbox 1456 2046 1779 2108; x_wconf 80' lang='lat' dir='ltr'><strong>voluntate</strong></span> <span class='ocrx_word' id='word_1_193' title='bbox 1829 2047 2131 2128; x_wconf 84' lang='lat' dir='ltr'><strong>procedit.</strong></span> <span class='ocrx_word' id='word_1_194' title='bbox 2166 2083 2248 2092; x_wconf 93' lang='lat'><strong>—</strong></span> <span class='ocrx_word' id='word_1_195' title='bbox 2275 2048 2368 2109; x_wconf 90' lang='lat' dir='ltr'><strong>Ad</strong></span> 
     </span>
     <span class='ocr_line' id='line_1_28' title="bbox 875 2143 2368 2227; baseline 0.002 -24"><span class='ocrx_word' id='word_1_196' title='bbox 875 2143 1249 2216; x_wconf 89' lang='lat' dir='ltr'><strong>secundum,</strong></span> <span class='ocrx_word' id='word_1_197' title='bbox 1296 2144 1465 2225; x_wconf 92' lang='lat' dir='ltr'><strong>quod</strong></span> <span class='ocrx_word' id='word_1_198' title='bbox 1514 2144 1728 2206; x_wconf 90' lang='lat' dir='ltr'><strong>omnia</strong></span> <span class='ocrx_word' id='word_1_199' title='bbox 1777 2145 2037 2207; x_wconf 90' lang='lat' dir='ltr'><strong>nomina</strong></span> <span class='ocrx_word' id='word_1_200' title='bbox 2085 2165 2228 2227; x_wconf 82' lang='lat' dir='ltr'><strong>quae</strong></span> <span class='ocrx_word' id='word_1_201' title='bbox 2277 2146 2368 2206; x_wconf 89' lang='lat' dir='ltr'><strong>sic</strong></span> 
     </span>
     <span class='ocr_line' id='line_1_29' title="bbox 873 2242 2368 2323; baseline 0.001 -21"><span class='ocrx_word' id='word_1_202' title='bbox 873 2259 949 2302; x_wconf 88' lang='lat' dir='ltr'><strong>ex</strong></span> <span class='ocrx_word' id='word_1_203' title='bbox 997 2247 1281 2321; x_wconf 89' lang='lat' dir='ltr'><strong>tempore</strong></span> <span class='ocrx_word' id='word_1_204' title='bbox 1332 2242 1757 2323; x_wconf 82' lang='lat' dir='ltr'><strong>praedicantur</strong></span> <span class='ocrx_word' id='word_1_205' title='bbox 1801 2244 1877 2304; x_wconf 89' lang='lat' dir='ltr'><strong>de</strong></span> <span class='ocrx_word' id='word_1_206' title='bbox 1927 2243 2076 2316; x_wconf 87' lang='lat' dir='ltr'><strong>Deo,</strong></span> <span class='ocrx_word' id='word_1_207' title='bbox 2120 2243 2368 2304; x_wconf 89' lang='lat' dir='ltr'><strong>relatio-</strong></span> 
     </span>
     <span class='ocr_line' id='line_1_30' title="bbox 873 2339 2371 2420; baseline 0.001 -21"><span class='ocrx_word' id='word_1_208' title='bbox 873 2357 1021 2400; x_wconf 85' lang='lat' dir='ltr'><strong>nem</strong></span> <span class='ocrx_word' id='word_1_209' title='bbox 1066 2339 1429 2420; x_wconf 86' lang='lat' dir='ltr'><strong>important,</strong></span> <span class='ocrx_word' id='word_1_210' title='bbox 1464 2341 1815 2402; x_wconf 90' lang='lat' dir='ltr'><strong>secundum</strong></span> <span class='ocrx_word' id='word_1_211' title='bbox 1856 2341 2226 2402; x_wconf 89' lang='lat' dir='ltr'><strong>Durandum</strong></span> <span class='ocrx_word' id='word_1_212' title='bbox 2261 2357 2274 2400; x_wconf 90' lang='lat'><strong>:</strong></span> <span class='ocrx_word' id='word_1_213' title='bbox 2309 2349 2371 2402; x_wconf 88' lang='lat' dir='ltr'><strong>et</strong></span> 
     </span>
     <span class='ocr_line' id='line_1_31' title="bbox 874 2435 2368 2516; baseline 0.002 -21"><span class='ocrx_word' id='word_1_214' title='bbox 874 2435 1167 2516; x_wconf 89' lang='lat' dir='ltr'><strong>quamvis</strong></span> <span class='ocrx_word' id='word_1_215' title='bbox 1228 2436 1337 2498; x_wconf 91' lang='lat' dir='ltr'><strong>illa</strong></span> <span class='ocrx_word' id='word_1_216' title='bbox 1394 2437 1618 2498; x_wconf 84' lang='lat' dir='ltr'><strong>relatio</strong></span> <span class='ocrx_word' id='word_1_217' title='bbox 1676 2455 1803 2499; x_wconf 90' lang='lat' dir='ltr'><strong>non</strong></span> <span class='ocrx_word' id='word_1_218' title='bbox 1862 2437 1945 2498; x_wconf 87' lang='lat' dir='ltr'><strong>sit</strong></span> <span class='ocrx_word' id='word_1_219' title='bbox 1992 2437 2245 2498; x_wconf 88' lang='lat' dir='ltr'><strong>realiter</strong></span> <span class='ocrx_word' id='word_1_220' title='bbox 2303 2437 2368 2498; x_wconf 88' lang='lat' dir='ltr'><strong>in</strong></span> 
     </span>
     <span class='ocr_line' id='line_1_32' title="bbox 876 2533 2371 2614; baseline 0.001 -20"><span class='ocrx_word' id='word_1_221' title='bbox 876 2533 1023 2606; x_wconf 85' lang='lat' dir='ltr'><strong>Deo,</strong></span> <span class='ocrx_word' id='word_1_222' title='bbox 1059 2541 1270 2595; x_wconf 51' lang='lat' dir='ltr'><strong>&#39;tamen</strong></span> <span class='ocrx_word' id='word_1_223' title='bbox 1303 2533 1789 2596; x_wconf 82' lang='lat' dir='ltr'><strong>fundamentum</strong></span> <span class='ocrx_word' id='word_1_224' title='bbox 1821 2535 1960 2614; x_wconf 90' lang='lat' dir='ltr'><strong>ejus</strong></span> <span class='ocrx_word' id='word_1_225' title='bbox 1992 2543 2087 2596; x_wconf 88' lang='lat' dir='ltr'><strong>est</strong></span> <span class='ocrx_word' id='word_1_226' title='bbox 2117 2535 2371 2597; x_wconf 87' lang='lat' dir='ltr'><strong>realiter</strong></span> 
     </span>
     <span class='ocr_line' id='line_1_33' title="bbox 876 2631 2370 2715; baseline 0.001 -23"><span class='ocrx_word' id='word_1_227' title='bbox 876 2631 940 2692; x_wconf 91' lang='lat' dir='ltr'><strong>in</strong></span> <span class='ocrx_word' id='word_1_228' title='bbox 992 2649 1103 2710; x_wconf 92' lang='lat' dir='ltr'><strong>eo;</strong></span> <span class='ocrx_word' id='word_1_229' title='bbox 1152 2639 1215 2693; x_wconf 86' lang='lat' dir='ltr'><strong>et</strong></span> <span class='ocrx_word' id='word_1_230' title='bbox 1262 2633 1521 2694; x_wconf 88' lang='lat' dir='ltr'><strong>nomina</strong></span> <span class='ocrx_word' id='word_1_231' title='bbox 1573 2633 1680 2694; x_wconf 89' lang='lat' dir='ltr'><strong>illa</strong></span> <span class='ocrx_word' id='word_1_232' title='bbox 1732 2641 2072 2715; x_wconf 86' lang='lat' dir='ltr'><strong>utrumque</strong></span> <span class='ocrx_word' id='word_1_233' title='bbox 2124 2633 2370 2714; x_wconf 82' lang='lat' dir='ltr'><strong>signifi-</strong></span> 
     </span>
     <span class='ocr_line' id='line_1_34' title="bbox 875 2725 2369 2813; baseline 0.003 -24"><span class='ocrx_word' id='word_1_234' title='bbox 875 2737 1040 2802; x_wconf 91' lang='lat' dir='ltr'><strong>cant,</strong></span> <span class='ocrx_word' id='word_1_235' title='bbox 1084 2738 1147 2792; x_wconf 89' lang='lat' dir='ltr'><strong>et</strong></span> <span class='ocrx_word' id='word_1_236' title='bbox 1191 2729 1277 2792; x_wconf 89' lang='lat' dir='ltr'><strong>ita</strong></span> <span class='ocrx_word' id='word_1_237' title='bbox 1322 2750 1467 2792; x_wconf 89' lang='lat' dir='ltr'><strong>vere</strong></span> <span class='ocrx_word' id='word_1_238' title='bbox 1512 2731 1841 2812; x_wconf 87' lang='lat' dir='ltr'><strong>designant</strong></span> <span class='ocrx_word' id='word_1_239' title='bbox 1889 2725 2041 2813; x_wconf 81' lang='lat' dir='ltr'><strong>quid</strong></span> <span class='ocrx_word' id='word_1_240' title='bbox 2090 2732 2256 2793; x_wconf 91' lang='lat' dir='ltr'><strong>reale</strong></span> <span class='ocrx_word' id='word_1_241' title='bbox 2303 2733 2369 2793; x_wconf 89' lang='lat' dir='ltr'><strong>in</strong></span> 
     </span>
     <span class='ocr_line' id='line_1_35' title="bbox 873 2829 2369 2911; baseline 0.002 -21"><span class='ocrx_word' id='word_1_242' title='bbox 873 2829 1000 2890; x_wconf 91' lang='lat' dir='ltr'><strong>Deo</strong></span> <span class='ocrx_word' id='word_1_243' title='bbox 1052 2829 1417 2903; x_wconf 82' lang='lat' dir='ltr'><strong>consistere,</strong></span> <span class='ocrx_word' id='word_1_244' title='bbox 1470 2830 1640 2911; x_wconf 92' lang='lat' dir='ltr'><strong>quod</strong></span> <span class='ocrx_word' id='word_1_245' title='bbox 1699 2838 1793 2890; x_wconf 88' lang='lat' dir='ltr'><strong>est</strong></span> <span class='ocrx_word' id='word_1_246' title='bbox 1843 2829 2045 2891; x_wconf 90' lang='lat' dir='ltr'><strong>virtus</strong></span> <span class='ocrx_word' id='word_1_247' title='bbox 2094 2837 2157 2891; x_wconf 89' lang='lat' dir='ltr'><strong>et</strong></span> <span class='ocrx_word' id='word_1_248' title='bbox 2204 2831 2369 2893; x_wconf 87' lang='lat' dir='ltr'><strong>actio</strong></span> 
     </span>
     <span class='ocr_line' id='line_1_36' title="bbox 874 2927 2367 3007; baseline 0.002 -20"><span class='ocrx_word' id='word_1_249' title='bbox 874 2927 1170 2998; x_wconf 87' lang='lat' dir='ltr'><strong>creativa,</strong></span> <span class='ocrx_word' id='word_1_250' title='bbox 1204 2946 1345 3006; x_wconf 83' lang='lat' dir='ltr'><strong>quae</strong></span> <span class='ocrx_word' id='word_1_251' title='bbox 1376 2935 1471 2988; x_wconf 89' lang='lat' dir='ltr'><strong>est</strong></span> <span class='ocrx_word' id='word_1_252' title='bbox 1504 2927 1773 3007; x_wconf 88' lang='lat' dir='ltr'><strong>ipsemet</strong></span> <span class='ocrx_word' id='word_1_253' title='bbox 1803 2929 1987 2989; x_wconf 83' lang='lat' dir='ltr'><strong>DeuS.</strong></span> <span class='ocrx_word' id='word_1_254' title='bbox 2013 2963 2094 2972; x_wconf 94' lang='lat'>—</span> <span class='ocrx_word' id='word_1_255' title='bbox 2121 2929 2214 2990; x_wconf 91' lang='lat' dir='ltr'><strong>Ad</strong></span> <span class='ocrx_word' id='word_1_256' title='bbox 2246 2936 2367 2990; x_wconf 91' lang='lat' dir='ltr'><strong>ter-</strong></span> 
     </span>
     <span class='ocr_line' id='line_1_37' title="bbox 874 3023 2223 3106; baseline 0.003 -22"><span class='ocrx_word' id='word_1_257' title='bbox 874 3023 1034 3085; x_wconf 91' lang='lat' dir='ltr'><strong>tium</strong></span> <span class='ocrx_word' id='word_1_258' title='bbox 1080 3032 1253 3106; x_wconf 86' lang='lat' dir='ltr'><strong>patet</strong></span> <span class='ocrx_word' id='word_1_259' title='bbox 1293 3044 1370 3086; x_wconf 89' lang='lat' dir='ltr'><strong>ex</strong></span> <span class='ocrx_word' id='word_1_260' title='bbox 1414 3025 1601 3087; x_wconf 88' lang='lat' dir='ltr'><strong>dictis</strong></span> <span class='ocrx_word' id='word_1_261' title='bbox 1646 3025 1930 3087; x_wconf 82' lang='lat' dir='ltr'><strong>formalis</strong></span> <span class='ocrx_word' id='word_1_262' title='bbox 1972 3025 2223 3088; x_wconf 88' lang='lat' dir='ltr'><strong>solutio.</strong></span> 
     </span>
    </p>
   </div>
   <div class='ocr_carea' id='block_1_9' title="bbox 1313 3348 1929 3423">
    <p class='ocr_par' dir='ltr' id='par_1_9' title="bbox 1313 3348 1929 3423">
     <span class='ocr_line' id='line_1_38' title="bbox 1313 3348 1929 3423; baseline 0.002 -12"><span class='ocrx_word' id='word_1_263' title='bbox 1313 3348 1785 3423; x_wconf 85' lang='lat' dir='ltr'>QUAESTIO</span> <span class='ocrx_word' id='word_1_264' title='bbox 1854 3350 1929 3412; x_wconf 91' lang='lat' dir='ltr'><strong>II</strong></span> 
     </span>
    </p>
   </div>
   <div class='ocr_carea' id='block_1_10' title="bbox 997 3613 2364 3780">
    <p class='ocr_par' dir='ltr' id='par_1_10' title="bbox 997 3613 2364 3780">
     <span class='ocr_line' id='line_1_39' title="bbox 997 3613 2363 3696; baseline 0 -21"><span class='ocrx_word' id='word_1_265' title='bbox 997 3614 1257 3681; x_wconf 86' lang='lat' dir='ltr'><strong>Ecundo</strong></span> <span class='ocrx_word' id='word_1_266' title='bbox 1300 3614 1458 3675; x_wconf 91' lang='lat' dir='ltr'><strong>solet</strong></span> <span class='ocrx_word' id='word_1_267' title='bbox 1508 3614 1613 3675; x_wconf 91' lang='lat' dir='ltr'><strong>hic</strong></span> <span class='ocrx_word' id='word_1_268' title='bbox 1663 3613 2103 3695; x_wconf 88' lang='lat' dir='ltr'><strong>principaliter</strong></span> <span class='ocrx_word' id='word_1_269' title='bbox 2142 3614 2363 3696; x_wconf 71' lang='lat' dir='ltr'><strong>qua-ri,</strong></span> 
     </span>
     <span class='ocr_line' id='line_1_40' title="bbox 1022 3713 2364 3780; baseline 0.001 -2"><span class='ocrx_word' id='word_1_270' title='bbox 1022 3714 1150 3778; x_wconf 88' lang='lat' dir='ltr'><strong>An</strong></span> <span class='ocrx_word' id='word_1_271' title='bbox 1205 3713 1529 3780; x_wconf 84' lang='lat' dir='ltr'><strong>nomina</strong></span> <span class='ocrx_word' id='word_1_272' title='bbox 1578 3716 1739 3780; x_wconf 75' lang='lat' dir='ltr'><strong>ista</strong></span> <span class='ocrx_word' id='word_1_273' title='bbox 1793 3715 2010 3780; x_wconf 76' lang='lat' dir='ltr'><strong>dieta</strong></span> <span class='ocrx_word' id='word_1_274' title='bbox 2059 3714 2154 3779; x_wconf 88' lang='lat' dir='ltr'><strong>de</strong></span> <span class='ocrx_word' id='word_1_275' title='bbox 2203 3716 2364 3780; x_wconf 92' lang='lat' dir='ltr'><strong>Deo</strong></span> 
     </span>
    </p>
   </div>
   <div class='ocr_carea' id='block_1_11' title="bbox 872 3814 2366 3893">
    <p class='ocr_par' dir='ltr' id='par_1_11' title="bbox 872 3814 2366 3893">
     <span class='ocr_line' id='line_1_41' title="bbox 872 3814 2366 3893; baseline 0 -15"><span class='ocrx_word' id='word_1_276' title='bbox 872 3826 969 3877; x_wconf 85' lang='lat' dir='ltr'><strong>ex</strong></span> <span class='ocrx_word' id='word_1_277' title='bbox 999 3814 1377 3893; x_wconf 79' lang='lat' dir='ltr'><strong>tempore,</strong></span> <span class='ocrx_word' id='word_1_278' title='bbox 1410 3814 1831 3891; x_wconf 82' lang='lat' dir='ltr'><strong>designent</strong></span> <span class='ocrx_word' id='word_1_279' title='bbox 1861 3814 2220 3879; x_wconf 72' lang='lat' dir='ltr'><strong>divinam</strong></span> <span class='ocrx_word' id='word_1_280' title='bbox 2250 3828 2366 3878; x_wconf 87' lang='lat' dir='ltr'><strong>es-</strong></span> 
     </span>
    </p>
   </div>
   <div class='ocr_carea' id='block_1_12' title="bbox 869 3912 2366 4189">
    <p class='ocr_par' dir='ltr' id='par_1_12' title="bbox 869 3912 2366 4189">
     <span class='ocr_line' id='line_1_42' title="bbox 869 3912 2366 3992; baseline 0.001 -15"><span class='ocrx_word' id='word_1_281' title='bbox 869 3912 1392 3992; x_wconf 78' lang='lat' dir='ltr'><strong>sentiam,seu</strong></span> <span class='ocrx_word' id='word_1_282' title='bbox 1422 3914 1693 3978; x_wconf 81' lang='lat' dir='ltr'><strong>utrum</strong></span> <span class='ocrx_word' id='word_1_283' title='bbox 1722 3914 2158 3977; x_wconf 82' lang='lat' dir='ltr'><strong>seeundum</strong></span> <span class='ocrx_word' id='word_1_284' title='bbox 2188 3912 2366 3979; x_wconf 85' lang='lat' dir='ltr'><strong>sub-</strong></span> 
     </span>
     <span class='ocr_line' id='line_1_43' title="bbox 870 4008 2039 4076; baseline 0.001 -2"><span class='ocrx_word' id='word_1_285' title='bbox 870 4010 1255 4074; x_wconf 78' lang='lat' dir='ltr'><strong>stanttam</strong></span> <span class='ocrx_word' id='word_1_286' title='bbox 1296 4008 1672 4074; x_wconf 79' lang='lat' dir='ltr'><strong>dieantur</strong></span> <span class='ocrx_word' id='word_1_287' title='bbox 1714 4009 1810 4074; x_wconf 87' lang='lat' dir='ltr'><strong>de</strong></span> <span class='ocrx_word' id='word_1_288' title='bbox 1855 4011 2039 4076; x_wconf 76' lang='lat' dir='ltr'><strong>Deo,</strong></span> 
     </span>
     <span class='ocr_line' id='line_1_44' title="bbox 954 4107 2366 4189; baseline 0.004 -24"><span class='ocrx_word' id='word_1_289' title='bbox 954 4107 1187 4168; x_wconf 88' lang='lat' dir='ltr'><strong>Verum</strong></span> <span class='ocrx_word' id='word_1_290' title='bbox 1230 4108 1305 4168; x_wconf 91' lang='lat' dir='ltr'><strong>ad</strong></span> <span class='ocrx_word' id='word_1_291' title='bbox 1347 4107 1466 4169; x_wconf 91' lang='lat' dir='ltr'><strong>hoc</strong></span> <span class='ocrx_word' id='word_1_292' title='bbox 1500 4107 1563 4167; x_wconf 91' lang='lat' dir='ltr'><strong>in</strong></span> <span class='ocrx_word' id='word_1_293' title='bbox 1604 4108 1983 4187; x_wconf 71' lang='lat' dir='ltr'><strong>praecedenti</strong></span> <span class='ocrx_word' id='word_1_294' title='bbox 2016 4109 2366 4189; x_wconf 62' lang='lat' dir='ltr'><strong>quaestione</strong></span> 
     </span>
    </p>
   </div>
   <div class='ocr_carea' id='block_1_13' title="bbox 2478 1948 3988 3011">
    <p class='ocr_par' dir='ltr' id='par_1_13' title="bbox 2478 1948 3988 3011">
     <span class='ocr_line' id='line_1_45' title="bbox 2483 1948 3982 2022; baseline -0.001 -12"><span class='ocrx_word' id='word_1_295' title='bbox 2483 1957 2836 2022; x_wconf 84' lang='lat' dir='ltr'><strong>creaturam</strong></span> <span class='ocrx_word' id='word_1_296' title='bbox 2867 1967 3018 2010; x_wconf 86' lang='lat' dir='ltr'><strong>vero</strong></span> <span class='ocrx_word' id='word_1_297' title='bbox 3057 1949 3222 2011; x_wconf 89' lang='lat' dir='ltr'><strong>Deus</strong></span> <span class='ocrx_word' id='word_1_298' title='bbox 3261 1966 3388 2011; x_wconf 91' lang='lat' dir='ltr'><strong>non</strong></span> <span class='ocrx_word' id='word_1_299' title='bbox 3431 1949 3622 2010; x_wconf 91' lang='lat' dir='ltr'><strong>habet</strong></span> <span class='ocrx_word' id='word_1_300' title='bbox 3659 1948 3982 2017; x_wconf 88' lang='lat' dir='ltr'><strong>ordinem,</strong></span> 
     </span>
     <span class='ocr_line' id='line_1_46' title="bbox 2481 2046 3988 2110; baseline 0 -2"><span class='ocrx_word' id='word_1_301' title='bbox 2481 2067 2598 2109; x_wconf 90' lang='lat' dir='ltr'><strong>nec</strong></span> <span class='ocrx_word' id='word_1_302' title='bbox 2657 2047 2848 2109; x_wconf 87' lang='lat' dir='ltr'><strong>aliam</strong></span> <span class='ocrx_word' id='word_1_303' title='bbox 2907 2055 2970 2110; x_wconf 87' lang='lat' dir='ltr'><strong>et</strong></span> <span class='ocrx_word' id='word_1_304' title='bbox 3021 2047 3211 2109; x_wconf 88' lang='lat' dir='ltr'><strong>aliam</strong></span> <span class='ocrx_word' id='word_1_305' title='bbox 3269 2046 3710 2108; x_wconf 87' lang='lat' dir='ltr'><strong>habitudinem</strong></span> <span class='ocrx_word' id='word_1_306' title='bbox 3765 2066 3778 2109; x_wconf 91' lang='lat'>:</span> <span class='ocrx_word' id='word_1_307' title='bbox 3833 2046 3988 2108; x_wconf 89' lang='lat' dir='ltr'><strong>ideo</strong></span> 
     </span>
     <span class='ocr_line' id='line_1_47' title="bbox 2481 2144 3987 2226; baseline -0.001 -19"><span class='ocrx_word' id='word_1_308' title='bbox 2481 2147 2702 2208; x_wconf 90' lang='lat' dir='ltr'><strong>relatio</strong></span> <span class='ocrx_word' id='word_1_309' title='bbox 2744 2146 2822 2206; x_wconf 92' lang='lat' dir='ltr'><strong>ad</strong></span> <span class='ocrx_word' id='word_1_310' title='bbox 2867 2154 3217 2208; x_wconf 91' lang='lat' dir='ltr'><strong>creaturam</strong></span> <span class='ocrx_word' id='word_1_311' title='bbox 3271 2163 3672 2226; x_wconf 87' lang='lat' dir='ltr'><strong>nequaquam</strong></span> <span class='ocrx_word' id='word_1_312' title='bbox 3723 2144 3987 2206; x_wconf 84' lang='lat' dir='ltr'><strong>realiter</strong></span> 
     </span>
     <span class='ocr_line' id='line_1_48' title="bbox 2479 2243 3986 2307; baseline -0.001 -2"><span class='ocrx_word' id='word_1_313' title='bbox 2479 2252 2576 2305; x_wconf 87' lang='lat' dir='ltr'><strong>est</strong></span> <span class='ocrx_word' id='word_1_314' title='bbox 2617 2245 2681 2305; x_wconf 92' lang='lat' dir='ltr'><strong>in</strong></span> <span class='ocrx_word' id='word_1_315' title='bbox 2713 2245 2858 2307; x_wconf 92' lang='lat' dir='ltr'><strong>Deo.</strong></span> <span class='ocrx_word' id='word_1_316' title='bbox 2896 2245 3084 2307; x_wconf 89' lang='lat' dir='ltr'><strong>Porro</strong></span> <span class='ocrx_word' id='word_1_317' title='bbox 3126 2252 3412 2305; x_wconf 84' lang='lat' dir='ltr'><strong>creatura</strong></span> <span class='ocrx_word' id='word_1_318' title='bbox 3450 2244 3528 2304; x_wconf 90' lang='lat' dir='ltr'><strong>ad</strong></span> <span class='ocrx_word' id='word_1_319' title='bbox 3568 2244 3769 2306; x_wconf 90' lang='lat' dir='ltr'><strong>Deum</strong></span> <span class='ocrx_word' id='word_1_320' title='bbox 3807 2243 3986 2304; x_wconf 90' lang='lat' dir='ltr'><strong>ordi-</strong></span> 
     </span>
     <span class='ocr_line' id='line_1_49' title="bbox 2481 2341 3985 2404; baseline -0.001 0"><span class='ocrx_word' id='word_1_321' title='bbox 2481 2362 2628 2404; x_wconf 89' lang='lat' dir='ltr'><strong>nem</strong></span> <span class='ocrx_word' id='word_1_322' title='bbox 2659 2351 2716 2404; x_wconf 91' lang='lat' dir='ltr'><strong>et</strong></span> <span class='ocrx_word' id='word_1_323' title='bbox 2751 2343 3192 2404; x_wconf 89' lang='lat' dir='ltr'><strong>habitudinem</strong></span> <span class='ocrx_word' id='word_1_324' title='bbox 3222 2341 3415 2403; x_wconf 87' lang='lat' dir='ltr'><strong>habet</strong></span> <span class='ocrx_word' id='word_1_325' title='bbox 3445 2341 3744 2404; x_wconf 90' lang='lat' dir='ltr'><strong>omnibus</strong></span> <span class='ocrx_word' id='word_1_326' title='bbox 3773 2341 3985 2402; x_wconf 89' lang='lat' dir='ltr'><strong>modis</strong></span> 
     </span>
     <span class='ocr_line' id='line_1_50' title="bbox 2481 2440 3986 2523; baseline -0.001 -20"><span class='ocrx_word' id='word_1_327' title='bbox 2481 2442 2819 2523; x_wconf 76' lang='lat' dir='ltr'><strong>praetactis,</strong></span> <span class='ocrx_word' id='word_1_328' title='bbox 2872 2441 3171 2503; x_wconf 85' lang='lat' dir='ltr'><strong>videlicet</strong></span> <span class='ocrx_word' id='word_1_329' title='bbox 3221 2440 3540 2502; x_wconf 86' lang='lat' dir='ltr'><strong>mediante</strong></span> <span class='ocrx_word' id='word_1_330' title='bbox 3591 2440 3986 2521; x_wconf 83' lang='lat' dir='ltr'><strong>proprietate</strong></span> 
     </span>
     <span class='ocr_line' id='line_1_51' title="bbox 2478 2537 3987 2619; baseline -0.002 -18"><span class='ocrx_word' id='word_1_331' title='bbox 2478 2540 2876 2612; x_wconf 87' lang='lat' dir='ltr'><strong>accidentali,</strong></span> <span class='ocrx_word' id='word_1_332' title='bbox 2929 2546 2993 2601; x_wconf 91' lang='lat' dir='ltr'><strong>et</strong></span> <span class='ocrx_word' id='word_1_333' title='bbox 3042 2539 3465 2619; x_wconf 81' lang='lat' dir='ltr'><strong>dependentia</strong></span> <span class='ocrx_word' id='word_1_334' title='bbox 3515 2537 3859 2612; x_wconf 87' lang='lat' dir='ltr'><strong>essentiali,</strong></span> <span class='ocrx_word' id='word_1_335' title='bbox 3915 2546 3987 2599; x_wconf 89' lang='lat' dir='ltr'><strong>et</strong></span> 
     </span>
     <span class='ocr_line' id='line_1_52' title="bbox 2479 2636 3980 2717; baseline -0.001 -19"><span class='ocrx_word' id='word_1_336' title='bbox 2479 2636 2724 2717; x_wconf 83' lang='lat' dir='ltr'><strong>origine</strong></span> <span class='ocrx_word' id='word_1_337' title='bbox 2775 2636 3065 2698; x_wconf 87' lang='lat' dir='ltr'><strong>naturali.</strong></span> <span class='ocrx_word' id='word_1_338' title='bbox 3121 2636 3266 2697; x_wconf 85' lang='lat' dir='ltr'><strong>Ideo</strong></span> <span class='ocrx_word' id='word_1_339' title='bbox 3315 2636 3668 2697; x_wconf 87' lang='lat' dir='ltr'><strong>secundum</strong></span> <span class='ocrx_word' id='word_1_340' title='bbox 3715 2653 3980 2698; x_wconf 91' lang='lat' dir='ltr'><strong>omnem</strong></span> 
     </span>
     <span class='ocr_line' id='line_1_53' title="bbox 2481 2734 3985 2797; baseline -0.001 -1"><span class='ocrx_word' id='word_1_341' title='bbox 2481 2736 2740 2796; x_wconf 91' lang='lat' dir='ltr'><strong>modum</strong></span> <span class='ocrx_word' id='word_1_342' title='bbox 2787 2735 3059 2797; x_wconf 81' lang='lat' dir='ltr'><strong>refertur</strong></span> <span class='ocrx_word' id='word_1_343' title='bbox 3109 2741 3394 2796; x_wconf 89' lang='lat' dir='ltr'><strong>creatura</strong></span> <span class='ocrx_word' id='word_1_344' title='bbox 3441 2734 3518 2794; x_wconf 91' lang='lat' dir='ltr'><strong>ad</strong></span> <span class='ocrx_word' id='word_1_345' title='bbox 3570 2735 3769 2796; x_wconf 90' lang='lat' dir='ltr'><strong>Deum</strong></span> <span class='ocrx_word' id='word_1_346' title='bbox 3820 2734 3985 2795; x_wconf 89' lang='lat' dir='ltr'><strong>rela-</strong></span> 
     </span>
     <span class='ocr_line' id='line_1_54' title="bbox 2478 2831 3982 2913; baseline -0.002 -18"><span class='ocrx_word' id='word_1_347' title='bbox 2478 2833 2650 2895; x_wconf 89' lang='lat' dir='ltr'><strong>tione</strong></span> <span class='ocrx_word' id='word_1_348' title='bbox 2681 2833 2855 2894; x_wconf 87' lang='lat' dir='ltr'><strong>reali.</strong></span> <span class='ocrx_word' id='word_1_349' title='bbox 2890 2869 2972 2877; x_wconf 92' lang='lat'><strong>—-</strong></span> <span class='ocrx_word' id='word_1_350' title='bbox 2999 2832 3302 2894; x_wconf 84' lang='lat' dir='ltr'><strong>Praedicta</strong></span> <span class='ocrx_word' id='word_1_351' title='bbox 3341 2832 3554 2913; x_wconf 89' lang='lat' dir='ltr'><strong>itaque</strong></span> <span class='ocrx_word' id='word_1_352' title='bbox 3595 2831 3852 2892; x_wconf 91' lang='lat' dir='ltr'><strong>nomina</strong></span> <span class='ocrx_word' id='word_1_353' title='bbox 3881 2831 3982 2892; x_wconf 90' lang='lat' dir='ltr'><strong>di—</strong></span> 
     </span>
     <span class='ocr_line' id='line_1_55' title="bbox 2479 2930 3982 3011; baseline -0.001 -19"><span class='ocrx_word' id='word_1_354' title='bbox 2479 2940 2578 2992; x_wconf 87' lang='lat' dir='ltr'><strong>cta</strong></span> <span class='ocrx_word' id='word_1_355' title='bbox 2623 2932 2700 2993; x_wconf 92' lang='lat' dir='ltr'><strong>de</strong></span> <span class='ocrx_word' id='word_1_356' title='bbox 2742 2933 2890 3004; x_wconf 81' lang='lat' dir='ltr'><strong>Dee,</strong></span> <span class='ocrx_word' id='word_1_357' title='bbox 2926 2949 3053 2992; x_wconf 92' lang='lat' dir='ltr'><strong>non</strong></span> <span class='ocrx_word' id='word_1_358' title='bbox 3101 2930 3447 3011; x_wconf 87' lang='lat' dir='ltr'><strong>important</strong></span> <span class='ocrx_word' id='word_1_359' title='bbox 3490 2930 3860 2992; x_wconf 89' lang='lat' dir='ltr'><strong>relationem</strong></span> <span class='ocrx_word' id='word_1_360' title='bbox 3911 2930 3982 2991; x_wconf 90' lang='lat' dir='ltr'><strong>in</strong></span> 
     </span>
    </p>
   </div>
   <div class='ocr_carea' id='block_1_14' title="bbox 2404 3027 3982 3102">
    <p class='ocr_par' dir='ltr' id='par_1_14' title="bbox 2404 3027 3982 3102">
     <span class='ocr_line' id='line_1_56' title="bbox 2404 3027 3982 3102; baseline -0.004 -6"><span class='ocrx_word' id='word_1_361' title='bbox 2404 3033 2448 3097; x_wconf 90' lang='lat' dir='ltr'>C</span> <span class='ocrx_word' id='word_1_362' title='bbox 2481 3031 2606 3092; x_wconf 90' lang='lat' dir='ltr'><strong>Deo</strong></span> <span class='ocrx_word' id='word_1_363' title='bbox 2637 3030 2989 3092; x_wconf 89' lang='lat' dir='ltr'><strong>secundum</strong></span> <span class='ocrx_word' id='word_1_364' title='bbox 3029 3047 3188 3102; x_wconf 91' lang='lat' dir='ltr'><strong>rem,</strong></span> <span class='ocrx_word' id='word_1_365' title='bbox 3223 3028 3331 3090; x_wconf 89' lang='lat' dir='ltr'><strong>sed</strong></span> <span class='ocrx_word' id='word_1_366' title='bbox 3373 3027 3580 3090; x_wconf 89' lang='lat' dir='ltr'><strong>solum</strong></span> <span class='ocrx_word' id='word_1_367' title='bbox 3621 3028 3982 3090; x_wconf 89' lang='lat' dir='ltr'><strong>secundum</strong></span> 
     </span>
    </p>
   </div>
   <div class='ocr_carea' id='block_1_15' title="bbox 2477 3126 3986 4193">
    <p class='ocr_par' dir='ltr' id='par_1_15' title="bbox 2477 3126 3986 4193">
     <span class='ocr_line' id='line_1_57' title="bbox 2480 3126 3982 3208; baseline -0.001 -17"><span class='ocrx_word' id='word_1_368' title='bbox 2480 3129 2738 3191; x_wconf 89' lang='lat' dir='ltr'><strong>modum</strong></span> <span class='ocrx_word' id='word_1_369' title='bbox 2792 3127 3188 3208; x_wconf 82' lang='lat' dir='ltr'><strong>intelligendi</strong></span> <span class='ocrx_word' id='word_1_370' title='bbox 3235 3144 3248 3188; x_wconf 74' lang='grc' dir='ltr'>ε</span> <span class='ocrx_word' id='word_1_371' title='bbox 3292 3126 3397 3188; x_wconf 91' lang='lat' dir='ltr'><strong>cui</strong></span> <span class='ocrx_word' id='word_1_372' title='bbox 3447 3126 3738 3188; x_wconf 90' lang='lat' dir='ltr'><strong>relationi</strong></span> <span class='ocrx_word' id='word_1_373' title='bbox 3788 3127 3982 3190; x_wconf 90' lang='lat' dir='ltr'><strong>ratio-</strong></span> 
     </span>
     <span class='ocr_line' id='line_1_58' title="bbox 2479 3224 3976 3306; baseline -0.001 -18"><span class='ocrx_word' id='word_1_374' title='bbox 2479 3225 2580 3289; x_wconf 90' lang='lat' dir='ltr'><strong>nis</strong></span> <span class='ocrx_word' id='word_1_375' title='bbox 2629 3226 3082 3306; x_wconf 88' lang='lat' dir='ltr'><strong>correspondet</strong></span> <span class='ocrx_word' id='word_1_376' title='bbox 3125 3225 3192 3286; x_wconf 92' lang='lat' dir='ltr'><strong>in</strong></span> <span class='ocrx_word' id='word_1_377' title='bbox 3235 3225 3365 3287; x_wconf 93' lang='lat' dir='ltr'><strong>Deo</strong></span> <span class='ocrx_word' id='word_1_378' title='bbox 3412 3224 3631 3286; x_wconf 88' lang='lat' dir='ltr'><strong>divina</strong></span> <span class='ocrx_word' id='word_1_379' title='bbox 3676 3224 3976 3287; x_wconf 84' lang='lat' dir='ltr'><strong>essentia.</strong></span> 
     </span>
     <span class='ocr_line' id='line_1_59' title="bbox 2478 3322 3986 3405; baseline -0.001 -19"><span class='ocrx_word' id='word_1_380' title='bbox 2478 3324 2637 3386; x_wconf 88' lang='lat' dir='ltr'><strong>Hinc</strong></span> <span class='ocrx_word' id='word_1_381' title='bbox 2662 3331 2725 3385; x_wconf 86' lang='lat' dir='ltr'><strong>et</strong></span> <span class='ocrx_word' id='word_1_382' title='bbox 2747 3323 3165 3405; x_wconf 90' lang='lat' dir='ltr'><strong>Philosophus</strong></span> <span class='ocrx_word' id='word_1_383' title='bbox 3192 3323 3570 3385; x_wconf 88' lang='lat' dir='ltr'><strong>duodecimo</strong></span> <span class='ocrx_word' id='word_1_384' title='bbox 3594 3322 3817 3385; x_wconf 79' lang='lat' dir='ltr'><strong>Primae</strong></span> <span class='ocrx_word' id='word_1_385' title='bbox 3843 3323 3986 3404; x_wconf 89' lang='lat' dir='ltr'><strong>phi-</strong></span> 
     </span>
     <span class='ocr_line' id='line_1_60' title="bbox 2478 3421 3984 3504; baseline -0.001 -20"><span class='ocrx_word' id='word_1_386' title='bbox 2478 3422 2782 3504; x_wconf 83' lang='lat' dir='ltr'><strong>losophiae</strong></span> <span class='ocrx_word' id='word_1_387' title='bbox 2827 3429 3112 3495; x_wconf 88' lang='lat' dir='ltr'><strong>testatur,</strong></span> <span class='ocrx_word' id='word_1_388' title='bbox 3155 3421 3325 3504; x_wconf 90' lang='lat' dir='ltr'><strong>quod</strong></span> <span class='ocrx_word' id='word_1_389' title='bbox 3375 3439 3701 3483; x_wconf 90' lang='lat' dir='ltr'><strong>summum</strong></span> <span class='ocrx_word' id='word_1_390' title='bbox 3743 3430 3807 3483; x_wconf 91' lang='lat' dir='ltr'><strong>et</strong></span> <span class='ocrx_word' id='word_1_391' title='bbox 3851 3422 3984 3503; x_wconf 90' lang='lat' dir='ltr'><strong>pri-</strong></span> 
     </span>
     <span class='ocr_line' id='line_1_61' title="bbox 2478 3520 3978 3600; baseline -0.001 -17"><span class='ocrx_word' id='word_1_392' title='bbox 2478 3541 2656 3583; x_wconf 91' lang='lat' dir='ltr'><strong>mum</strong></span> <span class='ocrx_word' id='word_1_393' title='bbox 2689 3520 2928 3583; x_wconf 88' lang='lat' dir='ltr'><strong>bonum</strong></span> <span class='ocrx_word' id='word_1_394' title='bbox 2961 3537 3088 3583; x_wconf 90' lang='lat' dir='ltr'><strong>non</strong></span> <span class='ocrx_word' id='word_1_395' title='bbox 3116 3520 3445 3582; x_wconf 87' lang='lat' dir='ltr'><strong>ordinatur</strong></span> <span class='ocrx_word' id='word_1_396' title='bbox 3472 3520 3553 3581; x_wconf 87' lang='lat' dir='ltr'><strong>ad</strong></span> <span class='ocrx_word' id='word_1_397' title='bbox 3585 3520 3705 3581; x_wconf 92' lang='lat' dir='ltr'><strong>ista</strong></span> <span class='ocrx_word' id='word_1_398' title='bbox 3734 3528 3978 3600; x_wconf 82' lang='lat' dir='ltr'><strong>creata3</strong></span> 
     </span>
     <span class='ocr_line' id='line_1_62' title="bbox 2477 3618 3978 3700; baseline -0.001 -19"><span class='ocrx_word' id='word_1_399' title='bbox 2477 3628 2540 3681; x_wconf 92' lang='lat' dir='ltr'><strong>et</strong></span> <span class='ocrx_word' id='word_1_400' title='bbox 2589 3639 2809 3681; x_wconf 89' lang='lat' dir='ltr'><strong>rursus</strong></span> <span class='ocrx_word' id='word_1_401' title='bbox 2869 3618 3122 3692; x_wconf 83' lang='lat' dir='ltr'><strong>fatetur,</strong></span> <span class='ocrx_word' id='word_1_402' title='bbox 3171 3618 3339 3700; x_wconf 89' lang='lat' dir='ltr'><strong>quod</strong></span> <span class='ocrx_word' id='word_1_403' title='bbox 3390 3618 3558 3680; x_wconf 92' lang='lat' dir='ltr'><strong>Deus</strong></span> <span class='ocrx_word' id='word_1_404' title='bbox 3607 3635 3734 3680; x_wconf 90' lang='lat' dir='ltr'><strong>non</strong></span> <span class='ocrx_word' id='word_1_405' title='bbox 3783 3618 3978 3680; x_wconf 85' lang='lat' dir='ltr'><strong>habet</strong></span> 
     </span>
     <span class='ocr_line' id='line_1_63' title="bbox 2478 3716 3970 3779; baseline -0.001 0"><span class='ocrx_word' id='word_1_406' title='bbox 2478 3718 2766 3779; x_wconf 88' lang='lat' dir='ltr'><strong>ordinem</strong></span> <span class='ocrx_word' id='word_1_407' title='bbox 2819 3736 2936 3778; x_wconf 91' lang='lat' dir='ltr'><strong>nec</strong></span> <span class='ocrx_word' id='word_1_408' title='bbox 2977 3716 3418 3779; x_wconf 89' lang='lat' dir='ltr'><strong>habitudinem</strong></span> <span class='ocrx_word' id='word_1_409' title='bbox 3465 3716 3660 3777; x_wconf 87' lang='lat' dir='ltr'><strong>ullam</strong></span> <span class='ocrx_word' id='word_1_410' title='bbox 3704 3717 3784 3778; x_wconf 90' lang='lat' dir='ltr'><strong>ad</strong></span> <span class='ocrx_word' id='word_1_411' title='bbox 3826 3716 3970 3778; x_wconf 87' lang='lat' dir='ltr'><strong>alia.</strong></span> 
     </span>
     <span class='ocr_line' id='line_1_64' title="bbox 2478 3815 3976 3898; baseline 0 -21"><span class='ocrx_word' id='word_1_412' title='bbox 2478 3818 2682 3898; x_wconf 86' lang='lat' dir='ltr'><strong>Atque</strong></span> <span class='ocrx_word' id='word_1_413' title='bbox 2723 3817 2789 3877; x_wconf 90' lang='lat' dir='ltr'><strong>in</strong></span> <span class='ocrx_word' id='word_1_414' title='bbox 2839 3815 3004 3877; x_wconf 92' lang='lat' dir='ltr'><strong>libro</strong></span> <span class='ocrx_word' id='word_1_415' title='bbox 3046 3816 3124 3877; x_wconf 92' lang='lat' dir='ltr'><strong>de</strong></span> <span class='ocrx_word' id='word_1_416' title='bbox 3170 3816 3388 3877; x_wconf 89' lang='lat' dir='ltr'><strong>Causis</strong></span> <span class='ocrx_word' id='word_1_417' title='bbox 3437 3816 3762 3889; x_wconf 90' lang='lat' dir='ltr'><strong>asseritur,</strong></span> <span class='ocrx_word' id='word_1_418' title='bbox 3805 3816 3976 3897; x_wconf 90' lang='lat' dir='ltr'><strong>quod</strong></span> 
     </span>
     <span class='ocr_line' id='line_1_65' title="bbox 2480 3913 3976 3996; baseline 0 -21"><span class='ocrx_word' id='word_1_419' title='bbox 2480 3915 2686 3996; x_wconf 88' lang='lat' dir='ltr'><strong>prima</strong></span> <span class='ocrx_word' id='word_1_420' title='bbox 2717 3934 2907 3975; x_wconf 87' lang='lat' dir='ltr'><strong>causa</strong></span> <span class='ocrx_word' id='word_1_421' title='bbox 2936 3915 3158 3977; x_wconf 91' lang='lat' dir='ltr'><strong>eodem</strong></span> <span class='ocrx_word' id='word_1_422' title='bbox 3197 3914 3384 3977; x_wconf 91' lang='lat' dir='ltr'><strong>modo</strong></span> <span class='ocrx_word' id='word_1_423' title='bbox 3415 3934 3484 3976; x_wconf 87' lang='lat' dir='ltr'><strong>se</strong></span> <span class='ocrx_word' id='word_1_424' title='bbox 3513 3913 3704 3975; x_wconf 89' lang='lat' dir='ltr'><strong>habet</strong></span> <span class='ocrx_word' id='word_1_425' title='bbox 3733 3914 3814 3975; x_wconf 94' lang='lat' dir='ltr'><strong>ad</strong></span> <span class='ocrx_word' id='word_1_426' title='bbox 3843 3932 3976 3976; x_wconf 91' lang='lat' dir='ltr'><strong>om-</strong></span> 
     </span>
     <span class='ocr_line' id='line_1_66' title="bbox 2479 4013 3982 4088; baseline -0.001 -13"><span class='ocrx_word' id='word_1_427' title='bbox 2479 4015 2605 4088; x_wconf 87' lang='lat' dir='ltr'><strong>nia,</strong></span> <span class='ocrx_word' id='word_1_428' title='bbox 2648 4014 2756 4076; x_wconf 82' lang='lat' dir='ltr'><strong>sed</strong></span> <span class='ocrx_word' id='word_1_429' title='bbox 2797 4014 2922 4075; x_wconf 91' lang='lat' dir='ltr'><strong>alia</strong></span> <span class='ocrx_word' id='word_1_430' title='bbox 2961 4031 3088 4075; x_wconf 89' lang='lat' dir='ltr'><strong>non</strong></span> <span class='ocrx_word' id='word_1_431' title='bbox 3129 4014 3350 4075; x_wconf 91' lang='lat' dir='ltr'><strong>eodem</strong></span> <span class='ocrx_word' id='word_1_432' title='bbox 3403 4014 3590 4075; x_wconf 90' lang='lat' dir='ltr'><strong>modo</strong></span> <span class='ocrx_word' id='word_1_433' title='bbox 3630 4033 3697 4075; x_wconf 91' lang='lat' dir='ltr'><strong>se</strong></span> <span class='ocrx_word' id='word_1_434' title='bbox 3742 4013 3982 4076; x_wconf 89' lang='lat' dir='ltr'><strong>habent</strong></span> 
     </span>
     <span class='ocr_line' id='line_1_67' title="bbox 2479 4110 3985 4193; baseline -0.001 -20"><span class='ocrx_word' id='word_1_435' title='bbox 2479 4112 2556 4173; x_wconf 86' lang='lat' dir='ltr'><strong>ad</strong></span> <span class='ocrx_word' id='word_1_436' title='bbox 2591 4112 2813 4193; x_wconf 89' lang='lat' dir='ltr'><strong>ipsam.</strong></span> <span class='ocrx_word' id='word_1_437' title='bbox 2851 4111 2998 4173; x_wconf 92' lang='lat' dir='ltr'><strong>Ideo</strong></span> <span class='ocrx_word' id='word_1_438' title='bbox 3029 4110 3290 4173; x_wconf 87' lang='lat' dir='ltr'><strong>nomina</strong></span> <span class='ocrx_word' id='word_1_439' title='bbox 3321 4111 3431 4172; x_wconf 92' lang='lat' dir='ltr'><strong>illa</strong></span> <span class='ocrx_word' id='word_1_440' title='bbox 3463 4130 3604 4192; x_wconf 73' lang='lat' dir='ltr'><strong>quae</strong></span> <span class='ocrx_word' id='word_1_441' title='bbox 3634 4130 3712 4172; x_wconf 85' lang='lat' dir='ltr'><strong>ex</strong></span> <span class='ocrx_word' id='word_1_442' title='bbox 3745 4118 3985 4193; x_wconf 90' lang='lat' dir='ltr'><strong>tempo-</strong></span> 
     </span>
    </p>
   </div>
   <div class='ocr_carea' id='block_1_16' title="bbox 874 4205 3982 4290">
    <p class='ocr_par' dir='ltr' id='par_1_16' title="bbox 874 4205 3982 4290">
     <span class='ocr_line' id='line_1_68' title="bbox 874 4205 3982 4290; baseline 0.001 -24"><span class='ocrx_word' id='word_1_443' title='bbox 874 4222 1250 4286; x_wconf 88' lang='lat' dir='ltr'><strong>responsum</strong></span> <span class='ocrx_word' id='word_1_444' title='bbox 1292 4213 1408 4276; x_wconf 89' lang='lat' dir='ltr'><strong>est,</strong></span> <span class='ocrx_word' id='word_1_445' title='bbox 1442 4214 1505 4266; x_wconf 93' lang='lat' dir='ltr'><strong>et</strong></span> <span class='ocrx_word' id='word_1_446' title='bbox 1544 4205 1787 4267; x_wconf 89' lang='lat' dir='ltr'><strong>dictum</strong></span> <span class='ocrx_word' id='word_1_447' title='bbox 1832 4206 2001 4287; x_wconf 92' lang='lat' dir='ltr'><strong>quod</strong></span> <span class='ocrx_word' id='word_1_448' title='bbox 2047 4207 2365 4288; x_wconf 89' lang='lat' dir='ltr'><strong>principa·</strong></span> <span class='ocrx_word' id='word_1_449' title='bbox 2398 4216 2447 4277; x_wconf 90' lang='lat' dir='ltr'>D</span> <span class='ocrx_word' id='word_1_450' title='bbox 2479 4229 2545 4270; x_wconf 91' lang='lat' dir='ltr'><strong>re</strong></span> <span class='ocrx_word' id='word_1_451' title='bbox 2585 4210 2886 4271; x_wconf 87' lang='lat' dir='ltr'><strong>dicuntur</strong></span> <span class='ocrx_word' id='word_1_452' title='bbox 2925 4209 3002 4271; x_wconf 91' lang='lat' dir='ltr'><strong>de</strong></span> <span class='ocrx_word' id='word_1_453' title='bbox 3041 4210 3190 4283; x_wconf 89' lang='lat' dir='ltr'><strong>Deo,</strong></span> <span class='ocrx_word' id='word_1_454' title='bbox 3223 4207 3445 4271; x_wconf 88' lang='lat' dir='ltr'><strong>dicunt</strong></span> <span class='ocrx_word' id='word_1_455' title='bbox 3485 4227 3642 4290; x_wconf 91' lang='lat' dir='ltr'><strong>pure</strong></span> <span class='ocrx_word' id='word_1_456' title='bbox 3687 4209 3982 4271; x_wconf 87' lang='lat' dir='ltr'><strong>substan-</strong></span> 
     </span>
    </p>
   </div>
   <div class='ocr_carea' id='block_1_17' title="bbox 870 4303 2371 5367">
    <p class='ocr_par' dir='ltr' id='par_1_17' title="bbox 870 4303 2371 5367">
     <span class='ocr_line' id='line_1_69' title="bbox 874 4303 2190 4383; baseline 0.002 -19"><span class='ocrx_word' id='word_1_457' title='bbox 874 4304 1018 4366; x_wconf 84' lang='lat' dir='ltr'><strong>liter</strong></span> <span class='ocrx_word' id='word_1_458' title='bbox 1060 4303 1341 4364; x_wconf 90' lang='lat' dir='ltr'><strong>divinam</strong></span> <span class='ocrx_word' id='word_1_459' title='bbox 1388 4303 1730 4383; x_wconf 84' lang='lat' dir='ltr'><strong>importent</strong></span> <span class='ocrx_word' id='word_1_460' title='bbox 1770 4305 2131 4366; x_wconf 87' lang='lat' dir='ltr'><strong>essentiam.</strong></span> <span class='ocrx_word' id='word_1_461' title='bbox 2178 4348 2190 4357; x_wconf 83' lang='lat'>-</span> 
     </span>
     <span class='ocr_line' id='line_1_70' title="bbox 954 4401 2370 4483; baseline 0.003 -22"><span class='ocrx_word' id='word_1_462' title='bbox 954 4401 1207 4463; x_wconf 88' lang='lat' dir='ltr'><strong>Plenius</strong></span> <span class='ocrx_word' id='word_1_463' title='bbox 1236 4408 1447 4461; x_wconf 91' lang='lat' dir='ltr'><strong>tamen</strong></span> <span class='ocrx_word' id='word_1_464' title='bbox 1482 4402 1941 4481; x_wconf 88' lang='lat' dir='ltr'><strong>respondendo,</strong></span> <span class='ocrx_word' id='word_1_465' title='bbox 1976 4410 2228 4483; x_wconf 87' lang='lat' dir='ltr'><strong>tangam</strong></span> <span class='ocrx_word' id='word_1_466' title='bbox 2258 4403 2370 4465; x_wconf 87' lang='lat' dir='ltr'><strong>Bo—</strong></span> 
     </span>
     <span class='ocr_line' id='line_1_71' title="bbox 875 4497 2364 4583; baseline 0.001 -22"><span class='ocrx_word' id='word_1_467' title='bbox 875 4506 1239 4561; x_wconf 82' lang='lat' dir='ltr'><strong>naventurae</strong></span> <span class='ocrx_word' id='word_1_468' title='bbox 1300 4497 1678 4559; x_wconf 89' lang='lat' dir='ltr'><strong>solutionem</strong></span> <span class='ocrx_word' id='word_1_469' title='bbox 1734 4516 1747 4561; x_wconf 93' lang='lat'><strong>:</strong></span> <span class='ocrx_word' id='word_1_470' title='bbox 1800 4500 2079 4581; x_wconf 84' lang='lat' dir='ltr'><strong>Aliquid,</strong></span> <span class='ocrx_word' id='word_1_471' title='bbox 2134 4501 2364 4583; x_wconf 89' lang='lat' dir='ltr'><strong>inquit,</strong></span> 
     </span>
     <span class='ocr_line' id='line_1_72' title="bbox 874 4596 2365 4679; baseline 0.003 -22"><span class='ocrx_word' id='word_1_472' title='bbox 874 4596 1202 4679; x_wconf 80' lang='lat' dir='ltr'><strong>praedicari</strong></span> <span class='ocrx_word' id='word_1_473' title='bbox 1246 4605 1355 4659; x_wconf 90' lang='lat' dir='ltr'><strong>aut</strong></span> <span class='ocrx_word' id='word_1_474' title='bbox 1398 4596 1523 4656; x_wconf 91' lang='lat' dir='ltr'><strong>dici</strong></span> <span class='ocrx_word' id='word_1_475' title='bbox 1574 4596 1924 4657; x_wconf 86' lang='lat' dir='ltr'><strong>secundum</strong></span> <span class='ocrx_word' id='word_1_476' title='bbox 1970 4598 2365 4673; x_wconf 88' lang='lat' dir='ltr'><strong>relationem,</strong></span> 
     </span>
     <span class='ocr_line' id='line_1_73' title="bbox 871 4694 1656 4776; baseline -0.004 -18"><span class='ocrx_word' id='word_1_477' title='bbox 871 4695 1183 4775; x_wconf 80' lang='lat' dir='ltr'><strong>contingit</strong></span> <span class='ocrx_word' id='word_1_478' title='bbox 1240 4694 1582 4776; x_wconf 87' lang='lat' dir='ltr'><strong>dupliciter</strong></span> <span class='ocrx_word' id='word_1_479' title='bbox 1644 4710 1656 4755; x_wconf 92' lang='lat'><strong>:</strong></span> 
     </span>
     <span class='ocr_line' id='line_1_74' title="bbox 870 4794 2365 4874; baseline 0.001 -17"><span class='ocrx_word' id='word_1_480' title='bbox 870 4812 1037 4872; x_wconf 83' lang='lat' dir='ltr'><strong>rem3</strong></span> <span class='ocrx_word' id='word_1_481' title='bbox 1062 4794 1363 4866; x_wconf 58' lang='lat' dir='ltr'><strong>secundm</strong></span> <span class='ocrx_word' id='word_1_482' title='bbox 1391 4812 1583 4874; x_wconf 90' lang='lat' dir='ltr'><strong>penes</strong></span> <span class='ocrx_word' id='word_1_483' title='bbox 1619 4794 1896 4856; x_wconf 89' lang='lat' dir='ltr'><strong>modum.</strong></span> <span class='ocrx_word' id='word_1_484' title='bbox 1917 4794 2125 4857; x_wconf 87' lang='lat' dir='ltr'><strong>Realis</strong></span> <span class='ocrx_word' id='word_1_485' title='bbox 2153 4804 2365 4859; x_wconf 86' lang='lat' dir='ltr'><strong>autem</strong></span> 
     </span>
     <span class='ocr_line' id='line_1_75' title="bbox 870 4890 2370 4973; baseline 0.001 -18"><span class='ocrx_word' id='word_1_486' title='bbox 870 4893 1094 4955; x_wconf 87' lang='lat' dir='ltr'><strong>relatio</strong></span> <span class='ocrx_word' id='word_1_487' title='bbox 1125 4891 1357 4973; x_wconf 87' lang='lat' dir='ltr'><strong>triplex</strong></span> <span class='ocrx_word' id='word_1_488' title='bbox 1400 4898 1514 4951; x_wconf 88' lang='lat' dir='ltr'><strong>est.</strong></span> <span class='ocrx_word' id='word_1_489' title='bbox 1554 4890 1912 4972; x_wconf 90' lang='lat' dir='ltr'><strong>Aliquando</strong></span> <span class='ocrx_word' id='word_1_490' title='bbox 1942 4894 2113 4955; x_wconf 85' lang='lat' dir='ltr'><strong>enim</strong></span> <span class='ocrx_word' id='word_1_491' title='bbox 2148 4895 2370 4957; x_wconf 79' lang='lat' dir='ltr'><strong>funda-</strong></span> 
     </span>
     <span class='ocr_line' id='line_1_76' title="bbox 872 4989 2371 5073; baseline 0.001 -20"><span class='ocrx_word' id='word_1_492' title='bbox 872 5000 975 5053; x_wconf 87' lang='lat' dir='ltr'><strong>tur</strong></span> <span class='ocrx_word' id='word_1_493' title='bbox 1023 5011 1215 5073; x_wconf 84' lang='lat' dir='ltr'><strong>super</strong></span> <span class='ocrx_word' id='word_1_494' title='bbox 1266 4989 1718 5072; x_wconf 87' lang='lat' dir='ltr'><strong>proprietatem</strong></span> <span class='ocrx_word' id='word_1_495' title='bbox 1768 4992 2248 5066; x_wconf 87' lang='lat' dir='ltr'><strong>accidentalem,</strong></span> <span class='ocrx_word' id='word_1_496' title='bbox 2301 5000 2371 5054; x_wconf 89' lang='lat' dir='ltr'><strong>ut</strong></span> 
     </span>
     <span class='ocr_line' id='line_1_77' title="bbox 873 5088 2370 5171; baseline 0.001 -20"><span class='ocrx_word' id='word_1_497' title='bbox 873 5089 1226 5151; x_wconf 88' lang='lat' dir='ltr'><strong>similitudo</strong></span> <span class='ocrx_word' id='word_1_498' title='bbox 1267 5090 1333 5151; x_wconf 92' lang='lat' dir='ltr'><strong>in</strong></span> <span class='ocrx_word' id='word_1_499' title='bbox 1374 5089 1613 5170; x_wconf 90' lang='lat' dir='ltr'><strong>duplici</strong></span> <span class='ocrx_word' id='word_1_500' title='bbox 1655 5088 1969 5150; x_wconf 87' lang='lat' dir='ltr'><strong>albedine.</strong></span> <span class='ocrx_word' id='word_1_501' title='bbox 2014 5090 2370 5171; x_wconf 85' lang='lat' dir='ltr'><strong>Aliquando</strong></span> 
     </span>
     <span class='ocr_line' id='line_1_78' title="bbox 876 5186 2371 5269; baseline 0 -20"><span class='ocrx_word' id='word_1_502' title='bbox 876 5207 1068 5269; x_wconf 88' lang='lat' dir='ltr'><strong>super</strong></span> <span class='ocrx_word' id='word_1_503' title='bbox 1097 5187 1585 5269; x_wconf 88' lang='lat' dir='ltr'><strong>dependentiam</strong></span> <span class='ocrx_word' id='word_1_504' title='bbox 1622 5186 2047 5260; x_wconf 81' lang='lat' dir='ltr'><strong>essentialem,</strong></span> <span class='ocrx_word' id='word_1_505' title='bbox 2081 5188 2248 5248; x_wconf 89' lang='lat' dir='ltr'><strong>sicut</strong></span> <span class='ocrx_word' id='word_1_506' title='bbox 2279 5206 2371 5249; x_wconf 89' lang='lat' dir='ltr'><strong>re-</strong></span> 
     </span>
     <span class='ocr_line' id='line_1_79' title="bbox 876 5285 2368 5367; baseline 0.001 -20"><span class='ocrx_word' id='word_1_507' title='bbox 876 5294 1131 5367; x_wconf 89' lang='lat' dir='ltr'><strong>spectus</strong></span> <span class='ocrx_word' id='word_1_508' title='bbox 1176 5304 1288 5348; x_wconf 91' lang='lat' dir='ltr'><strong>seu</strong></span> <span class='ocrx_word' id='word_1_509' title='bbox 1335 5286 1556 5350; x_wconf 86' lang='lat' dir='ltr'><strong>relatio</strong></span> <span class='ocrx_word' id='word_1_510' title='bbox 1599 5286 1878 5350; x_wconf 83' lang='lat' dir='ltr'><strong>materiae</strong></span> <span class='ocrx_word' id='word_1_511' title='bbox 1926 5287 2005 5349; x_wconf 90' lang='lat' dir='ltr'><strong>ad</strong></span> <span class='ocrx_word' id='word_1_512' title='bbox 2048 5285 2320 5349; x_wconf 86' lang='lat' dir='ltr'><strong>sormam</strong></span> <span class='ocrx_word' id='word_1_513' title='bbox 2354 5305 2368 5349; x_wconf 92' lang='lat'><strong>:</strong></span> 
     </span>
    </p>
   </div>
   <div class='ocr_carea' id='block_1_18' title="bbox 1721 4695 2460 4775">
    <p class='ocr_par' dir='ltr' id='par_1_18' title="bbox 1721 4695 2460 4775">
     <span class='ocr_line' id='line_1_80' title="bbox 1721 4695 2460 4775; baseline 0 -20"><span class='ocrx_word' id='word_1_514' title='bbox 1721 4695 1950 4775; x_wconf 89' lang='lat' dir='ltr'><strong>primo,</strong></span> <span class='ocrx_word' id='word_1_515' title='bbox 2013 4698 2367 4759; x_wconf 88' lang='lat' dir='ltr'><strong>secundum</strong></span> <span class='ocrx_word' id='word_1_516' title='bbox 2453 4744 2460 4755; x_wconf 89' lang='lat'><strong>.</strong></span> 
     </span>
    </p>
   </div>
   <div class='ocr_carea' id='block_1_19' title="bbox 2479 4307 3983 5368">
    <p class='ocr_par' dir='ltr' id='par_1_19' title="bbox 2479 4307 3982 4663">
     <span class='ocr_line' id='line_1_81' title="bbox 2479 4307 3982 4389; baseline -0.001 -21"><span class='ocrx_word' id='word_1_517' title='bbox 2479 4308 2630 4368; x_wconf 89' lang='lat' dir='ltr'><strong>tiam</strong></span> <span class='ocrx_word' id='word_1_518' title='bbox 2690 4307 2859 4368; x_wconf 85' lang='lat' dir='ltr'><strong>circa</strong></span> <span class='ocrx_word' id='word_1_519' title='bbox 2919 4308 3132 4389; x_wconf 88' lang='lat' dir='ltr'><strong>ipsum</strong></span> <span class='ocrx_word' id='word_1_520' title='bbox 3190 4307 3541 4368; x_wconf 88' lang='lat' dir='ltr'><strong>secundum</strong></span> <span class='ocrx_word' id='word_1_521' title='bbox 3603 4326 3762 4376; x_wconf 87' lang='lat' dir='ltr'><strong>rem,</strong></span> <span class='ocrx_word' id='word_1_522' title='bbox 3825 4307 3982 4369; x_wconf 88' lang='lat' dir='ltr'><strong>rela-</strong></span> 
     </span>
     <span class='ocr_line' id='line_1_82' title="bbox 2480 4404 3980 4485; baseline 0 -20"><span class='ocrx_word' id='word_1_523' title='bbox 2480 4406 2717 4467; x_wconf 82' lang='lat' dir='ltr'><strong>tionem</strong></span> <span class='ocrx_word' id='word_1_524' title='bbox 2767 4422 2917 4467; x_wconf 86' lang='lat' dir='ltr'><strong>vero</strong></span> <span class='ocrx_word' id='word_1_525' title='bbox 2977 4405 3041 4465; x_wconf 91' lang='lat' dir='ltr'><strong>in</strong></span> <span class='ocrx_word' id='word_1_526' title='bbox 3104 4405 3242 4485; x_wconf 88' lang='lat' dir='ltr'><strong>ipso</strong></span> <span class='ocrx_word' id='word_1_527' title='bbox 3301 4404 3654 4465; x_wconf 84' lang='lat' dir='ltr'><strong>secundum</strong></span> <span class='ocrx_word' id='word_1_528' title='bbox 3716 4406 3980 4467; x_wconf 90' lang='lat' dir='ltr'><strong>modum</strong></span> 
     </span>
     <span class='ocr_line' id='line_1_83' title="bbox 2480 4501 3982 4583; baseline 0 -20"><span class='ocrx_word' id='word_1_529' title='bbox 2480 4501 2899 4583; x_wconf 86' lang='lat' dir='ltr'><strong>intelligendi,</strong></span> <span class='ocrx_word' id='word_1_530' title='bbox 2959 4502 3069 4563; x_wconf 89' lang='lat' dir='ltr'><strong>sed</strong></span> <span class='ocrx_word' id='word_1_531' title='bbox 3131 4502 3196 4563; x_wconf 88' lang='lat' dir='ltr'><strong>in</strong></span> <span class='ocrx_word' id='word_1_532' title='bbox 3256 4510 3544 4563; x_wconf 85' lang='lat' dir='ltr'><strong>creatura</strong></span> <span class='ocrx_word' id='word_1_533' title='bbox 3603 4502 3982 4565; x_wconf 88' lang='lat' dir='ltr'><strong>relationem</strong></span> 
     </span>
     <span class='ocr_line' id='line_1_84' title="bbox 2479 4599 3680 4663; baseline -0.001 -1"><span class='ocrx_word' id='word_1_534' title='bbox 2479 4600 2702 4662; x_wconf 85' lang='lat' dir='ltr'><strong>dicunt</strong></span> <span class='ocrx_word' id='word_1_535' title='bbox 2743 4600 2999 4661; x_wconf 89' lang='lat' dir='ltr'><strong>realem.</strong></span> <span class='ocrx_word' id='word_1_536' title='bbox 3036 4599 3178 4661; x_wconf 84' lang='lat' dir='ltr'><strong>Haec</strong></span> <span class='ocrx_word' id='word_1_537' title='bbox 3222 4600 3680 4663; x_wconf 88' lang='lat' dir='ltr'><strong>Bonaventura.</strong></span> 
     </span>
    </p>

    <p class='ocr_par' dir='ltr' id='par_1_20' title="bbox 2480 4697 3983 5368">
     <span class='ocr_line' id='line_1_85' title="bbox 2559 4697 3982 4763; baseline 0.002 -4"><span class='ocrx_word' id='word_1_538' title='bbox 2559 4698 2718 4759; x_wconf 88' lang='lat' dir='ltr'><strong>Hinc</strong></span> <span class='ocrx_word' id='word_1_539' title='bbox 2763 4697 3033 4759; x_wconf 86' lang='lat' dir='ltr'><strong>Thomas</strong></span> <span class='ocrx_word' id='word_1_540' title='bbox 3079 4714 3092 4758; x_wconf 88' lang='lat'>:</span> <span class='ocrx_word' id='word_1_541' title='bbox 3135 4698 3304 4759; x_wconf 87' lang='lat' dir='ltr'><strong>Nihil</strong></span> <span class='ocrx_word' id='word_1_542' title='bbox 3357 4705 3568 4760; x_wconf 88' lang='lat' dir='ltr'><strong>autem</strong></span> <span class='ocrx_word' id='word_1_543' title='bbox 3620 4698 3859 4760; x_wconf 86' lang='lat' dir='ltr'><strong>dicitur</strong></span> <span class='ocrx_word' id='word_1_544' title='bbox 3899 4700 3982 4763; x_wconf 88' lang='lat' dir='ltr'><strong>de</strong></span> 
     </span>
     <span class='ocr_line' id='line_1_86' title="bbox 2480 4794 3980 4877; baseline 0 -18"><span class='ocrx_word' id='word_1_545' title='bbox 2480 4798 2606 4859; x_wconf 90' lang='lat' dir='ltr'><strong>Deo</strong></span> <span class='ocrx_word' id='word_1_546' title='bbox 2653 4815 2730 4858; x_wconf 88' lang='lat' dir='ltr'><strong>ex</strong></span> <span class='ocrx_word' id='word_1_547' title='bbox 2779 4804 3087 4876; x_wconf 90' lang='lat' dir='ltr'><strong>tempore,</strong></span> <span class='ocrx_word' id='word_1_548' title='bbox 3140 4794 3265 4857; x_wconf 88' lang='lat' dir='ltr'><strong>nisi</strong></span> <span class='ocrx_word' id='word_1_549' title='bbox 3313 4796 3480 4877; x_wconf 89' lang='lat' dir='ltr'><strong>quod</strong></span> <span class='ocrx_word' id='word_1_550' title='bbox 3533 4796 3980 4859; x_wconf 86' lang='lat' dir='ltr'><strong>habitudinem</strong></span> 
     </span>
     <span class='ocr_line' id='line_1_87' title="bbox 2481 4892 3980 4976; baseline 0.001 -20"><span class='ocrx_word' id='word_1_551' title='bbox 2481 4896 2772 4976; x_wconf 84' lang='lat' dir='ltr'><strong>importat.</strong></span> <span class='ocrx_word' id='word_1_552' title='bbox 2793 4895 2871 4956; x_wconf 90' lang='lat' dir='ltr'><strong>ad</strong></span> <span class='ocrx_word' id='word_1_553' title='bbox 2904 4892 3598 4957; x_wconf 86' lang='lat' dir='ltr'><strong>creaturam.Habitudo</strong></span> <span class='ocrx_word' id='word_1_554' title='bbox 3625 4902 3836 4956; x_wconf 87' lang='lat' dir='ltr'><strong>autem</strong></span> <span class='ocrx_word' id='word_1_555' title='bbox 3865 4895 3980 4957; x_wconf 89' lang='lat' dir='ltr'><strong>Dei</strong></span> 
     </span>
     <span class='ocr_line' id='line_1_88' title="bbox 2481 4991 3976 5074; baseline 0.003 -21"><span class='ocrx_word' id='word_1_556' title='bbox 2481 4993 2557 5053; x_wconf 89' lang='lat' dir='ltr'><strong>ad</strong></span> <span class='ocrx_word' id='word_1_557' title='bbox 2599 5000 2950 5053; x_wconf 78' lang='lat' dir='ltr'><strong>creaturam</strong></span> <span class='ocrx_word' id='word_1_558' title='bbox 2994 5000 3200 5072; x_wconf 86' lang='lat' dir='ltr'><strong>potest</strong></span> <span class='ocrx_word' id='word_1_559' title='bbox 3229 4991 3542 5071; x_wconf 80' lang='lat' dir='ltr'><strong>designari</strong></span> <span class='ocrx_word' id='word_1_560' title='bbox 3583 4992 3922 5074; x_wconf 89' lang='lat' dir='ltr'><strong>dupliciter</strong></span> <span class='ocrx_word' id='word_1_561' title='bbox 3959 5014 3976 5057; x_wconf 74' lang='grc' dir='ltr'><strong><em>ε</em></strong></span> 
     </span>
     <span class='ocr_line' id='line_1_89' title="bbox 2484 5090 3983 5172; baseline 0 -21"><span class='ocrx_word' id='word_1_562' title='bbox 2484 5091 2712 5172; x_wconf 88' lang='lat' dir='ltr'><strong>primo,</strong></span> <span class='ocrx_word' id='word_1_563' title='bbox 2757 5090 3108 5151; x_wconf 90' lang='lat' dir='ltr'><strong>secundum</strong></span> <span class='ocrx_word' id='word_1_564' title='bbox 3156 5091 3324 5171; x_wconf 89' lang='lat' dir='ltr'><strong>quod</strong></span> <span class='ocrx_word' id='word_1_565' title='bbox 3369 5098 3656 5152; x_wconf 86' lang='lat' dir='ltr'><strong>creatura</strong></span> <span class='ocrx_word' id='word_1_566' title='bbox 3705 5090 3983 5153; x_wconf 82' lang='lat' dir='ltr'><strong>refertur</strong></span> 
     </span>
     <span class='ocr_line' id='line_1_90' title="bbox 2482 5187 3978 5271; baseline -0.001 -21"><span class='ocrx_word' id='word_1_567' title='bbox 2482 5189 2560 5250; x_wconf 89' lang='lat' dir='ltr'><strong>ad</strong></span> <span class='ocrx_word' id='word_1_568' title='bbox 2610 5189 2822 5269; x_wconf 91' lang='lat' dir='ltr'><strong>ipsum</strong></span> <span class='ocrx_word' id='word_1_569' title='bbox 2876 5187 3042 5249; x_wconf 88' lang='lat' dir='ltr'><strong>sicut</strong></span> <span class='ocrx_word' id='word_1_570' title='bbox 3090 5188 3158 5249; x_wconf 88' lang='lat' dir='ltr'><strong>in</strong></span> <span class='ocrx_word' id='word_1_571' title='bbox 3209 5188 3488 5269; x_wconf 91' lang='lat' dir='ltr'><strong>primum</strong></span> <span class='ocrx_word' id='word_1_572' title='bbox 3545 5188 3978 5271; x_wconf 84' lang='lat' dir='ltr'><strong>principium3</strong></span> 
     </span>
     <span class='ocr_line' id='line_1_91' title="bbox 2487 5284 3980 5368; baseline 0 -19"><span class='ocrx_word' id='word_1_573' title='bbox 2487 5286 2790 5360; x_wconf 90' lang='lat' dir='ltr'><strong>secundo,</strong></span> <span class='ocrx_word' id='word_1_574' title='bbox 2824 5294 3012 5367; x_wconf 90' lang='lat' dir='ltr'><strong>prout</strong></span> <span class='ocrx_word' id='word_1_575' title='bbox 3047 5284 3320 5348; x_wconf 79' lang='lat' dir='ltr'><strong>refertur</strong></span> <span class='ocrx_word' id='word_1_576' title='bbox 3356 5286 3422 5348; x_wconf 90' lang='lat' dir='ltr'><strong>in</strong></span> <span class='ocrx_word' id='word_1_577' title='bbox 3463 5285 3675 5368; x_wconf 89' lang='lat' dir='ltr'><strong>ipsum</strong></span> <span class='ocrx_word' id='word_1_578' title='bbox 3715 5288 3876 5350; x_wconf 88' lang='lat' dir='ltr'><strong>sicut</strong></span> <span class='ocrx_word' id='word_1_579' title='bbox 3907 5287 3980 5349; x_wconf 87' lang='lat' dir='ltr'><strong>in</strong></span> 
     </span>
    </p>
   </div>
  </div>
 </body>
</html>
