<?xml version="1.0" encoding="UTF-8"?>
<!DOCTYPE html PUBLIC "-//W3C//DTD XHTML 1.0 Transitional//EN"
    "http://www.w3.org/TR/xhtml1/DTD/xhtml1-transitional.dtd">
<html xmlns="http://www.w3.org/1999/xhtml" xml:lang="en" lang="en">
 <head>
  <title>
</title>
<meta http-equiv="Content-Type" content="text/html;charset=utf-8" />
  <meta name='ocr-system' content='tesseract 3.04.00' />
  <meta name='ocr-capabilities' content='ocr_page ocr_carea ocr_par ocr_line ocrx_word'/>
</head>
<body>
  <div class='ocr_page' id='page_1' title='image "./doctorisecstati11unkngoog_0391.png"; bbox 0 0 4359 6250; ppageno 0'>
   <div class='ocr_carea' id='block_1_1' title="bbox 1292 486 3476 557">
    <p class='ocr_par' dir='ltr' id='par_1_1' title="bbox 1292 486 3476 557">
     <span class='ocr_line' id='line_1_1' title="bbox 1292 486 3476 557; baseline -0.001 -3"><span class='ocrx_word' id='word_1_1' title='bbox 1292 509 1467 556; x_wconf 70' lang='lat' dir='ltr'>mann</span> <span class='ocrx_word' id='word_1_2' title='bbox 1508 510 1527 554; x_wconf 88' lang='lat'>1</span> <span class='ocrx_word' id='word_1_3' title='bbox 1570 507 2051 557; x_wconf 66' lang='lat' dir='ltr'>samam-mauu.</span> <span class='ocrx_word' id='word_1_4' title='bbox 2104 527 2173 538; x_wconf 93' lang='lat'>—</span> <span class='ocrx_word' id='word_1_5' title='bbox 2220 509 2374 554; x_wconf 77' lang='lat' dir='ltr'>msr.</span> <span class='ocrx_word' id='word_1_6' title='bbox 2419 509 2584 554; x_wconf 82' lang='lat' dir='ltr'>xxxv</span> <span class='ocrx_word' id='word_1_7' title='bbox 3353 486 3476 552; x_wconf 82' lang='lat'>379</span> 
     </span>
    </p>
   </div>
   <div class='ocr_carea' id='block_1_2' title="bbox 783 747 3074 929">
    <p class='ocr_par' dir='ltr' id='par_1_2' title="bbox 783 747 3074 929">
     <span class='ocr_line' id='line_1_2' title="bbox 783 747 3074 822; baseline 0 -12"><span class='ocrx_word' id='word_1_8' title='bbox 783 747 865 810; x_wconf 92' lang='lat' dir='ltr'>D.</span> <span class='ocrx_word' id='word_1_9' title='bbox 926 751 1123 814; x_wconf 82' lang='lat' dir='ltr'>Quod</span> <span class='ocrx_word' id='word_1_10' title='bbox 1165 750 1475 812; x_wconf 75' lang='lat' dir='ltr'>scientia</span> <span class='ocrx_word' id='word_1_11' title='bbox 1526 751 1658 810; x_wconf 83' lang='lat' dir='ltr'>Dei</span> <span class='ocrx_word' id='word_1_12' title='bbox 1700 763 1849 812; x_wconf 81' lang='lat' dir='ltr'>non</span> <span class='ocrx_word' id='word_1_13' title='bbox 1896 749 2190 812; x_wconf 81' lang='lat' dir='ltr'>tantum</span> <span class='ocrx_word' id='word_1_14' title='bbox 2235 749 2344 811; x_wconf 78' lang='lat' dir='ltr'>est</span> <span class='ocrx_word' id='word_1_15' title='bbox 2389 753 2474 810; x_wconf 81' lang='lat' dir='ltr'>de</span> <span class='ocrx_word' id='word_1_16' title='bbox 2520 749 3074 822; x_wconf 77' lang='lat' dir='ltr'>temporalibus,</span> 
     </span>
     <span class='ocr_line' id='line_1_3' title="bbox 1489 867 2396 929; baseline -0.001 -1"><span class='ocrx_word' id='word_1_17' title='bbox 1489 870 1618 928; x_wconf 81' lang='lat' dir='ltr'>secl</span> <span class='ocrx_word' id='word_1_18' title='bbox 1662 867 1894 929; x_wconf 82' lang='lat' dir='ltr'>etiam</span> <span class='ocrx_word' id='word_1_19' title='bbox 1940 870 2026 928; x_wconf 84' lang='lat' dir='ltr'>de</span> <span class='ocrx_word' id='word_1_20' title='bbox 2071 867 2396 928; x_wconf 77' lang='lat' dir='ltr'>oeternis.</span> 
     </span>
    </p>
   </div>
   <div class='ocr_carea' id='block_1_3' title="bbox 388 1069 3769 1849">
    <p class='ocr_par' dir='ltr' id='par_1_3' title="bbox 388 1069 3769 1849">
     <span class='ocr_line' id='line_1_4' title="bbox 517 1069 3476 1152; baseline -0.001 -17"><span class='ocrx_word' id='word_1_21' title='bbox 517 1071 803 1135; x_wconf 88' lang='lat' dir='ltr'>Scientia</span> <span class='ocrx_word' id='word_1_22' title='bbox 838 1089 993 1134; x_wconf 87' lang='lat' dir='ltr'>vero</span> <span class='ocrx_word' id='word_1_23' title='bbox 1032 1071 1136 1134; x_wconf 91' lang='lat' dir='ltr'>vel</span> <span class='ocrx_word' id='word_1_24' title='bbox 1184 1071 1506 1152; x_wconf 83' lang='lat' dir='ltr'>sapientia</span> <span class='ocrx_word' id='word_1_25' title='bbox 1552 1087 1684 1132; x_wconf 91' lang='lat' dir='ltr'>non</span> <span class='ocrx_word' id='word_1_26' title='bbox 1732 1070 1989 1132; x_wconf 89' lang='lat' dir='ltr'>tantum</span> <span class='ocrx_word' id='word_1_27' title='bbox 2038 1070 2117 1132; x_wconf 91' lang='lat' dir='ltr'>de</span> <span class='ocrx_word' id='word_1_28' title='bbox 2165 1069 2640 1150; x_wconf 85' lang='lat' dir='ltr'><strong>temporalibus</strong></span> <span class='ocrx_word' id='word_1_29' title='bbox 2685 1069 2800 1132; x_wconf 88' lang='lat' dir='ltr'>sed</span> <span class='ocrx_word' id='word_1_30' title='bbox 2849 1071 3048 1132; x_wconf 89' lang='lat' dir='ltr'>etiam</span> <span class='ocrx_word' id='word_1_31' title='bbox 3095 1070 3176 1132; x_wconf 91' lang='lat' dir='ltr'>de</span> <span class='ocrx_word' id='word_1_32' title='bbox 3214 1071 3476 1132; x_wconf 84' lang='lat' dir='ltr'>aeternis</span> 
     </span>
     <span class='ocr_line' id='line_1_5' title="bbox 390 1186 3476 1268; baseline -0.001 -17"><span class='ocrx_word' id='word_1_33' title='bbox 390 1189 501 1251; x_wconf 89' lang='lat' dir='ltr'>est.</span> <span class='ocrx_word' id='word_1_34' title='bbox 546 1188 833 1268; x_wconf 86' lang='lat' dir='ltr'>Ideoque</span> <span class='ocrx_word' id='word_1_35' title='bbox 889 1187 1013 1250; x_wconf 89' lang='lat' dir='ltr'>etsi</span> <span class='ocrx_word' id='word_1_36' title='bbox 1068 1186 1249 1248; x_wconf 92' lang='lat' dir='ltr'>nulla</span> <span class='ocrx_word' id='word_1_37' title='bbox 1306 1186 1585 1250; x_wconf 83' lang='lat' dir='ltr'>fuissent</span> <span class='ocrx_word' id='word_1_38' title='bbox 1640 1186 1884 1266; x_wconf 83' lang='lat' dir='ltr'>futura,</span> <span class='ocrx_word' id='word_1_39' title='bbox 1936 1187 2111 1250; x_wconf 87' lang='lat' dir='ltr'>esset</span> <span class='ocrx_word' id='word_1_40' title='bbox 2154 1187 2375 1248; x_wconf 90' lang='lat' dir='ltr'>tamen</span> <span class='ocrx_word' id='word_1_41' title='bbox 2427 1186 2494 1247; x_wconf 91' lang='lat' dir='ltr'>in</span> <span class='ocrx_word' id='word_1_42' title='bbox 2543 1187 2684 1249; x_wconf 93' lang='lat' dir='ltr'>Deo</span> <span class='ocrx_word' id='word_1_43' title='bbox 2733 1186 3006 1249; x_wconf 90' lang='lat' dir='ltr'>scientia</span> <span class='ocrx_word' id='word_1_44' title='bbox 3051 1187 3278 1250; x_wconf 86' lang='lat' dir='ltr'>eadem</span> <span class='ocrx_word' id='word_1_45' title='bbox 3327 1203 3476 1266; x_wconf 86' lang='lat' dir='ltr'>quae</span> 
     </span>
     <span class='ocr_line' id='line_1_6' title="bbox 388 1304 3479 1384; baseline -0.001 -16"><span class='ocrx_word' id='word_1_46' title='bbox 388 1305 579 1368; x_wconf 87' lang='lat' dir='ltr'>modo</span> <span class='ocrx_word' id='word_1_47' title='bbox 620 1306 741 1384; x_wconf 87' lang='lat' dir='ltr'>est,</span> <span class='ocrx_word' id='word_1_48' title='bbox 768 1322 889 1368; x_wconf 91' lang='lat' dir='ltr'>nec</span> <span class='ocrx_word' id='word_1_49' title='bbox 926 1305 1143 1367; x_wconf 88' lang='lat' dir='ltr'>minor</span> <span class='ocrx_word' id='word_1_50' title='bbox 1178 1304 1351 1368; x_wconf 86' lang='lat' dir='ltr'>esset</span> <span class='ocrx_word' id='word_1_51' title='bbox 1388 1321 1587 1384; x_wconf 87' lang='lat' dir='ltr'>quam</span> <span class='ocrx_word' id='word_1_52' title='bbox 1624 1305 1846 1383; x_wconf 91' lang='lat' dir='ltr'>modo,</span> <span class='ocrx_word' id='word_1_53' title='bbox 1879 1322 1998 1367; x_wconf 91' lang='lat' dir='ltr'>nec</span> <span class='ocrx_word' id='word_1_54' title='bbox 2035 1305 2250 1384; x_wconf 89' lang='lat' dir='ltr'>major</span> <span class='ocrx_word' id='word_1_55' title='bbox 2277 1305 2376 1366; x_wconf 89' lang='lat' dir='ltr'>est</span> <span class='ocrx_word' id='word_1_56' title='bbox 2405 1320 2602 1384; x_wconf 90' lang='lat' dir='ltr'>quam</span> <span class='ocrx_word' id='word_1_57' title='bbox 2643 1305 2836 1366; x_wconf 87' lang='lat' dir='ltr'>esset.</span> <span class='ocrx_word' id='word_1_58' title='bbox 2872 1304 3079 1368; x_wconf 86' lang='lat' dir='ltr'>Scivit</span> <span class='ocrx_word' id='word_1_59' title='bbox 3107 1321 3259 1382; x_wconf 88' lang='lat' dir='ltr'>ergo</span> <span class='ocrx_word' id='word_1_60' title='bbox 3297 1304 3479 1367; x_wconf 90' lang='lat' dir='ltr'>Deus</span> 
     </span>
     <span class='ocr_line' id='line_1_7' title="bbox 389 1419 3478 1502; baseline -0 -18"><span class='ocrx_word' id='word_1_61' title='bbox 389 1421 465 1484; x_wconf 87' lang='lat' dir='ltr'>ab</span> <span class='ocrx_word' id='word_1_62' title='bbox 492 1423 734 1483; x_wconf 85' lang='lat' dir='ltr'>aeterno</span> <span class='ocrx_word' id='word_1_63' title='bbox 764 1421 1085 1484; x_wconf 86' lang='lat' dir='ltr'>aeternum</span> <span class='ocrx_word' id='word_1_64' title='bbox 1115 1421 1180 1484; x_wconf 90' lang='lat' dir='ltr'>et</span> <span class='ocrx_word' id='word_1_65' title='bbox 1208 1437 1403 1482; x_wconf 90' lang='lat' dir='ltr'>omne</span> <span class='ocrx_word' id='word_1_66' title='bbox 1436 1420 1611 1502; x_wconf 91' lang='lat' dir='ltr'>quod</span> <span class='ocrx_word' id='word_1_67' title='bbox 1642 1420 1935 1483; x_wconf 83' lang='lat' dir='ltr'>futurum</span> <span class='ocrx_word' id='word_1_68' title='bbox 1970 1421 2128 1499; x_wconf 90' lang='lat' dir='ltr'>erat,</span> <span class='ocrx_word' id='word_1_69' title='bbox 2162 1421 2228 1482; x_wconf 89' lang='lat' dir='ltr'>et</span> <span class='ocrx_word' id='word_1_70' title='bbox 2264 1420 2458 1482; x_wconf 88' lang='lat' dir='ltr'>scivit</span> <span class='ocrx_word' id='word_1_71' title='bbox 2485 1419 3007 1483; x_wconf 86' lang='lat' dir='ltr'>immutabiliter.</span> <span class='ocrx_word' id='word_1_72' title='bbox 3042 1419 3178 1484; x_wconf 88' lang='lat' dir='ltr'>Scit</span> <span class='ocrx_word' id='word_1_73' title='bbox 3215 1437 3478 1500; x_wconf 91' lang='lat' dir='ltr'>quoque</span> 
     </span>
     <span class='ocr_line' id='line_1_8' title="bbox 388 1534 3477 1616; baseline -0 -18"><span class='ocrx_word' id='word_1_74' title='bbox 388 1555 509 1599; x_wconf 90' lang='lat' dir='ltr'>non</span> <span class='ocrx_word' id='word_1_75' title='bbox 550 1537 771 1599; x_wconf 88' lang='lat' dir='ltr'>minus</span> <span class='ocrx_word' id='word_1_76' title='bbox 808 1537 1138 1616; x_wconf 82' lang='lat' dir='ltr'>praeterita</span> <span class='ocrx_word' id='word_1_77' title='bbox 1174 1537 1240 1598; x_wconf 91' lang='lat' dir='ltr'>et</span> <span class='ocrx_word' id='word_1_78' title='bbox 1276 1535 1497 1598; x_wconf 83' lang='lat' dir='ltr'>futura</span> <span class='ocrx_word' id='word_1_79' title='bbox 1532 1553 1731 1616; x_wconf 90' lang='lat' dir='ltr'>quam</span> <span class='ocrx_word' id='word_1_80' title='bbox 1770 1534 2141 1616; x_wconf 81' lang='lat' dir='ltr'>praesentia,</span> <span class='ocrx_word' id='word_1_81' title='bbox 2174 1537 2240 1598; x_wconf 89' lang='lat' dir='ltr'>et</span> <span class='ocrx_word' id='word_1_82' title='bbox 2277 1552 2398 1597; x_wconf 92' lang='lat' dir='ltr'>sua</span> <span class='ocrx_word' id='word_1_83' title='bbox 2435 1537 2676 1598; x_wconf 84' lang='lat' dir='ltr'>aeterna</span> <span class='ocrx_word' id='word_1_84' title='bbox 2714 1535 3034 1616; x_wconf 82' lang='lat' dir='ltr'>sapientia</span> <span class='ocrx_word' id='word_1_85' title='bbox 3071 1537 3135 1598; x_wconf 91' lang='lat' dir='ltr'>et</span> <span class='ocrx_word' id='word_1_86' title='bbox 3165 1536 3477 1597; x_wconf 89' lang='lat' dir='ltr'>immuta-</span> 
     </span>
     <span class='ocr_line' id='line_1_9' title="bbox 388 1650 3769 1744; baseline -0.001 -28"><span class='ocrx_word' id='word_1_87' title='bbox 388 1653 496 1716; x_wconf 90' lang='lat' dir='ltr'>bili</span> <span class='ocrx_word' id='word_1_88' title='bbox 534 1654 661 1716; x_wconf 88' lang='lat' dir='ltr'>scit</span> <span class='ocrx_word' id='word_1_89' title='bbox 704 1654 847 1734; x_wconf 86' lang='lat' dir='ltr'>ipse</span> <span class='ocrx_word' id='word_1_90' title='bbox 890 1651 1113 1714; x_wconf 74' lang='lat' dir='ltr'>omnia</span> <span class='ocrx_word' id='word_1_91' title='bbox 1149 1669 1297 1733; x_wconf 84' lang='lat' dir='ltr'>quae</span> <span class='ocrx_word' id='word_1_92' title='bbox 1340 1653 1658 1716; x_wconf 87' lang='lat' dir='ltr'>sciuntur.</span> <span class='ocrx_word' id='word_1_93' title='bbox 1694 1651 1929 1715; x_wconf 87' lang='lat' dir='ltr'>Omnis</span> <span class='ocrx_word' id='word_1_94' title='bbox 1965 1651 2144 1713; x_wconf 88' lang='lat' dir='ltr'>enim</span> <span class='ocrx_word' id='word_1_95' title='bbox 2180 1652 2347 1713; x_wconf 86' lang='lat' dir='ltr'>ratio</span> <span class='ocrx_word' id='word_1_96' title='bbox 2378 1668 2676 1732; x_wconf 88' lang='lat' dir='ltr'>supernae</span> <span class='ocrx_word' id='word_1_97' title='bbox 2717 1652 2781 1713; x_wconf 87' lang='lat' dir='ltr'>et</span> <span class='ocrx_word' id='word_1_98' title='bbox 2811 1652 3070 1714; x_wconf 82' lang='lat' dir='ltr'>aeternae</span> <span class='ocrx_word' id='word_1_99' title='bbox 3109 1650 3470 1732; x_wconf 78' lang='lat' dir='ltr'>sapientiae,</span> <span class='ocrx_word' id='word_1_100' title='bbox 3558 1671 3700 1744; x_wconf 52' lang='lat' dir='ltr'>imin.</span> <span class='ocrx_word' id='word_1_101' title='bbox 3723 1671 3769 1712; x_wconf 67' lang='lat' dir='ltr'>su</span> 
     </span>
     <span class='ocr_line' id='line_1_10' title="bbox 390 1733 3765 1849; baseline -0.001 -17"><span class='ocrx_word' id='word_1_102' title='bbox 390 1771 458 1832; x_wconf 90' lang='lat' dir='ltr'>ut</span> <span class='ocrx_word' id='word_1_103' title='bbox 508 1769 596 1831; x_wconf 89' lang='lat' dir='ltr'>ait</span> <span class='ocrx_word' id='word_1_104' title='bbox 652 1767 1067 1848; x_wconf 83' lang='lat' dir='ltr'>AmbrosiuS,</span> <span class='ocrx_word' id='word_1_105' title='bbox 1126 1767 1194 1830; x_wconf 92' lang='lat' dir='ltr'>in</span> <span class='ocrx_word' id='word_1_106' title='bbox 1252 1785 1329 1831; x_wconf 91' lang='lat' dir='ltr'>eo</span> <span class='ocrx_word' id='word_1_107' title='bbox 1388 1769 1509 1847; x_wconf 88' lang='lat' dir='ltr'>est,</span> <span class='ocrx_word' id='word_1_108' title='bbox 1560 1767 1715 1849; x_wconf 90' lang='lat' dir='ltr'>quia</span> <span class='ocrx_word' id='word_1_109' title='bbox 1770 1784 2035 1829; x_wconf 89' lang='lat' dir='ltr'>omnem</span> <span class='ocrx_word' id='word_1_110' title='bbox 2094 1766 2482 1848; x_wconf 83' lang='lat' dir='ltr'>sapientiam</span> <span class='ocrx_word' id='word_1_111' title='bbox 2543 1768 2608 1829; x_wconf 88' lang='lat' dir='ltr'>et</span> <span class='ocrx_word' id='word_1_112' title='bbox 2671 1761 3062 1829; x_wconf 81' lang='lat' dir='ltr'>scientiam*</span> <span class='ocrx_word' id='word_1_113' title='bbox 3117 1767 3292 1847; x_wconf 83' lang='lat' dir='ltr'>capit</span> <span class='ocrx_word' id='word_1_114' title='bbox 3355 1784 3475 1829; x_wconf 90' lang='lat' dir='ltr'>sua</span> <span class='ocrx_word' id='word_1_115' title='bbox 3504 1733 3765 1845; x_wconf 39' lang='lat'>{3223</span> 
     </span>
    </p>
   </div>
   <div class='ocr_carea' id='block_1_4' title="bbox 389 1862 3608 1965">
    <p class='ocr_par' dir='ltr' id='par_1_4' title="bbox 389 1862 3608 1965">
     <span class='ocr_line' id='line_1_11' title="bbox 389 1862 3608 1965; baseline -0.013 -17"><span class='ocrx_word' id='word_1_116' title='bbox 389 1885 703 1948; x_wconf 86' lang='lat' dir='ltr'>immensa</span> <span class='ocrx_word' id='word_1_117' title='bbox 750 1884 1071 1965; x_wconf 86' lang='lat' dir='ltr'>sapientia</span> <span class='ocrx_word' id='word_1_118' title='bbox 1092 1879 1139 1945; x_wconf 86' lang='lat'>*.</span> <span class='ocrx_word' id='word_1_119' title='bbox 3503 1872 3545 1901; x_wconf 87' lang='lat' dir='ltr'>n.</span> <span class='ocrx_word' id='word_1_120' title='bbox 3569 1862 3608 1900; x_wconf 83' lang='lat'>³.</span> 
     </span>
    </p>
   </div>
   <div class='ocr_carea' id='block_1_5' title="bbox 3505 1921 3769 2028">
    <p class='ocr_par' dir='ltr' id='par_1_5' title="bbox 3505 1921 3769 2028">
     <span class='ocr_line' id='line_1_12' title="bbox 3505 1921 3769 1964; baseline -0.008 1"><span class='ocrx_word' id='word_1_121' title='bbox 3505 1925 3522 1944; x_wconf 84' lang='grc'><em>·</em></span> <span class='ocrx_word' id='word_1_122' title='bbox 3537 1921 3769 1964; x_wconf 70' lang='lat' dir='ltr'>essentiam</span> 
     </span>
     <span class='ocr_line' id='line_1_13' title="bbox 3528 1985 3745 2028; baseline -0.005 0"><span class='ocrx_word' id='word_1_123' title='bbox 3528 1988 3546 2006; x_wconf 87' lang='lat'>&#39;¹</span> <span class='ocrx_word' id='word_1_124' title='bbox 3563 1985 3745 2028; x_wconf 70' lang='lat' dir='ltr'>scicntia</span> 
     </span>
    </p>
   </div>
   <div class='ocr_carea' id='block_1_6' title="bbox 772 2107 3078 2288">
    <p class='ocr_par' dir='ltr' id='par_1_6' title="bbox 772 2107 3078 2288">
     <span class='ocr_line' id='line_1_14' title="bbox 772 2107 3078 2184; baseline 0 -15"><span class='ocrx_word' id='word_1_125' title='bbox 772 2107 849 2170; x_wconf 88' lang='lat' dir='ltr'>E.</span> <span class='ocrx_word' id='word_1_126' title='bbox 909 2110 1151 2176; x_wconf 82' lang='lat' dir='ltr'>Quare</span> <span class='ocrx_word' id='word_1_127' title='bbox 1198 2111 1451 2172; x_wconf 80' lang='lat' dir='ltr'>omnia</span> <span class='ocrx_word' id='word_1_128' title='bbox 1500 2109 1849 2171; x_wconf 79' lang='lat' dir='ltr'>dicantur</span> <span class='ocrx_word' id='word_1_129' title='bbox 1894 2123 2050 2171; x_wconf 77' lang='lat' dir='ltr'>esse</span> <span class='ocrx_word' id='word_1_130' title='bbox 2098 2111 2175 2170; x_wconf 80' lang='lat' dir='ltr'>in</span> <span class='ocrx_word' id='word_1_131' title='bbox 2229 2111 2402 2184; x_wconf 88' lang='lat' dir='ltr'>Deo,</span> <span class='ocrx_word' id='word_1_132' title='bbox 2447 2110 2520 2170; x_wconf 84' lang='lat' dir='ltr'>et</span> <span class='ocrx_word' id='word_1_133' title='bbox 2565 2112 2755 2184; x_wconf 80' lang='lat' dir='ltr'>quod</span> <span class='ocrx_word' id='word_1_134' title='bbox 2795 2108 3078 2180; x_wconf 77' lang='lat' dir='ltr'>factum</span> 
     </span>
     <span class='ocr_line' id='line_1_15' title="bbox 1527 2225 2317 2288; baseline -0.001 -2"><span class='ocrx_word' id='word_1_135' title='bbox 1527 2226 1636 2287; x_wconf 76' lang='lat' dir='ltr'>est</span> <span class='ocrx_word' id='word_1_136' title='bbox 1680 2225 1832 2288; x_wconf 82' lang='lat' dir='ltr'>vita</span> <span class='ocrx_word' id='word_1_137' title='bbox 1881 2239 2036 2288; x_wconf 76' lang='lat' dir='ltr'>esse</span> <span class='ocrx_word' id='word_1_138' title='bbox 2084 2227 2163 2287; x_wconf 76' lang='lat' dir='ltr'>in</span> <span class='ocrx_word' id='word_1_139' title='bbox 2211 2239 2317 2285; x_wconf 81' lang='lat' dir='ltr'>ec.</span> 
     </span>
    </p>
   </div>
   <div class='ocr_carea' id='block_1_7' title="bbox 388 2427 3770 3672">
    <p class='ocr_par' dir='ltr' id='par_1_7' title="bbox 388 2427 3770 3672">
     <span class='ocr_line' id='line_1_16' title="bbox 514 2427 3474 2510; baseline -0 -18"><span class='ocrx_word' id='word_1_140' title='bbox 514 2430 867 2510; x_wconf 88' lang='lat' dir='ltr'>Propterea</span> <span class='ocrx_word' id='word_1_141' title='bbox 913 2429 1135 2492; x_wconf 89' lang='lat' dir='ltr'>omnia</span> <span class='ocrx_word' id='word_1_142' title='bbox 1182 2428 1492 2492; x_wconf 87' lang='lat' dir='ltr'>dicuntur</span> <span class='ocrx_word' id='word_1_143' title='bbox 1536 2445 1679 2492; x_wconf 84' lang='lat' dir='ltr'>esse</span> <span class='ocrx_word' id='word_1_144' title='bbox 1730 2429 1798 2491; x_wconf 90' lang='lat' dir='ltr'>in</span> <span class='ocrx_word' id='word_1_145' title='bbox 1835 2429 1976 2492; x_wconf 93' lang='lat' dir='ltr'>Deo</span> <span class='ocrx_word' id='word_1_146' title='bbox 2024 2430 2089 2492; x_wconf 88' lang='lat' dir='ltr'>et</span> <span class='ocrx_word' id='word_1_147' title='bbox 2136 2427 2342 2491; x_wconf 83' lang='lat' dir='ltr'>fuisse</span> <span class='ocrx_word' id='word_1_148' title='bbox 2389 2428 2472 2491; x_wconf 87' lang='lat' dir='ltr'>ab</span> <span class='ocrx_word' id='word_1_149' title='bbox 2519 2428 2784 2491; x_wconf 83' lang='lat' dir='ltr'>aeternO.</span> <span class='ocrx_word' id='word_1_150' title='bbox 2829 2429 3014 2491; x_wconf 90' lang='lat' dir='ltr'>Unde</span> <span class='ocrx_word' id='word_1_151' title='bbox 3061 2427 3474 2508; x_wconf 85' lang='lat' dir='ltr'>Augustinus</span> 
     </span>
     <span class='ocr_line' id='line_1_17' title="bbox 388 2543 3770 2634; baseline -0.002 -25"><span class='ocrx_word' id='word_1_152' title='bbox 388 2563 578 2626; x_wconf 87' lang='lat' dir='ltr'>super</span> <span class='ocrx_word' id='word_1_153' title='bbox 620 2544 929 2608; x_wconf 89' lang='lat' dir='ltr'>Genesim</span> <span class='ocrx_word' id='word_1_154' title='bbox 964 2565 977 2606; x_wconf 93' lang='lat'><strong>:</strong></span> <span class='ocrx_word' id='word_1_155' title='bbox 1012 2544 1173 2608; x_wconf 86' lang='lat' dir='ltr'>Haec</span> <span class='ocrx_word' id='word_1_156' title='bbox 1214 2544 1524 2624; x_wconf 87' lang='lat' dir='ltr'>visibilia,</span> <span class='ocrx_word' id='word_1_157' title='bbox 1557 2544 1795 2624; x_wconf 90' lang='lat' dir='ltr'>inquit,</span> <span class='ocrx_word' id='word_1_158' title='bbox 1827 2546 2175 2624; x_wconf 88' lang='lat' dir='ltr'>antequam</span> <span class='ocrx_word' id='word_1_159' title='bbox 2217 2544 2469 2623; x_wconf 86' lang='lat' dir='ltr'>fierent,</span> <span class='ocrx_word' id='word_1_160' title='bbox 2505 2560 2637 2605; x_wconf 91' lang='lat' dir='ltr'>non</span> <span class='ocrx_word' id='word_1_161' title='bbox 2681 2545 2864 2606; x_wconf 89' lang='lat' dir='ltr'>erant</span> <span class='ocrx_word' id='word_1_162' title='bbox 2896 2563 2910 2603; x_wconf 74' lang='grc' dir='ltr'>ε</span> <span class='ocrx_word' id='word_1_163' title='bbox 2946 2543 3279 2624; x_wconf 89' lang='lat' dir='ltr'>quomodo</span> <span class='ocrx_word' id='word_1_164' title='bbox 3319 2560 3472 2624; x_wconf 90' lang='lat' dir='ltr'>ergo</span> <span class='ocrx_word' id='word_1_165' title='bbox 3502 2561 3608 2634; x_wconf 56' lang='lat' dir='ltr'>Aug.</span> <span class='ocrx_word' id='word_1_166' title='bbox 3623 2559 3770 2634; x_wconf 63' lang='lat'><strong>‹1090-</strong></span> 
     </span>
     <span class='ocr_line' id='line_1_18' title="bbox 389 2622 3767 2740; baseline 0.001 -16"><span class='ocrx_word' id='word_1_167' title='bbox 389 2665 535 2724; x_wconf 86' lang='lat' dir='ltr'>nota</span> <span class='ocrx_word' id='word_1_168' title='bbox 568 2662 711 2724; x_wconf 88' lang='lat' dir='ltr'>Deo</span> <span class='ocrx_word' id='word_1_169' title='bbox 750 2662 932 2723; x_wconf 89' lang='lat' dir='ltr'>erant</span> <span class='ocrx_word' id='word_1_170' title='bbox 966 2677 1115 2740; x_wconf 86' lang='lat' dir='ltr'>quae</span> <span class='ocrx_word' id='word_1_171' title='bbox 1162 2677 1294 2722; x_wconf 91' lang='lat' dir='ltr'>non</span> <span class='ocrx_word' id='word_1_172' title='bbox 1333 2660 1515 2722; x_wconf 90' lang='lat' dir='ltr'>erant</span> <span class='ocrx_word' id='word_1_173' title='bbox 1539 2659 1569 2720; x_wconf 79' lang='lat'>⁴?</span> <span class='ocrx_word' id='word_1_174' title='bbox 1612 2659 1695 2722; x_wconf 89' lang='lat' dir='ltr'>Et</span> <span class='ocrx_word' id='word_1_175' title='bbox 1742 2676 1992 2738; x_wconf 88' lang='lat' dir='ltr'>rursus,</span> <span class='ocrx_word' id='word_1_176' title='bbox 2025 2659 2358 2740; x_wconf 90' lang='lat' dir='ltr'>quomodo</span> <span class='ocrx_word' id='word_1_177' title='bbox 2398 2676 2474 2721; x_wconf 90' lang='lat' dir='ltr'>ea</span> <span class='ocrx_word' id='word_1_178' title='bbox 2511 2658 2751 2722; x_wconf 84' lang='lat' dir='ltr'>faceret</span> <span class='ocrx_word' id='word_1_179' title='bbox 2787 2677 2934 2740; x_wconf 84' lang='lat' dir='ltr'>quae</span> <span class='ocrx_word' id='word_1_180' title='bbox 2981 2659 3107 2722; x_wconf 87' lang='lat' dir='ltr'>sibi</span> <span class='ocrx_word' id='word_1_181' title='bbox 3147 2661 3303 2722; x_wconf 87' lang='lat' dir='ltr'>nota</span> <span class='ocrx_word' id='word_1_182' title='bbox 3339 2677 3471 2722; x_wconf 91' lang='lat' dir='ltr'>non</span> <span class='ocrx_word' id='word_1_183' title='bbox 3499 2622 3767 2735; x_wconf 47' lang='lat' dir='ltr'>Effvf‘ffigss</span> 
     </span>
     <span class='ocr_line' id='line_1_19' title="bbox 390 2773 3474 2856; baseline -0.001 -17"><span class='ocrx_word' id='word_1_184' title='bbox 390 2775 613 2840; x_wconf 81' lang='lat' dir='ltr'>erant?</span> <span class='ocrx_word' id='word_1_185' title='bbox 641 2777 790 2838; x_wconf 92' lang='lat' dir='ltr'>Non</span> <span class='ocrx_word' id='word_1_186' title='bbox 820 2776 995 2838; x_wconf 89' lang='lat' dir='ltr'>enim</span> <span class='ocrx_word' id='word_1_187' title='bbox 1026 2774 1387 2854; x_wconf 86' lang='lat' dir='ltr'>quidquam</span> <span class='ocrx_word' id='word_1_188' title='bbox 1427 2773 1582 2836; x_wconf 88' lang='lat' dir='ltr'>fecit</span> <span class='ocrx_word' id='word_1_189' title='bbox 1610 2775 1941 2854; x_wconf 89' lang='lat' dir='ltr'>ignorans.</span> <span class='ocrx_word' id='word_1_190' title='bbox 1974 2773 2146 2836; x_wconf 87' lang='lat' dir='ltr'>Nota</span> <span class='ocrx_word' id='word_1_191' title='bbox 2185 2791 2338 2854; x_wconf 87' lang='lat' dir='ltr'>ergo</span> <span class='ocrx_word' id='word_1_192' title='bbox 2379 2773 2555 2854; x_wconf 91' lang='lat' dir='ltr'>fecit,</span> <span class='ocrx_word' id='word_1_193' title='bbox 2586 2791 2718 2836; x_wconf 92' lang='lat' dir='ltr'>non</span> <span class='ocrx_word' id='word_1_194' title='bbox 2750 2774 2920 2837; x_wconf 89' lang='lat' dir='ltr'>facta</span> <span class='ocrx_word' id='word_1_195' title='bbox 2947 2775 3276 2856; x_wconf 89' lang='lat' dir='ltr'>cognovit.</span> <span class='ocrx_word' id='word_1_196' title='bbox 3309 2775 3474 2837; x_wconf 93' lang='lat' dir='ltr'>Pro-</span> 
     </span>
     <span class='ocr_line' id='line_1_20' title="bbox 388 2890 3473 2972; baseline 0 -18"><span class='ocrx_word' id='word_1_197' title='bbox 388 2893 529 2956; x_wconf 88' lang='lat' dir='ltr'>inde</span> <span class='ocrx_word' id='word_1_198' title='bbox 568 2893 920 2972; x_wconf 88' lang='lat' dir='ltr'>antequam</span> <span class='ocrx_word' id='word_1_199' title='bbox 970 2890 1222 2969; x_wconf 89' lang='lat' dir='ltr'>fierent,</span> <span class='ocrx_word' id='word_1_200' title='bbox 1262 2891 1328 2952; x_wconf 90' lang='lat' dir='ltr'>et</span> <span class='ocrx_word' id='word_1_201' title='bbox 1364 2891 1549 2952; x_wconf 90' lang='lat' dir='ltr'>erant</span> <span class='ocrx_word' id='word_1_202' title='bbox 1591 2891 1657 2953; x_wconf 90' lang='lat' dir='ltr'>et</span> <span class='ocrx_word' id='word_1_203' title='bbox 1707 2907 1835 2952; x_wconf 89' lang='lat' dir='ltr'>non</span> <span class='ocrx_word' id='word_1_204' title='bbox 1888 2892 2072 2953; x_wconf 89' lang='lat' dir='ltr'>erant</span> <span class='ocrx_word' id='word_1_205' title='bbox 2112 2911 2125 2951; x_wconf 92' lang='lat'>:</span> <span class='ocrx_word' id='word_1_206' title='bbox 2170 2892 2354 2954; x_wconf 89' lang='lat' dir='ltr'>erant</span> <span class='ocrx_word' id='word_1_207' title='bbox 2394 2891 2460 2952; x_wconf 91' lang='lat' dir='ltr'>in</span> <span class='ocrx_word' id='word_1_208' title='bbox 2509 2891 2631 2954; x_wconf 88' lang='lat' dir='ltr'>Dei</span> <span class='ocrx_word' id='word_1_209' title='bbox 2679 2891 2973 2970; x_wconf 87' lang='lat' dir='ltr'>scientia,</span> <span class='ocrx_word' id='word_1_210' title='bbox 3014 2909 3144 2954; x_wconf 92' lang='lat' dir='ltr'>non</span> <span class='ocrx_word' id='word_1_211' title='bbox 3185 2893 3367 2955; x_wconf 86' lang='lat' dir='ltr'>erant</span> <span class='ocrx_word' id='word_1_212' title='bbox 3405 2892 3473 2955; x_wconf 92' lang='lat' dir='ltr'>in</span> 
     </span>
     <span class='ocr_line' id='line_1_21' title="bbox 390 3006 3475 3088; baseline -0.001 -16"><span class='ocrx_word' id='word_1_213' title='bbox 390 3027 503 3072; x_wconf 89' lang='lat' dir='ltr'>sua</span> <span class='ocrx_word' id='word_1_214' title='bbox 553 3007 807 3071; x_wconf 89' lang='lat' dir='ltr'>natura.</span> <span class='ocrx_word' id='word_1_215' title='bbox 858 3007 995 3087; x_wconf 91' lang='lat' dir='ltr'>Ipsi</span> <span class='ocrx_word' id='word_1_216' title='bbox 1052 3007 1272 3068; x_wconf 86' lang='lat' dir='ltr'>autem</span> <span class='ocrx_word' id='word_1_217' title='bbox 1329 3006 1469 3068; x_wconf 90' lang='lat' dir='ltr'>Deo</span> <span class='ocrx_word' id='word_1_218' title='bbox 1526 3024 1658 3069; x_wconf 90' lang='lat' dir='ltr'>non</span> <span class='ocrx_word' id='word_1_219' title='bbox 1715 3006 1922 3069; x_wconf 89' lang='lat' dir='ltr'>audeo</span> <span class='ocrx_word' id='word_1_220' title='bbox 1980 3007 2194 3069; x_wconf 85' lang='lat' dir='ltr'>dicere</span> <span class='ocrx_word' id='word_1_221' title='bbox 2257 3007 2387 3069; x_wconf 93' lang='lat' dir='ltr'>alio</span> <span class='ocrx_word' id='word_1_222' title='bbox 2455 3008 2650 3070; x_wconf 90' lang='lat' dir='ltr'>modo</span> <span class='ocrx_word' id='word_1_223' title='bbox 2708 3007 3073 3071; x_wconf 88' lang='lat' dir='ltr'>innotuisse</span> <span class='ocrx_word' id='word_1_224' title='bbox 3136 3025 3342 3088; x_wconf 90' lang='lat' dir='ltr'>quum</span> <span class='ocrx_word' id='word_1_225' title='bbox 3398 3024 3475 3071; x_wconf 89' lang='lat' dir='ltr'>ea</span> 
     </span>
     <span class='ocr_line' id='line_1_22' title="bbox 393 3121 3767 3204; baseline 0 -17"><span class='ocrx_word' id='word_1_226' title='bbox 393 3124 669 3203; x_wconf 85' lang='lat' dir='ltr'>fecisset,</span> <span class='ocrx_word' id='word_1_227' title='bbox 702 3140 900 3204; x_wconf 87' lang='lat' dir='ltr'>quam</span> <span class='ocrx_word' id='word_1_228' title='bbox 940 3123 1053 3185; x_wconf 90' lang='lat' dir='ltr'>illo</span> <span class='ocrx_word' id='word_1_229' title='bbox 1093 3140 1223 3203; x_wconf 90' lang='lat' dir='ltr'>quo</span> <span class='ocrx_word' id='word_1_230' title='bbox 1257 3140 1333 3186; x_wconf 89' lang='lat' dir='ltr'>ea</span> <span class='ocrx_word' id='word_1_231' title='bbox 1369 3124 1641 3186; x_wconf 86' lang='lat' dir='ltr'>noverat</span> <span class='ocrx_word' id='word_1_232' title='bbox 1668 3125 1743 3186; x_wconf 90' lang='lat' dir='ltr'>ut</span> <span class='ocrx_word' id='word_1_233' title='bbox 1772 3121 2010 3186; x_wconf 88' lang='lat' dir='ltr'>faceret</span> <span class='ocrx_word' id='word_1_234' title='bbox 2042 3142 2056 3183; x_wconf 92' lang='lat'><strong>:</strong></span> <span class='ocrx_word' id='word_1_235' title='bbox 2094 3124 2268 3204; x_wconf 91' lang='lat' dir='ltr'>apud</span> <span class='ocrx_word' id='word_1_236' title='bbox 2307 3141 2504 3203; x_wconf 91' lang='lat' dir='ltr'>quem</span> <span class='ocrx_word' id='word_1_237' title='bbox 2543 3142 2676 3187; x_wconf 89' lang='lat' dir='ltr'>non</span> <span class='ocrx_word' id='word_1_238' title='bbox 2713 3126 2812 3187; x_wconf 86' lang='lat' dir='ltr'>est</span> <span class='ocrx_word' id='word_1_239' title='bbox 2848 3125 3333 3203; x_wconf 82' lang='lat' dir='ltr'>transmutatiO,</span> <span class='ocrx_word' id='word_1_240' title='bbox 3357 3142 3474 3188; x_wconf 89' lang='lat' dir='ltr'>nec</span> <span class='ocrx_word' id='word_1_241' title='bbox 3502 3142 3767 3194; x_wconf 58' lang='lat' dir='ltr'>lamam.</span> 
     </span>
     <span class='ocr_line' id='line_1_23' title="bbox 394 3239 3474 3320; baseline 0 -17"><span class='ocrx_word' id='word_1_242' title='bbox 394 3240 859 3305; x_wconf 85' lang='lat' dir='ltr'>vicissitudinis</span> <span class='ocrx_word' id='word_1_243' title='bbox 896 3239 1332 3303; x_wconf 82' lang='lat' dir='ltr'>obumbratiO.</span> <span class='ocrx_word' id='word_1_244' title='bbox 1353 3240 1629 3303; x_wconf 88' lang='lat' dir='ltr'>—Ecce</span> <span class='ocrx_word' id='word_1_245' title='bbox 1658 3240 1766 3303; x_wconf 92' lang='lat' dir='ltr'>hic</span> <span class='ocrx_word' id='word_1_246' title='bbox 1793 3239 1994 3302; x_wconf 89' lang='lat' dir='ltr'>habes</span> <span class='ocrx_word' id='word_1_247' title='bbox 2030 3240 2210 3319; x_wconf 88' lang='lat' dir='ltr'>quod</span> <span class='ocrx_word' id='word_1_248' title='bbox 2245 3239 2386 3303; x_wconf 87' lang='lat' dir='ltr'>haec</span> <span class='ocrx_word' id='word_1_249' title='bbox 2419 3239 2705 3303; x_wconf 88' lang='lat' dir='ltr'>visibilia</span> <span class='ocrx_word' id='word_1_250' title='bbox 2741 3242 3091 3320; x_wconf 88' lang='lat' dir='ltr'>antequam</span> <span class='ocrx_word' id='word_1_251' title='bbox 3123 3240 3373 3318; x_wconf 90' lang='lat' dir='ltr'>fierent,</span> <span class='ocrx_word' id='word_1_252' title='bbox 3408 3242 3474 3303; x_wconf 91' lang='lat' dir='ltr'>in</span> 
     </span>
     <span class='ocr_line' id='line_1_24' title="bbox 396 3355 3475 3437; baseline -0.001 -15"><span class='ocrx_word' id='word_1_253' title='bbox 396 3358 506 3422; x_wconf 91' lang='lat' dir='ltr'>Dei</span> <span class='ocrx_word' id='word_1_254' title='bbox 549 3358 821 3422; x_wconf 84' lang='lat' dir='ltr'>scientia</span> <span class='ocrx_word' id='word_1_255' title='bbox 870 3359 1075 3421; x_wconf 88' lang='lat' dir='ltr'>erant.</span> <span class='ocrx_word' id='word_1_256' title='bbox 1111 3356 1213 3419; x_wconf 85' lang='lat' dir='ltr'>Ex</span> <span class='ocrx_word' id='word_1_257' title='bbox 1257 3357 1382 3419; x_wconf 90' lang='lat' dir='ltr'>hoc</span> <span class='ocrx_word' id='word_1_258' title='bbox 1431 3374 1585 3437; x_wconf 88' lang='lat' dir='ltr'>ergo</span> <span class='ocrx_word' id='word_1_259' title='bbox 1627 3374 1823 3419; x_wconf 91' lang='lat' dir='ltr'>sensu</span> <span class='ocrx_word' id='word_1_260' title='bbox 1864 3355 2087 3419; x_wconf 90' lang='lat' dir='ltr'>omnia</span> <span class='ocrx_word' id='word_1_261' title='bbox 2121 3356 2432 3418; x_wconf 90' lang='lat' dir='ltr'>dicuntur</span> <span class='ocrx_word' id='word_1_262' title='bbox 2469 3374 2610 3419; x_wconf 89' lang='lat' dir='ltr'>esse</span> <span class='ocrx_word' id='word_1_263' title='bbox 2649 3356 2717 3418; x_wconf 93' lang='lat' dir='ltr'>in</span> <span class='ocrx_word' id='word_1_264' title='bbox 2759 3357 2922 3435; x_wconf 89' lang='lat' dir='ltr'>De0,</span> <span class='ocrx_word' id='word_1_265' title='bbox 2960 3358 3024 3419; x_wconf 87' lang='lat' dir='ltr'>et</span> <span class='ocrx_word' id='word_1_266' title='bbox 3066 3374 3261 3420; x_wconf 90' lang='lat' dir='ltr'>omne</span> <span class='ocrx_word' id='word_1_267' title='bbox 3297 3358 3475 3437; x_wconf 91' lang='lat' dir='ltr'>quod</span> 
     </span>
     <span class='ocr_line' id='line_1_25' title="bbox 396 3472 3475 3553; baseline 0 -17"><span class='ocrx_word' id='word_1_268' title='bbox 396 3475 630 3537; x_wconf 80' lang='lat' dir='ltr'>factum</span> <span class='ocrx_word' id='word_1_269' title='bbox 670 3474 791 3553; x_wconf 65' lang='lat' dir='ltr'>aet,</span> <span class='ocrx_word' id='word_1_270' title='bbox 831 3474 1072 3537; x_wconf 88' lang='lat' dir='ltr'>dicitur</span> <span class='ocrx_word' id='word_1_271' title='bbox 1109 3473 1245 3535; x_wconf 92' lang='lat' dir='ltr'>vita</span> <span class='ocrx_word' id='word_1_272' title='bbox 1281 3490 1423 3535; x_wconf 91' lang='lat' dir='ltr'>esse</span> <span class='ocrx_word' id='word_1_273' title='bbox 1462 3473 1531 3534; x_wconf 91' lang='lat' dir='ltr'>in</span> <span class='ocrx_word' id='word_1_274' title='bbox 1572 3473 1716 3552; x_wconf 91' lang='lat' dir='ltr'>ipso</span> <span class='ocrx_word' id='word_1_275' title='bbox 1753 3491 1767 3532; x_wconf 73' lang='grc' dir='ltr'>ε</span> <span class='ocrx_word' id='word_1_276' title='bbox 1802 3488 1932 3534; x_wconf 89' lang='lat' dir='ltr'>non</span> <span class='ocrx_word' id='word_1_277' title='bbox 1972 3472 2119 3534; x_wconf 90' lang='lat' dir='ltr'>ideo</span> <span class='ocrx_word' id='word_1_278' title='bbox 2169 3472 2347 3552; x_wconf 91' lang='lat' dir='ltr'>quod</span> <span class='ocrx_word' id='word_1_279' title='bbox 2395 3474 2689 3535; x_wconf 86' lang='lat' dir='ltr'>creatura</span> <span class='ocrx_word' id='word_1_280' title='bbox 2725 3472 2814 3535; x_wconf 92' lang='lat' dir='ltr'>sit</span> <span class='ocrx_word' id='word_1_281' title='bbox 2850 3472 3136 3552; x_wconf 89' lang='lat' dir='ltr'>Creator,</span> <span class='ocrx_word' id='word_1_282' title='bbox 3179 3472 3278 3535; x_wconf 91' lang='lat' dir='ltr'>vel</span> <span class='ocrx_word' id='word_1_283' title='bbox 3319 3475 3475 3553; x_wconf 89' lang='lat' dir='ltr'>quia</span> 
     </span>
     <span class='ocr_line' id='line_1_26' title="bbox 394 3588 3469 3672; baseline -0 -18"><span class='ocrx_word' id='word_1_284' title='bbox 394 3592 513 3654; x_wconf 85' lang='lat' dir='ltr'>ista</span> <span class='ocrx_word' id='word_1_285' title='bbox 556 3590 944 3672; x_wconf 88' lang='lat' dir='ltr'>temporalia</span> <span class='ocrx_word' id='word_1_286' title='bbox 990 3588 1423 3653; x_wconf 84' lang='lat' dir='ltr'>essentialiter</span> <span class='ocrx_word' id='word_1_287' title='bbox 1466 3588 1601 3651; x_wconf 87' lang='lat' dir='ltr'>sint</span> <span class='ocrx_word' id='word_1_288' title='bbox 1652 3588 1719 3650; x_wconf 92' lang='lat' dir='ltr'>in</span> <span class='ocrx_word' id='word_1_289' title='bbox 1758 3589 1940 3670; x_wconf 89' lang='lat' dir='ltr'>Deo;</span> <span class='ocrx_word' id='word_1_290' title='bbox 1990 3589 2104 3651; x_wconf 86' lang='lat' dir='ltr'>sed</span> <span class='ocrx_word' id='word_1_291' title='bbox 2152 3590 2309 3668; x_wconf 92' lang='lat' dir='ltr'>quia</span> <span class='ocrx_word' id='word_1_292' title='bbox 2360 3590 2427 3651; x_wconf 92' lang='lat' dir='ltr'>in</span> <span class='ocrx_word' id='word_1_293' title='bbox 2479 3588 2623 3668; x_wconf 91' lang='lat' dir='ltr'>ejus</span> <span class='ocrx_word' id='word_1_294' title='bbox 2669 3588 2942 3652; x_wconf 86' lang='lat' dir='ltr'>scientia</span> <span class='ocrx_word' id='word_1_295' title='bbox 2988 3606 3248 3671; x_wconf 89' lang='lat' dir='ltr'>semper</span> <span class='ocrx_word' id='word_1_296' title='bbox 3292 3593 3469 3669; x_wconf 91' lang='lat' dir='ltr'>sunt,</span> 
     </span>
    </p>
   </div>
   <div class='ocr_carea' id='block_1_8' title="bbox 395 3708 880 3788">
    <p class='ocr_par' dir='ltr' id='par_1_8' title="bbox 395 3708 880 3788">
     <span class='ocr_line' id='line_1_27' title="bbox 395 3708 880 3788; baseline -0.006 -17"><span class='ocrx_word' id='word_1_297' title='bbox 395 3724 531 3788; x_wconf 82' lang='lat' dir='ltr'>quae</span> <span class='ocrx_word' id='word_1_298' title='bbox 578 3708 713 3770; x_wconf 86' lang='lat' dir='ltr'>vita</span> <span class='ocrx_word' id='word_1_299' title='bbox 760 3708 880 3770; x_wconf 85' lang='lat' dir='ltr'>est.</span> 
     </span>
    </p>
   </div>
   <div class='ocr_carea' id='block_1_9' title="bbox 800 3930 3054 4005">
    <p class='ocr_par' dir='ltr' id='par_1_9' title="bbox 800 3930 3054 4005">
     <span class='ocr_line' id='line_1_28' title="bbox 800 3930 3054 4005; baseline 0 -14"><span class='ocrx_word' id='word_1_300' title='bbox 800 3930 877 3991; x_wconf 87' lang='lat' dir='ltr'>F.</span> <span class='ocrx_word' id='word_1_301' title='bbox 934 3932 1131 3997; x_wconf 77' lang='lat' dir='ltr'>Quod</span> <span class='ocrx_word' id='word_1_302' title='bbox 1176 3934 1435 3993; x_wconf 84' lang='lat' dir='ltr'>eadem</span> <span class='ocrx_word' id='word_1_303' title='bbox 1478 3930 1777 3993; x_wconf 78' lang='lat' dir='ltr'>ratione</span> <span class='ocrx_word' id='word_1_304' title='bbox 1824 3930 2173 3992; x_wconf 78' lang='lat' dir='ltr'>dicuntur</span> <span class='ocrx_word' id='word_1_305' title='bbox 2219 3934 2473 3993; x_wconf 81' lang='lat' dir='ltr'>omnia</span> <span class='ocrx_word' id='word_1_306' title='bbox 2522 3934 2592 3992; x_wconf 74' lang='lat' dir='ltr'>ei</span> <span class='ocrx_word' id='word_1_307' title='bbox 2629 3932 3054 4005; x_wconf 61' lang='lat' dir='ltr'>praesentia.</span> 
     </span>
    </p>
   </div>
   <div class='ocr_carea' id='block_1_10' title="bbox 397 4134 3774 5259">
    <p class='ocr_par' dir='ltr' id='par_1_10' title="bbox 397 4134 3774 5259">
     <span class='ocr_line' id='line_1_29' title="bbox 518 4134 3470 4216; baseline -0.001 -17"><span class='ocrx_word' id='word_1_308' title='bbox 518 4137 673 4200; x_wconf 89' lang='lat' dir='ltr'>Inde</span> <span class='ocrx_word' id='word_1_309' title='bbox 712 4138 814 4199; x_wconf 89' lang='lat' dir='ltr'>est</span> <span class='ocrx_word' id='word_1_310' title='bbox 851 4136 1049 4199; x_wconf 90' lang='lat' dir='ltr'>etiam</span> <span class='ocrx_word' id='word_1_311' title='bbox 1087 4134 1267 4216; x_wconf 90' lang='lat' dir='ltr'>quod</span> <span class='ocrx_word' id='word_1_312' title='bbox 1304 4134 1525 4197; x_wconf 89' lang='lat' dir='ltr'>omnia</span> <span class='ocrx_word' id='word_1_313' title='bbox 1562 4134 1870 4196; x_wconf 88' lang='lat' dir='ltr'>dicuntur</span> <span class='ocrx_word' id='word_1_314' title='bbox 1908 4134 1966 4196; x_wconf 93' lang='lat' dir='ltr'>ei</span> <span class='ocrx_word' id='word_1_315' title='bbox 1998 4134 2348 4214; x_wconf 77' lang='lat' dir='ltr'>praesentia</span> <span class='ocrx_word' id='word_1_316' title='bbox 2385 4152 2548 4213; x_wconf 88' lang='lat' dir='ltr'>esse,</span> <span class='ocrx_word' id='word_1_317' title='bbox 2579 4152 2710 4197; x_wconf 91' lang='lat' dir='ltr'>non</span> <span class='ocrx_word' id='word_1_318' title='bbox 2747 4135 2965 4197; x_wconf 86' lang='lat' dir='ltr'>solum</span> <span class='ocrx_word' id='word_1_319' title='bbox 2996 4152 3071 4198; x_wconf 92' lang='lat' dir='ltr'>ea</span> <span class='ocrx_word' id='word_1_320' title='bbox 3109 4152 3254 4215; x_wconf 85' lang='lat' dir='ltr'>quae</span> <span class='ocrx_word' id='word_1_321' title='bbox 3293 4136 3470 4215; x_wconf 85' lang='lat' dir='ltr'>sunt,</span> 
     </span>
     <span class='ocr_line' id='line_1_30' title="bbox 397 4250 3764 4332; baseline -0.001 -17"><span class='ocrx_word' id='word_1_322' title='bbox 397 4253 503 4315; x_wconf 87' lang='lat' dir='ltr'>sed</span> <span class='ocrx_word' id='word_1_323' title='bbox 533 4253 729 4316; x_wconf 90' lang='lat' dir='ltr'>etiam</span> <span class='ocrx_word' id='word_1_324' title='bbox 773 4270 851 4315; x_wconf 87' lang='lat' dir='ltr'>ea</span> <span class='ocrx_word' id='word_1_325' title='bbox 892 4268 1039 4331; x_wconf 85' lang='lat' dir='ltr'>quae</span> <span class='ocrx_word' id='word_1_326' title='bbox 1078 4250 1553 4332; x_wconf 80' lang='lat' dir='ltr'>praeterierunt,</span> <span class='ocrx_word' id='word_1_327' title='bbox 1587 4252 1652 4313; x_wconf 92' lang='lat' dir='ltr'>et</span> <span class='ocrx_word' id='word_1_328' title='bbox 1689 4267 1765 4312; x_wconf 88' lang='lat' dir='ltr'>ea</span> <span class='ocrx_word' id='word_1_329' title='bbox 1802 4268 1949 4330; x_wconf 82' lang='lat' dir='ltr'>quae</span> <span class='ocrx_word' id='word_1_330' title='bbox 1988 4250 2210 4312; x_wconf 88' lang='lat' dir='ltr'>futura</span> <span class='ocrx_word' id='word_1_331' title='bbox 2249 4252 2424 4329; x_wconf 88' lang='lat' dir='ltr'>sunt,</span> <span class='ocrx_word' id='word_1_332' title='bbox 2467 4250 2827 4313; x_wconf 90' lang='lat' dir='ltr'>secundum</span> <span class='ocrx_word' id='word_1_333' title='bbox 2871 4251 3034 4314; x_wconf 90' lang='lat' dir='ltr'>illud</span> <span class='ocrx_word' id='word_1_334' title='bbox 3071 4271 3085 4312; x_wconf 75' lang='grc' dir='ltr'><strong><em>ε</em></strong></span> <span class='ocrx_word' id='word_1_335' title='bbox 3119 4252 3247 4325; x_wconf 86' lang='lat' dir='ltr'>Qui</span> <span class='ocrx_word' id='word_1_336' title='bbox 3286 4253 3475 4314; x_wconf 86' lang='lat' dir='ltr'>vocat</span> <span class='ocrx_word' id='word_1_337' title='bbox 3503 4271 3764 4323; x_wconf 72' lang='lat' dir='ltr'>flom.·v‚¹⁷.</span> 
     </span>
     <span class='ocr_line' id='line_1_31' title="bbox 398 4364 3770 4447; baseline 0 -19"><span class='ocrx_word' id='word_1_338' title='bbox 398 4384 471 4428; x_wconf 88' lang='lat' dir='ltr'>ea</span> <span class='ocrx_word' id='word_1_339' title='bbox 500 4386 639 4447; x_wconf 86' lang='lat' dir='ltr'>quae</span> <span class='ocrx_word' id='word_1_340' title='bbox 689 4385 823 4430; x_wconf 90' lang='lat' dir='ltr'>non</span> <span class='ocrx_word' id='word_1_341' title='bbox 859 4368 1015 4430; x_wconf 91' lang='lat' dir='ltr'>sunt</span> <span class='ocrx_word' id='word_1_342' title='bbox 1050 4367 1365 4446; x_wconf 88' lang='lat' dir='ltr'>tanquam</span> <span class='ocrx_word' id='word_1_343' title='bbox 1402 4364 1479 4429; x_wconf 80' lang='lat' dir='ltr'>ea</span> <span class='ocrx_word' id='word_1_344' title='bbox 1516 4383 1664 4446; x_wconf 85' lang='lat' dir='ltr'>quae</span> <span class='ocrx_word' id='word_1_345' title='bbox 1712 4367 1887 4429; x_wconf 90' lang='lat' dir='ltr'>sunt.</span> <span class='ocrx_word' id='word_1_346' title='bbox 1931 4365 2101 4438; x_wconf 91' lang='lat' dir='ltr'>Quia</span> <span class='ocrx_word' id='word_1_347' title='bbox 2140 4368 2217 4428; x_wconf 91' lang='lat' dir='ltr'>ut</span> <span class='ocrx_word' id='word_1_348' title='bbox 2254 4366 2346 4428; x_wconf 87' lang='lat' dir='ltr'>ait</span> <span class='ocrx_word' id='word_1_349' title='bbox 2387 4366 2777 4429; x_wconf 89' lang='lat' dir='ltr'>Ambrosius</span> <span class='ocrx_word' id='word_1_350' title='bbox 2819 4367 2886 4429; x_wconf 91' lang='lat' dir='ltr'>in</span> <span class='ocrx_word' id='word_1_351' title='bbox 2929 4366 3094 4430; x_wconf 87' lang='lat' dir='ltr'>libro</span> <span class='ocrx_word' id='word_1_352' title='bbox 3139 4368 3219 4430; x_wconf 91' lang='lat' dir='ltr'>de</span> <span class='ocrx_word' id='word_1_353' title='bbox 3259 4368 3474 4431; x_wconf 90' lang='lat' dir='ltr'>Trini-</span> <span class='ocrx_word' id='word_1_354' title='bbox 3539 4386 3684 4429; x_wconf 68' lang='lat' dir='ltr'>Ambr.</span> <span class='ocrx_word' id='word_1_355' title='bbox 3715 4386 3770 4429; x_wconf 74' lang='lat'>‹10</span> 
     </span>
     <span class='ocr_line' id='line_1_32' title="bbox 398 4448 3774 4564; baseline 0.001 -21"><span class='ocrx_word' id='word_1_356' title='bbox 398 4483 538 4559; x_wconf 88' lang='lat' dir='ltr'>tate,</span> <span class='ocrx_word' id='word_1_357' title='bbox 564 4484 653 4545; x_wconf 86' lang='lat' dir='ltr'>ita</span> <span class='ocrx_word' id='word_1_358' title='bbox 689 4484 1027 4564; x_wconf 84' lang='lat' dir='ltr'>cognoscit</span> <span class='ocrx_word' id='word_1_359' title='bbox 1062 4499 1139 4545; x_wconf 87' lang='lat' dir='ltr'>ea</span> <span class='ocrx_word' id='word_1_360' title='bbox 1175 4499 1321 4562; x_wconf 87' lang='lat' dir='ltr'>quae</span> <span class='ocrx_word' id='word_1_361' title='bbox 1352 4498 1486 4543; x_wconf 91' lang='lat' dir='ltr'>non</span> <span class='ocrx_word' id='word_1_362' title='bbox 1523 4483 1700 4561; x_wconf 87' lang='lat' dir='ltr'>sunt,</span> <span class='ocrx_word' id='word_1_363' title='bbox 1729 4483 1803 4544; x_wconf 89' lang='lat' dir='ltr'>ut</span> <span class='ocrx_word' id='word_1_364' title='bbox 1838 4498 1913 4544; x_wconf 90' lang='lat' dir='ltr'>ea</span> <span class='ocrx_word' id='word_1_365' title='bbox 1942 4499 2091 4561; x_wconf 83' lang='lat' dir='ltr'>quae</span> <span class='ocrx_word' id='word_1_366' title='bbox 2131 4482 2306 4544; x_wconf 86' lang='lat' dir='ltr'>sunt.</span> <span class='ocrx_word' id='word_1_367' title='bbox 2342 4482 2427 4543; x_wconf 86' lang='lat' dir='ltr'>Et</span> <span class='ocrx_word' id='word_1_368' title='bbox 2461 4480 2583 4543; x_wconf 85' lang='lat' dir='ltr'>hac</span> <span class='ocrx_word' id='word_1_369' title='bbox 2621 4482 2871 4544; x_wconf 88' lang='lat' dir='ltr'>ratione</span> <span class='ocrx_word' id='word_1_370' title='bbox 2910 4484 3131 4545; x_wconf 88' lang='lat' dir='ltr'>omnia</span> <span class='ocrx_word' id='word_1_371' title='bbox 3168 4482 3476 4546; x_wconf 89' lang='lat' dir='ltr'>dicuntur</span> <span class='ocrx_word' id='word_1_372' title='bbox 3502 4448 3774 4562; x_wconf 55' lang='grc' dir='ltr'>Ξὶἶῗῖῗιῗῗζ</span> 
     </span>
     <span class='ocr_line' id='line_1_33' title="bbox 399 4578 3668 4679; baseline 0 -19"><span class='ocrx_word' id='word_1_373' title='bbox 399 4614 529 4660; x_wconf 88' lang='lat' dir='ltr'>esse</span> <span class='ocrx_word' id='word_1_374' title='bbox 562 4598 629 4660; x_wconf 91' lang='lat' dir='ltr'>in</span> <span class='ocrx_word' id='word_1_375' title='bbox 678 4616 781 4677; x_wconf 93' lang='lat' dir='ltr'>e0,</span> <span class='ocrx_word' id='word_1_376' title='bbox 814 4598 919 4661; x_wconf 88' lang='lat' dir='ltr'>vel</span> <span class='ocrx_word' id='word_1_377' title='bbox 966 4598 1140 4679; x_wconf 90' lang='lat' dir='ltr'>apud</span> <span class='ocrx_word' id='word_1_378' title='bbox 1189 4614 1365 4675; x_wconf 92' lang='lat' dir='ltr'>eum,</span> <span class='ocrx_word' id='word_1_379' title='bbox 1399 4596 1539 4660; x_wconf 88' lang='lat' dir='ltr'>sive</span> <span class='ocrx_word' id='word_1_380' title='bbox 1579 4598 1639 4659; x_wconf 92' lang='lat' dir='ltr'>ei</span> <span class='ocrx_word' id='word_1_381' title='bbox 1686 4597 2055 4678; x_wconf 80' lang='lat' dir='ltr'>praesentia.</span> <span class='ocrx_word' id='word_1_382' title='bbox 2098 4597 2285 4660; x_wconf 90' lang='lat' dir='ltr'>Unde</span> <span class='ocrx_word' id='word_1_383' title='bbox 2329 4596 2742 4677; x_wconf 85' lang='lat' dir='ltr'>Augustinus</span> <span class='ocrx_word' id='word_1_384' title='bbox 2779 4615 2977 4678; x_wconf 91' lang='lat' dir='ltr'>super</span> <span class='ocrx_word' id='word_1_385' title='bbox 3016 4598 3206 4661; x_wconf 91' lang='lat' dir='ltr'>illum</span> <span class='ocrx_word' id='word_1_386' title='bbox 3253 4598 3473 4662; x_wconf 90' lang='lat' dir='ltr'>locum</span> <span class='ocrx_word' id='word_1_387' title='bbox 3503 4590 3546 4620; x_wconf 87' lang='lat'>¹¹·</span> <span class='ocrx_word' id='word_1_388' title='bbox 3577 4578 3668 4617; x_wconf 79' lang='lat'><strong>¹⁹⁸·</strong></span> 
     </span>
     <span class='ocr_line' id='line_1_34' title="bbox 398 4712 3767 4795; baseline 0.001 -21"><span class='ocrx_word' id='word_1_389' title='bbox 398 4712 653 4795; x_wconf 85' lang='lat' dir='ltr'>Psalmi,</span> <span class='ocrx_word' id='word_1_390' title='bbox 683 4718 769 4779; x_wconf 90' lang='lat' dir='ltr'>Et</span> <span class='ocrx_word' id='word_1_391' title='bbox 805 4714 1225 4795; x_wconf 85' lang='lat' dir='ltr'>pulchritudo</span> <span class='ocrx_word' id='word_1_392' title='bbox 1263 4714 1398 4795; x_wconf 88' lang='lat' dir='ltr'>agri</span> <span class='ocrx_word' id='word_1_393' title='bbox 1439 4729 1701 4776; x_wconf 89' lang='lat' dir='ltr'>mecum</span> <span class='ocrx_word' id='word_1_394' title='bbox 1740 4714 1838 4776; x_wconf 88' lang='lat' dir='ltr'>est</span> <span class='ocrx_word' id='word_1_395' title='bbox 1872 4732 1886 4772; x_wconf 92' lang='lat'><strong>:</strong></span> <span class='ocrx_word' id='word_1_396' title='bbox 1924 4712 2102 4791; x_wconf 93' lang='lat' dir='ltr'>Ide0,</span> <span class='ocrx_word' id='word_1_397' title='bbox 2136 4712 2373 4793; x_wconf 90' lang='lat' dir='ltr'>inquit,</span> <span class='ocrx_word' id='word_1_398' title='bbox 2409 4731 2666 4776; x_wconf 90' lang='lat' dir='ltr'>mecum</span> <span class='ocrx_word' id='word_1_399' title='bbox 2701 4716 2821 4793; x_wconf 90' lang='lat' dir='ltr'>est,</span> <span class='ocrx_word' id='word_1_400' title='bbox 2861 4714 3017 4794; x_wconf 90' lang='lat' dir='ltr'>quia</span> <span class='ocrx_word' id='word_1_401' title='bbox 3053 4714 3226 4794; x_wconf 90' lang='lat' dir='ltr'>apud</span> <span class='ocrx_word' id='word_1_402' title='bbox 3257 4716 3473 4777; x_wconf 88' lang='lat' dir='ltr'>Deum</span> <span class='ocrx_word' id='word_1_403' title='bbox 3502 4739 3767 4787; x_wconf 51' lang='lat' dir='ltr'>mamm.</span> 
     </span>
     <span class='ocr_line' id='line_1_35' title="bbox 400 4800 3766 4915; baseline 0.005 -26"><span class='ocrx_word' id='word_1_404' title='bbox 400 4829 553 4891; x_wconf 89' lang='lat' dir='ltr'>nihil</span> <span class='ocrx_word' id='word_1_405' title='bbox 593 4832 926 4911; x_wconf 85' lang='lat' dir='ltr'>praeteriit,</span> <span class='ocrx_word' id='word_1_406' title='bbox 959 4830 1123 4892; x_wconf 89' lang='lat' dir='ltr'>nihil</span> <span class='ocrx_word' id='word_1_407' title='bbox 1165 4830 1465 4892; x_wconf 84' lang='lat' dir='ltr'>futurum</span> <span class='ocrx_word' id='word_1_408' title='bbox 1506 4831 1625 4892; x_wconf 86' lang='lat' dir='ltr'>est.</span> <span class='ocrx_word' id='word_1_409' title='bbox 1663 4828 1831 4891; x_wconf 89' lang='lat' dir='ltr'>Cum</span> <span class='ocrx_word' id='word_1_410' title='bbox 1869 4829 1983 4891; x_wconf 90' lang='lat' dir='ltr'>illo</span> <span class='ocrx_word' id='word_1_411' title='bbox 2034 4830 2190 4891; x_wconf 91' lang='lat' dir='ltr'>sunt</span> <span class='ocrx_word' id='word_1_412' title='bbox 2227 4830 2448 4891; x_wconf 86' lang='lat' dir='ltr'>omnia</span> <span class='ocrx_word' id='word_1_413' title='bbox 2489 4828 2734 4909; x_wconf 88' lang='lat' dir='ltr'>futura,</span> <span class='ocrx_word' id='word_1_414' title='bbox 2765 4831 2829 4892; x_wconf 90' lang='lat' dir='ltr'>et</span> <span class='ocrx_word' id='word_1_415' title='bbox 2867 4830 2925 4892; x_wconf 91' lang='lat' dir='ltr'>ei</span> <span class='ocrx_word' id='word_1_416' title='bbox 2963 4848 3093 4891; x_wconf 91' lang='lat' dir='ltr'>non</span> <span class='ocrx_word' id='word_1_417' title='bbox 3125 4830 3477 4894; x_wconf 87' lang='lat' dir='ltr'>detrahun-</span> <span class='ocrx_word' id='word_1_418' title='bbox 3504 4800 3766 4915; x_wconf 44' lang='grc' dir='ltr'>ὃῖιξζίῗειῗι</span> 
     </span>
     <span class='ocr_line' id='line_1_36' title="bbox 398 4943 3469 5028; baseline 0.002 -23"><span class='ocrx_word' id='word_1_419' title='bbox 398 4946 501 5007; x_wconf 88' lang='lat' dir='ltr'>tur</span> <span class='ocrx_word' id='word_1_420' title='bbox 527 4945 658 5025; x_wconf 88' lang='lat' dir='ltr'>jam</span> <span class='ocrx_word' id='word_1_421' title='bbox 694 4946 1043 5028; x_wconf 86' lang='lat' dir='ltr'>praeterita.</span> <span class='ocrx_word' id='word_1_422' title='bbox 1078 4944 1246 5008; x_wconf 89' lang='lat' dir='ltr'>Cum</span> <span class='ocrx_word' id='word_1_423' title='bbox 1283 4946 1398 5008; x_wconf 94' lang='lat' dir='ltr'>illo</span> <span class='ocrx_word' id='word_1_424' title='bbox 1436 4947 1592 5008; x_wconf 86' lang='lat' dir='ltr'>sunt</span> <span class='ocrx_word' id='word_1_425' title='bbox 1629 4945 1850 5007; x_wconf 90' lang='lat' dir='ltr'>omnia</span> <span class='ocrx_word' id='word_1_426' title='bbox 1881 4943 2252 5025; x_wconf 90' lang='lat' dir='ltr'>cognitione</span> <span class='ocrx_word' id='word_1_427' title='bbox 2282 4946 2560 5026; x_wconf 85' lang='lat' dir='ltr'>quadam</span> <span class='ocrx_word' id='word_1_428' title='bbox 2604 4944 2916 5008; x_wconf 83' lang='lat' dir='ltr'>ineffabili</span> <span class='ocrx_word' id='word_1_429' title='bbox 2956 4946 3292 5026; x_wconf 87' lang='lat' dir='ltr'>sapientiae</span> <span class='ocrx_word' id='word_1_430' title='bbox 3323 4947 3469 5010; x_wconf 91' lang='lat' dir='ltr'>Dei.</span> 
     </span>
     <span class='ocr_line' id='line_1_37' title="bbox 398 5059 3468 5143; baseline 0.001 -22"><span class='ocrx_word' id='word_1_431' title='bbox 398 5060 555 5124; x_wconf 89' lang='lat' dir='ltr'>Ecce</span> <span class='ocrx_word' id='word_1_432' title='bbox 594 5062 697 5125; x_wconf 88' lang='lat' dir='ltr'>hic</span> <span class='ocrx_word' id='word_1_433' title='bbox 734 5062 943 5143; x_wconf 85' lang='lat' dir='ltr'>aperit</span> <span class='ocrx_word' id='word_1_434' title='bbox 970 5060 1404 5141; x_wconf 81' lang='lat' dir='ltr'>AugustinuS‚</span> <span class='ocrx_word' id='word_1_435' title='bbox 1439 5078 1522 5123; x_wconf 83' lang='lat' dir='ltr'>ex</span> <span class='ocrx_word' id='word_1_436' title='bbox 1568 5078 1699 5141; x_wconf 89' lang='lat' dir='ltr'>qua</span> <span class='ocrx_word' id='word_1_437' title='bbox 1735 5059 2168 5139; x_wconf 85' lang='lat' dir='ltr'>intelligentia</span> <span class='ocrx_word' id='word_1_438' title='bbox 2206 5060 2580 5140; x_wconf 88' lang='lat' dir='ltr'>accipienda</span> <span class='ocrx_word' id='word_1_439' title='bbox 2627 5059 2761 5123; x_wconf 90' lang='lat' dir='ltr'>sint</span> <span class='ocrx_word' id='word_1_440' title='bbox 2798 5060 3179 5139; x_wconf 75' lang='lat' dir='ltr'>huJusmodi</span> <span class='ocrx_word' id='word_1_441' title='bbox 3226 5062 3422 5125; x_wconf 91' lang='lat' dir='ltr'>verba</span> <span class='ocrx_word' id='word_1_442' title='bbox 3453 5084 3468 5125; x_wconf 90' lang='lat'><strong>:</strong></span> 
     </span>
     <span class='ocr_line' id='line_1_38' title="bbox 400 5174 3476 5259; baseline 0.001 -22"><span class='ocrx_word' id='word_1_443' title='bbox 400 5178 607 5239; x_wconf 88' lang='lat' dir='ltr'>omnia</span> <span class='ocrx_word' id='word_1_444' title='bbox 640 5178 793 5241; x_wconf 88' lang='lat' dir='ltr'>sunt</span> <span class='ocrx_word' id='word_1_445' title='bbox 831 5177 971 5240; x_wconf 89' lang='lat' dir='ltr'>Deo</span> <span class='ocrx_word' id='word_1_446' title='bbox 1016 5176 1402 5258; x_wconf 80' lang='lat' dir='ltr'>praesentia3</span> <span class='ocrx_word' id='word_1_447' title='bbox 1445 5176 1513 5238; x_wconf 98' lang='lat' dir='ltr'>in</span> <span class='ocrx_word' id='word_1_448' title='bbox 1548 5176 1689 5239; x_wconf 91' lang='lat' dir='ltr'>Deo</span> <span class='ocrx_word' id='word_1_449' title='bbox 1728 5176 1884 5239; x_wconf 90' lang='lat' dir='ltr'>sunt</span> <span class='ocrx_word' id='word_1_450' title='bbox 1922 5176 2166 5254; x_wconf 90' lang='lat' dir='ltr'>omnia,</span> <span class='ocrx_word' id='word_1_451' title='bbox 2201 5175 2305 5237; x_wconf 88' lang='lat' dir='ltr'>vel</span> <span class='ocrx_word' id='word_1_452' title='bbox 2345 5192 2496 5238; x_wconf 92' lang='lat' dir='ltr'>cum</span> <span class='ocrx_word' id='word_1_453' title='bbox 2530 5175 2694 5254; x_wconf 90' lang='lat' dir='ltr'>Deo,</span> <span class='ocrx_word' id='word_1_454' title='bbox 2729 5174 2831 5237; x_wconf 91' lang='lat' dir='ltr'>vel</span> <span class='ocrx_word' id='word_1_455' title='bbox 2871 5175 3047 5254; x_wconf 90' lang='lat' dir='ltr'>apud</span> <span class='ocrx_word' id='word_1_456' title='bbox 3077 5175 3329 5259; x_wconf 82' lang='lat' dir='ltr'>Deum3</span> <span class='ocrx_word' id='word_1_457' title='bbox 3368 5178 3476 5241; x_wconf 91' lang='lat' dir='ltr'>vel</span> 
     </span>
    </p>
   </div>
   <div class='ocr_carea' id='block_1_11' title="bbox 400 5290 2500 5375">
    <p class='ocr_par' dir='ltr' id='par_1_11' title="bbox 400 5290 2500 5375">
     <span class='ocr_line' id='line_1_39' title="bbox 400 5290 2500 5375; baseline -0 -22"><span class='ocrx_word' id='word_1_458' title='bbox 400 5290 469 5353; x_wconf 90' lang='lat' dir='ltr'>in</span> <span class='ocrx_word' id='word_1_459' title='bbox 508 5310 580 5357; x_wconf 91' lang='lat' dir='ltr'>eo</span> <span class='ocrx_word' id='word_1_460' title='bbox 624 5294 757 5357; x_wconf 82' lang='lat' dir='ltr'>vita</span> <span class='ocrx_word' id='word_1_461' title='bbox 798 5314 815 5356; x_wconf 77' lang='grc' dir='ltr'><strong><em>ε</em></strong></span> <span class='ocrx_word' id='word_1_462' title='bbox 857 5293 1013 5375; x_wconf 89' lang='lat' dir='ltr'>quia</span> <span class='ocrx_word' id='word_1_463' title='bbox 1058 5291 1409 5356; x_wconf 82' lang='lat' dir='ltr'>ineffabilis</span> <span class='ocrx_word' id='word_1_464' title='bbox 1457 5292 1758 5356; x_wconf 91' lang='lat' dir='ltr'>omnium</span> <span class='ocrx_word' id='word_1_465' title='bbox 1807 5290 2094 5373; x_wconf 88' lang='lat' dir='ltr'>cognitio</span> <span class='ocrx_word' id='word_1_466' title='bbox 2140 5290 2208 5353; x_wconf 89' lang='lat' dir='ltr'>in</span> <span class='ocrx_word' id='word_1_467' title='bbox 2258 5308 2334 5354; x_wconf 90' lang='lat' dir='ltr'>eo</span> <span class='ocrx_word' id='word_1_468' title='bbox 2381 5292 2500 5354; x_wconf 90' lang='lat' dir='ltr'>est.</span> 
     </span>
    </p>
   </div>
  </div>
 </body>
</html>
