4359 6250
666 4826 683 4846 ·
710 4826 818 4870 Filio

914 481 1033 547 314

1569 505 1631 550 IN
1672 504 1894 550 LIBRUM
1936 505 1955 549 1
2000 503 2482 550 SENTENTIARUM.
2527 521 2608 532 ·-
2648 503 2802 548 DIST.
2847 503 3037 563 xxxi}
3081 503 3304 558 QUAEsT.
3349 504 3372 548 1

918 679 1072 745 ctor,
1098 674 1196 735 vel
1231 674 1620 755 principium
1654 693 1779 738 non
1812 677 1889 738 de
1922 675 2262 757 principi0,
2287 674 2406 736 hoc
2438 673 2490 735 A
2519 673 2890 735 relationem
2933 675 2998 736 in
3039 674 3258 735 finem.
3293 674 3453 736 Usus
3495 689 3772 753 namque
3807 678 3878 731 ut
3908 689 4007 731 su—

915 779 1009 833 est
1050 792 1195 833 cum
1239 773 1749 836 innascibilitate.
1785 812 1866 820 —
1894 776 2160 855 Insuper
2200 774 2277 835 ad
2312 792 2405 835 ra—

914 871 1152 933 tionem
1185 871 1683 952 pulchritudinis
1714 874 1839 935 duo
1872 879 2280 946 concurrunt,
2316 891 2407 934 se-

915 970 1195 1031 cundum
1238 971 1296 1031 S.
1334 970 1705 1053 Dionysium
1750 979 1974 1054 quarto
2012 970 2290 1051 capitulo
2329 970 2405 1031 de

913 1067 1157 1130 Divinis
1204 1068 1593 1142 nominibuS‚
1628 1078 1846 1150 utpote
1891 1068 2303 1130 consonantia
2343 1075 2406 1130 et

913 1166 1182 1228 claritas.
1218 1167 1384 1228 Dicit
1426 1167 1598 1229 enim
1640 1168 1810 1250 quod
1855 1169 2019 1229 Deus
2062 1174 2157 1228 est
2196 1167 2405 1228 omnis

914 1263 1411 1346 pulchritudinis
1453 1284 1661 1336 causa,
1697 1265 1761 1327 in
1793 1272 2103 1346 quantum
2136 1273 2232 1326 est
2264 1284 2406 1326 cau-

912 1382 981 1425 sa
1024 1364 1449 1426 consonantiae
1496 1372 1560 1426 et
1604 1364 1925 1426 claritatis
1970 1363 2143 1425 Unde
2189 1371 2252 1425 et
2295 1363 2403 1426 ho—

912 1462 1119 1524 mines
1147 1462 1422 1524 dicimus
1456 1462 1902 1544 pulchros,qui
1934 1462 2404 1544 proportionata

910 1560 1145 1621 habent
1191 1560 1477 1623 membra
1520 1561 2055 1643 splendidumque
2100 1561 2396 1622 colorem.

908 1659 1017 1721 His
1087 1658 1335 1721 duobus
1406 1660 1823 1741 Philosophus
1894 1660 2068 1721 addit
2138 1659 2398 1720 tertium

908 1765 1133 1838 quarto
1182 1757 1571 1832 Ethicorum,
1617 1776 1745 1839 quo
1791 1758 1878 1819 ait
1927 1775 1941 1819 :
1991 1757 2401 1819 Pulchritudo

2521 773 2717 834 mitur
2747 772 3192 844 communiter,
3227 772 3416 833 etiam
3461 778 3635 833 notat
3673 768 4010 832 beatitudi-

2519 889 2666 932 nem
2697 878 2759 932 et
2791 870 3183 943 fruitionem,
3218 877 3288 931 ut
3319 877 3490 951 patet
3520 869 3586 930 in
3615 868 4011 950 expositione

2518 969 2858 1032 verborum
2918 969 3138 1031 Hilarii
3189 969 3268 1031 ab
3316 968 3670 1049 Augustino
3731 966 4005 1028 inducta.

2518 1069 2718 1132 Habet
2747 1087 3000 1151 quoque
3033 1070 3094 1131 in
3140 1087 3207 1131 se
3237 1070 3546 1130 rationem
3585 1067 3852 1139 ordinis,
3887 1082 4010 1127 non

2518 1169 2584 1229 in
2625 1168 2848 1241 finem,
2882 1169 2991 1230 sed
3036 1168 3114 1229 ad
3158 1166 3430 1230 effectus
3475 1185 3634 1249 quos
3675 1185 3789 1228 sua
3835 1165 4012 1227 boni-

2518 1274 2643 1328 tate
2689 1266 3016 1348 perfundit
3064 1267 3406 1328 uberrime.
3442 1266 3585 1328 Haec
3628 1264 3901 1327 Thomas
3948 1263 4010 1324 in

2516 1365 2782 1446 Scripto.

2596 1465 2682 1526 De
2714 1464 2832 1525 hac
2863 1464 3122 1525 demum
3156 1463 3420 1525 materia
3453 1460 3678 1524 scribit
3706 1461 3773 1523 in
3805 1461 4012 1543 prima

2517 1571 2692 1643 parte
2737 1563 3034 1637 Summae‚
3069 1562 3417 1643 quaestione
3457 1560 3779 1623 tricesima
3821 1578 4005 1624 nona.

2514 1661 2590 1722 Et
2638 1680 2779 1742 quae
2829 1660 3052 1722 scribit
3103 1660 3363 1731 ibidem,
3415 1660 3716 1722 videntur
3763 1659 3831 1721 in
3877 1659 4012 1739 jam

2514 1758 2702 1820 dictis
2767 1777 3041 1840 moxque
3100 1758 3388 1821 dicendis
3445 1759 3597 1821 satis
3653 1757 4013 1820 virtualiter

909 1874 1036 1918 non
1095 1865 1189 1918 est
1236 1857 1357 1919 nisi
1412 1858 1476 1918 in
1529 1875 1789 1939 corpore
1841 1875 2087 1937 magno.
2140 1857 2400 1938 Propter
2437 1853 2484 1915 B
2515 1857 2863 1935 contineri3
2905 1865 2969 1918 et
3012 1857 3064 1918 si
3111 1876 3252 1938 quae
3296 1875 3374 1918 ex
3417 1856 3546 1918 illis
3593 1857 3882 1918 addenda
3919 1857 4010 1918 vi-

909 1956 1077 2037 quod
1136 1956 1428 2018 homines
1488 1956 1665 2037 parvi
1726 1962 1992 2037 possunt
2040 1955 2167 2016 diei
2229 1972 2398 2016 com-

910 2055 1253 2116 mensurati
1299 2063 1487 2135 atque
1527 2055 1810 2128 formosi,
1846 2071 1973 2115 non
2015 2053 2288 2135 pulchri.
2325 2055 2401 2114 Et

908 2153 1258 2214 secundum
1299 2153 1431 2215 haec
1472 2152 1613 2225 tria,
1649 2151 2056 2233 pulchritudo
2101 2153 2399 2215 convenit

908 2269 1054 2311 cum
1100 2251 1375 2331 propriis
1419 2251 1580 2312 Filii.
1618 2252 1685 2312 ln
1727 2257 2035 2332 quantum
2083 2251 2257 2313 enim
2304 2250 2399 2311 Fi-

907 2349 1030 2411 lius
1078 2356 1173 2410 est
1228 2351 1435 2430 imago
1480 2349 1677 2411 Patris
1735 2348 2037 2430 perfecta,
2090 2348 2184 2410 sic
2235 2349 2400 2410 inter

904 2449 1149 2510 Patrem
1198 2457 1261 2510 et
1311 2449 1522 2529 ipsum
1576 2446 1859 2529 perfecta
1908 2455 2003 2509 est
2053 2466 2402 2510 consonan-

904 2547 991 2608 tia
1026 2565 1039 2608 :
1074 2547 1225 2628 quia
1262 2547 1493 2609 similis
1533 2555 1595 2608 et
1625 2546 1887 2628 aequalis
1927 2554 2022 2608 est
2062 2547 2225 2608 Patri
2270 2546 2400 2627 ple-

905 2646 1078 2708 narie
1109 2647 1245 2708 sine
1276 2647 1451 2708 omni
1481 2646 2005 2708 dissimilitudine
2036 2654 2099 2707 et
2129 2645 2402 2727 inaequa-

904 2744 1095 2806 litate..
1133 2746 1200 2806 In
1246 2753 1554 2827 quantum
1602 2762 1753 2806 vero
1800 2763 1987 2806 verus
2030 2752 2127 2806 est
2177 2744 2395 2816 Filius,

902 2843 1092 2904 habet
1151 2843 1429 2924 perfecte
1486 2843 1683 2905 Patris
1744 2852 2037 2904 naturam
2101 2863 2115 2906 z
2178 2843 2397 2924 sicque

902 2940 1406 3021 magnitudinem
1452 2940 1661 3014 habet,
1706 2960 1848 3022 quae
1896 2939 1959 3001 in
2006 2939 2397 3020 perfectione

2513 1955 2764 2025 dentur,
2799 1954 2987 2036 paulo
3018 1962 3159 2036 post
3187 1963 3589 2036 apponentur
3619 1953 4006 2036 praehabitis.

2511 2089 2591 2098 —
2619 2054 2836 2114 Petrus
2879 2053 3238 2115 concordat.

2592 2150 2942 2212 Richardus
2984 2169 3238 2232 quoque
3271 2150 3375 2212 hic
3406 2157 3792 2232 protestatur
3825 2169 3838 2211 :
3873 2151 4011 2213 Non

2511 2249 2957 2330 appropriatur
3001 2249 3163 2310 Patri
3203 2249 3520 2312 {eternitas
3561 2248 3714 2331 quia
3757 2249 4013 2310 realiter

2510 2347 2568 2409 ei
2602 2347 2803 2427 magis
2835 2337 3170 2410 conveniat.
3201 2366 3391 2429 quam
3426 2347 3582 2410 Filio
3613 2355 3723 2409 aut
3743 2347 4009 2429 Spiritui

2512 2443 2759 2518 Sancte,
2795 2446 2904 2508 sed
2937 2446 3237 2526 quoniam
3271 2446 3480 2527 primo
3509 2463 3781 2507 occursu
3815 2446 4013 2526 majo·

2511 2560 2644 2603 rem
2686 2543 2877 2604 habet
2920 2543 3356 2624 apparentiam
3399 2543 3860 2606 convenientiae
3898 2563 4009 2605 seu

2509 2641 2988 2704 assimilationis
3037 2660 3183 2702 cum
3235 2641 3494 2723 proprio
3541 2641 3762 2715 Patris,
3815 2661 4009 2724 quam

2512 2739 2653 2801 Filii
2685 2747 2795 2800 aut
2826 2739 3101 2820 Spiritus
3142 2739 3373 2802 Sancti.
3409 2739 3802 2822 Praecipuam
3833 2741 4010 2803 enim

2511 2837 3022 2900 convenientiam
3065 2837 3253 2901 habet·
3296 2857 3446 2900 cum
3486 2838 4009 2910 innascibilitate,

2509 2937 2661 3018 quia
2699 2956 2736 2998 a
2775 2936 2952 2999 nullo
3001 2944 3116 2998 est.
3161 2938 3334 2999 Idem
3384 2937 3729 2999 dicendum
3775 2937 3856 3000 de
3905 2957 4014 3020 ap-

902 3038 1192 3100 consistit
1236 3045 1473 3100 naturae
1514 3037 1764 3100 divinae.
1811 3037 1930 3099 Sed
1978 3037 2041 3098 in
2086 3044 2395 3119 quantum
2435 3032 2478 3095 C
2511 3035 2852 3116 propriatis
2883 3035 3024 3097 Filii
3056 3055 3130 3097 ac
3171 3035 3446 3117 Spiritus
3487 3035 3718 3098 Sancti.
3752 3071 3836 3080 —
3863 3035 4012 3098 Haec

901 3144 997 3198 est
1026 3137 1303 3199 Verbum
1344 3136 1539 3198 Patris
1582 3136 1960 3218 perfectum,
1994 3135 2186 3197 habet
2216 3136 2397 3197 clari-

901 3242 1094 3297 tatem
1135 3254 1329 3315 super
1357 3234 1571 3297 omnia
1612 3234 2042 3307 irradiantem,
2078 3242 2142 3295 et
2172 3234 2237 3295 in
2272 3253 2396 3315 qua

902 3342 1131 3396 cuncta
1179 3332 1601 3414 resplendent.
1657 3332 1917 3405 Rursus,
1970 3332 2202 3413 triplex
2253 3350 2398 3394 con-

901 3433 1188 3495 sonantia
1227 3439 1323 3493 est
1363 3432 1427 3493 in
1460 3431 1636 3493 Filio.
1673 3432 1782 3493 Est
1812 3431 1985 3493 enirn
2027 3431 2092 3492 in
2132 3448 2208 3493 eo
2250 3448 2396 3492 con-

900 3531 1189 3594 sonantia
1216 3531 1293 3591 ad
1325 3530 1591 3603 Patrem,
1612 3529 1712 3591 cui
1746 3530 2009 3592 omnino
2038 3536 2133 3591 est
2164 3529 2395 3591 similis

900 3638 962 3693 et
1021 3629 1337 3712 aequalis3
1399 3629 1813 3690 consonantia
1875 3647 2129 3710 quoque
2188 3628 2265 3689 ad
2328 3647 2396 3689 se

900 3730 1133 3811 ipsum,
1170 3728 1233 3789 in
1267 3746 1392 3809 quo
1422 3728 1639 3789 omnia
1668 3727 1971 3789 attributa
2001 3727 2218 3788 divina
2249 3734 2395 3788 sunt

900 3837 962 3891 et
993 3846 1192 3889 unum
1225 3826 1615 3904 consistunt.;
1658 3832 1722 3886 et
1755 3825 1905 3887 item
1943 3825 2019 3885 ad
2052 3832 2391 3897 creaturaS,

902 3946 1172 4008 quarum
1223 3925 1357 4006 ipse
1411 3924 1736 4005 exemplar
1784 3930 1898 3985 est..
1951 3960 2032 3968 —
2076 3923 2391 4003 AmpliuS,

902 4043 1054 4086 usus
1114 4024 1241 4085 duo
1297 4022 1451 4084 dicit
1510 4023 1575 4083 in
1635 4042 1750 4084 sua
1799 4020 2059 4083 ratione.
2113 4021 2394 4082 Primum

901 4121 1219 4203 est‚·quod
1250 4120 1491 4200 aliquid
1533 4118 1613 4180 sit
1654 4125 2052 4198 assumptum
2097 4116 2161 4178 in
2199 4116 2395 4178 facul-

2508 3135 2857 3197 Richardus
2906 3152 2919 3195 ε
2972 3134 3081 3216 qui
3142 3135 3264 3197 ista
3321 3134 3484 3197 bene
3542 3135 3844 3209 declarat,
3897 3136 4010 3197 sed

2508 3252 2730 3295 sensus
2773 3232 3116 3294 verborum
3161 3233 3302 3313 ejus
3347 3232 3734 3315 praehabitus
3775 3241 3896 3295 est.

2587 3332 2655 3392 In
2698 3330 2933 3413 quibus
2976 3330 3167 3392 habet
3208 3330 3680 3404 difficultatem,
3716 3332 3890 3414 quod
3922 3332 4012 3394 ait

2507 3430 2628 3491 ista
2674 3429 3072 3511 appropriari
3115 3429 3402 3510 personis
3450 3430 3751 3510 quoniam
3799 3430 4012 3511 primo

2507 3546 2774 3590 occursu
2827 3528 3134 3607 majorem
3194 3528 3653 3591 convenientiae
3700 3547 4013 3610 apparen-

2508 3626 2659 3688 tiam
2692 3625 2928 3687 habent
2959 3645 3104 3687 cum
3137 3626 3411 3707 propriis
3443 3644 3880 3707 personarum.
3919 3627 4011 3688 Ex

2507 3723 2742 3806 quibus
2791 3723 2973 3805 sequi
3026 3724 3297 3797 videt-ur,
3352 3725 3521 3805 quod
3571 3725 4013 3806 appropriatio

2508 3822 2628 3884 ista
2658 3822 2862 3884 solum
2899 3822 2982 3883 sit
3013 3823 3364 3884 secundum
3396 3823 3859 3903 apparentiam,
3881 3842 4012 3886 non

2507 3908 2942 3983 exsistentiam
2981 3939 2994 3981 ε
3029 3928 3092 3983 et
3131 3920 3223 3982 sic
3267 3920 3493 3994 inaniS,
3528 3940 3704 3982 cassa
3743 3928 3806 3981 et
3853 3921 4014 3984 ficta

2508 4020 2780 4093 videtur,
2815 4020 2868 4081 si
2911 4020 3072 4083 nihil
3111 4018 3168 4081 ei
3201 4019 3649 4100 correspondet
3679 4019 3745 4081 in
3787 4039 3877 4081 re.
3917 4022 4013 4083 Si-

2511 4116 2747 4179 militer
2795 4118 2896 4179 his
2947 4117 3159 4179 verbis
3215 4116 3508 4179 Richardi
3557 4116 3812 4179 videtur
3860 4136 4016 4181 con-

902 4228 1094 4283 tatem
1126 4218 1471 4281 voluntatis
1506 4234 1519 4278 :
1550 4217 1768 4297 sicque
1801 4215 2097 4277 convenit
2130 4216 2392 4296 Spiritui
2427 4217 2474 4278 D
2507 4214 2754 4276 trariari
2805 4216 2973 4297 quod
3034 4233 3205 4277 nunc
3254 4234 3331 4277 ex
3383 4214 3619 4277 Thoma
3668 4215 4016 4279 inductum

902 4320 1130 4381 Sancto
1181 4317 1246 4378 in
1296 4324 1604 4398 quantum
1656 4323 1750 4377 est
1788 4332 1986 4387 amor,
2030 4314 2139 4395 qui
2187 4313 2251 4375 in
2292 4331 2399 4376 vo-

904 4417 1161 4479 luntatis
1192 4422 1288 4477 est
1318 4422 1645 4496 potestate.
1682 4413 2042 4475 Secundum
2073 4420 2191 4485 est,
2226 4414 2394 4494 quod

900 4516 981 4577 sit
1012 4514 1371 4576 ordinatum
1403 4513 1480 4573 ad
1511 4511 1781 4573 alterum
1812 4528 1825 4571 :
1862 4511 1970 4591 qui
2008 4510 2200 4572 etiam
2242 4512 2396 4573 ordo

900 4612 1197 4675 convenit
1237 4610 1501 4692 Spiritui
1544 4610 1770 4671 Sancto
1810 4608 1874 4670 in
1906 4616 2214 4690 quantum
2259 4609 2394 4691 ipse

898 4729 1096 4785 amor,
1141 4709 1251 4791 qui
1292 4716 1389 4770 est
1437 4708 1710 4789 Spiritus
1761 4709 2049 4781 SanctuS,
2094 4726 2220 4769 non
2267 4715 2396 4769 tan-

901 4820 1037 4873 tum
1078 4816 1175 4871 est
1214 4808 1277 4869 in
1326 4807 1556 4868 Filium
1577 4808 1624 4879 *,
1667 4806 1776 4867 sed
1822 4806 1888 4865 in
1931 4823 2154 4867 omnes
2201 4805 2392 4867 etiam

900 4915 1218 4971 creaturas
1270 4906 1601 4977 redundat,
1647 4903 1997 4965 secundum
2048 4904 2217 4985 quod
2269 4903 2392 4965 sibi

901 5005 1205 5088 competit
1249 5022 1481 5065 nomen
1528 5002 1695 5064 doni.
1730 5002 1945 5082 ltaque
1990 5020 2140 5062 usus
2184 5010 2254 5062 ut
2293 5021 2395 5062 su-

904 5106 1099 5167 mitur
1157 5103 1284 5176 hic,
1338 5100 1764 5164 communiter
1822 5099 2117 5173 sumitur,
2177 5108 2396 5180 utpote

912 5210 1101 5285 prout
1130 5204 1236 5262 uti
1262 5207 1357 5262 est
1396 5198 1639 5280 aliquid
1676 5198 1741 5259 in
1782 5197 2148 5260 facultatem
2178 5198 2400 5261 volun-

916 5301 1061 5362 tatis
1119 5314 1475 5377 assumere3
1525 5314 1652 5359 non
1712 5296 1949 5370 stricte,
2002 5304 2190 5377 prout
2246 5296 2402 5359 dicit

2505 4320 2622 4387 est,
2656 4322 2974 4375 asserente
3019 4314 3190 4396 quod
3228 4314 3660 4395 appropriatio
3699 4314 3844 4387 ista,
3879 4335 4016 4380 uno

2509 4412 2695 4474 modo
2734 4412 3082 4474 attenditur
3119 4431 3198 4475 ex
3239 4418 3416 4493 parte
3454 4412 3546 4474 rei
3575 4412 3756 4494 (quia
3786 4414 4018 4477 videli—

2507 4518 2606 4571 cet
2650 4510 2938 4591 quaedam
2983 4510 3289 4571 attributa
3327 4529 3406 4572 ex
3457 4511 3713 4591 propria
3759 4512 4016 4575 ratione-

2508 4607 2815 4688 majorem
2856 4608 3366 4670 convenientiam
3406 4606 3641 4669 habent
3671 4627 3821 4671 cum
3865 4629 4014 4693 pro-

2507 4706 2646 4787 prio
2693 4723 2977 4787 personae
3018 4706 3207 4767 unius
3252 4725 3443 4788 quam
3487 4705 3747 4768 alterius
3783 4726 3798 4771 z
3833 4710 4014 4791 quod

2507 4822 2731 4865 verum
2781 4802 2970 4883 reor),
3013 4802 3139 4866 alio
3182 4803 3369 4866 modo
3409 4822 3487 4865 ex
3537 4812 3712 4885 parte
3762 4815 4010 4871 nostra.

2505 4938 2586 4946 —
2635 4902 2754 4964 Sed
2815 4902 3073 4975 idcirco,
3127 4901 3192 4962 ni
3253 4900 3459 4975 fallor,
3513 4902 3865 4967 Richardus
3917 4908 4018 4970 sic

2509 5000 2810 5081 loquitur,
2861 4999 3162 5081 quoniam
3203 5017 3304 5062 res
3343 5000 3704 5080 significata
3745 5005 4019 5068 nomine

2506 5099 2796 5162 attributi
2843 5118 2954 5161 seu
3001 5099 3415 5181 appropriati,
3451 5108 3578 5161 tam
3623 5119 3773 5164 vere
3814 5112 4018 5186 atque

2512 5197 2790 5280 perfecte
2833 5196 2899 5259 in
2939 5196 3081 5259 aliis
3131 5204 3228 5259 est
3273 5197 3565 5278 personis
3615 5198 3781 5261 sicut
3827 5201 3896 5264 in
3943 5222 4022 5267 ea

2513 5296 2619 5358 cui
2659 5294 3125 5377 appropriatur.
3159 5292 3372 5357 Nihilo
3402 5294 3617 5359 minus
3658 5296 3874 5379 ipsum
3907 5320 4024 5384 ap-
