4359 6250
899 463 1015 529 156

1545 490 1608 536 IN
1649 490 1870 536 LIBRUM
1911 490 1932 535 1
1975 489 2455 535 SENTENTIARUM.
2501 507 2582 517 —·
2622 490 2776 535 DIST.
2822 489 3015 551 xxm3
3058 489 3281 545 QUAEST.
3328 490 3348 534 1

897 655 1254 737 losophum,
1309 669 1372 722 et
1429 660 1717 723 Boetium
1777 660 1942 724 libro
1999 660 2076 722 de
2130 662 2387 725 Duabus
2419 658 2468 719 A
2500 678 2647 721 nem
2680 658 3052 723 substantiae
3083 660 3175 722 sic
3206 668 3461 724 vocatae.
3496 659 3737 740 Nempe
3768 677 3998 721 secun-

893 757 1154 819 naturis.

974 857 1077 919 Sic
1108 878 1256 939 ergo
1288 868 1459 941 patet
1487 862 1855 946 differentia
1895 864 2160 926 istorum
2191 863 2385 924 trium

894 955 1252 1036 dupliciter.
1319 960 1626 1031 Quoniam
1691 962 1744 1023 si
1809 968 2096 1023 sumatur
2157 980 2387 1022 unum-

894 1055 1190 1136 quodque
1241 1076 1461 1120 eorum
1513 1066 1583 1120 ut
1633 1080 1756 1139 quo
1806 1070 1920 1131 est,
1974 1062 2065 1121 sic
2113 1060 2389 1123 essentia

894 1152 1216 1233 significat
1247 1156 1666 1235 quidditatem
1699 1167 1768 1219 ut
1798 1167 1894 1221 est
1925 1158 2128 1223 forma
2158 1159 2385 1237 totius3

895 1253 1171 1328 οὐσίωσις,
1219 1254 1486 1318 formam
1539 1258 1772 1338 partis3
1825 1259 2203 1341 hypostasis,
2259 1278 2386 1321 ma-

893 1353 1138 1414 teriam.
1161 1354 1222 1416 Si
1256 1372 1407 1417 vero
1439 1364 1726 1418 sumatur
1758 1360 2258 1440 unumquodque
2288 1376 2388 1421 eo-

893 1470 1036 1512 rum
1069 1460 1140 1513 ut.
1159 1457 1334 1532 quod
1351 1464 1467 1525 est,
1491 1456 1582 1517 sic
1615 1476 1813 1518 unum
1845 1465 1908 1519 et
1939 1457 2107 1519 idem
2138 1458 2389 1519 dicetur

894 1551 1189 1626 essentia,
1254 1553 1318 1614 in
1379 1563 1686 1635 quantum
1748 1556 1938 1618 habet
1995 1576 2132 1619 esse
2162 1575 2178 1635 3
2240 1556 2387 1619 sub-

893 1650 1202 1723 sistentia,
1229 1651 1293 1712 in
1326 1660 1634 1733 quantum
1666 1654 1856 1716 habet
1883 1654 2007 1716 tale
2037 1675 2199 1728 esse,
2218 1656 2389 1717 vide-

895 1749 1042 1811 licet
1083 1749 1467 1824 absolutum,
1503 1753 1670 1833 quod
1717 1772 1830 1835 per
1871 1755 2048 1835 prius
2091 1756 2389 1817 convenit

2499 758 2651 819 dum
2685 760 2852 838 quod
2897 778 3010 839 per
3051 778 3117 821 se
3156 759 3448 821 subsistit
3478 766 3539 820 et
3570 776 3697 821 non
3738 758 3804 820 in
3841 758 3993 828 alio,

2500 864 2761 918 vocatur
2804 857 3230 919 subsistentia.
3277 858 3389 919 Illa
3428 858 3603 920 enim
3644 857 3999 918 subsistere

2500 955 2795 1029 dicimuS‚
2831 976 2971 1037 quae
3011 974 3137 1018 non
3183 956 3247 1019 in
3289 957 3435 1031 alio,
3470 957 3580 1018 sed
3624 957 3689 1017 in
3727 976 3795 1017 se
3836 956 3999 1037 ipsis

2500 1054 2832 1115 exsistunt.
2871 1055 3233 1117 Secundum
3278 1074 3428 1117 vero
3471 1056 3640 1137 quod
3690 1056 3999 1137 supponi—

2499 1161 2602 1214 tur
2648 1153 2839 1215 alicui
2898 1161 3137 1217 naturae
3186 1155 3534 1229 communi,
3584 1162 3846 1217 vocatur
3893 1175 3997 1216 res

2499 1260 2739 1315 naturae
2775 1272 2789 1315 ε
2824 1254 3363 1334 quemadmodum
3402 1254 3508 1315 hic
3542 1255 3730 1317 homo
3765 1262 3863 1315 est
3892 1273 3995 1315 res

2500 1351 2793 1413 humanae
2855 1359 3114 1415 naturae.
3180 1353 3297 1414 Sed
3360 1360 3549 1434 prout
3609 1354 3997 1434 supponitur

2498 1450 2958 1525 accidentibuS,
3003 1451 3236 1512 dicitur
3282 1452 3639 1534 hypostasis
3684 1458 3796 1513 aut
3844 1451 3997 1513 sub-

2500 1548 2746 1610 stantia.
2762 1550 2935 1621 Quod
2966 1557 3179 1612 autem
3210 1551 3344 1612 haec
3372 1551 3493 1612 tria
3520 1549 3779 1612 nomina
3809 1549 4001 1630 signi-

2500 1646 2698 1709 ficant
2729 1648 3154 1709 communiter
3184 1649 3248 1711 in
3281 1657 3410 1711 toto
3440 1667 3667 1729 genere
3700 1647 3997 1711 substan-

2502 1746 2753 1819 tiarum,
2774 1746 2893 1808 hoc
2925 1764 3157 1809 nomen
3190 1747 3381 1821 istud,
3402 1765 3690 1829 persona,
3705 1746 3997 1827 designat

892 1848 1232 1928 generibus
1275 1857 1338 1911 et
1381 1851 1716 1931 speciebus
1760 1871 1951 1934 quam
1997 1854 2383 1932 individui53
2424 1857 2470 1918 Β
2502 1844 2566 1906 in
2616 1863 2845 1925 genere
2893 1845 3389 1907 substantiarum
3440 1844 3865 1908 rationalium.
3914 1882 3999 1891 —

890 1955 1080 2027 atque
1125 1948 1499 2016 substantia,
1535 1953 1883 2013 secundum
1927 1953 2092 2033 quod
2141 1951 2387 2015 substat

889 2046 1349 2120 accidentibus,
1385 2050 1552 2129 quod
1597 2068 1710 2130 per
1750 2051 1927 2132 prius
1965 2052 2262 2113 convenit
2291 2052 2384 2114 in-

891 2144 1171 2206 dividuis
1215 2164 1406 2225 quam
1449 2148 1789 2226 generibus
1833 2157 1895 2210 et
1940 2150 2297 2230 speciebus

971 2244 1245 2305 Ulterius
1288 2244 1408 2308 hoc
1451 2264 1706 2317 nomen,
1741 2266 2030 2328 persona,
2065 2248 2387 2328 significat

893 2342 1341 2425 particularem
1375 2344 1791 2407 substantiam
1825 2355 2014 2428 prout
2043 2347 2387 2427 subjicitur

893 2441 1262 2523 proprietati
1301 2461 1442 2523 quae
1472 2444 1728 2507 denotat
1759 2444 2169 2525 dignitatem;
2212 2453 2275 2508 et
2305 2447 2385 2508 si-

894 2540 1132 2601 militer
1173 2546 1468 2625 πρόσωπον
1517 2543 1684 2623 apud
1737 2542 2001 2605 Graecos
2056 2544 2202 2606 Ideo
2250 2564 2387 2625 per-

895 2658 1048 2703 sona
1093 2657 1219 2701 non
1257 2647 1354 2701 est
1397 2640 1522 2701 nisi
1571 2641 1634 2702 in
1679 2649 1903 2703 natura
1947 2643 2381 2706 intellectuali.

895 2739 971 2800 Et
1014 2739 1364 2800 secundum
1415 2739 1726 2813 Boetium‚
1769 2748 2098 2822 sumptum
2142 2750 2240 2803 est
2282 2760 2389 2805 no-

896 2856 1042 2900 men
1081 2857 1118 2899 a
1158 2839 1574 2919 personando,
1608 2857 1683 2901 eo
1724 2840 1892 2920 quod
1935 2840 1999 2901 in
2039 2842 2383 2921 tragoediiS,

894 2936 957 2998 id
998 2944 1093 2999 est
1133 2936 1526 2998 carminibus
1567 2937 1890 3018 vituperii,
1929 2946 1992 3000 et
2031 2940 2383 3008 comoediis,

2501 1944 2767 2005 Demum
2819 1944 3175 2027 hypostasis
3222 1945 3390 2025 apud
3434 1944 3680 2007 Graecos
3722 1962 3801 2007 ex
3850 1963 3996 2026 pro·

2501 2041 2639 2124 pria
2701 2042 3167 2123 significatione
3231 2044 3509 2106 nominis
3570 2042 3760 2104 habet
3822 2044 3997 2124 quod

2500 2139 2821 2220 significet
2876 2141 3323 2222 quodcumque
3382 2141 3784 2203 individuum
3844 2142 3996 2203 suh-

2500 2239 2779 2308 stantiae;
2813 2240 2923 2301 sed
2967 2259 3043 2301 ex
3089 2259 3206 2301 usu
3252 2240 3548 2321 loquendi
3594 2239 3783 2301 habet
3822 2242 3997 2321 quod

2498 2346 2787 2399 sumatur
2830 2356 2944 2419 pro
2988 2338 3315 2403 individuo
3359 2338 3681 2401 rationalis
3724 2346 3993 2411 naturae,

2501 2435 2740 2498 ratione
2770 2435 3163 2498 excellentiae
3201 2456 3349 2498 suae.
3386 2436 3459 2497 Et
3493 2435 3657 2497 sicut
3688 2454 3805 2497 nos
3834 2436 3996 2497 die-i-

2501 2553 2643 2595 mus
2687 2534 2751 2595 in
2783 2534 3019 2596 divinis
3060 2534 3391 2616 pluraliter
3428 2542 3555 2596 tres
3597 2552 3900 2614 personas
3930 2544 3993 2597 et

2501 2641 2626 2694 tres
2676 2632 3138 2706 subsistentiaS,
3192 2633 3285 2695 sic
3344 2632 3537 2697 Graeci
3590 2633 3810 2695 dicunt
3864 2641 3995 2695 tres

2500 2732 2891 2813 hypostaseS,
2952 2732 3012 2793 id
3073 2740 3169 2793 est
3226 2739 3353 2793 tres
3411 2730 3815 2793 substantias
3870 2733 3995 2795 Sed

2499 2830 2649 2911 quia
2696 2847 2929 2892 nomen
2980 2830 3368 2904 substantiae,
3419 2830 3589 2911 quod
3636 2831 3993 2892 secundum

2500 2929 2948 3009 proprietatem
3009 2928 3494 3009 significationis
3543 2929 3998 3010 correspondet

893 3036 957 3098 id
1002 3042 1098 3097 est
1141 3034 1533 3097 carminibus
1584 3036 1809 3109 laudiS‚
1854 3037 2217 3100 recitatores
2262 3038 2382 3100 sibi
2425 3041 2467 3105 C
2499 3027 2841 3109 hypostasis
2908 3027 3339 3107 aequivossafflr
3403 3028 3571 3108 ἕψω]
3639 3044 3777 3100 ΠΟΒ)
3842 3028 3995 3108 qnia

894 3134 1214 3218 ponebant
1256 3135 1595 3214 quamdam
1647 3135 1882 3197 larvam
1926 3137 2004 3198 ad
2047 3154 2387 3217 repraesen-

893 3233 1156 3295 tandum
1202 3232 1384 3293 illum
1427 3233 1611 3312 cujus
1650 3241 1825 3313 gesta
1865 3235 2203 3297 narrabant
2243 3255 2386 3298 can-

893 3332 1103 3394 tand0.
1139 3332 1289 3392 Inde
1328 3338 1600 3393 tractum
1642 3341 1737 3394 est
1776 3341 1838 3395 et
1877 3335 2052 3396 venit
2091 3335 2154 3396 in
2198 3355 2383 3399 usum
2424 3327 2429 3331 ⁴

895 3438 964 3492 ut
1004 3428 1334 3511 quodlibet
1377 3430 1778 3493 individuum
1823 3432 2100 3495 hominis
2139 3434 2217 3495 de
2259 3454 2387 3516 quo

896 3535 1101 3610 potest
1129 3527 1274 3590 talis
1311 3529 1584 3590 narratio
1617 3529 1782 3602 fieri,
1817 3530 2063 3592 dicatur
2093 3551 2380 3613 persona.

895 3629 970 3689 Et
1009 3647 1086 3690 ex
1127 3628 1246 3691 hoc
1286 3627 1520 3689 dicitur
1558 3629 1749 3691 etiam
1786 3635 2082 3710 πρόσωπον
2115 3630 2180 3693 in
2223 3631 2385 3694 Grae-

893 3745 988 3801 co,
1021 3747 1058 3788 a
1087 3733 1241 3811 πρός,
1275 3728 1444 3807 quod
1480 3734 1576 3789 est
1611 3735 1778 3802 ante,
1812 3735 1875 3789 et
1905 3727 2056 3809 ὠπή,
2091 3731 2260 3810 quod
2292 3739 2387 3792 est

783 3899 793 3910 ι
893 3825 1086 3888 facies
1122 3845 1135 3890 :
1171 3825 1322 3907 quia
1363 3827 1729 3906 hujusmodi
1775 3828 1977 3889 larvas
2012 3836 2156 3891 ante
2193 3827 2386 3892 facies

892 3922 1230 4003 ponebant.
1265 3957 1346 3966 —
1374 3922 1516 3984 Haec
1558 3923 1826 3984 Thomas
1872 3923 1936 3985 in
1979 3923 2248 4004 Scripto.

971 4020 1051 4083 At
1093 4038 1242 4082 vero
1289 4021 1354 4082 in
1400 4021 1606 4101 prima
1655 4029 1830 4102 parte
1881 4022 2178 4093 Summae,
2223 4042 2388 4104 quae-

891 4119 1096 4182 stione
1145 4116 1450 4178 vicesima
1499 4135 1685 4187 nona,
1739 4118 2038 4181 disseruit
2085 4138 2100 4182 :
2153 4119 2387 4183 Secun-

2498 3127 2877 3208 quandoque
2916 3125 3235 3206 significat
3268 3126 3632 3200 essentiam,
3668 3127 3993 3190 interdum

2498 3225 2887 3307 hypostasim
2932 3243 3042 3286 seu
3084 3242 3457 3306 personam3
3490 3243 3571 3286 ne
3610 3225 3811 3306 possit
3850 3245 3993 3288 esse

2498 3324 2727 3387 erroris
2768 3324 3037 3396 occasio,
3074 3324 3437 3385 maluerunt
3474 3323 3679 3385 Latini
3726 3342 3843 3404 pro
3883 3325 3995 3407 hy-

2498 3422 2731 3503 postasi
2777 3422 2869 3483 uti
2911 3420 3321 3483 subsistentia
3360 3422 3571 3504 pot-ius
3612 3441 3805 3503 quam
3844 3423 3995 3484 sub-

2498 3521 2743 3582 stantia.
2778 3556 2859 3566 ——
2896 3520 3039 3582 Haec
3082 3520 3351 3583 Thomas
3400 3519 3466 3581 in
3517 3520 3796 3582 Summa.
3842 3521 3995 3594 Quae

2498 3619 2849 3700 procedunt
2906 3620 3257 3680 secundum
3318 3617 3459 3698 ejus
3518 3618 3895 3694 doctrinam,
3954 3640 3997 3682 a

2497 3737 2622 3799 qua
2667 3717 2730 3778 in
2776 3717 2875 3778 his
2922 3716 3107 3780 multi
3150 3717 3553 3778 dissentiunt.

2575 3816 2794 3877 Petrus
2844 3833 2994 3878 vero
3049 3814 3148 3876 his
3207 3833 3559 3878 consonans
3612 3834 3625 3876 :
3676 3813 3997 3879 Differen-

2496 3915 2604 3986 tia,
2651 3913 2880 3995 inquit,
2925 3913 3257 3977 nominum
3316 3914 3564 3987 horum,
3612 3914 3993 3988 substantia,

2496 4011 2927 4086 subsistentia,
2970 4012 3264 4086 essentia,
3308 4030 3596 4094 persona,
3638 4032 3675 4074 a
3722 4012 3999 4076 diversis

2498 4110 2920 4172 diversimode
2976 4110 3349 4191 assignatur.
3402 4111 3655 4173 Boetius
3713 4129 4001 4194 namque

893 4217 1045 4277 dum
1114 4215 1564 4296 Philosophum
1637 4217 1860 4297 quinto
1922 4218 2383 4302 Metaphysicae,
2418 4228 2468 4289 1)
2497 4209 2769 4288 assignat
2820 4227 3041 4272 eorum
3092 4208 3522 4272 differentiam
3576 4217 3764 4291 prout
3810 4229 3997 4292 repe-

891 4313 1247 4376 substantia
1274 4313 1616 4394 dupliciter
1639 4315 1886 4376 dicitur.
1901 4316 2130 4389 Primo,
2146 4316 2389 4398 quiddi-

892 4420 986 4474 tas
1013 4411 1330 4492 rei,quam
1365 4411 1684 4491 significat
1708 4411 2387 4483 definitio,secundum

894 4508 1062 4590 quod
1094 4507 1391 4580 dicimuS,
1417 4509 1585 4588 quod
1618 4508 1911 4572 definitio
1946 4510 2267 4591 significat
2297 4512 2387 4573 rei

892 4607 1312 4670 substantiam
1359 4625 1372 4667 :
1418 4626 1610 4688 quam
1658 4607 1853 4670 Graeci
1901 4617 2130 4671 vocant
2171 4610 2383 4683 οὐσίαν,

889 4715 951 4769 et
981 4724 1095 4769 nos
1127 4705 1478 4767 essentiam·
1515 4723 1855 4786 possumus
1897 4709 2245 4771 nominare.
2284 4709 2388 4770 Se-

889 4806 1118 4875 cund0,
1162 4803 1518 4866 substantia
1561 4804 1796 4866 dicitur
1838 4804 2201 4887 subjectum
2254 4807 2387 4869 sive

887 4903 1293 4985 suppositum
1325 4903 1494 4984 quod
1537 4901 1828 4964 subsistit
1865 4903 1932 4964 in
1973 4923 2204 4984 genere
2246 4906 2391 4967 sub-

889 5001 1154 5064 stantiae.
1193 5000 1570 5064 Nominatur
1614 5009 1826 5063 autem
1872 5001 2078 5064 tribus
2122 5004 2394 5066 nomini-

890 5099 1010 5161 bus
1071 5098 1584 5179 significantibus
1658 5118 1788 5162 rem
1854 5119 1868 5164 τ
1932 5121 2074 5182 quae
2131 5102 2391 5163 nomina

875 5204 1064 5270 sunt,
1117 5215 1216 5258 res
1278 5204 1538 5270 naturae,
1595 5197 2026 5272 subsistentia,
2079 5208 2141 5262 et
2200 5201 2393 5283 hypo-

898 5294 1106 5368 stasis,
1157 5294 1519 5356 secundum
1576 5295 1898 5377 triplicem
1952 5299 2395 5363 consideratio-

2499 4308 2750 4369 riuntur
2783 4307 2847 4368 in
2887 4314 3112 4369 natura
3152 4307 3463 4370 materiali
3492 4309 3867 4389 composita,
3903 4311 4001 4371 di-

2500 4424 2649 4467 cens
2689 4406 2857 4487 quod
2898 4406 3057 4467 οὐσία
3094 4425 3206 4467 seu
3246 4406 3521 4468 essentia
3558 4407 3845 4469 nominat
3885 4428 4000 4471 na-

2499 4513 2703 4566 turam
2736 4503 2987 4584 generis
3024 4505 3512 4584 generalissimi,
3546 4525 3687 4587 quae
3718 4507 3824 4567 dat
3850 4525 4000 4570 esse

2497 4603 2897 4684 simpliciter,
2924 4610 3141 4683 utpote
3172 4622 3310 4665 esse
3342 4604 3407 4666 in
3438 4623 3668 4684 genere
3700 4605 4001 4668 substan-

2496 4701 2911 4770 tiae.01'›c5{‹2›mc
2944 4719 3091 4764 vero
3122 4721 3231 4763 seu
3265 4701 3675 4765 subsistentia
3704 4704 3998 4766 nominat

2499 4810 2786 4863 naturam
2849 4800 3100 4881 generis
3166 4801 3511 4863 subalterni
3577 4821 3691 4864 seu
3752 4805 3999 4884 speciei

2499 4899 2996 4981 specialissimae‚
3032 4919 3173 4980 quae
3216 4901 3321 4961 dat
3358 4919 3498 4963 esse
3537 4901 3689 4982 quid
3735 4920 3847 4963 seu
3886 4903 4002 4964 de-

2500 4999 2931 5060 terminatum.
2987 4998 3385 5081 Hypostasim
3445 5016 3596 5061 vero
3654 4999 3787 5061 sive
3846 5001 4005 5062 sub-

2500 5097 2795 5160 stantiam
2841 5105 3023 5159 vocat
3067 5117 3201 5159 rem
3250 5097 3658 5178 singularem,
3702 5098 4005 5161 substan-

2501 5205 2629 5257 tem
2657 5197 2882 5258 ceteris
2912 5195 3212 5258 omnibus
3243 5195 3309 5258 in
3339 5215 3569 5277 genere
3599 5194 4003 5270 substantiae,

2503 5295 2637 5358 sive
2670 5295 2995 5359 rationalis
3028 5295 3280 5370 sit,sive
3314 5295 4011 5360 irrationalisPersona
