4359 6250
736 529 940 578 Unum
980 531 1390 580 PRAEscmmlA
1436 532 1548 579 snt]
1589 531 1994 579 PROVIDENTIA
2035 531 2139 578 Dm
2184 532 2451 579 IMPONAT
2490 532 2681 579 RERUS
2722 531 3171 579 Nncssssmmn
3391 505 3511 572 483

406 697 652 762 domini
691 709 1052 766 nostrorum
1097 703 1464 766 exsistimus
1507 711 1785 766 actuum.
1831 705 1906 766 Et
1937 703 1988 765 A
2017 704 2168 786 quia
2202 711 2497 766 causatur
2526 723 2563 765 a
2592 703 2989 786 praescientia
3027 702 3399 766 necessaria.
3430 737 3511 750 —-

107 813 380 869 &unusque
405 798 484 858 ad
517 799 636 861 boc
675 800 921 863 inducit
953 809 1224 885 quatuor
1259 803 1570 865 rationes*
1604 821 1618 864 ε
1653 803 1730 864 de
1767 802 1905 884 qui·
2017 803 2379 865 Secundum
2428 820 2681 885 quoque
2731 803 3177 884 praedictorum
3223 820 3349 865 non
3392 802 3511 864 im-

103 877 321 934 Afflm]
405 895 526 959 bus
585 907 975 980 pertranseo,
1028 901 1180 983 quia
1235 902 1369 965 haec
1419 902 1496 964 ad
1552 902 1904 965 secundum
2017 902 2197 982 ponit
2243 901 2763 980 contingentibus
2810 901 3256 963 necessitatem
3298 919 3311 964 :
3361 901 3511 982 quia

401 997 725 1078 pertinent
755 998 990 1061 librum
1024 1008 1416 1083 sequentem.
1442 1038 1522 1046 —
1551 1002 1636 1063 De
1669 1001 1902 1083 quibus

398 1101 464 1156 et
501 1095 882 1159 Guillelmus
911 1098 1284 1161 parisiensis
1325 1099 1390 1161 in
1431 1100 1594 1162 libro
1634 1101 1712 1162 de
1753 1099 1902 1161 Fide

395 1201 462 1254 θῖ
500 1193 770 1274 legibuS,
817 1203 880 1258 et
928 1196 1226 1259 dominus
1275 1198 1494 1260 Petrus
1538 1198 1616 1259 de
1661 1197 1902 1259 Alliaco

395 1291 465 1353 in
495 1293 882 1374 quibusdam
913 1294 1048 1358 suis
1077 1297 1428 1377 opusculiS,
1462 1295 1716 1378 plenius
1746 1296 1899 1357 scri-

393 1391 576 1452 bunt.
613 1393 702 1455 Dc
733 1393 970 1475 quibus
999 1403 1062 1456 et
1093 1393 1389 1457 Albertus
1431 1395 1496 1456 in
1537 1402 1899 1457 commento

393 1508 512 1552 suo
561 1511 758 1573 super
805 1491 1043 1554 librum
1093 1493 1170 1555 de
1221 1493 1462 1567 Causis,
1507 1493 1707 1554 multa
1751 1510 1897 1556 con-

393 1589 620 1652 scribit
661 1591 952 1672 pulchra,
985 1591 1580 1672 antiquissimorum
1623 1591 1896 1654 recitans

391 1685 732 1768 opiniones
763 1688 1310 1771 philosophorum.
1347 1689 1494 1764 Quae
1525 1687 1719 1751 nimis
1760 1707 1899 1772 pro-

394 1784 598 1848 lixum
640 1793 738 1850 θεῖ
778 1805 1091 1849 enarrare.

473 1983 766 2066 iusuper,
811 2003 1005 2066 super
1049 1985 1148 2047 his
1192 1985 1416 2047 scribit
1458 1985 1786 2048 Udalricus
1829 1983 1896 2045 in

394 2081 680 2156 Summa,
715 2082 882 2145 libro
922 2084 1202 2146 secundo
1235 2100 1250 2144 z
1286 2083 1461 2145 Sicut
1499 2083 1588 2144 ait
1624 2081 1898 2145 Philoso-

395 2180 562 2260 phus
603 2180 794 2243 tertio
835 2181 1302 2264 Metaphysicae,
1342 2181 1586 2243 solvere
1633 2198 1756 2243 non
1803 2186 1899 2240 est

396 2278 746 2358 ignorantis
793 2279 1055 2353 nodum,
1109 2279 1172 2341 id
1221 2285 1339 2353 est,
1382 2279 1492 2360 qui
1544 2278 1745 2340 nescit
1792 2295 1900 2340 no-

395 2375 574 2448 dum,
639 2393 768 2438 non
828 2383 1036 2458 potest
1097 2377 1342 2439 solvere
1405 2375 1688 2456 ligatum.
1753 2374 1898 2437 Ideo

393 2477 1041 2556 praecognoscendum
1081 2483 1198 2550 est,
1241 2476 1479 2538 nodum
1511 2474 1703 2555 hujus
1734 2493 1901 2556 quae-

393 2573 620 2636 stionis
671 2572 976 2636 exsistere
1025 2574 1091 2636 in
1138 2575 1539 2656 oppositione
1589 2593 1702 2636 seu
1756 2591 1900 2636 con-

393 2671 589 2732 traria
648 2670 891 2734 ratione
959 2671 1240 2734 scientiae
1303 2678 1366 2733 et
1425 2671 1891 2750 contingentiae.

393 2769 602 2842 Quum
634 2769 810 2832 enim
845 2769 1110 2832 scientia
1150 2788 1264 2852 per
1301 2769 1749 2832 certitudinem
1781 2768 1900 2830 dif-

393 2867 557 2929 ferat
616 2868 697 2930 ab
757 2868 1080 2950 opinione,
1132 2885 1260 2930 non
1319 2875 1528 2949 potest
1583 2886 1721 2930 esse
1771 2865 1896 2928 nisi

391 2966 902 3029 necessariorum
947 2986 962 3030 z
1008 2967 1160 3049 quia
1207 2967 1260 3028 si
1309 2966 1636 3047 cognitum
1684 2972 1898 3047 posset

2013 998 2285 1061 effectus
2330 999 2641 1061 exsistens
2690 999 2770 1061 ab
2816 999 3031 1081 aliqua
3074 998 3281 1081 prima
3322 1017 3513 1062 causa

2013 1097 2445 1160 mediantibus
2476 1099 2684 1160 causis
2716 1099 3033 1172 secundiS,
3053 1098 3343 1181 sequitur
3372 1115 3513 1180 pro-

2011 1196 2327 1258 ximarum
2402 1197 2829 1260 conditionem
2904 1216 3237 1259 causarum
3312 1197 3510 1276 magis

2010 1313 2203 1376 quam
2256 1295 2478 1376 primae
2528 1314 2753 1369 causae,
2805 1296 2957 1378 quia
3004 1295 3336 1359 causalitas
3385 1297 3512 1378 pri-

2011 1412 2130 1455 mae
2178 1412 2383 1456 causae
2426 1394 2681 1475 attingit
2723 1394 3029 1457 effectum
3081 1395 3509 1458 mediantibus

2009 1493 2217 1554 causis
2268 1493 2566 1555 secundis
2613 1513 2685 1555 ac
2732 1494 3061 1575 proximiS‚
3105 1513 3245 1576 quae
3294 1513 3508 1555 causa-

2010 1591 2253 1653 litatem
2286 1590 2460 1653 illam
2492 1592 2809 1673 recipiunt
2840 1592 3189 1655 secundum
3220 1611 3350 1654 suae
3382 1609 3511 1654 mo-

2009 1691 2161 1752 dum
2194 1697 2453 1752 naturae.
2490 1691 2890 1754 Praescientia
2918 1709 3068 1754 vero
3099 1691 3164 1753 in
3198 1699 3507 1773 quantum

2009 1788 2408 1871 prm-scientia
2435 1798 2498 1850 et
2527 1807 2655 1852 non
2686 1808 2897 1864 causa,
2930 1790 3091 1851 nihil
3121 1789 3341 1870 adjicit
3370 1789 3461 1852 rei
3489 1809 3503 1854 :

1932 1883 1978 1945 B
2009 1887 2249 1950 idcirco
2276 1906 2354 1949 ex
2384 1906 2459 1949 ea
2493 1907 2593 1950 res
2624 1906 2753 1951 non
2782 1896 2878 1950 est
2914 1888 3113 1969 magis
3156 1887 3509 1950 necessaria

2007 2005 2201 2069 quam
2250 1987 2302 2049 si
2353 1987 2753 2069 praescientia
2802 1986 2941 2068 ipsa
2988 2004 3115 2049 non
3160 1994 3345 2049 esset.
3394 1988 3508 2049 De-

2006 2084 2203 2167 nique
2248 2085 2611 2166 praescitum
2663 2085 3006 2166 dupliciter
3047 2085 3342 2160 sumitur,
3389 2086 3507 2148 sci-

2008 2183 2156 2245 licet
2216 2203 2230 2247 :
2296 2183 2727 2256 materialiter,
2793 2192 3011 2266 utpote
3070 2202 3185 2265 pro
3242 2203 3309 2245 re
3372 2183 3509 2266 ipsa

2008 2290 2197 2364 prout
2226 2290 2321 2343 est
2352 2282 2417 2343 in
2448 2282 2583 2343 suis
2614 2281 2821 2344 causis
2861 2282 2961 2344 vel
3004 2281 3066 2342 in
3106 2301 3221 2344 sua
3260 2290 3504 2357 natura,

2007 2387 2070 2442 et
2117 2398 2245 2442 non
2306 2380 2371 2441 in
2430 2387 2740 2462 quantum
2800 2379 3129 2461 praescita3
3184 2381 3403 2463 sicque
3452 2381 3506 2443 si

2007 2478 2394 2540 necessarias
2454 2478 2680 2540 habeat
2741 2479 3029 2560 proprias
3094 2498 3336 2552 causaS‚
3400 2497 3506 2541 ne-

2007 2576 2279 2639 cessaria
2306 2583 2402 2638 est
2438 2594 2451 2637 :
2487 2585 2557 2638 ut
2596 2576 2795 2639 solem
2837 2571 2981 2638 cras‘
3004 2575 3178 2640 oriri.
3214 2577 3506 2639 Secundo

2007 2675 2283 2738 sumitur
2312 2675 2675 2757 praescitum
2707 2675 3079 2747 formaliter,
3109 2674 3407 2737 videlicet
3440 2675 3505 2736 in

2006 2781 2316 2856 quantum
2377 2773 2741 2856 praescitum
2794 2791 2808 2834 ε
2862 2780 2922 2835 θῖ
2977 2774 3063 2836 ita
3120 2791 3247 2835 non
3286 2779 3508 2855 potest

2007 2889 2132 2934 non
2172 2872 2448 2934 evenire.
2484 2907 2563 2917 —
2591 2872 2785 2934 Multa
2822 2872 2947 2934 alia
2984 2879 3131 2954 apta
3166 2871 3391 2934 scribit
3428 2872 3507 2934 de

2006 2969 2106 3031 his
2145 2970 2493 3044 UdalricuS‚
2535 2989 2677 3052 quae
2715 2970 2848 3049 jam
2898 2989 2975 3032 ex
3024 2971 3262 3033 Thema
3304 2977 3367 3032 et
3405 2969 3507 3031 Al-

389 3064 579 3127 aliter
608 3083 771 3139 csse,
805 3084 932 3129 non
963 3073 1130 3129 esset
1157 3065 1298 3146 ejus
1339 3063 1627 3138 scientia,
1658 3063 1768 3127 sed
1801 3063 1894 3126 in·
1932 3066 1976 3131 C
2004 3067 2185 3131 berto
2228 3075 2376 3130 sunt
2418 3068 2706 3151 allegata.

391 3172 570 3227 certa
606 3172 670 3226 et
714 3164 906 3227 fallax
944 3164 1182 3246 opinio.
1227 3165 1607 3237 Econverso,
1652 3162 1896 3226 contin-

388 3282 553 3345 gens
603 3263 788 3326 aliter
835 3282 900 3326 se
950 3263 1207 3338 babere,
1249 3281 1377 3326 non
1415 3262 1668 3325 videtur
1713 3279 1896 3344 posse

387 3381 534 3424 esse
585 3361 820 3423 scitum
867 3370 978 3425 aut
1028 3362 1390 3445 praescitum
1437 3380 1450 3425 :
1495 3359 1646 3443 quia
1693 3360 1744 3422 si
1791 3380 1898 3422 ne-

391 3460 750 3523 cessarium
785 3468 1134 3543 reputetur,
1169 3461 1288 3523 hoc
1323 3478 1448 3523 non
1483 3468 1578 3522 est
1606 3458 1894 3532 scientia,

391 3560 508 3622 sed
569 3576 764 3622 error.
815 3594 898 3605 —-
953 3560 1257 3633 Quocirca
1312 3558 1676 3633 dicendum,
1729 3558 1898 3640 quod

390 3676 518 3721 nec
559 3658 893 3721 causalitas
929 3657 1062 3732 Dei,
1096 3676 1214 3721 nec
1256 3657 1654 3739 praescientia
1691 3675 1898 3738 neque

392 3753 670 3817 scientia
699 3753 840 3836 ejus
871 3754 1038 3818 tollit
1076 3774 1112 3816 a
1153 3754 1342 3817 rebus
1374 3754 1893 3835 contingentiam.

391 3854 538 3916 Non
581 3852 915 3915 causalitas
950 3870 964 3915 z
999 3853 1150 3935 quia
1191 3860 1261 3914 ut
1298 3852 1538 3914 dictum
1582 3860 1699 3925 est,
1732 3852 1900 3913 Deus

390 3958 700 4033 operatur
741 3950 805 4013 in
847 3951 1036 4014 rebus
1079 3951 1444 4014 immediate
1481 3958 1544 4013 et
1585 3950 1896 4029 mediate3

395 4050 697 4124 mediate,
735 4052 799 4112 in
841 4057 1150 4133 quantum
1185 4049 1410 4111 tribuit
1441 4047 1648 4111 causis
1679 4068 1901 4111 secun-

391 4150 500 4212 dis
541 4149 846 4211 virtutem
887 4148 1135 4230 agendi.
1179 4148 1461 4211 Primum
1503 4148 1731 4211 horum
1771 4165 1899 4210 non

2084 3168 2238 3230 Tota
2276 3184 2529 3250 quoque
2570 3167 2884 3230 sententia
2921 3168 3351 3249 responsionis
3394 3169 3508 3231 Bo-

2005 3272 2371 3328 naventurae
2415 3265 2777 3328 continetur
2825 3265 2888 3326 in
2931 3266 3188 3328 Thoma.

2085 3363 2433 3425 Richardus
2489 3381 2641 3426 vero
2694 3382 2707 3425 :
2769 3363 3057 3437 Quidam,
3119 3364 3348 3447 inquit,
3412 3384 3505 3427 re-

2005 3462 2320 3543 spondent
2358 3462 2528 3544 quod
2576 3462 2793 3524 omnia
2831 3461 3047 3523 futura
3088 3462 3153 3524 in
3194 3470 3503 3543 quantum

2005 3567 2154 3622 sunt
2188 3560 2498 3641 praescita,
2532 3561 2610 3622 dc
2650 3560 3025 3622 necessitate
3064 3560 3401 3639 evenient3
3443 3568 3506 3623 et

2005 3659 2249 3733 dicunt,
2282 3658 2450 3740 quod
2492 3658 2781 3739 praescita
2820 3677 2857 3719 a
2896 3658 3024 3720 Deo
3067 3675 3193 3720 non
3236 3667 3504 3741 possunt

2007 3776 2134 3821 non
2171 3775 2311 3819 esse
2343 3755 2633 3839 praescita
2670 3756 2750 3818 ab
2790 3774 2883 3819 eo.
2919 3756 3178 3837 Propter
3213 3758 3382 3839 quod
3416 3758 3507 3819 di-

2007 3864 2159 3918 cunt
2211 3856 2425 3917 futura
2474 3853 2689 3917 omnia
2737 3855 2813 3917 de
2863 3854 3237 3917 necessitate
3286 3855 3505 3918 venire

2010 3974 2123 4036 per
2154 3952 2585 4016 conditionem
2621 3950 3131 4033 praecognitionis
3164 3952 3417 4027 divinae,
3443 3961 3507 4015 et

2009 4053 2178 4135 quod
2221 4051 2615 4115 considerata
2655 4070 2769 4132 per
2808 4069 2897 4125 se,
2931 4068 3057 4112 non
3096 4050 3392 4112 eveniant
3429 4051 3507 4113 de

2009 4150 2405 4214 necessitate.
2452 4149 2565 4212 Cui
2608 4148 2909 4231 positioni
2951 4148 3205 4210 videtur
3245 4166 3507 4212 consen-

391 4248 601 4329 exigit
649 4248 818 4331 quod
867 4266 1087 4311 omnes
1138 4248 1410 4312 effectus
1455 4248 1565 4309 Dei
1616 4247 1744 4309 sint
1793 4266 1898 4308 ne-
1930 4251 1980 4313 D
2011 4250 2130 4311 tire
2179 4248 2455 4311 Boetius,
2508 4248 2743 4309 Verum
2794 4253 3012 4309 contra
3068 4247 3187 4309 hoc
3235 4255 3511 4328 arguunt

393 4346 662 4410 cessarii
708 4366 722 4409 :
775 4345 926 4428 quia
972 4346 1126 4408 dum
1173 4346 1430 4419 dicitur,
1481 4345 1652 4427 quod
1691 4345 1900 4408 omnis

393 4444 676 4509 effectus
716 4452 812 4507 est
851 4446 1246 4507 necessarius
1291 4444 1477 4526 cujus
1526 4462 1716 4506 causa
1764 4464 1903 4526 pro-

393 4543 579 4607 xima
615 4551 678 4605 et
709 4542 1074 4605 immediata
1115 4550 1210 4605 est
1255 4542 1630 4615 necessaria,
1673 4542 1903 4605 intelli-

390 4642 683 4725 gendum
731 4648 826 4704 est
873 4642 950 4703 de
1011 4660 1200 4703 causa
1259 4640 1730 4723 proportionata
1787 4659 1902 4703 suo

391 4739 688 4805 effectui.
721 4740 909 4802 Porro
940 4739 1106 4801 Deus
1144 4747 1241 4801 est
1281 4758 1469 4801 causa
1497 4746 1675 4800 extra
1703 4757 1902 4819 genus

391 4847 467 4904 et
496 4838 887 4901 excellentiae
927 4836 1198 4900 infinitae
1232 4856 1246 4901 :
1283 4836 1424 4901 ideo
1458 4844 1747 4899 creatura
1776 4855 1900 4900 non

391 4947 502 5003 est
531 4956 730 5020 capax
759 4937 950 5000 totius
979 4935 1212 4999 divinae
1242 4934 1671 5018 perfectionis
1691 4936 1908 5009 Quem·

390 5036 750 5099 admodum
787 5052 939 5117 ergo
982 5052 1111 5097 non
1154 5033 1446 5116 sequitur
1483 5034 1653 5116 quod
1696 5034 1905 5097 omnis

391 5134 678 5199 effectus
726 5132 839 5196 Dei
884 5141 982 5195 est
1026 5131 1280 5215 penitus
1320 5130 1593 5213 simplex
1632 5138 1695 5193 et
1733 5140 1909 5195 aeter-

393 5253 550 5306 nuS,
585 5231 890 5314 quoniam
924 5239 1019 5295 θεῖ
1049 5251 1085 5293 a
1114 5249 1304 5293 causa
1333 5230 1613 5312 simplici
1642 5238 1708 5293 et
1736 5238 1910 5294 aeter-

393 5348 530 5411 na3
561 5331 652 5393 ita
689 5347 819 5394 non
859 5330 1147 5412 sequitur
1180 5329 1349 5411 quod
1383 5329 1464 5391 sit
1492 5330 1908 5404 necessariuS,

2009 4347 2116 4410 alii
2167 4346 2263 4409 sic
2314 4363 2327 4407 :
2383 4346 2447 4408 Si
2498 4345 2927 4407 necessarium
2971 4351 3067 4407 est
3112 4346 3309 4407 Deum
3355 4365 3513 4427 prae-

2011 4446 2172 4509 scire
2224 4445 2521 4507 universa
2568 4444 2804 4518 sutura,
2846 4451 2909 4505 et
2957 4444 3090 4507 haec
3140 4443 3278 4526 ipsa
3316 4445 3515 4507 relata

2011 4547 2088 4608 ad
2141 4543 2608 4628 praescientiam
2659 4543 2769 4605 Dei
2821 4550 2969 4604 sunt
3013 4543 3089 4604 de
3134 4543 3510 4606 necessitate

2013 4650 2300 4716 ventura,
2334 4642 2589 4705 videtur
2627 4642 2797 4722 quod
2841 4641 3142 4704 omnibus
3186 4650 3513 4723 computa-

2011 4743 2116 4815 tis,
2149 4739 2366 4804 omnia
2407 4740 2620 4801 futura
2658 4740 2735 4800 de
2780 4739 3153 4801 necessitate
3193 4739 3505 4801 eveniant..

2013 4840 2173 4901 Hinc
2212 4838 2355 4901 aliis
2393 4837 2648 4899 videtur
2690 4836 3053 4908 dicendum,
3089 4838 3256 4918 quod
3284 4836 3385 4916 (ut
3423 4838 3511 4899 ait

2014 4938 2351 5001 Anselmus
2394 4936 2458 4998 in
2498 4935 2662 4998 libro
2696 4936 2773 4996 de
2804 4933 3150 4996 Concordia
3181 4934 3511 5015 praescien-

2017 5037 2118 5100 tiae
2143 5044 2205 5099 et
2231 5036 2415 5098 liberi
2446 5032 2722 5114 arbitrii)
2740 5032 2975 5113 duplex
3004 5040 3100 5094 est
3129 5033 3506 5098 necessitas:

2017 5154 2144 5197 una
2184 5133 2571 5216 praecedenS,
2614 5150 2756 5213 qum
2796 5128 2948 5191 facit
2989 5148 3123 5191 rem
3166 5148 3345 5210 esse3
3387 5131 3512 5194 alia

2019 5252 2315 5315 sequenS,
2369 5250 2509 5313 quae
2568 5247 2693 5292 non
2744 5226 2913 5307 cogit
2960 5246 3117 5289 esse.
3170 5228 3514 5310 Loquendo

2027 5332 2104 5393 de
2137 5330 2345 5412 prima
2385 5325 2781 5399 necessitate,
2809 5343 2935 5388 non
2964 5333 3061 5387 est
3089 5344 3311 5389 verum
3342 5328 3511 5409 quod
