4359 6250
906 468 1027 534 378
1804 495 1982 541 mann
2020 495 2041 540 1
2085 494 2568 541 SENTENTIARUM.
2613 512 2694 522 —
2733 495 2886 540 msr.
2933 495 3099 540 xxxv

903 663 1145 744 futura,
1179 666 1235 728 si
1274 666 1439 728 nihil
1479 669 1651 730 esset
1697 667 1989 730 facturus
2028 667 2210 730 Deus
2252 667 2356 730 vel
2394 667 2654 748 aliquos
2689 667 3083 747 salvaturuS,
3124 684 3255 730 non
3298 667 3558 730 videtur
3593 666 3889 747 potuisse
3923 666 3990 726 in

899 779 1038 843 Deo
1088 799 1227 844 esse
1286 783 1697 863 praesoientia
1752 783 1855 846 vel
1912 783 2259 864 dispositio
2317 783 2422 846 vel
2476 783 2985 864 praedestinatio.
3039 783 3267 846 Potuit
3312 785 3532 846 autem
3580 782 3762 845 Deus
3814 781 3994 844 nulla

896 898 1199 976 praescire
1237 898 1481 978 futura,
1513 901 1731 980 potuit
1774 917 1907 964 non
1946 917 2161 964 creare
2201 899 2452 980 aliquid
2494 898 2598 962 vel
2636 917 2768 962 non
2817 899 3070 963 salvare
3117 899 3375 980 aliquos
3417 919 3432 960 ε
3473 900 3691 979 potuit
3727 915 3881 979 ergo
3924 899 3992 959 in

895 1012 1034 1076 Deo
1064 1031 1195 1077 non
1227 1031 1369 1078 esse
1399 1016 1810 1096 praescientia
1839 1017 1942 1081 vel
1972 1017 2321 1098 dispositio
2347 1017 2452 1080 vel
2481 1017 2992 1098 praedestinatio.
3013 1053 3100 1062 —
3124 1016 3228 1079 Ad
3256 1016 3382 1080 hoe
3409 1017 3630 1080 autem
3661 1016 3754 1080 ita
3785 1034 3824 1079 a
3851 1017 3996 1096 qui-

894 1129 1168 1194 busdam
1202 1133 1557 1214 opponitur
1589 1153 1603 1194 :
1633 1133 1700 1197 Si
1742 1133 2105 1215 (inquiunt)
2134 1133 2353 1214 potuit
2389 1133 2799 1214 praescientia
2829 1133 2951 1196 Dei
2983 1151 3114 1196 non
3149 1151 3291 1197 esse
3329 1134 3398 1195 in
3425 1134 3564 1196 Deo
3604 1132 3687 1196 ab
3721 1135 3990 1212 aetern0,

894 1249 958 1310 et
997 1249 1212 1328 potuit
1237 1265 1370 1310 non
1409 1266 1585 1329 esse;
1628 1250 1684 1312 si
1724 1267 1877 1312 vero
1916 1251 2133 1331 potuit
2169 1266 2303 1312 non
2335 1267 2500 1330 esse,
2535 1267 2741 1329 quum
2781 1249 3192 1330 praescientia
3228 1250 3351 1313 Dei
3389 1249 3477 1312 sit
3515 1249 3660 1330 ejus
3695 1249 3990 1328 scientia,

892 1366 956 1426 et
1004 1364 1277 1427 scientia
1322 1365 1410 1428 sit
1460 1365 1603 1444 eJus
1651 1366 1956 1446 essentia,
1998 1367 2218 1447 potuit
2267 1384 2420 1446 ergo
2467 1382 2598 1428 non
2657 1383 2800 1429 esse
2851 1365 2934 1428 ab
2981 1367 3224 1430 aeterno
3275 1366 3344 1429 id
3391 1365 3568 1446 quod
3621 1367 3720 1428 est
3769 1365 3994 1427 divina

892 1480 1196 1543 essentia.
1243 1481 1340 1542 Ita
1388 1483 1451 1544 et
1498 1481 1577 1544 de
1628 1482 2061 1564 dispositione
2103 1482 2166 1544 et
2216 1482 2813 1563 praedestinatione‚
2858 1498 3006 1563 quae
3055 1483 3154 1545 est
3201 1482 3426 1544 divina
3477 1481 3784 1558 essentia,
3825 1481 3994 1561 obji-

891 1594 1093 1658 ciunt.
1132 1595 1402 1659 Addunt
1447 1614 1709 1678 quoque
1748 1600 1812 1660 et
1860 1598 2009 1676 alia,
2045 1599 2136 1660 ita
2185 1598 2573 1678 loquentes:
2615 1597 2686 1660 Si
2725 1598 2941 1677 potuit
2986 1598 3167 1661 Deus
3215 1614 3346 1660 non
3395 1597 3700 1678 praescire
3746 1597 3990 1677 aliqua,

891 1728 1095 1791 quum
1137 1711 1314 1774 idem
1352 1713 1440 1774 sit
1476 1713 1614 1776 Deo
1654 1713 1957 1794 praescire
2004 1713 2183 1795 quod
2229 1713 2418 1793 scire,
2460 1715 2524 1775 et
2572 1713 2738 1777 scire
2783 1713 2962 1793 quod
2999 1730 3165 1794 esse,
3199 1714 3416 1796 potuit
3461 1731 3615 1794 ergo
3654 1731 3786 1776 non
3824 1731 3986 1777 esse.

890 1829 1083 1906 Item,
1125 1845 1331 1908 quum
1388 1828 1565 1891 idem
1620 1829 1730 1909 sit,
1780 1831 1997 1893 Deum
2050 1831 2403 1910 praescium
2455 1847 2596 1892 esse
2656 1831 2721 1892 et
2766 1805 2985 1893 Deum
3041 1847 3219 1914 esse3
3273 1831 3330 1894 si
3386 1831 3607 1912 potuit
3659 1849 3793 1894 non
3849 1849 3991 1896 esse

888 1944 1227 2024 praesoius,
1274 1944 1491 2025 potuit
1537 1963 1668 2008 non
1720 1963 1864 2008 esse
1911 1945 2115 2009 Deus.
2154 1945 2383 2007 Potuit
2428 1946 2649 2008 autem
2700 1962 2832 2008 non
2882 1964 3024 2010 esse
3062 1947 3400 2027 praescius,
3440 1947 3498 2010 si
3545 1948 3764 2029 potuit
3813 1948 3994 2012 nulla

888 2059 1193 2141 praesoire
1236 2081 1249 2121 :
1296 2062 1361 2124 at
1407 2062 1624 2143 potuit
1668 2062 1851 2125 nulla
1896 2039 2223 2143 prazscire,
2266 2062 2423 2143 quia
2467 2061 2684 2143 potuit
2731 2061 2913 2124 nulla
2961 2063 3194 2127 facere.

1031 2323 1101 2386 C.
1144 2327 1565 2401 Res-ponam,
1608 2330 1799 2401 quod
1835 2328 2315 2400 praescientia
2363 2327 2433 2388 et
2480 2327 2859 2400 dispositio
2909 2327 2980 2388 et
3017 2328 3578 2400 praedestinatio
3628 2331 3843 2403 quasi

1451 2445 1768 2505 relative
1814 2445 2162 2506 dicuntur
2212 2449 2309 2506 αα
2349 2443 2653 2515 futuras
2697 2458 2822 2506 res
2867 2447 2982 2506 vel
3022 2444 3430 2516 faciendas.

1030 2674 1132 2736 Ad
1169 2675 1294 2737 hoc
1322 2675 1516 2754 juxta
1552 2673 1897 2737 modulum
1936 2678 2175 2738 nostrae
2210 2673 2660 2754 intelligentiae
2690 2673 2781 2736 ita
2817 2674 3102 2737 dicimus
3135 2692 3150 2734 :
3182 2674 3606 2738 Praesoientia
3641 2671 3742 2738 et*
3768 2675 3990 2756 dispo-

895 2792 1048 2854 sitio
1090 2792 1193 2853 vel
1242 2790 1729 2872 praedestinatio
1775 2790 1859 2853 ad
1906 2791 2156 2872 aliquid
2203 2790 2332 2852 dici
2367 2790 2693 2853 videntur.
2737 2790 2923 2854 Siout
2970 2791 3146 2853 enim
3185 2790 3453 2854 Creator
3495 2791 3580 2852 ad
3626 2793 3990 2854 ereaturam

894 2907 1161 2972 relative
1203 2907 1465 2986 dicitur,
1511 2907 1601 2969 ita
1638 2907 2051 2988 praescientia
2089 2906 2194 2970 vel
2232 2906 2548 2987 praescius
2583 2905 2666 2967 ad
2705 2905 2926 2969 futura
2961 2905 3189 2970 referri
3227 2906 3509 2986 videtur,
3541 2909 3607 2970 et
3642 2906 3990 2989 dispositio

892 3024 972 3087 ad
1015 3023 1331 3102 facienda,
1364 3040 1438 3085 ac
1477 3022 1962 3104 praedestinatio
2002 3023 2084 3085 ad
2116 3022 2449 3085 salvanda.
2488 3021 2956 3085 Verumtamen
2995 3021 3262 3086 Creator
3291 3023 3382 3084 ita
3417 3022 3688 3086 relative
3724 3025 3986 3102 dicitur,

890 3144 967 3204 ut
1003 3140 1353 3203 essentiam
1391 3156 1523 3202 non
1554 3139 1912 3220 significet3
1956 3140 2367 3221 praescientia
2395 3156 2549 3203 vero
2580 3138 2685 3202 vel
2724 3140 3040 3219 praescius
3076 3141 3140 3202 et
3169 3140 3236 3201 in
3275 3142 3576 3220 respectu
3614 3138 3988 3204 futurorum

890 3257 1153 3336 dicit-ur,
1196 3257 1261 3320 et
1288 3257 1639 3319 essentiam
1677 3256 1977 3337 designat
2009 3276 2023 3317 :
2058 3256 2150 3317 ita
2184 3255 2384 3318 etiam
2422 3256 2768 3336 dispositio
2808 3257 2874 3318 et
2910 3255 3423 3335 praedestinatio,
3456 3257 3743 3337 Ideoque
3781 3275 3986 3338 quum

890 3375 1151 3453 dicitur,
1185 3373 1255 3436 Si
1302 3372 1486 3434 nulla
1530 3373 1749 3435 essent
1800 3372 2044 3451 sutura,
2078 3389 2209 3435 non
2265 3374 2437 3435 esset
2482 3372 2552 3433 in
2589 3373 2728 3435 Deo
2777 3372 3211 3453 praescientia,
3257 3371 3362 3434 vel
3412 3390 3544 3435 non
3592 3374 3764 3437 esset
3809 3375 3989 3438 Deus

888 3490 1240 3571 praesoius3
1283 3470 1439 3570 quia
1476 3489 1657 3551 varia
1693 3491 1792 3552 est
1829 3488 1921 3551 ibi
1967 3506 2163 3551 causa
2206 3488 2488 3567 dicendi,
2530 3488 2847 3569 distingui
2888 3488 3146 3568 oportet
3181 3488 3504 3552 rationem
3542 3488 3722 3552 dicti.
3765 3490 3986 3563 Quum

889 3624 1042 3687 ergo
1096 3607 1284 3686 diciS,
1339 3606 1409 3670 Si
1458 3606 1642 3669 nulla
1698 3608 1915 3669 essent
1972 3605 2216 3685 futura,
2266 3622 2399 3668 non
2457 3606 2629 3669 esset
2688 3605 2756 3665 in
2811 3604 2950 3667 Deo
3006 3604 3442 3685 praescientia,
3482 3604 3587 3668 vel
3634 3624 3768 3669 non
3817 3609 3988 3671 esset

889 3723 1205 3804 praescius
1250 3743 1263 3783 ε
1304 3724 1363 3785 si
1406 3722 1473 3785 in
1518 3722 1793 3785 dicendo
1844 3722 2012 3785 hanc
2054 3739 2320 3785 causam
2372 3721 2676 3798 attendiS,
2721 3720 2971 3783 scilicet
3015 3720 3172 3800 quia
3207 3720 3390 3784 nulla
3441 3724 3659 3785 essent
3694 3722 3988 3803 subjecta

889 3838 1033 3920 ejus
1071 3839 1497 3921 praescientiae
1542 3839 1715 3902 unde
1753 3838 1898 3919 ipsa
1938 3839 2149 3918 possit
2191 3838 2322 3899 dici
2363 3837 2775 3918 praescientia
2811 3836 2916 3899 vel
2959 3836 3099 3917 ipse
3138 3838 3475 3918 praesciuS,
3513 3838 3689 3919 quod
3725 3840 3986 3902 utrum-

888 3974 1015 4037 que
1053 3956 1295 4018 dicitur
1322 3956 1587 4035 propter
1625 3954 1869 4031 futura,
1901 3970 2097 4015 verus
2127 3954 2228 4016 est
2257 3952 2662 4034 intellectus;
2695 3953 2800 4016 sin
2838 3954 3058 4017 autem
3091 3970 3166 4015 ea
3201 3953 3454 4016 ratione
3483 3953 3551 4015 id
3588 3953 3778 4031 diois,
3811 3956 3988 4036 quod

887 4088 1020 4135 non
1058 4071 1145 4133 sit
1181 4070 1248 4132 in
1289 4088 1365 4133 eo
1404 4070 1679 4133 scientia
1715 4087 1844 4150 qua
1882 4070 2144 4150 praescit
2183 4068 2426 4147 futura,
2458 4069 2562 4131 vel
2602 4069 2776 4149 quod
2815 4069 2958 4149 ipse
2995 4086 3126 4131 non
3164 4070 3254 4131 sit
3298 4069 3478 4132 Deus
3516 4070 3631 4149 qui
3670 4072 3772 4133 est
3809 4070 3989 4133 futu-

888 4205 1113 4251 rorum
1164 4187 1501 4268 praescius,
1545 4186 1711 4249 falsa
1762 4187 1861 4249 est
1906 4185 2360 4267 intelligentia.
2409 4185 2727 4249 Similiter
2772 4187 2836 4249 et
2878 4185 3008 4249 illae
3057 4185 3422 4250 locutiones
3474 4186 3986 4251 determinandae

888 4306 1042 4367 sunt
1083 4324 1097 4364 ε
1141 4302 1368 4366 Potuit
1404 4320 1535 4365 non
1566 4320 1708 4365 esse
1737 4302 2147 4383 praescientia
2176 4301 2324 4379 Dei,
2359 4301 2462 4363 vel
2499 4302 2716 4382 potuit
2745 4319 2876 4364 non
2916 4319 3058 4365 esse
3087 4301 3424 4383 praesoiuS‚
3452 4304 3518 4366 et
3554 4303 3771 4384 potuit
3807 4306 3988 4368 Deus

888 4436 1020 4482 non
1070 4419 1375 4499 praescire
1422 4418 1665 4499 aliqua,
1721 4418 1788 4481 id
1847 4418 1967 4495 est,
2017 4416 2237 4498 potuit
2283 4433 2426 4479 esse
2477 4416 2657 4497 quod
2704 4417 2887 4480 nulla
2943 4417 3164 4481 futura
3218 4416 3513 4497 subjecta
3568 4421 3788 4481 essent
3841 4418 3985 4499 ejus

888 4536 1179 4599 seientiae
1223 4554 1237 4595 :
1281 4536 1345 4597 et
1393 4536 1484 4596 ita
1519 4552 1652 4597 non
1698 4536 1921 4614 posset
1958 4533 2088 4596 dici
2136 4532 2452 4613 praesoius
2489 4533 2592 4596 vel
2631 4534 2957 4614 praesoire,
2995 4533 3098 4596 vel
3137 4532 3280 4613 ejus
3317 4533 3591 4596 scientia
3635 4536 3987 4614 praescien-

889 4652 1017 4733 tia;
1058 4669 1189 4715 non
1240 4653 1460 4715 tamen
1511 4668 1588 4714 eo
1641 4650 1863 4713 minus
1910 4652 2051 4731 ipse
2099 4650 2294 4729 esset,
2321 4650 2424 4713 vel
2474 4650 2618 4730 ejus
2664 4651 2958 4713 seientia.
3001 4650 3129 4714 Sed
3175 4667 3307 4712 non
3362 4651 3586 4730 posset
3639 4651 3769 4714 dici
3819 4670 3986 4732 prae-

887 4770 1088 4850 sciuS,
1130 4769 1232 4833 vel
1281 4767 1608 4850 praesoire,
1651 4767 1755 4830 vel
1801 4767 2236 4848 praescientia,
2278 4768 2336 4829 si
2373 4766 2517 4848 ejus
2563 4767 2854 4830 soientiae
2903 4765 3126 4830 futura
3171 4766 3354 4830 nulla
3403 4766 3619 4831 forent
3663 4766 3979 4848 subjecta.

888 4886 1207 4951 Similiter
1254 4887 1335 4950 de
1372 4884 1805 4966 dispositione
1844 4886 1908 4948 et
1954 4883 2529 4965 praedestinatione
2565 4882 2670 4947 vel
2708 4883 3141 4963 providentia.
3183 4884 3343 4947 Haeo
3379 4884 3580 4963 enim,
3622 4884 3698 4946 ut
3731 4884 3984 4948 dictum

889 5006 1010 5083 est,
1051 5004 1134 5066 ad
1184 5002 1571 5084 temporalia
1614 5000 2009 5080 referuntur,
2050 5002 2115 5064 et
2159 5000 2240 5063 de
2287 4999 2760 5081 temporalibus
2806 5001 3062 5063 tantum
3108 5001 3283 5062 sunt.
