4359 6250
129 3645 214 3687 md.
227 3661 276 3697 u.
287 3652 350 3693 ³³.

139 3930 186 3973 Ie.
203 3947 260 3985 n,
276 3939 336 3979 ¹³.

688 513 772 561 AN
814 515 1040 562 manvu
1084 515 1158 561 m·
1200 513 1508 560 DEMERH'A
1551 513 1687 559 slNT
1729 511 2325 559 PRAEDESTINAUONJS
2366 511 2440 557 ET
2480 511 2958 559 REPROBATIONIS
3000 511 3196 558 CAUSA

3373 490 3493 556 543

387 680 542 746 finis
587 684 854 747 ultimus
895 693 960 747 et
1009 684 1334 747 beatitudo
1385 683 1686 766 perfecta,
1720 683 1885 745 Deus
1915 681 1966 743 A
1999 681 2319 754 universo,
2355 680 2523 743 siunt
2560 701 2595 743 a
2628 682 2755 744 Deo
2794 686 3097 762 operante
3126 677 3492 741 immediate

388 781 608 844 volens
655 782 804 844 huic
847 784 1180 866 supposito
1217 783 1458 864 aliquid
1501 783 1683 844 istius
1721 779 1886 844 ordi-

387 879 506 950 niS,
543 879 754 960 primo
785 882 917 943 vult
952 882 1009 943 ei
1043 881 1500 943 beatitudinem
1541 881 1747 952 istam,
1781 879 1887 940 de-

386 977 532 1040 inde
579 979 790 1042 media
829 980 1118 1043 ordinata
1155 980 1231 1041 ad
1275 980 1474 1051 illam,
1508 986 1578 1041 ut
1617 986 1765 1039 sunt
1809 977 1885 1039 l'i-

382 1075 514 1150 deS,
551 1076 780 1150 virtuS,
817 1078 1038 1158 gratia,
1085 1078 1406 1152 meritum,
1450 1078 1654 1139 bonus
1700 1074 1887 1138 liberi

381 1172 634 1237 arbitrii
679 1195 832 1238 usus
867 1193 882 1237 :
914 1196 1055 1258 quae
1093 1177 1310 1238 omnia
1339 1177 1414 1237 ad
1457 1174 1656 1237 finem
1690 1174 1885 1236 beati-

379 1271 584 1333 ficum
617 1273 1010 1335 ordinantur.
1030 1275 1105 1335 Et
1136 1274 1314 1356 prius
1345 1273 1479 1335 vult
1511 1274 1630 1334 ista
1662 1272 1882 1346 electe,

381 1388 574 1450 quam
609 1371 952 1451 praevideat
983 1372 1194 1454 ipsum
1227 1372 1360 1434 haec
1390 1370 1748 1433 habiturum
1777 1377 1885 1432 aut

379 1469 836 1552 quodcumque
885 1471 1149 1533 istorum
1189 1487 1392 1552 :ergo
1439 1478 1696 1552 propter
1745 1470 1886 1531 nul-

381 1567 518 1629 lum
581 1568 852 1630 istorum
912 1570 1050 1632 vult
1105 1570 1166 1631 ei
1229 1569 1712 1644 beatitudinem,
1772 1569 1882 1630 sed

376 1673 660 1728 econtra.
685 1701 766 1712 —
786 1667 1149 1729 Secundum
1183 1667 1507 1750 probatur,
1536 1667 1687 1749 quia
1715 1667 1886 1728 dam-

377 1762 556 1824 natio
601 1780 730 1825 non
780 1771 876 1825 est
933 1763 1098 1826 bona
1153 1764 1280 1826 nisi
1330 1765 1632 1845 quoniam
1687 1764 1876 1845 justa.

1993 787 2104 840 aut
2153 780 2448 853 mediate,
2494 780 2593 842 vel
2644 780 3072 862 permittente,
3119 778 3228 840 sed
3278 776 3495 839 omnia

1995 877 2350 950 ordinante,
2386 878 2921 959 quemadmodum
2965 877 3147 938 tertio
3186 876 3262 937 de
3293 874 3494 937 Trini-

1995 984 2121 1037 tate
2173 975 2455 1057 loquitur
2492 975 2882 1056 Augustinus
2928 992 2942 1036 :
2984 974 3154 1037 Nihil
3205 973 3327 1034 nisi
3378 991 3493 1054 per

1996 1074 2106 1134 Dei
2157 1074 2234 1134 l'it
2283 1073 2711 1151 voluntatem3
2759 1073 2867 1134 sed
2918 1071 3070 1153 quia
3117 1072 3237 1134 hoc
3287 1070 3491 1153 philo-

1995 1172 2213 1254 sophis
2266 1189 2390 1234 non
2434 1179 2717 1253 apparet,
2760 1171 2901 1233 ideo
2949 1169 3190 1252 placuit
3228 1168 3491 1232 vanitati

1996 1269 2545 1352 philosophorum,
2598 1289 2673 1330 ea
2720 1289 2861 1351 quae
2908 1269 3076 1330 siunt
3130 1267 3337 1330 causis
3394 1287 3490 1329 se-

1995 1367 2222 1430 cundis
2266 1368 2643 1430 adscribere.
2691 1368 2764 1429 Et
2808 1368 2997 1450 paulo
3042 1375 3184 1449 post
3221 1366 3435 1429 subdit
3472 1385 3486 1430 :

1993 1467 2171 1529 lllam
2205 1485 2548 1548 supernam
2585 1474 2775 1548 atque
2810 1466 3132 1529 coelestem
3162 1485 3199 1528 a
3228 1485 3351 1548 qua
3387 1485 3491 1548 pe-

1993 1566 2393 1647 regrinamur
2435 1565 2726 1646 patriam,
2778 1565 3148 1646 cogitemus.
3191 1566 3325 1627 lllic
3377 1564 3488 1628 Dei

1994 1665 2287 1727 voluntas
2344 1671 2647 1745 tanquam
2708 1663 2809 1724 in·
2831 1664 3100 1738 excelsa,
3152 1673 3368 1726 sancta
3426 1672 3489 1725 et

1993 1763 2210 1844 quieta
2244 1762 2528 1824 residens
2570 1763 2739 1836 sede,
2776 1763 2923 1824 inde
2958 1781 3071 1844 per
3104 1771 3333 1824 cuncta
3370 1762 3489 1824 dis-

379 1860 623 1942 Nempe
667 1862 1019 1924 secundum
1060 1862 1486 1944 Augustinum
1532 1881 1725 1944 super
1767 1863 1881 1926 Ge·
1916 1863 1963 1926 B
1993 1859 2205 1922 fundit
2244 1879 2329 1922 se.
2363 1860 2536 1923 Nihil
2576 1860 2747 1922 enim
2788 1859 2865 1922 fit
2898 1861 3067 1942 quod
3104 1879 3233 1924 non
3270 1861 3347 1922 de
3391 1861 3487 1923 in-

381 1958 612 2032 ncsim,
643 1959 982 2022 undecimo
1013 1960 1198 2035 libro,
1223 1979 1350 2024 non
1383 1961 1560 2044 prius
1591 1962 1756 2023 Deus
1785 1969 1882 2023 est

380 2057 571 2131 ultor,
601 2077 792 2139 quam
825 2059 1057 2140 aliquis
1088 2060 1168 2122 sit
1201 2068 1494 2142 peccator
1528 2077 1541 2121 τ
1575 2077 1724 2140 ergo
1753 2078 1878 2122 non

381 2155 562 2237 prius
591 2157 730 2218 vult
761 2158 925 2220 Deus
961 2157 1242 2239 aliquem
1284 2159 1534 2240 punire,
1565 2176 1754 2239 quam
1787 2159 1881 2220 vi-

382 2254 526 2315 deat
576 2253 856 2337 aliquem
906 2274 1044 2318 esse
1093 2263 1511 2337 peccatorem.
1545 2256 1681 2317 Non
1730 2274 1880 2336 ergo

383 2351 632 2432 primus
677 2361 856 2414 actus
898 2354 1243 2416 voluntatis
1286 2353 1518 2416 divinae
1566 2353 1734 2415 circa
1779 2355 1880 2446 Ju-

382 2451 668 2524 dam,est
696 2451 858 2514 velle
891 2452 1190 2541 damnare
1218 2453 1443 2514 Judam
1473 2460 1662 2535 prout
1687 2452 1878 2514 Judas

381 2548 654 2612 ol'l'ertur
697 2551 762 2612 in
813 2551 992 2632 puris
1034 2551 1428 2613 naturalibus
1461 2551 1746 2632 :alioqui
1792 2550 1880 2611 vi-

379 2649 638 2711 deretur
671 2649 833 2711 Deus
862 2649 1028 2712 velle
1069 2649 1296 2730 punire
1337 2650 1474 2712 sine
1514 2650 1720 2732 culpa.
1756 2649 1879 2711 Sed

378 2747 632 2809 videtur
672 2746 842 2828 quod
890 2755 1178 2829 oporteat
1218 2748 1440 2810 Judam
1485 2747 1706 2810 offerri
1750 2748 1876 2830 pri-

381 2863 485 2906 mo
523 2844 832 2907 voluntati
875 2845 1110 2909 divinae
1149 2845 1270 2908 sub
1309 2847 1550 2909 ratione
1595 2855 1879 2928 peccato-

379 2943 488 3016 ris,
531 2950 872 3025 antequam
913 2943 1068 3005 velit
1108 2944 1319 3026 ipsum
1361 2946 1679 3008 damnare.
1717 2947 1879 3027 Ergo

1993 1959 2234 2021 visibili
2277 1958 2422 2021 aula
2469 1959 2704 2022 summi
2750 1959 3149 2041 imperatoris
3189 1959 3489 2039 jubeatur

1991 2065 2099 2118 aut
2134 2058 2539 2139 permittatur
2568 2059 2920 2120 secundum
2958 2057 3353 2120 ineffabilem
3387 2057 3486 2139 ju-

1991 2157 2231 2218 stitiam
2275 2157 2683 2238 praemiorum
2725 2163 2915 2238 atque
2952 2175 3308 2238 poenarum‚
3350 2175 3487 2238 gra-

1989 2254 2223 2316 tiarum
2272 2263 2335 2316 et
2384 2253 2896 2329 retributionum,
2943 2255 3009 2317 in
3060 2255 3180 2318 ista
3226 2256 3486 2337 amplis·

1989 2353 2150 2416 sima
2195 2354 2387 2416 totius
2431 2361 2732 2416 creaturae
2774 2353 3121 2435 republica.

2078 2453 2309 2534 Sicque
2360 2459 2588 2514 cuncta
2634 2453 2713 2514 ad
2761 2451 3042 2515 divinam
3091 2453 3485 2516 voluntatem

1991 2551 2207 2625 relata,
2240 2549 2682 2613 rationabilem
2713 2550 2949 2613 habent
2978 2569 3255 2626 causam,
3289 2559 3353 2614 et
3384 2571 3487 2614 ve·

1991 2648 2109 2710 luti
2159 2648 2603 2721 necessariam,
2656 2647 2719 2710 in
2770 2657 3081 2731 quantum
3132 2649 3486 2731 respiciunt

1990 2745 2380 2809 inflexibiles
2425 2746 2689 2827 justitiae
2738 2747 2985 2828 regulas
3034 2767 3175 2830 quae
3220 2757 3369 2811 sunt
3416 2749 3483 2811 in

1990 2845 2116 2906 Deo
2145 2853 2209 2906 et
2238 2852 2388 2906 sunt
2426 2844 2687 2908 omnino
2715 2844 2884 2929 quod
2916 2844 3053 2928 ipse
3082 2864 3096 2908 :
3131 2854 3194 2908 et
3225 2847 3311 2908 ita
3340 2865 3485 2909 cau-

1988 2962 2056 3004 sa
2117 2961 2329 3004 rerum
2392 2963 2517 3024 qua
2565 2943 2702 3006 vult
2762 2944 2929 3026 ipsas
2986 2944 3131 3007 fieri
3187 2952 3294 3007 aut
3353 2963 3483 3008 non

378 3060 580 3124 quum
623 3041 960 3124 reprobare
1000 3043 1082 3104 sit
1111 3043 1274 3104 velle
1310 3043 1631 3117 damnare,
1667 3063 1878 3127 repro·
1910 3044 1954 3107 C
1988 3041 2153 3116 fieri,
2188 3043 2542 3104 secundum
2594 3043 2761 3126 quod
2812 3043 2954 3105 fieri
3002 3052 3112 3106 aut
3160 3061 3286 3106 non
3335 3043 3480 3107 sieri

379 3140 550 3203 batio
591 3141 780 3203 habet
819 3160 896 3203 ex
929 3148 1106 3223 parte
1144 3141 1378 3222 obJ‘ecti
1421 3143 1750 3219 rationem,
1784 3144 1876 3206 vi-

377 3240 608 3301 delicet
652 3248 985 3321 peccatum
1027 3240 1220 3302 finale
1265 3241 1630 3322 praevisum.

459 3338 780 3420 Expositis
820 3338 959 3401 istis
997 3339 1300 3401 omnibus
1338 3340 1772 3422 opinionibuS,
1808 3350 1877 3403 ut

275 3466 326 3496 ιι.
379 3436 720 3519 Apostolus
767 3437 1100 3519 disputans
1143 3438 1221 3499 ad
1271 3439 1604 3513 RomanOS,
1643 3458 1759 3520 ego
1809 3441 1874 3502 in

380 3534 510 3596 sine
553 3534 1001 3616 disputationis
1046 3543 1247 3598 totum
1293 3544 1594 3617 tanquam
1645 3538 1877 3620 imper-

377 3632 725 3695 scrutabile
772 3633 1147 3715 derelinquo
1190 3651 1206 3695 :
1248 3634 1295 3697 Ο
1337 3635 1626 3709 altitudo,
1671 3635 1877 3716 inqui-

376 3750 513 3805 enS,
547 3731 916 3793 divitiarum
948 3732 1274 3813 sapientiae
1310 3741 1369 3795 et
1409 3733 1690 3796 scientiae
1722 3733 1831 3795 Dei
1859 3740 1872 3795 t

376 3850 572 3911 quam
615 3828 1192 3911 imperscrutabilia
1231 3840 1380 3893 sunt
1415 3832 1658 3911 judicia
1691 3831 1872 3912 ejus!

376 3938 494 3991 etc.
541 3928 694 4001 Quis
729 3928 903 3989 enim
945 3928 1239 4008 cognovit
1276 3948 1534 3991 sensum
1576 3930 1875 3992 Domini?

375 4034 483 4089 aut
534 4026 680 4108 quis
739 4026 1139 4088 consiliarius
1197 4026 1338 4107 ejus
1399 4027 1560 4089 fuiti
1603 4064 1685 4073 —
1731 4027 1874 4091 Haec

376 4125 623 4188 Scotus.

469 4322 552 4385 At
599 4340 752 4385 vero
798 4322 1017 4385 doctor
1072 4329 1290 4385 contra
1340 4342 1532 4406 quem
1582 4326 1874 4407 speciali-

373 4428 468 4482 ter
511 4420 798 4502 disputat
839 4420 1084 4493 ScotuS,
1131 4429 1226 4483 est
1269 4422 1600 4495 HenricuS‚
1649 4423 1759 4505 qui
1809 4423 1872 4485 in

372 4526 602 4602 quarto
632 4518 1030 4593 QuodlibetO,
1051 4520 1402 4601 quaestione
1434 4522 1871 4597 nonadecima,

373 4617 625 4699 quaerit,
671 4624 886 4679 utrum
934 4617 1000 4678 in
1049 4617 1355 4699 singulari
1408 4620 1872 4700 praedestinato,

372 4717 492 4779 hoc
537 4714 640 4778 vel
687 4716 819 4790 illo,
853 4715 936 4779 sit
980 4735 1171 4778 causa
1213 4737 1342 4779 suae
1382 4718 1878 4799 praedestinatio-

373 4816 492 4877 niS.
515 4814 780 4876 Videtur
810 4815 980 4896 quod
1011 4814 1103 4875 sic
1129 4832 1142 4875 ε
1168 4815 1319 4896 quia
1349 4814 1565 4879 finalis
1597 4837 1883 4899 perseve-

373 4912 580 4975 rantia
610 4920 670 4973 et
715 4912 1184 4994 praedestinatio
1229 4914 1290 4974 in
1324 4915 1620 4976 eumdem
1657 4916 1878 4979 salutis

373 5010 684 5073 effectum
716 5017 1134 5089 concurrunt3
1168 5013 1637 5093 perseverantia
1667 5022 1880 5077 autem

374 5108 568 5171 habet
629 5126 886 5170 causam
938 5108 1002 5170 in
1053 5120 1498 5191 perseverante
1555 5129 1568 5173 :
1622 5131 1772 5194 ergo
1819 5122 1884 5176 et

379 5205 874 5290 praedestinatio.

461 5304 842 5381 Dicendum,
893 5306 1061 5387 quod
1123 5307 1338 5370 omnia
1396 5327 1538 5390 quae
1597 5309 1764 5373 fiunt
1816 5309 1882 5372 in

1987 3142 2248 3223 respicit
2281 3142 2515 3223 ipsum,
2548 3160 2677 3205 non
2712 3151 2809 3205 est
2847 3143 2969 3205 nisi
3003 3144 3163 3227 ipse,
3196 3162 3314 3206 nec
3354 3163 3485 3208 om-

1985 3240 2140 3303 nino
2168 3240 2404 3323 accipit
2434 3260 2689 3303 causam
2720 3242 2820 3303 vel
2852 3243 3252 3305 occasionem
3282 3243 3484 3306 aliun·

1985 3339 2062 3401 de
2106 3358 2300 3421 super
2342 3358 2767 3421 quocumque.

2061 3438 2275 3500 Relata
2300 3457 2449 3500 vero
2477 3438 2551 3499 ad
2586 3456 2807 3499 causas
2840 3438 3485 3523 inferioreS,quando·

1986 3554 2109 3617 que
2135 3535 2372 3597 habent
2400 3554 2621 3597 causas
2651 3536 3098 3599 determinatas
3130 3540 3478 3617 naturales;

1985 3635 2365 3717 quandoque
2394 3650 2544 3695 vero
2583 3632 2819 3695 habent
2858 3653 3077 3696 causas
3116 3635 3481 3698 indetermi-

1985 3740 2162 3795 natas
2205 3740 2267 3793 et
2311 3751 2426 3812 per
2465 3730 2759 3793 accidens
2793 3749 2806 3792 ε
2844 3732 3010 3794 sicut
3052 3754 3192 3815 quae
3235 3734 3403 3797 fiunt
3443 3754 3480 3798 a

1982 3831 2239 3893 fortuna
2288 3838 2349 3893 et
2392 3849 2560 3891 casu.
2606 3830 2884 3903 Quorum
2931 3839 3140 3894 tamen
3186 3833 3477 3897 voluntas

1982 3930 2199 3991 divina
2239 3936 2332 3991 est
2375 3947 2565 3990 causa
2600 3928 3039 4003 determinata,
3072 3938 3132 3991 et
3166 3940 3477 4014 quantum

1982 4036 2078 4090 cst
2114 4046 2192 4089 ex
2222 4034 2399 4109 parte
2438 4026 2559 4099 sui,
2593 4035 2764 4088 certa
2797 4034 2860 4089 et
2891 4030 3266 4104 necessaria,
3296 4030 3478 4110 juxta

1983 4128 2152 4211 quod
2198 4129 2369 4190 Plato
2414 4125 2694 4208 loquitur
2745 4126 2811 4189 in
2853 4128 3087 4191 Timaeo
3130 4147 3145 4191 ε
3184 4129 3355 4193 Nihil
3400 4131 3477 4193 sit

1904 4223 1955 4285 D
1984 4226 2167 4307 cujus
2200 4234 2409 4289 ortum
2442 4243 2567 4288 non
2613 4226 3004 4308 praecesserit
3044 4246 3233 4296 causa
3272 4228 3473 4309 legiti-

1986 4344 2104 4387 ma.
2140 4325 2315 4387 Unde
2354 4324 2746 4405 Augustinus
2787 4326 2994 4406 primo
3030 4326 3109 4388 de
3148 4326 3474 4389 Academi-

1985 4424 2076 4485 cis
2112 4440 2125 4484 :
2159 4422 2332 4485 Nihil
2374 4422 2547 4483 aliud
2590 4422 2655 4483 in
2696 4422 2886 4484 rebus
2923 4442 3142 4485 casum
3182 4434 3245 4487 et
3282 4424 3477 4488 l'ortu-

1985 4542 2132 4585 nam
2164 4538 2488 4594 vocamuS‚
2522 4521 2648 4583 nisi
2684 4521 2746 4583 id
2784 4521 2968 4602 cujus
3002 4523 3161 4586 ratio
3194 4532 3257 4586 et
3292 4542 3481 4587 causa

1985 4627 2228 4683 secreta
2269 4626 2382 4681 est.

2066 4718 2453 4799 Quandoque
2483 4735 2634 4780 vero
2674 4717 2909 4781 habent
2938 4738 3157 4781 causas
3187 4720 3484 4782 determi-

1988 4826 2164 4879 natas
2214 4834 2341 4877 non
2394 4816 2803 4891 necessariaS,
2846 4818 2956 4879 sed
3006 4816 3235 4879 liberas
3271 4834 3285 4879 ε
3318 4817 3485 4880 sicut

1989 4935 2130 4998 quae
2162 4914 2329 4976 fiunt
2360 4915 2529 4976 circa
2563 4914 2834 4976 liberum
2868 4914 3202 4976 arbitrium
3242 4923 3485 4977 creatu-

1990 5033 2074 5076 rae
2117 5012 2589 5075 intellectualis,
2626 5012 2907 5084 Quorum
2944 5031 3147 5074 unum
3189 5020 3283 5074 est
3331 5032 3486 5095 prae-

1992 5111 2351 5185 destinatio,
2386 5129 2527 5192 quae
2558 5117 2653 5172 est
2684 5110 2966 5191 operatio
3000 5118 3233 5173 aeterna
3260 5112 3485 5174 volun-

1991 5210 2135 5272 tatis
2180 5208 2436 5281 divinae‚
2470 5216 2531 5269 ct
2576 5215 2874 5269 connotat
2917 5207 3087 5269 circa
3130 5216 3483 5272 creaturam

1991 5308 2317 5372 effectum.
2354 5307 2429 5367 Et
2460 5306 2525 5367 in
2566 5312 2877 5387 quantum
2912 5306 3194 5369 divinam
3225 5308 3485 5390 respicit
