4359 6250
161 2858 278 2903 'eliu
291 2876 361 2904 m-

533 500 620 550 AN
659 503 723 550 ιΝ
759 505 878 550 1)εο
917 504 1052 552 sun·
1090 502 1373 553 mmmm
1411 503 1590 564 maia,
1623 503 1736 552 vat
1773 504 2008 553 SAL-rm
2043 506 2329 554 mamma
2366 505 2663 555 amoses
2701 505 3118 568 axauPLARES,
3159 509 3287 557 mc.
3343 485 3461 555 417

377 692 562 736 omne
601 676 770 758 quod
816 678 944 740 Deo
983 677 1286 759 possibile
1329 685 1443 740 est.
1486 677 1630 740 Haec
1676 677 1869 740 Bona-
1895 677 1946 740 A
1979 678 2117 740 idea
2158 678 2391 741 futura.
2427 679 2553 743 Nec
2594 689 2799 763 potest
2837 681 2987 755 dici,
3021 682 3191 763 quod
3230 681 3359 743 sint
3398 681 3465 742 in

376 781 656 836 ventura.

453 873 802 936 concordat
832 875 1180 939 Richardus
1216 894 1231 938 τ
1265 876 1334 940 In
1365 879 1514 952 Deo,
1544 878 1862 961 inquienS,

375 979 516 1033 sunt
551 972 707 1034 ideae
738 973 1162 1048 infinitorum,
1198 977 1594 1040 extendendo
1633 995 1866 1039 nomen

375 1070 524 1133 ideae
549 1071 626 1132 ad
655 1072 928 1135 rationes
960 1074 1434 1155 cognoscitivaS.
1449 1075 1676 1137 Divina
1703 1094 1869 1137 nam-

372 1187 492 1250 que
530 1170 806 1232 essentia
839 1179 932 1234 est
968 1170 1222 1234 infinita
1263 1173 1532 1236 infinitae
1571 1172 1865 1255 perfecti-

372 1267 532 1340 oniS‚
584 1275 647 1330 et
695 1289 837 1350 quae
890 1270 1272 1351 positionem
1335 1271 1604 1334 includit
1655 1291 1668 1335 ε
1725 1273 1866 1334 ideo

375 1365 644 1430 infinitis
690 1368 896 1431 modis
942 1369 1272 1432 imitabilis
1316 1377 1429 1432 est.
1465 1371 1624 1432 Hinc
1665 1379 1729 1432 et
1772 1370 1865 1432 in-

373 1465 600 1546 telligit
647 1484 715 1527 se
763 1466 1040 1530 infinitis
1089 1469 1294 1531 modis
1344 1468 1744 1543 imitabilem,
1778 1478 1866 1532 at-

375 1583 495 1644 que
535 1564 835 1627 distincte
867 1585 1087 1629 omnes
1128 1568 1348 1630 modos
1388 1567 1623 1649 quibus
1665 1569 1870 1630 imita-

377 1662 521 1724 bilis
565 1670 660 1724 est
705 1683 783 1725 ex
833 1683 948 1726 sua
991 1665 1400 1746 perfectione.
1445 1666 1671 1728 Divina
1719 1685 1868 1729 vero

375 1761 646 1823 essentia
705 1769 775 1823 ut
823 1763 1156 1825 imitabilis
1212 1765 1555 1837 intellecta,
1606 1773 1870 1827 vocatur

1978 796 2245 840 numero
2293 778 2549 841 infinito
2592 780 2657 841 in
2699 787 2843 842 actu
2892 780 3207 862 permixto
3250 787 3468 863 poten-

1973 875 2078 939 tiae
2113 893 2128 938 ε
2162 876 2314 958 quia
2356 877 2475 940 hoc
2521 877 2729 940 locum
2779 896 2907 940 non
2958 877 3148 940 habet
3188 878 3313 940 nisi
3354 878 3468 939 ubi

1975 983 2036 1036 et
2069 975 2134 1036 in
2166 992 2294 1057 quo
2325 975 2567 1058 aliquid
2596 984 2693 1038 est
2722 976 3047 1056 futurum3
3091 976 3156 1038 in
3197 976 3324 1038 Deo
3356 995 3467 1038 au-

1975 1081 2102 1134 tem
2149 1093 2476 1155 nunquam
2522 1075 2643 1136 erit
2686 1075 2825 1138 idea
2861 1095 3003 1157 quae
3049 1075 3237 1138 modo
3280 1075 3346 1136 in
3389 1093 3467 1138 eo

1973 1191 2102 1234 non
2149 1179 2263 1234 est.
2314 1173 2526 1235 Restat
2572 1190 2720 1254 ergo
2778 1175 2946 1255 quod
3008 1173 3073 1235 in
3132 1174 3259 1237 Deo
3317 1181 3468 1236 sunt

1976 1271 2247 1334 infinitae
2293 1272 2448 1334 ideae
2489 1271 2554 1334 in
2594 1280 2740 1334 actu
2778 1291 2957 1354 puro.
2993 1307 3075 1316 —
3102 1272 3193 1334 Ex
3231 1272 3466 1354 quibus

1975 1369 2399 1443 concluditur,
2452 1371 2621 1451 quod
2669 1389 2869 1451 quum
2916 1371 3083 1434 Deus
3132 1378 3469 1452 cognoscat

1975 1467 2201 1529 notitia
2240 1467 2554 1550 simplicis
2595 1468 3031 1549 intelligentiae
3061 1468 3277 1530 omnia
3312 1487 3467 1551 quo-

1977 1585 2118 1628 rum
2170 1565 2361 1627 habet
2413 1566 2687 1629 rationes
2746 1567 3227 1648 cognoscitivaS,
3279 1575 3469 1649 atque

1977 1664 2337 1745 cognitione
2376 1664 2643 1727 visionis
2686 1673 3021 1746 cognoscat
3060 1667 3274 1729 omnia
3316 1684 3469 1747 quo-

1977 1781 2119 1824 rum
2160 1763 2351 1825 habet
2380 1763 2655 1827 rationes
2687 1765 3145 1846 cognoscitivas
3186 1765 3379 1828 simul
3408 1774 3473 1827 et

379 1859 514 1921 idea
547 1877 560 1920 :
593 1879 742 1942 ergo
785 1869 934 1924 sunt
979 1862 1248 1926 infinitae
1295 1863 1452 1925 ideae
1493 1871 1556 1925 et
1599 1863 1867 1928 infinitae
1899 1869 1946 1931 B
1977 1862 2353 1942 operativas,
2376 1863 2545 1944 quod
2578 1864 2741 1926 Deus
2774 1872 2990 1927 noscat
3022 1863 3277 1928 infinita
3308 1865 3475 1927 bona

377 1958 646 2022 rationes
691 1961 975 2022 idearum
1019 1961 1086 2023 in
1129 1962 1274 2023 Deo.
1310 1962 1452 2024 Haec
1495 1962 1862 2024 RicharduS.

374 2057 542 2119 Idem
604 2065 778 2122 tenet
833 2060 1141 2140 AEgidius,
1201 2059 1494 2142 quamvis
1553 2061 1672 2123 hoc
1730 2061 1868 2124 loco

375 2157 788 2237 quaestionem
833 2158 1018 2220 istam
1062 2177 1190 2221 non
1235 2167 1501 2222 moveat.

451 2253 640 2316 Porro
683 2255 954 2318 Thomas
997 2257 1252 2320 videtur
1296 2258 1553 2332 sentire,
1588 2258 1756 2341 quod
1803 2258 1868 2320 in

377 2355 499 2416 Deo
529 2372 658 2416 non
689 2355 816 2416 sint
849 2354 1120 2419 infinitae
1146 2356 1304 2419 ideae
1334 2358 1678 2419 secundum
1706 2357 1869 2438 quod

379 2453 514 2514 idea
561 2453 718 2514 dicit
765 2453 1074 2516 rationem
1124 2456 1618 2537 cognoscitivam
1677 2455 1871 2518 simul

377 2559 437 2612 et
491 2551 906 2634 operat-ivam,
957 2554 1258 2634 quoniam
1321 2555 1485 2617 Deus
1543 2573 1872 2636 nunquam

383 2650 678 2732 produxit
719 2669 926 2732 neque
969 2652 1276 2733 producet
1319 2652 1594 2715 infinita.

1977 1979 2120 2042 quae
2151 1980 2480 2041 nunquam
2519 1969 2726 2036 erunt,
2761 1963 3119 2043 cognitione
3159 1963 3473 2045 simplicis

1977 2057 2433 2138 intelligentiae,
2471 2079 2609 2141 quae
2653 2067 2749 2121 est
2790 2078 2917 2123 non
2965 2070 3212 2124 tantum
3262 2081 3473 2144 respe-

1979 2163 2083 2217 ctu
2143 2156 2457 2219 factorum
2505 2165 2569 2219 et
2614 2157 2999 2234 futurorum,
3051 2161 3159 2222 sed
3218 2167 3281 2222 et
3328 2159 3474 2222 fieri

1977 2255 2384 2337 possibilium
2433 2263 2496 2317 et
2540 2274 2666 2318 non
2717 2255 2878 2320 fient
2895 2276 2912 2336 3
2956 2258 3257 2341 itemque,
3302 2259 3472 2341 quod

1979 2361 2317 2434 cognoscat
2366 2353 2622 2416 infinita
2671 2355 2835 2418 bona
2893 2356 3158 2419 scientia
3207 2357 3473 2419 visionis

1979 2453 2148 2533 (quae
2199 2470 2323 2514 non
2373 2459 2469 2514 est
2518 2452 2640 2514 nisi
2701 2462 2993 2535 respectu
3053 2453 3363 2517 factorum
3414 2462 3477 2516 et

1982 2551 2391 2630 futurorum),
2442 2569 2517 2613 eo
2564 2552 2734 2633 quod
2792 2552 3006 2614 omnia
3064 2573 3205 2635 quae
3262 2552 3479 2616 futura

1982 2656 2131 2711 sunt
2161 2649 2226 2710 in
2257 2657 2400 2711 actu
2442 2649 2757 2730 permixto
2788 2651 3106 2731 potentiae‚
3140 2652 3305 2713 Deus
3342 2651 3475 2731 jam

458 2749 634 2810 Unde
679 2756 741 2810 et
779 2748 1129 2811 Richardus
1173 2749 1278 2812 hic
1321 2751 1543 2812 addit:
1577 2751 1875 2824 Quamvis
1984 2748 2157 2810 videt
2201 2747 2264 2808 in
2309 2755 2475 2809 actu.
2512 2747 2602 2808 Ex
2647 2747 2881 2829 quibus
2926 2749 3131 2812 soluta
3172 2758 3269 2811 est
3310 2769 3476 2832 quae-

387 2846 578 2928 aliqui
627 2847 886 2927 magni*
923 2849 1240 2911 aestiment
1280 2867 1406 2912 non
1455 2869 1594 2912 esse
1639 2850 1704 2912 in
1749 2851 1877 2913 Deo
1985 2846 2107 2908 stio
2145 2865 2273 2927 qua
2315 2845 2639 2927 quaeritur,
2673 2854 2887 2908 utrum
2932 2848 3098 2910 Deus
3142 2855 3479 2929 cognoscat

389 2945 554 3008 ideas
598 2945 1000 3008 infinitorum
1049 2948 1402 3010 secundum
1445 2949 1613 3030 quod
1657 2949 1878 3010 dicunt
1985 2943 2151 3006 bona
2190 2943 2462 3006 infinita.
2500 2944 2591 3005 Ex
2622 2962 2747 3026 quo
2787 2945 3053 3008 ulterius
3094 2954 3286 3028 patet,
3321 2947 3477 3028 quid

387 3043 656 3105 rationes
688 3045 1146 3125 cognoscitivas
1177 3053 1240 3107 et
1269 3046 1624 3129 operativas
1655 3045 1871 3121 simul,
1907 3046 1952 3110 G
1985 3042 2067 3104 sit
2133 3043 2646 3125 respondendum
2717 3044 2794 3105 ad
2865 3044 3278 3127 quaestionem
3350 3064 3479 3129 qua

383 3142 630 3205 videtur
686 3150 898 3206 tamen
957 3144 1098 3207 aliis
1156 3144 1572 3226 probabiliter
1631 3153 1874 3208 contra—

385 3240 545 3302 rium
581 3258 595 3302 :
629 3248 770 3303 tum
800 3250 1060 3324 propter
1091 3243 1402 3306 motivum
1431 3243 1562 3325 jam
1595 3250 1871 3322 tactum3

381 3346 511 3402 tum
542 3339 696 3422 quia
723 3339 882 3405 ideae
911 3342 1330 3423 singularium
1363 3351 1512 3405 sunt
1543 3344 1608 3405 in
1641 3342 1873 3418 De0‚in

381 3456 501 3520 quo
531 3458 658 3503 non
690 3447 787 3502 est
817 3459 1100 3523 unquam
1138 3441 1352 3523 aliqua
1388 3442 1530 3504 idea
1559 3443 1636 3503 de
1668 3458 1870 3521 nov03

381 3538 483 3599 sed
529 3546 595 3600 et
646 3539 714 3599 in
762 3539 969 3601 Beatis
1017 3546 1208 3601 erunt
1263 3540 1617 3614 alternatio,
1670 3541 1870 3603 varia-

379 3636 483 3711 tio,
497 3637 820 3700 successio
849 3646 912 3700 et
942 3638 1391 3720 multiplicatio
1422 3638 1872 3720 cogitationum

381 3735 772 3818 aliarumque
811 3736 1136 3799 actionum
1179 3737 1420 3819 absque
1459 3738 1614 3813 fine,
1649 3744 1708 3800 et
1750 3737 1872 3800 for-

383 3852 487 3895 san
526 3834 825 3897 similiter
856 3835 920 3897 in
952 3836 1285 3898 damnatis.
1322 3836 1410 3898 Ex
1451 3837 1550 3899 his
1585 3837 1873 3918 arguitur

383 3932 464 3995 ita
495 3953 510 3997 :
545 3936 672 3997 Aut
703 3934 768 3995 in
800 3935 928 3997 Deo
958 3942 1106 3996 sunt
1139 3934 1294 3997 ideae
1325 3933 1526 3998 finitae
1559 3935 1623 3996 in
1655 3936 1870 4017 aliquo

381 4050 644 4097 numero
695 4034 1136 4108 determinato,
1189 4040 1298 4096 aut
1350 4033 1552 4097 finitae
1603 4052 1730 4097 non
1780 4042 1868 4096 ta-

383 4148 522 4192 men
571 4132 638 4192 in
687 4131 904 4213 aliquo
953 4150 1221 4194 numero
1269 4132 1710 4207 determinato,
1761 4140 1910 4199 aut.

1983 3142 2309 3223 quaeritur,
2343 3161 2423 3203 an
2468 3142 2633 3204 Deus
2677 3152 3013 3223 cognoscat
3055 3144 3219 3207 mala
3262 3143 3477 3207 infini-

1982 3246 2062 3301 ta.
2099 3240 2243 3303 Haec
2286 3240 2655 3304 Richardus.

2060 3340 2295 3402 Verum
2326 3340 2404 3402 de
2434 3339 2533 3403 his
2564 3340 2747 3403 aliter
2777 3342 3011 3404 sentire
3040 3342 3293 3405 videtur
3320 3343 3477 3405 Hen-

1981 3437 2173 3512 ricus,
2207 3437 2359 3520 quia
2402 3439 2625 3520 quinto
2674 3439 3049 3512 Quodlibeto
3096 3441 3342 3523 quaerit,
3376 3442 3475 3504 An

1981 3537 2064 3599 sit
2096 3556 2331 3619 ponere
2372 3538 2758 3601 infinitatem
2802 3539 3087 3601 idearum
3126 3547 3234 3601 aut
3265 3540 3475 3621 cogni-

1980 3644 2190 3698 torum
2243 3637 2308 3697 in
2352 3638 2497 3699 Deo.
2544 3638 2619 3699 Ut-
2662 3637 2835 3699 enim
2881 3636 3015 3717 jam
3067 3638 3292 3718 patuit,
3335 3638 3473 3720 ipse

1979 3733 2263 3797 affirmat
2302 3735 2632 3797 individua
2668 3742 2732 3796 et
2770 3734 3016 3817 species
3060 3754 3472 3798 numerorum

1977 3853 2050 3896 ac
2095 3834 2219 3896 alia
2261 3834 2462 3896 multa
2509 3852 2636 3895 non
2687 3833 2919 3895 habere
2962 3834 3251 3916 proprias
3300 3834 3471 3897 ideas

1980 3932 2047 3993 in
2080 3932 2226 3995 Deo.
2254 3933 2467 4013 Itaque
2498 3931 2885 4013 respondens
2918 3931 3009 3993 sic
3039 3933 3128 3995 ait
3162 3950 3175 3994 :
3210 3932 3349 3995 Alia
3377 3940 3473 3995 est

1979 4030 2331 4093 difficultas
2362 4028 2728 4112 quaestionis
2769 4028 2961 4110 hujus
2992 4048 3069 4092 ex
3098 4038 3275 4112 parte
3305 4030 3471 4093 idea-

1979 4148 2145 4203 rum,
2188 4136 2252 4191 et
2293 4147 2371 4191 ex
2417 4135 2592 4210 parte
2634 4129 3033 4210 cognitorum
3077 4146 3091 4191 z
3132 4129 3284 4212 quia
3332 4129 3473 4191 idea

385 4227 649 4292 infinitae
700 4228 765 4290 in
813 4237 958 4291 actu
1017 4231 1334 4311 permixto
1394 4230 1712 4312 potentiae,
1763 4236 1949 4298 autD
1979 4227 2135 4290 dicit
2192 4233 2553 4310 respectum
2609 4228 2686 4289 ad
2736 4228 3041 4291 essentias
3099 4247 3333 4303 rerum,
3387 4228 3475 4291 ita

383 4326 646 4391 infinitae
686 4327 751 4389 in
795 4336 943 4390 actu
986 4346 1164 4410 puro.
1200 4328 1336 4391 Non
1382 4329 1591 4412 primo
1631 4330 1816 4392 modo
1851 4348 1865 4392 :

381 4424 524 4506 quia
551 4432 707 4487 tunc
737 4433 906 4489 esset
935 4426 1174 4509 aliquid
1203 4426 1494 4489 futurum
1527 4429 1710 4509 cujus
1741 4448 1869 4491 non

381 4534 540 4588 esset
578 4526 645 4588 in
686 4526 814 4589 Deo
854 4526 1016 4599 idea,
1049 4526 1202 4609 quia
1241 4527 1660 4607 singularium
1705 4528 1871 4592 futu-

383 4643 590 4688 rorum
641 4643 770 4688 non
799 4633 908 4688 est
944 4625 1176 4707 aliquis
1225 4644 1531 4689 numerus
1574 4628 1871 4690 determi-

384 4732 583 4799 nawa,
646 4725 778 4787 imo
835 4742 1091 4787 omnem
1153 4724 1341 4787 talem
1405 4743 1743 4787 numerum
1805 4727 1870 4788 in

384 4840 679 4903 processu
724 4823 1050 4885 excedent.
1086 4822 1212 4885 Nec
1257 4822 1384 4884 dici
1431 4830 1659 4904 potest,
1702 4824 1871 4905 quod

385 4918 537 4982 ideae
575 4921 702 4981 sint
741 4921 810 4981 in
851 4919 979 4982 Deo
1019 4920 1082 4980 in
1124 4920 1340 5002 aliquo
1377 4937 1646 4982 numero
1685 4919 1873 4982 finito

384 5018 916 5082 indeterminato:
951 5019 1252 5100 quoniam
1303 5038 1378 5081 ea
1425 5038 1567 5101 quae
1615 5027 1764 5081 sunt
1806 5018 1872 5080 in

381 5135 645 5181 numero
704 5118 894 5180 finito
952 5104 1441 5181 indeterminato
1500 5120 1588 5181 ita
1645 5138 1711 5181 se
1771 5118 1874 5180 ha-

381 5216 552 5293 bent,
585 5217 754 5300 quod
803 5216 892 5278 ibi
936 5216 1178 5298 aliquid
1219 5224 1319 5279 est
1363 5217 1429 5279 in
1473 5225 1618 5279 actu
1661 5225 1724 5279 et
1762 5217 1874 5279 ali-

381 5318 532 5399 quid
571 5316 900 5397 futurum3
933 5318 1044 5379 sed
1083 5316 1146 5378 in
1190 5316 1318 5379 Deo
1362 5334 1489 5379 non
1531 5324 1626 5379 est
1662 5316 1878 5400 aliqua

627 5452 692 5515 T.
730 5452 814 5504 20.

1978 4325 2148 4407 quod
2197 4323 2483 4386 infinitas
2543 4324 2830 4387 idearum
2886 4326 3244 4389 necessario
3291 4327 3474 4408 ponit

1979 4424 2364 4486 infinitatem
2423 4422 2842 4485 essentiarum
2892 4431 3194 4488 creaturae
3250 4444 3471 4488 secun-

1978 4524 2132 4585 dum
2171 4522 2489 4605 speciem3
2523 4541 2851 4605 quumque
2890 4542 3284 4607 unaquaeque
3329 4543 3469 4607 spe-

1979 4624 2108 4685 cies
2156 4622 2383 4683 habeat
2427 4640 2615 4682 suum
2663 4622 3155 4686 determinatum
3202 4624 3469 4704 gradum

1979 4720 2413 4806 perfectionis,
2448 4717 2733 4782 infinitas
2778 4720 3063 4783 idearum
3107 4723 3287 4803 ponit
3328 4722 3471 4785 infi-

1979 4821 2145 4883 nitos
2175 4819 2407 4901 gradus
2440 4818 2905 4901 perfectionum
2946 4818 3343 4881 infinitarum
3374 4840 3469 4882 es-

1981 4920 2329 4980 sentiarum
2394 4917 2608 4999 specie
2666 4916 3122 4979 differentium.
3186 4917 3471 4997 Cognitio

1982 5024 2192 5079 autem
2244 5015 2647 5078 infinitorum
2690 5015 2756 5077 in
2804 5015 2933 5077 Deo
2980 5023 3185 5098 potest
3230 5017 3472 5079 attendi

1984 5116 2192 5197 quoad
2244 5133 2317 5176 ea
2370 5133 2511 5196 quae
2568 5122 2715 5175 sunt
2774 5113 2852 5174 de
2908 5113 3123 5175 divina
3172 5116 3467 5190 essentia,

3522 3654 3594 3710 Cf.
3612 3658 3767 3711 p.‚w7,

3504 3714 3537 3760 D
3566 3720 3611 3761 et
3635 3731 3675 3761 s.

1986 5224 2054 5278 ut
2085 5223 2180 5277 est
2215 5213 2499 5277 infinitas
2540 5213 2855 5275 rationum
2896 5211 3381 5290 attributalium,
3416 5217 3469 5279 si
3580 5256 3587 5265 ·

1987 5317 2147 5379 forte
2192 5314 2275 5377 sit
2314 5314 2379 5377 in
2428 5314 2593 5393 Deo;
2635 5312 2735 5375 vel
2777 5313 2983 5395 quoad
3026 5330 3100 5374 ea
3139 5331 3279 5393 quae
3322 5325 3472 5381 sunt

3161 5448 3222 5509 2?
