4359 6250
585 2283 645 2328 De
680 2283 799 2327 Eoel.

534 2347 642 2391 hier.
659 2361 754 2404 cap.
768 2361 796 2390 ι.

819 485 940 556 460

824 681 1116 752 essentiae
1151 698 1165 745 :
1200 700 1360 765 quos
1400 682 1556 745 dicit
1595 682 1884 744 ordinem
1926 701 2139 744 rerum
2181 700 2321 763 per-
2354 679 2404 743 Α

822 789 1104 860 vertere;
1146 789 1450 844 ettamen
1492 781 1543 844 si
1587 781 1706 843 rite
1748 788 2070 862 pensetur,
2104 789 2324 843 contra

821 897 930 943 eos
971 880 1061 942 nil
1100 879 1273 942 aliud
1315 879 1540 962 probat
1570 879 1692 942 nisi
1737 880 1905 962 quod
1945 879 2152 960 angeli
2195 897 2320 942 non

821 985 970 1040 sunt
1011 978 1077 1039 in
1125 977 1266 1041 loco
1308 978 1901 1041 commensurative.
1947 978 2187 1040 Deinde
2226 997 2321 1040 ar-

823 1076 960 1157 guit
1000 1085 1219 1139 contra
1251 1095 1359 1139 eos
1391 1077 1500 1159 qui
1540 1077 1836 1140 dixerunt
1868 1076 2321 1157 intelligentias

822 1193 949 1238 non
981 1195 1120 1239 esse
1152 1175 1216 1238 in
1249 1176 1388 1238 loco
1420 1195 1537 1238 nec
1570 1177 1809 1238 ratione
1845 1195 1975 1238 suae
2005 1175 2317 1248 essentiae,

823 1294 942 1336 nec
973 1275 1212 1337 ratione
1252 1274 1638 1356 operationis
1679 1293 1872 1357 quam
1907 1273 2112 1355 angeli
2150 1273 2322 1335 circa

826 1373 1176 1455 corporalia
1214 1381 1575 1455 operantur.
1613 1373 1820 1436 Tertio
1855 1353 2063 1453 arguit
2102 1379 2321 1434 contra

823 1490 931 1534 eos
978 1472 1090 1554 qui
1138 1473 1357 1534 dicunt
1408 1473 1662 1553 angelos
1711 1491 1838 1534 non
1883 1491 2023 1534 esse
2073 1471 2136 1532 in
2184 1470 2322 1534 loco

821 1570 948 1632 nisi
983 1589 1097 1653 per
1125 1570 1579 1653 operationem,
1599 1577 1663 1632 et
1693 1571 1834 1632 ideo
1863 1589 1972 1632 eos
2002 1588 2319 1651 nusquam

825 1689 964 1734 esse
995 1671 1246 1752 quando
1279 1688 1404 1732 non
1435 1677 1780 1751 operantur
1810 1668 1980 1731 circa
2009 1669 2321 1731 exteriora

822 1777 932 1832 aut
990 1769 1358 1850 corporalia.
1413 1768 1640 1831 Contra
1697 1785 1859 1850 quos
1915 1767 2092 1841 dicit,
2149 1766 2318 1848 quod

1423 511 1486 558 IN
1527 511 1747 557 LIBRUM
1791 511 1810 556 1
1852 509 2334 556 SENTENTIARUM.
2378 527 2459 539 —
2497 509 2651 556 DIST.
2698 508 2944 572 xxxvn3
2988 508 3211 564 QUAEST.
3260 506 3319 554 1v

2858 811 3331 886 QUAESTIO
3397 810 3502 874 IV

2578 1076 2847 1140 Uaeritur
2903 1083 3385 1158 consequenter,
3448 1073 3741 1141 ‘Utrum
3795 1089 3943 1142 an·

2440 1073 2570 1272 Ο
2604 1177 2768 1254 geli
2810 1176 3307 1242 moveantur.

2513 1265 2847 1356 Quumque
2895 1274 3163 1356 quaestio
3222 1273 3343 1336 ista
3388 1273 3466 1334 de
3518 1279 3694 1334 motu
3744 1271 3943 1334 locali

2434 1373 2753 1456 praecipue
2786 1372 3224 1452 intelligatur,
3278 1370 3550 1433 includit
3610 1370 3749 1452 ipsa
3804 1369 3943 1432 alia

2432 1473 2558 1534 duo
2588 1471 2873 1554 quaesita,
2898 1470 3196 1533 videlicet
3229 1488 3244 1534 ε
3276 1469 3371 1532 An
3411 1476 3785 1532 moveantur
3814 1487 3945 1550 per

2435 1570 2740 1646 medium,
2792 1571 2942 1653 quia
2998 1569 3209 1633 omnis
3268 1577 3477 1631 motus
3537 1567 3755 1630 localis
3813 1587 3944 1650 per

2434 1669 2717 1731 medium
2756 1677 2888 1748 est3
2929 1676 2993 1730 et
3031 1668 3333 1749 quoniam
3376 1675 3629 1749 tempus
3666 1675 3945 1728 vocatur

2434 1786 2732 1829 mensura
2774 1773 3006 1840 motuS,
3050 1766 3465 1847 quaerendum
3508 1771 3625 1837 est,
3657 1764 3753 1826 An
3800 1782 3941 1827 mo-

823 1867 1085 1949 angelus
1124 1886 1377 1949 semper
1413 1867 1628 1949 aliquo
1673 1867 1857 1928 modo
1897 1867 2066 1928 circa
2103 1883 2319 1947 corpo·
2357 1869 2405 1931 B
2435 1872 2701 1928 veantur
2756 1864 3190 1947 temporaliter
3248 1871 3357 1925 aut
3412 1863 3793 1936 successive,
3846 1881 3937 1925 an

825 1984 896 2028 ra
935 1973 1253 2048 operatur,
1285 1965 1442 2028 alias
1487 1983 1614 2028 non
1651 1974 1818 2028 esset
1861 1963 2170 2028 connexio
2213 1982 2323 2026 en—

828 2065 988 2126 tium
1021 2065 1324 2127 universi.
1360 2064 1534 2137 Quod
1569 2082 1692 2127 non
1724 2064 1977 2126 videtur
2005 2071 2150 2144 apte
2184 2080 2322 2144 pro-

828 2163 1027 2226 latum
1071 2180 1086 2225 ε
1129 2163 1279 2245 quia
1326 2164 1674 2225 secundum
1721 2162 2074 2224 doctrinam
2119 2160 2321 2224 divini

830 2260 1110 2343 Dionysii
1142 2269 1203 2322 et
1234 2263 1630 2335 Sanctorum,
1653 2261 1860 2341 angeli
1893 2279 2159 2322 summae
2191 2259 2322 2320 hie-

829 2359 1112 2432 rarchiae,
1166 2359 1277 2441 qui
1335 2359 1712 2421 adsistentes
1770 2358 2091 2431 dicuntur,
2153 2337 2340 2419 circa⁰

826 2457 1138 2521 exteriora
1166 2465 1230 2520 et
1259 2457 1611 2541 corporalia
1639 2475 1766 2519 non
1798 2464 2170 2538 operantur3
2205 2473 2323 2517 nec

826 2556 1059 2619 coelum
1091 2573 1465 2638 empyreum
1498 2555 1740 2636 indiget
1770 2552 2021 2615 influxu
2050 2559 2153 2615 aut
2183 2571 2327 2615 con-

825 2653 1179 2716 servatione
1229 2671 1469 2716 eorum.
1515 2653 1592 2714 Et
1629 2653 1760 2733 Jam
1806 2659 1950 2713 ante
1993 2658 2320 2712 ostensum

823 2753 1124 2835 est,quod
1157 2752 1390 2815 coelum
1425 2769 1796 2834 empyreum
1827 2756 1924 2812 est
1955 2750 2131 2812 locus
2164 2749 2326 2830 ipso-

826 2870 967 2913 rum
1029 2869 1144 2934 per
1207 2849 1685 2931 congruentiam
1745 2848 2110 2931 quamdam,
2172 2865 2323 2928 quo-

824 2950 997 3011 niam
1058 2949 1509 3030 correspondet
1565 2946 1800 3009 actioni
1860 2964 2104 3020 eorum,
2155 2946 2319 3007 sicut

2434 1965 2648 2046 potius
2698 1964 2763 2027 in
2814 1963 3093 2026 instanti.
3140 1964 3215 2025 Et
3264 1962 3748 2044 condependent
3794 1962 3937 2025 haec

2432 2064 2572 2125 tria.

2515 2162 2591 2224 Et
2619 2153 2871 2223 videtu'r
2901 2161 3071 2242 quod
3102 2178 3227 2223 non
3268 2167 3660 2222 moveantur.
3695 2159 3934 2230 Primo,

2432 2261 2585 2343 quia
2624 2267 2694 2321 ut
2730 2259 2819 2320 ait
2858 2277 3050 2340 super
3088 2258 3326 2321 librum
3369 2259 3447 2320 de
3488 2257 3704 2321 Causis
3742 2257 3941 2320 Aver-

2434 2377 2595 2432 roeS,
2648 2357 3067 2439 intelligentia
3123 2364 3218 2419 est
3267 2357 3406 2420 loco
3453 2364 3517 2418 et
3564 2355 3939 2438 operatione

2435 2457 2804 2520 immobilis
2838 2493 2920 2502 —
2958 2456 3269 2530 Secundo,
3316 2455 3376 2517 ei
3425 2455 3595 2537 quod
3644 2454 3938 2516 nondum'

2436 2557 2849 2636 conjunctum
2894 2563 2987 2616 est
3030 2554 3173 2628 fini,
3209 2554 3508 2617 convenit
3550 2553 3813 2627 moveri,
3846 2553 3939 2615 si·

2435 2655 2672 2717 militer
2713 2655 2843 2716 enti
2884 2652 3260 2735 imperfecto
3302 2660 3366 2715 et
3409 2651 3719 2733 indigenti
3754 2671 3767 2714 z
3802 2669 3941 2714 mo-

2433 2753 2567 2815 veri
2617 2771 2892 2833 namque
2950 2759 3045 2813 est
3093 2749 3597 2832 imperfectionis
3644 2768 3719 2812 ac
3769 2748 3941 2812 indi-

2433 2851 2680 2933 gentiae.
2716 2852 2890 2914 Unde
2922 2869 3040 2913 nec
3070 2849 3370 2912 convenit
3400 2849 3546 2910 Deo.
3572 2848 3693 2911 Sed
3722 2849 3941 2930 angeli

2435 2958 2584 3013 sunt
2628 2949 2911 3033 perfecte
2960 2949 3127 3011 beati
3178 2957 3369 3030 atque
3414 2947 3478 3010 in
3529 2947 3756 3011 ultimo
3800 2947 3943 3011 sine

823 3048 1094 3111 ecclesia
1151 3047 1442 3120 orationi,
1495 3063 1621 3108 non
1682 3063 1796 3128 per
1853 3044 2315 3107 necessitatem.
2360 3051 2404 3113 C
2436 3049 2852 3112 immobiliter
2890 3047 3177 3132 quietam,
3211 3066 3330 3110 nec
3371 3047 3639 3130 cupiunt
3680 3045 3938 3130 perfici,

824 3148 1064 3211 Deinde
1131 3146 1493 3229 specialiter
1559 3154 2036 3227 argumentatur
2104 3151 2323 3207 contra

827 3247 886 3309 S.
930 3247 1186 3308 Thomae
1235 3244 1640 3327 positionem,
1682 3243 1952 3305 dicentis
1996 3244 2163 3325 quod
2212 3262 2319 3304 an-

823 3347 1003 3428 gelus
1034 3352 1241 3428 potest
1268 3363 1407 3407 esse
1438 3344 1504 3406 in
1539 3344 1677 3406 loco
1714 3344 1938 3424 majori
1969 3352 2032 3405 et
2064 3342 2317 3417 minori,

824 3452 1013 3526 atque
1055 3442 1431 3506 indivisibili
1472 3462 1583 3505 seu
1628 3442 1932 3524 punctali,
1967 3442 2319 3504 secundum

825 3544 996 3626 quod
1043 3541 1469 3605 diversimode
1518 3548 1816 3624 operatur
1865 3540 2031 3603 circa
2083 3540 2219 3601 loca
2259 3547 2321 3601 et

826 3644 1027 3705 locata
1075 3640 1316 3722 majora
1363 3660 1474 3703 seu
1537 3640 1802 3715 minora,
1855 3646 1964 3701 aut
2010 3639 2180 3700 circa
2230 3638 2320 3699 in-

827 3740 1211 3820 divisibilia3
1252 3748 1316 3803 et
1354 3739 1531 3813 dicit,
1567 3740 1735 3821 quod
1776 3738 2008 3821 positio
2047 3737 2156 3799 illa
2197 3735 2320 3798 sibi

827 3840 950 3923 ipsi
983 3839 1380 3913 contradicit,
1414 3839 1718 3921 quoniam
1759 3843 2034 3919 punctus
2070 3854 2198 3897 non
2229 3842 2324 3897 est

827 3938 1188 4021 receptivus
1238 3936 1622 4019 operationis
1675 3935 1882 4017 angeli
1932 3934 2153 3997 sancti.
2208 3934 2323 3995 Ve—

827 4058 971 4101 rum
1021 4038 1075 4100 si
1125 4036 1481 4099 introducta
1531 4055 1607 4098 ex
1657 4035 1858 4109 Petro,
1909 4034 2168 4106 Thoma,
2224 4032 2324 4095 Ri-

829 4137 1082 4210 chardo,
1103 4136 1482 4208 recolantur,
1508 4141 1680 4217 patet.
1708 4133 2073 4216 oppositum
2106 4130 2319 4212 hujus.

2436 3157 2653 3231 utpote
2676 3149 2808 3230 jam
2842 3147 3106 3230 perfecti
3135 3163 3322 3229 :ergo
3352 3165 3480 3210 non
3511 3148 3809 3210 convenit
3838 3148 3943 3209 eis

2436 3247 3026 3320 moveri—Tertio,
3048 3246 3288 3309 moveri
3321 3246 3605 3309 localiter
3634 3263 3761 3308 non
3792 3263 3945 3308 con-

2436 3346 2611 3411 venit
2649 3346 2774 3408 nisi
2817 3344 2908 3406 rei
2948 3344 3130 3407 locali
3170 3352 3231 3406 et
3268 3363 3409 3425 quae
3450 3343 3737 3425 subjacet
3776 3352 3941 3405 tem-

2440 3444 2575 3527 pori
2619 3464 2633 3507 :
2675 3444 2937 3525 angelus
2982 3460 3131 3507 vero
3176 3460 3293 3503 nec
3345 3442 3563 3505 localis
3612 3460 3729 3504 nec
3777 3449 3943 3503 tem-

2436 3542 2671 3624 poralis
2713 3541 3021 3604 consistit.
3055 3578 3136 3587 —
3164 3540 3415 3613 Quarto,
3460 3540 3569 3601 lux
3612 3539 3944 3603 sensibilis

2436 3639 2823 3702 diffunditur
2867 3658 2980 3721 per
3027 3639 3307 3701 medium
3350 3638 3487 3701 sine
3533 3638 3943 3701 successione

2436 3747 2498 3801 et
2524 3745 2692 3801 motu
2724 3738 2789 3800 in
2821 3738 3275 3811 instanti,sicut
3303 3736 3696 3819 experientia
3724 3736 3940 3800 docet:

2437 3855 2765 3919 quumque
2796 3836 3059 3917 angelus
3096 3835 3178 3896 sit
3210 3834 3316 3897 lux
3352 3834 3727 3917 spirituali3‚
3760 3834 3941 3896 omni

2438 3936 2579 3998 luce
2610 3932 2900 3997 sensibili
2935 3933 3344 3996 vehementer
3369 3932 3721 4014 simplicior
3747 3940 3943 4014 atque

2438 4034 2724 4107 celerior,
2760 4032 3085 4095 formalior
3114 4040 3177 4094 et
3206 4031 3451 4112 agilior,
3475 4039 3737 4114 apparet
3768 4032 3943 4113 quod

2438 4132 2834 4193 instantanee
2895 4130 3032 4191 sine
3092 4128 3493 4191 successione
3543 4136 3607 4191 et
3656 4128 3943 4191 motione

827 4236 961 4296 Imo
998 4233 1260 4314 angelus
1308 4239 1545 4314 puncto
1593 4231 1948 4315 simplicior
1987 4238 2105 4304 est,
2145 4230 2327 4310 juxta
2358 4238 2407 4299 D
2438 4250 2511 4292 ac
2550 4238 2836 4311 tempore
2882 4229 3180 4311 procedat
3224 4246 3419 4308 seque
3463 4226 3783 4289 diffundat
3824 4246 3944 4309 per

830 4334 1090 4395 modum
1139 4331 1558 4413 praehabitum
1603 4348 1616 4392 :
1661 4330 1812 4413 quia
1854 4350 1980 4393 non
2026 4329 2216 4391 habet
2260 4328 2325 4390 in

830 4432 1134 4495 continuo
1196 4431 1412 4504 situm,
1475 4448 1592 4491 nec
1649 4429 1727 4491 ad
1790 4448 1990 4509 genus
2052 4428 2328 4511 pertinet

831 4529 1222 4614 quantitatis.
1260 4529 1466 4601 Quum
1508 4526 1700 4608 igitur
1743 4526 2004 4607 angelus
2044 4546 2159 4588 sua
2202 4545 2328 4587 ma-

831 4628 1164 4711 gnitudine
1205 4624 1458 4689 virtuali
1501 4630 1642 4705 agat
1685 4624 1750 4685 in
1792 4642 1864 4685 ea
1903 4644 2044 4706 quae
2085 4624 2327 4705 simpli-

832 4728 1004 4790 ciora
1034 4732 1182 4788 sunt
1214 4732 1470 4806 punctO,
1490 4730 1552 4785 et
1582 4722 1693 4784 illa
1721 4720 1986 4803 attingat·
2015 4741 2087 4783 ac
2119 4728 2331 4803 tangat

832 4834 1004 4889 tactu
1066 4822 1498 4905 metaphorico
1556 4820 1872 4902 spirituali
1927 4839 2000 4881 ac
2048 4819 2327 4894 virtuali,

2439 4328 2722 4391 medium
2754 4333 2817 4389 et
2847 4326 3126 4408 applicet
3156 4344 3224 4388 se
3256 4324 3360 4387 cui
3391 4325 3611 4387 adesse
3640 4324 3935 4387 voluerit.

2518 4428 2588 4488 In
2634 4424 3022 4487 contrarium
3072 4432 3223 4486 sunt
3266 4422 3425 4485 ratio
3468 4430 3531 4485 et
3572 4422 3937 4485 auctoritas.

2439 4526 2647 4599 Quum
2696 4523 2869 4586 enim
2928 4522 3189 4604 angelus
3248 4522 3331 4584 sit
3378 4520 3601 4583 beatus
3648 4528 3711 4582 et
3758 4520 3945 4583 intel-

2440 4622 2797 4686 lectualiter
2858 4640 2930 4683 ac
2994 4620 3192 4683 libere
3252 4638 3466 4701 agenS‚
3535 4619 3602 4680 in
3668 4638 3783 4682 sua
3842 4626 3945 4681 est

2441 4722 2732 4785 libertate
2786 4720 3025 4783 moveri
3078 4718 3437 4781 successive
3478 4724 3587 4779 aut
3636 4716 3943 4780 instanta-

2441 4840 2579 4895 nee,
2643 4818 2937 4882 celeriter
2994 4816 3127 4879 sive
3188 4816 3381 4879 tarde.
3433 4816 3627 4878 Docet
3684 4832 3943 4897 quoque

833 4944 948 4987 cur
998 4941 1122 4985 non
1170 4922 1362 4985 etiam
1414 4920 1624 4983 locum
1677 4918 2086 5001 punctalemt
2125 4954 2207 4963 —
2242 4918 2329 4979 De

832 5022 974 5086 aliis
1017 5022 1234 5083 multis
1272 5040 1414 5103 quae
1453 5019 1557 5081 hic
1597 5016 1817 5079 scribit
1853 5018 2157 5099 AEgidiuS,
2192 5016 2332 5078 bre-

833 5121 1013 5184 vitati
1060 5120 1322 5182 studens
1366 5125 1750 5200 pertranseo

2442 4919 2787 5000 Scriptura,
2833 4916 3001 4998 quod
3044 4913 3253 4995 angeli
3298 4914 3499 4977 sancti
3545 4920 3817 4995 pergunt
3860 4914 3945 4976 de
4015 4940 4287 4993 rosam,
4327 4940 4328 4985 3

2445 5016 2582 5078 loco
2612 5017 2689 5078 ad
2722 5016 2935 5080 locum
2968 5033 3115 5076 cum
3147 5012 3245 5075 his
3278 5029 3437 5095 quos
3468 5010 3857 5087 custodiunt,
3878 5020 3947 5075 et
3974 5006 4079 5045 ⁶¹⁶·

2444 5115 2613 5196 quod
2648 5115 2910 5195 angelus
2944 5112 3270 5196 praecessit
3299 5110 3469 5173 filios
3500 5110 3715 5185 Israel,
3747 5119 3813 5174 et
3842 5128 3949 5175 co-
3998 5135 4284 5189 emam,
4327 5102 4328 5187 s

2446 5213 2731 5274 lumnam
2788 5209 2981 5273 nubis
3033 5230 3107 5273 ac
3166 5209 3332 5291 ignis
3388 5209 3747 5273 successive
3810 5228 3947 5273 mo-
3984 5202 4167 5249 ¹⁹=²⁰·
4327 5194 4328 5199 ἵ

922 5315 1165 5379 Solutio
1206 5314 1398 5378 etiam
1439 5313 1677 5393 objecti
1721 5319 1892 5395 patet
1934 5330 2011 5373 ex
2055 5309 2261 5373 dictis.
2446 5310 2650 5372 vebat.
