4359 6250
599 4024 643 4065 p.
662 4014 739 4055 312
753 4015 798 4055 et
812 4024 849 4054 ι.

900 459 1021 523 320

1544 474 1607 520 1N
1648 475 1870 520 LIBRUM
1913 476 1933 519 1
1975 473 2456 520 SENTENTIARUM.
2503 489 2584 500 -·-
2625 472 2778 517 DIST.
2825 473 3014 534 xxxl3
3058 472 3281 528 QUAEST.
3328 473 3373 516 11

898 644 1209 718 absolute,
1263 645 1328 706 in
1379 652 1688 726 quantum
1742 653 1838 706 est
1891 663 2004 706 ens
2052 643 2392 725 quoddam.
2428 643 2477 705 A
2509 649 2639 704 tem
2679 643 2745 703 in
2787 651 3081 724 respectu
3122 643 3198 704 ad
3237 642 3508 705 alterum
3552 659 3566 703 t
3610 641 3760 722 quia
3796 653 4004 724 aequa·-

900 743 1189 806 Secunda
1236 743 1656 806 consideratio
1698 744 1791 806 rei
1834 751 1929 805 est
1977 743 2044 803 in
2088 750 2398 825 quantum

900 849 995 904 est
1045 859 1205 920 una3
1238 843 1444 916 tertia,
1481 849 1668 923 prout
1711 849 1806 904 est
1850 839 2084 903 efficax
2129 859 2243 902 seu
2291 840 2399 902 ha-

901 940 1059 1002 bens
1099 939 1401 1002 virtutem
1442 941 1521 1002 ad
1563 940 1995 1021 operandum3
2029 945 2272 1020 quarta,
2308 955 2400 1000 se-

901 1038 1183 1100 cundum
1214 1037 1657 1100 habitudinem
1688 1038 1745 1118 ej
1758 1058 1828 1099 us
1858 1038 1936 1099 ad
1967 1035 2400 1122 alia—Consor-

902 1137 1091 1199 miter
1140 1136 1537 1218 quadruplex
1586 1137 2006 1199 consideratio
2062 1136 2183 1198 ista
2230 1135 2399 1196 circa

901 1235 1102 1296 Deum
1133 1235 1318 1297 nobis
1347 1236 1658 1313 occurrit;
1681 1243 1863 1316 atque
1893 1235 2248 1297 secundum
2280 1232 2401 1315 pri·

902 1353 1073 1395 mam
1134 1334 1725 1408 considerationem,
1777 1353 1903 1415 qua
1963 1333 2398 1394 consideratur

901 1433 1067 1494 Deus
1096 1432 1382 1494 absolute
1414 1432 1766 1494 secundum
1798 1451 1936 1493 esse
1967 1451 2178 1505 suum,
2204 1430 2400 1492 sumi-

902 1539 1007 1593 tur
1048 1531 1479 1612 appropriatio
1522 1531 1763 1604 Hilarii,
1804 1531 2156 1592 secundum
2203 1548 2394 1611 quam

901 1629 1218 1691 aeternitas
1268 1629 1715 1710 appropriatur
1764 1629 1950 1702 Patri,
2003 1628 2249 1710 species
2300 1627 2396 1688 Fi-

901 1727 1010 1801 lio,
1037 1747 1187 1789 usus
1220 1727 1484 1808 Spiritui
1515 1727 1761 1790 Sancte.
1786 1727 2123 1789 AEternitas
2152 1726 2394 1807 quippe

2511 740 2567 802 le
2606 748 2868 802 vocatur
2906 740 3075 823 quod
3121 739 3328 818 habet⁴
3352 758 3543 800 unam
3584 739 4004 820 quantitatem

2509 858 2656 901 cum
2705 839 2849 901 alio.
2899 839 3141 901 Idcirco
3188 838 3516 920 aequalitas
3558 838 4008 919 appropriatur

2510 937 2687 1012 Filio,
2749 938 2860 1019 qui
2919 944 3015 999 est
3076 937 3466 1019 principium
3525 937 3603 998 de
3663 937 4003 1018 principio.

2509 1035 2830 1098 Connexio
2874 1054 3024 1098 vero
3068 1035 3370 1116 importat
3415 1035 3721 1096 unitatem
3766 1034 4010 1116 aliquo-

2507 1153 2650 1196 rum
2695 1135 2967 1196 duorum
3002 1151 3016 1195 :
3049 1134 3202 1196 hinc
3246 1133 3694 1216 appropriatur
3737 1133 4005 1215 Spiritui

2507 1233 2755 1307 Sanct0,
2790 1233 2899 1314 qui
2931 1241 3028 1294 est
3055 1251 3092 1294 a
3121 1232 3389 1295 duobuS.
3423 1268 3502 1276 —
3529 1232 3715 1293 Juxta
3751 1231 4006 1292 tertiam

2507 1331 3101 1405 considerationem,
3159 1350 3284 1414 qua
3344 1331 3779 1393 consideratur
3837 1331 4006 1392 Deus

2509 1438 2578 1491 ut
2608 1430 2910 1492 virtutem
2941 1429 3375 1492 sufficientem
3405 1429 3483 1491 ad
3515 1429 3906 1491 causandum
3939 1427 4006 1489 in

2507 1547 2573 1591 se
2604 1528 2867 1601 habens,
2893 1529 3167 1590 sumitur
3195 1528 3382 1590 tertia
3409 1527 3859 1609 appropriatio,
3887 1527 4009 1588 sci-

2508 1627 2656 1689 licet
2688 1627 3006 1709 potentiae,
3035 1627 3382 1708 sapientise,
3416 1634 3480 1688 et
3509 1626 3827 1688 bonitatis.
3853 1626 4008 1698 Quae

2507 1725 2938 1808 appropriatio
2969 1725 3045 1786 fit
3083 1726 3439 1788 secundum
3478 1726 3786 1788 rationem
3825 1724 4008 1786 simi-

902 1826 967 1888 in
1026 1835 1337 1908 quantum
1396 1826 1717 1908 significat
1774 1845 1912 1888 esse
1974 1843 2099 1888 non
2158 1823 2394 1906 princi·
2431 1826 2478 1888 B
2509 1824 2820 1899 litudinis,
2859 1825 2910 1886 si
2965 1824 3400 1887 consideretur
3446 1825 3600 1906 quid
3651 1824 3715 1885 in
3764 1824 4008 1885 divinis

900 1925 1168 2006 piatum,
1199 1925 1689 1988 similitudinem
1728 1925 1919 1987 habet
1948 1943 2095 1986 cum
2137 1923 2396 2005 proprio

900 2023 1119 2096 Patris,
1152 2023 1264 2104 qui
1304 2031 1400 2086 est
1440 2023 1829 2105 principium
1874 2023 2011 2085 sine
2053 2021 2390 2104 principio.

900 2121 1157 2202 Species
1204 2129 1418 2184 autem
1473 2140 1583 2183 seu
1640 2121 2048 2203 pulchritudo
2096 2119 2395 2182 similitu-

899 2220 1115 2282 dinem
1164 2220 1353 2282 habet
1398 2239 1545 2282 cum
1590 2219 1866 2301 propriis
1918 2219 2079 2281 Filii.
2114 2220 2210 2281 Ad
2260 2218 2396 2300 pul-

901 2319 1328 2382 chritudinem
1361 2319 1535 2382 enim
1566 2319 1687 2380 tria
1715 2319 2074 2399 exiguntur.
2111 2318 2392 2380 Primum

900 2425 995 2479 est
1037 2418 1361 2498 integritas
1404 2436 1515 2480 seu
1558 2416 1865 2499 perfectio
1904 2417 1993 2478 rei
2030 2434 2044 2477 ε
2078 2415 2396 2478 diminuta

900 2534 1176 2596 namque
1225 2522 1374 2576 sunt
1420 2516 1650 2597 turpia.
1697 2515 2058 2576 Secundum
2107 2521 2204 2576 est
2253 2531 2394 2594 pro-

900 2614 1105 2695 portio
1164 2633 1276 2675 seu
1335 2614 1746 2677 consonantia
1800 2613 2057 2692 debita3
2106 2613 2389 2685 tertium,

901 2712 1150 2774 claritas
1209 2730 1320 2774 seu
1378 2711 1631 2774 vividus
1692 2711 1881 2774 color.
1941 2713 2257 2784 Quantum
2314 2710 2392 2773 ad

900 2811 1181 2892 primum
1212 2811 1462 2886 horum,
1496 2811 1741 2892 species
1773 2811 2261 2873 similitudinem
2293 2809 2396 2872 ha-

899 2907 1007 2969 bet
1046 2927 1193 2971 cum
1236 2909 1495 2990 proprio
1536 2908 1676 2970 Filii
1717 2908 1783 2969 in
1820 2915 2129 2989 quantum
2169 2915 2267 2970 est
2297 2908 2393 2969 Fi-

2507 1924 2770 1986 exsistat
2814 1923 3136 2005 personis;
3179 1930 3246 1984 et
3293 1924 3644 1985 secundum
3689 1922 4005 1984 rationem

2506 2021 3140 2098 dissimilitudini3,si
3172 2022 3609 2085 consideretur
3636 2022 3789 2105 quid
3819 2021 3906 2083 sit
3939 2021 4006 2082 in

2507 2122 2831 2184 creaturis.
2857 2122 3139 2184 Potentia
3177 2121 3418 2202 quippe
3459 2119 3649 2182 habet
3686 2119 4004 2182 rationem

2507 2220 2832 2302 principii,
2857 2220 3076 2300 sicque
3107 2218 3596 2280 similitudinem
3629 2217 3818 2280 habet
3845 2236 4004 2279 cum

2506 2320 2682 2381 Patre
2714 2318 2990 2397 coelesti3
3025 2318 3134 2380 sed
3164 2316 3386 2378 deficit
3416 2318 3799 2399 quandoque
3832 2317 4006 2398 patri

2505 2424 2754 2479 terreno
2777 2416 2858 2479 ob
2889 2423 3288 2479 senectutem.
3306 2416 3628 2498 Sapientia
3655 2415 4012 2478 similitudi·

2505 2534 2653 2577 nem
2684 2515 2875 2577 habet
2914 2534 3061 2578 cum
3104 2514 3262 2577 Filio
3303 2515 3545 2579 coelesti
3584 2516 3651 2577 in
3687 2523 4006 2597 quantum

2503 2622 2599 2676 est
2623 2615 2672 2676 V
2677 2614 3108 2697 erbum,quod
3137 2613 3312 2676 aliud
3343 2632 3470 2676 non
3501 2622 3598 2676 est
3627 2614 3749 2676 nisi
3783 2631 4010 2676 conce-

2506 2721 2652 2794 ptus
2683 2713 3041 2794 sapientiae3
3068 2713 3290 2775 deficit
3319 2721 3531 2775 autem
3563 2713 3878 2795 sapientia
3911 2714 4006 2774 in-

2504 2813 2755 2874 terdum
2785 2811 2926 2874 filio
2964 2818 3216 2874 terreno
3246 2811 3328 2875 ob
3369 2812 3676 2894 temporis
3715 2812 4005 2894 paucita-

2505 2919 2651 2972 tem.
2704 2910 2959 2974 Bonitas
3017 2911 3276 2972 demum
3335 2929 3536 2993 quum
3587 2910 3671 2972 sit
3727 2911 3890 2974 ratio
3941 2919 4008 2973 et

897 3006 1022 3068 lius
1052 3006 1292 3069 habens
1324 3007 1389 3068 in
1420 3026 1486 3070 se
1517 3026 1666 3069 vere
1696 3014 1759 3068 et
1791 3006 2070 3088 perfecte
2100 3013 2390 3068 naturam
2429 3008 2472 3072 C
2502 3007 2827 3088 objectum
2855 3007 3608 3082 amoriS,similitudinem
3635 3008 3823 3070 habet
3851 3028 4010 3072 cum

893 3104 1111 3167 Patris.
1146 3106 1461 3179 Quantum
1504 3106 1582 3168 ad
1628 3105 2001 3179 secundum,
2035 3104 2394 3167 similitudi-

893 3222 1043 3266 nem
1075 3202 1266 3265 habet
1304 3222 1451 3265 cum
1494 3204 1752 3286 proprio
1792 3203 1934 3265 Filii
1975 3203 2039 3264 in
2081 3211 2390 3286 quantum

896 3303 1092 3365 Filius
1142 3310 1239 3365 est
1282 3302 1489 3383 imago
1537 3304 1735 3365 Patris
1784 3322 2082 3384 expressa
2125 3320 2139 3363 :
2186 3303 2392 3383 imago

893 3403 1133 3464 etenim
1173 3401 1409 3463 dicitur
1441 3401 1709 3482 pulchra
1747 3402 1901 3463 dum
1945 3401 2224 3483 perfecto
2256 3421 2389 3463 rem

895 3508 1325 3581 repraesentat,
1387 3500 1678 3581 quamvis
1739 3508 2009 3581 turpem.
2072 3501 2389 3573 Quantum

893 3598 970 3659 ad
1004 3599 1285 3673 tertium,
1321 3598 1619 3661 convenit
1650 3617 1797 3659 cum
1838 3598 2095 3679 proprio
2127 3598 2268 3659 Filii
2301 3616 2393 3660 se-

896 3697 1176 3759 cundum
1210 3698 1377 3778 quod
1410 3696 1605 3759 Filius
1636 3704 1731 3758 est
1760 3696 2061 3769 Verbum,
2096 3697 2265 3779 quod
2297 3704 2392 3758 est

896 3794 1003 3856 lux
1046 3813 1120 3857 ac
1159 3796 1461 3877 splendor
1500 3794 1877 3857 intellectus.
1914 3796 2073 3857 Usus
2114 3813 2264 3857 vero
2309 3795 2390 3855 si-

894 3892 1325 3956 militudinem
1369 3893 1561 3955 habet
1604 3912 1752 3955 cum
1796 3893 2071 3975 propriis
2117 3892 2391 3974 Spiritus

896 3991 1107 4053 Sancti
1145 3991 1245 4071 (ut
1289 3991 1423 4072 jam
1467 4010 1660 4072 supra
1698 3992 2058 4071 expositum
2103 3991 2244 4070 est).
2283 3991 2390 4052 Es-

895 4090 1100 4151 sen'tia
1146 4107 1295 4151 vero
1338 4097 1402 4150 et
1443 4089 1725 4171 operatio
1770 4105 1897 4150 non
1939 4088 2242 4150 dicuntur
2283 4109 2390 4171 ap-

2503 3107 2745 3189 Spiritu
2774 3107 2994 3171 divino
3026 3108 3091 3170 in
3123 3114 3429 3189 quantum
3459 3107 3733 3190 Spiritus
3764 3107 3874 3169 ille
3907 3117 4008 3171 est

2501 3223 2715 3285 amor3
2767 3207 2877 3268 sed
2927 3206 3412 3287 repugnantiam
3461 3206 3697 3268 habere
3745 3207 4010 3269 videtur

2500 3305 2578 3366 ad
2611 3303 2910 3386 spiritum
2942 3312 3266 3366 terrenum
3296 3305 3648 3367 secundum
3679 3304 3842 3387 quod
3877 3306 4010 3386 spi·

2502 3402 2661 3464 ritus
2721 3402 2827 3465 ille
2889 3402 3190 3483 importat
3236 3402 3604 3464 violentiam
3653 3404 4006 3484 quamdam

2501 3508 2564 3562 et
2609 3500 3083 3582 impulsionem,
3114 3501 3298 3581 juxta
3338 3500 3403 3562 id
3443 3501 3619 3563 Isaiae
3662 3520 3676 3562 :
3721 3501 4005 3583 Spiritus

2501 3599 2908 3662 robustorum
2952 3600 3130 3680 quasi
3181 3598 3368 3661 turbo
3417 3600 3751 3681 impellens
3795 3601 4006 3682 parie-

2500 3705 2648 3759 tem.
2684 3698 2897 3759 Virtus
2946 3705 3158 3759 autem
3209 3698 3656 3780 appropriatur
3700 3698 3855 3760 Filio
3909 3706 4006 3760 at-

2501 3814 2625 3876 que
2665 3795 2930 3877 Spiritui
2972 3795 3221 3869 Sancto,
3255 3813 3384 3857 non
3426 3803 3614 3877 prout
3657 3795 3857 3858 virtus
3905 3797 4005 3859 di-

2503 3892 2669 3953 citur
2729 3894 3012 3974 potentia
3075 3893 3189 3967 rei,
3252 3894 3361 3955 sed
3425 3902 3615 3975 prout
3676 3893 4006 3956 interdum

2501 3992 2704 4053 virtus
2737 3999 2998 4053 vocatur
3029 3992 3093 4054 id
3134 3991 3303 4073 quod
3332 4011 3369 4053 a
3407 3992 3692 4073 potentia
3730 3992 3819 4053 rei
3857 4012 4010 4074 pro-

2502 4089 2690 4165 cedit,
2727 4098 2914 4172 prout
2961 4090 3236 4152 dicimus
3279 4090 3538 4171 aliquod
3582 4090 3819 4153 factum
3871 4091 4008 4154 vir-

896 4187 1238 4269 propriata,
1282 4187 1581 4269 quoniam
1634 4187 1699 4249 in
1751 4187 1989 4249 ratione
2038 4205 2259 4250 eorum
2307 4188 2389 4251 ob
2421 4196 2470 4257 D
2500 4197 2756 4251 tuosum
2801 4208 2941 4252 esse
2979 4189 3280 4251 virtutem
3325 4188 3590 4270 agentis.
3625 4190 4012 4271 —Insuper

896 4303 1076 4347 suam
1136 4286 1656 4348 communitatem
1718 4303 1846 4347 non
1905 4286 2230 4347 invenitur
2278 4287 2390 4348 ali—

896 4382 1050 4464 quid
1099 4384 1587 4447 similitudinem
1633 4383 1873 4445 habens
1920 4402 2067 4445 cum
2113 4386 2389 4465 propriis

896 4500 1425 4562 personarum.—-
1442 4482 1730 4544 Secundo
1761 4482 2196 4544 consideratur
2224 4483 2388 4545 Deus

895 4588 966 4641 ut
1014 4598 1199 4653 unuS,
1248 4588 1309 4641 et
1360 4580 1451 4641 sic
1499 4580 1890 4659 Augustinus
1939 4581 2101 4642 Patri
2162 4598 2390 4663 appro—

893 4677 1059 4759 priat
1091 4677 1421 4751 unitatem,
1456 4677 1613 4739 Filio
1642 4677 2089 4759 aequalitatem,
2123 4679 2389 4760 Spiritui

892 4776 1121 4839 Sancto
1152 4775 1554 4838 concordiam
1588 4795 1699 4837 seu
1728 4776 2209 4838 connexionem.
2241 4778 2388 4849 Quae

892 4874 1013 4937 tria
1058 4876 1364 4936 unitatem
1418 4874 1761 4957 important
1804 4874 2195 4936 differenter.
2229 4874 2386 4936 Nam

891 4974 1099 5035 unitas
1130 4974 1365 5035 dicitur
1386 4973 1697 5047 absolute,
1731 4991 1857 5036 non
1890 4990 2389 5054 praesupponens

889 5072 1063 5134 aliud
1094 5072 1334 5154 aliquid
1370 5090 1384 5134 t
1421 5072 1562 5135 ideo
1592 5072 2040 5154 appropriatur
2069 5071 2257 5145 Patri,
2277 5071 2388 5152 qui

889 5170 1132 5232 nullam
1164 5172 1599 5253 praesupponit
1630 5188 1989 5253 personam,
2010 5169 2159 5251 quia
2189 5189 2226 5232 a
2255 5168 2391 5230 nul·

890 5269 953 5331 lo
996 5275 1111 5331 est.
1160 5269 1503 5350 AEqualitas
1555 5278 1768 5333 autem
1824 5269 2128 5351 importat
2179 5267 2386 5330 unita-

2497 4288 2678 4368 juxta
2707 4295 2996 4369 quartam
3029 4288 3624 4363 considerationem,
3643 4296 3824 4370 prout
3855 4306 4014 4351 con—

2501 4386 2812 4447 sideratur
2843 4386 3008 4447 Deus
3041 4386 3106 4446 in
3144 4385 3518 4447 habitudine
3549 4386 3626 4449 ad
3663 4404 3807 4449 suos
3837 4386 4009 4449 effe—

2502 4491 2662 4557 ctus,
2701 4484 2976 4545 sumitur
3023 4483 3455 4565 appropriatio
3506 4484 3614 4546 illa
3657 4503 3670 4546 :
3713 4503 3790 4546 ex
3837 4504 4004 4567 quc,

2502 4598 2614 4661 per
2644 4598 2857 4661 quem,
2882 4587 2944 4641 et
2975 4580 3041 4641 in
3071 4598 3216 4661 qu0.
3253 4581 3396 4643 Haec
3427 4582 3601 4643 enim
3631 4583 4009 4664 praepositio

2499 4699 2581 4737 em
2614 4678 2912 4759 importat
2951 4679 3330 4761 quandoque
3371 4679 3810 4743 habitudinem
3844 4700 4008 4745 cau-

2500 4797 2584 4840 sae
2631 4776 2998 4848 efficientiS,
3039 4796 3180 4857 quae
3233 4780 3532 4841 convenit
3578 4781 3705 4842 Deo
3753 4780 4010 4844 ratione

2500 4894 2628 4939 suae
2675 4875 2898 4937 activae
2948 4876 3246 4956 potentiae
3281 4893 3294 4937 :
3333 4878 3500 4939 unde
3549 4877 4012 4959 appropriatur

2499 4974 2683 5044 Patri,
2732 4973 2900 5035 sicut
2950 4974 3249 5054 potentia.
3295 4974 3415 5037 Sed
3467 4975 3830 5057 praepositio
3871 4996 4014 5052 per

2497 5071 2784 5153 designat
2826 5072 3166 5153 aliquando
3218 5072 3495 5135 mediam
3543 5092 3796 5135 causam
3841 5090 3856 5135 :
3905 5092 4012 5137 se-

2498 5169 2779 5230 cundum
2837 5170 3008 5250 quod
3068 5169 3247 5232 faber
3291 5171 3542 5253 operari
3598 5171 3830 5234 dicitur
3885 5192 4015 5254 per

2500 5266 2881 5329 martellum.
2917 5267 2994 5329 Et
3024 5268 3110 5330 ita
3139 5269 3202 5351 ly
3223 5288 3348 5346 per
3378 5290 3568 5349 quem
3597 5288 3724 5334 non
3763 5277 3862 5332 est
3893 5290 4014 5354 ap-

4055 3521 4117 3564 Ισ.
4133 3533 4225 3570 xxv,
4245 3524 4280 3563 ⁴.
