4359 6250
824 510 945 575 658

1465 526 1528 573 {N
1570 526 1790 573 LIBRUM
1832 528 1851 571 1
1894 524 2376 573 SENTENTIARUM.
2421 542 2501 552 ·—
2542 524 2694 570 DIST.
2742 523 2967 586 va1113
3011 523 3234 579 QUAEST.
3279 523 3299 568 1

560 721 799 769 oenum,
826 701 1000 762 Juste
1050 700 1218 780 quod
1272 699 1517 779 justum
1566 706 1661 760 est
1710 696 2095 778 exsequeris
2144 696 2318 759 Unde
2351 696 2402 757 A
2431 696 2594 757 velle
2635 674 3032 777 simpliciter.
3070 693 3325 775 Aliquid
3363 711 3513 755 vero
3551 692 3826 755 ostendit
3857 711 3924 753 se

535 786 603 825 20.

561 845 728 888 Coton.
743 858 797 893 ιιι,

538 912 605 951 ¹7.

828 797 1165 879 Apostolus
1202 814 1215 858 τ
1251 797 1497 869 Omnia,
1534 796 1765 878 inquit,
1789 814 2209 876 quaecumque
2243 794 2325 855 l'a-

830 896 972 956 citis
1004 894 1068 956 in
1102 894 1296 957 verbo
1325 902 1431 955 aut
1462 912 1675 975 opere,
1710 893 1923 955 omnia
1964 893 2025 953 in
2065 892 2322 953 nomine

828 992 1079 1055 Domini
1124 992 1321 1054 nostri
1365 993 1510 1054 Jesu
1557 991 1787 1053 Christi
1837 990 2043 1052 facite.
2087 990 2321 1051 Verum

830 1092 949 1153 ista
986 1099 1081 1153 est
1118 1090 1421 1171 obligatio
1464 1090 1764 1171 praecepti
1809 1088 2177 1150 affirmativi
2224 1088 2327 1149 ad-

829 1189 1199 1269 stringentis
1257 1208 1532 1270 semper,
1584 1188 1692 1249 sed
1747 1206 1873 1249 non
1921 1187 1998 1247 ad
2048 1204 2322 1266 semper,

830 1296 1047 1369 utpote
1109 1287 1246 1349 loco
1303 1294 1366 1348 et
1424 1294 1709 1367 tempore
1768 1292 2163 1366 opportuno3
2216 1283 2325 1344 sed

825 1385 1063 1464 jugiter
1101 1385 1460 1464 obligamur
1503 1402 1627 1445 non
1678 1383 1930 1444 tendere
1976 1382 2039 1442 in
2086 1389 2328 1443 contra-

831 1482 997 1544 rium
1030 1483 1327 1545 caritatiS.
1364 1483 1679 1543 Tenemur
1717 1489 1929 1541 autem
1969 1478 2217 1560 operari
2249 1497 2326 1539 ex

829 1580 1087 1643 caritate
1150 1599 1265 1642 suo
1324 1580 1464 1642 loco
1526 1587 1589 1639 et,
1640 1587 1945 1659 tempore,
2000 1577 2053 1639 si
2114 1583 2328 1637 tamen

830 1678 1140 1740 habemus
1172 1678 1532 1756 caritate-1113
1566 1678 1619 1738 si
1652 1694 1801 1738 vero
1834 1695 1957 1737 non
1990 1675 2324 1747 habemus,

830 1795 957 1839 non
1005 1785 1295 1838 tenemur
1342 1776 1419 1837 ad
1462 1776 1603 1847 hoc,
1638 1774 1746 1837 sed
1790 1774 1867 1835 ad
1914 1772 2323 1854 aequivalens,

2431 796 2594 881 velle
2633 794 2942 867 absolute,
2977 795 3087 855 sed
3127 794 3493 875 oppositum
3529 791 3692 854 velle
3732 811 3928 873 quan-

2434 903 2569 955 tum
2621 895 2684 955 in
2730 914 2796 956 se
2841 902 2958 967 est,
3005 900 3071 954 ut
3119 892 3280 954 mala
3332 892 3606 973 poeualia
3652 910 3792 973 quae
3838 892 3930 951 in·

2435 990 2604 1072 sligit
2655 1012 2668 1055 :
2721 1000 2782 1054 et
2841 992 2974 1053 haec
3033 1000 3326 1053 tenemur
3383 990 3544 1052 velle
3604 989 3928 1052 voluntate

2433 1089 2722 1152 absoluta
2752 1097 2814 1151 et.
2845 1089 3286 1165 deliberativa3
3321 1096 3530 1149 tamen
3562 1087 3926 1168 oppositum

2439 1207 2774 1270 possumus
2808 1188 2969 1249 velle
3002 1187 3324 1249 voluntate
3363 1185 3639 1267 pietatis,
3675 1193 3742 1246 ut
3773 1185 3928 1245 dicit

2437 1287 2632 1366 Hugo.
2664 1286 2836 1348 Unde
2881 1286 3047 1347 sicut
3090 1285 3255 1347 Deus
3301 1304 3426 1347 non
3471 1284 3820 1345 delectatur
3863 1283 3926 1343 in

2439 1384 2644 1465 poenis
2686 1384 2937 1457 nostriS,
2982 1385 3092 1446 sed
3143 1384 3352 1465 potius
3396 1382 3572 1456 dicit,
3615 1382 3770 1453 Heu,
3813 1399 3931 1461 ego

2438 1481 2810 1544 consolabor
2866 1501 3058 1563 super
3119 1482 3407 1544 hostibus
3467 1481 3664 1557 meis3
3721 1480 3814 1541 sic
3870 1487 3934 1540 et

2439 1598 2572 1641 nos‚
2607 1580 2766 1641 Hinc
2809 1581 2986 1661 Hugo
3025 1580 3358 1661 distinguit
3399 1580 3464 1641 in
3507 1579 3694 1642 nobis
3735 1577 3935 1660 tripli-

2439 1697 2576 1739 cem
2620 1678 3032 1751 voluntatem,
3067 1679 3365 1740 videlicet
3403 1677 3668 1740 rationis
3705 1686 3768 1738 et
3807 1677 3938 1757 pie-

2440 1776 2584 1837 tatis
2634 1796 2706 1837 ac
2751 1777 2997 1855 carnis3
3041 1784 3228 1857 atque
3275 1778 3341 1842 in
3381 1776 3628 1839 Christo
3668 1775 3940 1857 quadru-

829 1875 979 1956 quia
1019 1883 1309 1936 tenemur
1350 1874 1555 1935 facere
1588 1874 1756 1954 quod
1799 1873 1864 1934 in
1908 1870 2090 1933 nobis
2130 1878 2227 1931 est
2260 1878 2329 1931 ut
2364 1872 2411 1934 B
2442 1874 2698 1955 plicem,
2733 1893 2966 1937 nomen
2998 1875 3341 1937 voluntatis
3371 1875 3737 1936 extendens
3775 1873 3938 1934 Dicit

830 1971 1175 2035 habeamus
1222 1972 1569 2044 caritatem,
1603 1978 1666 2031 ct
1709 1970 1826 2032 hoc
1870 1969 2169 2031 similiter
2216 1986 2329 2049 pro

830 2070 969 2131 loco
1011 2076 1073 2130 et
1120 2076 1421 2149 tempore.
1454 2104 1535 2113 —
1564 2068 1706 2129 llaec
1750 2068 2206 2129 Bouaventura.

912 2168 1361 2229 Verumtamen
1409 2166 1515 2227 alii
1568 2166 1810 2236 dicunt,
1857 2164 2024 2245 quod
2076 2182 2330 2244 semper

833 2274 894 2327 et
927 2265 1005 2326 ad
1043 2284 1297 2346 semper
1328 2272 1620 2326 tenemur
1647 2282 1785 2325 esse
1817 2262 2224 2324 habitualiter
2265 2261 2329 2322 iu

832 2364 1091 2427 caritate
1136 2372 1197 2425 et
1241 2363 1305 2424 in
1351 2369 1518 2424 statu
1564 2361 1806 2433 salut-is,
1840 2369 2029 2441 atque
2078 2361 2141 2422 in
2188 2378 2332 2421 con-

831 2462 1123 2525 versione
1174 2461 1407 2523 mentis
1456 2469 1685 2522 nostrae
1731 2460 1808 2521 ad
1860 2460 2060 2520 Deum
2102 2476 2115 2519 :
2160 2457 2330 2539 quod

833 2580 974 2624 esse
1028 2578 1152 2623 non
1202 2567 1406 2643 potest
1458 2559 1595 2621 sine
1645 2559 1904 2620 caritate
1953 2557 2175 2620 saltem
2229 2557 2332 2617 ha-

836 2659 1079 2722 bituali.
1117 2660 1226 2721 Sin
1273 2666 1508 2731 autem,
1544 2658 1610 2719 hi
1655 2657 1763 2738 qui
1812 2674 2138 2737 nunquam
2185 2661 2330 2715 sunt

837 2760 902 2820 in
952 2758 1211 2821 caritate
1268 2765 1376 2819 aut
1426 2775 1587 2829 raro,
1642 2774 1969 2836 nunquam
2028 2760 2137 2814 aut
2193 2769 2333 2813 raro

837 2864 1133 2918 tenentur
1180 2856 1307 2917 Deo
1354 2875 1430 2917 ex
1481 2854 1739 2915 caritate
1800 2854 2060 2924 servire,
2114 2851 2333 2931 sicque

836 2974 954 3017 nec
995 2954 1277 3017 damnari
1321 2960 1713 3015 mererentur
1749 2970 1862 3034 pro
1892 2970 1966 3013 eo
1998 2950 2165 3033 quod
2209 2951 2335 3012 Deo

2442 1972 2612 2033 euim
2658 1973 2722 2033 in
2766 1972 2930 2034 libro
2970 1973 3048 2034 de
3081 1972 3525 2034 Voluntatibus
3561 1972 3814 2042 Christi,
3849 1970 3938 2032 lo-

2441 2089 2644 2149 quens
2695 2070 2772 2130 dc
2824 2070 3073 2132 Christo
3117 2088 3130 2131 ε
3175 2071 3476 2133 Voluntas
3522 2070 3774 2131 deitatis
3824 2088 3940 2149 per

2437 2166 2753 2246 justitiam
2786 2167 3050 2229 dictavit.
3081 2168 3494 2242 senteutiam3
3529 2167 3820 2229 voluntas
3851 2185 3942 2227 ra-

2442 2264 2630 2327 tionis
2671 2284 2786 2347 per
2825 2265 3250 2328 obedientiam
3300 2265 3676 2347 approbavit
3714 2265 3942 2326 verita-

2441 2371 2568 2424 tem
2606 2380 2621 2434 ;
2681 2363 2972 2424 voluntas
3045 2364 3296 2445 pietatis
3369 2382 3482 2444 per
3548 2363 3939 2444 compassio·

2443 2480 2588 2521 nem
2637 2460 2700 2521 in
2751 2461 2916 2522 malo
2965 2461 3354 2542 suspirabat3
3394 2461 3686 2523 voluntas
3731 2462 3940 2522 carnis

2447 2579 2559 2640 per
2589 2560 2950 2640 passionem
2987 2559 3050 2621 in
3091 2559 3256 2622 malo
3287 2560 3542 2642 proprio
3582 2578 3940 2621 murmura-

2445 2656 2570 2717 bat.
2605 2657 2751 2719 Ideo
2783 2656 3105 2719 voluntate
3143 2658 3406 2720 rationis
3440 2657 3746 2719 debemus
3777 2657 3943 2719 velle

2444 2756 2636 2817 etiam
2688 2756 2928 2817 malum
2981 2774 3184 2837 poenae
3232 2757 3400 2837 quod
3449 2756 3689 2817 scimus
3739 2756 3942 2817 Deum

2445 2854 2626 2915 velle.
2663 2854 2999 2916 Voluntate
3040 2861 3253 2916 autem
3303 2854 3556 2936 pietatis
3601 2872 3943 2935 possumus

2445 2952 2959 3013 conditionaliter
2989 2960 3050 3014 et
3082 2960 3392 3033 quantum
3426 2953 3488 3013 in
3522 2952 3708 3015 nobis
3737 2959 3856 3025 est,
3887 2952 3942 3013 si

838 3070 1167 3134 nunquam
1204 3059 1312 3113 aut
1345 3069 1484 3112 raro
1519 3069 1596 3111 ex
1634 3050 1891 3112 caritate
1931 3048 2329 3111 obedierunt.
2369 3050 2412 3113 C
2445 3051 2572 3111 Deo
2607 3050 2832 3132 placet,
2868 3050 3026 3112 illud
3070 3068 3196 3112 non
3229 3051 3392 3112 velle.
3427 3068 3440 3112 ε
3477 3070 3622 3112 nam
3654 3060 3718 3112 et.
3749 3051 3938 3124 Deus,

918 3152 1239 3214 Postremo
1274 3150 1613 3231 respondet
1645 3150 1723 3211 ad
1760 3149 2173 3229 quaestionem
2211 3165 2336 3228 qua

839 3249 1253 3331 quaeritur,an
1285 3256 1611 3309 teneamur
1635 3247 2023 3309 voluntatem
2056 3253 2336 3307 nostram

841 3347 1239 3410 conformare
1297 3345 1607 3408 voluntati
1668 3345 1898 3408 divinae
1957 3345 2021 3406 in
2076 3344 2272 3406 volito
2319 3360 2332 3404 :

842 3446 1071 3507 Dicunt
1114 3445 1336 3526 aliqui,
1379 3444 1546 3524 quod
1588 3461 1716 3505 non
1764 3451 2052 3504 tenemur
2094 3443 2172 3504 ad
2218 3443 2336 3504 hoc

843 3543 965 3606 nisi
1008 3543 1074 3605 in
1115 3543 1214 3604 his
1255 3561 1395 3623 quae
1435 3543 1599 3603 Deus
1640 3549 1748 3602 aut
1775 3541 1954 3620 jubet
1987 3550 2095 3602 aut
2130 3540 2340 3622 prohi-

843 3643 971 3716 bet,
1006 3642 1159 3723 quia
1193 3660 1304 3722 per
1339 3641 1469 3702 haec
1503 3639 1904 3702 sufficienter
1933 3638 2117 3700 nobis
2156 3658 2338 3700 suam

845 3741 1083 3802 indicat
1141 3739 1552 3802 voluntatem.
1607 3739 1676 3798 ln
1736 3737 1877 3798 aliis
1930 3756 2077 3800 vero
2128 3737 2339 3799 volitis

843 3857 880 3900 a
910 3858 999 3912 se,
1034 3838 1168 3899 sive
1202 3837 1597 3898 innotescant
1629 3835 1834 3909 nobiS‚
1856 3835 1989 3896 sive
2021 3854 2171 3908 non,
2194 3834 2342 3896 lIcet

844 3937 1008 3999 velle
1048 3935 1437 3998 contrarium
1474 3952 1488 3996 τ
1524 3943 1593 3995 ut
1626 3935 1918 4015 quamvis
1958 3935 2342 4015 disposuerit

846 4034 1089 4115 pluere,
1134 4043 1347 4096 tamen
1398 4033 1765 4115 oppositum
1818 4039 2031 4113 petere
2083 4050 2342 4113 possum

846 4151 919 4194 ac
967 4132 1149 4194 velle.
1186 4167 1265 4176 —
1305 4132 1424 4193 Sed
1472 4131 1766 4212 quamvis
1816 4131 1933 4191 ista
1982 4130 2211 4211 positio
2261 4130 2344 4190 sit

2444 3158 2752 3229 quantum
2800 3150 2865 3210 in
2910 3169 2976 3211 se
3017 3157 3129 3222 est,
3166 3149 3322 3210 illud
3366 3169 3491 3213 non
3535 3150 3691 3224 vult,
3727 3157 3796 3210 ut
3837 3168 3946 3230 pa-

2448 3247 2586 3309 tuit.
2622 3247 2880 3328 Aliquid
2930 3266 3184 3329 quoque
3229 3248 3366 3309 vult
3416 3248 3581 3309 Deus
3630 3255 3946 3328 quantum

2449 3345 2512 3405 in
2573 3364 2640 3406 se
2698 3353 2814 3418 est,
2869 3346 2934 3406 in
2995 3364 3121 3427 quo
3179 3346 3600 3408 essentialiter
3657 3345 3950 3408 consistit

2447 3443 2601 3505 ordo
2641 3442 2886 3514 salutiS,
2925 3451 2992 3504 ut
3026 3443 3167 3524 ejus
3208 3451 3523 3526 praecepta
3563 3451 3624 3505 et
3666 3443 3950 3524 prohibi-

2448 3541 2650 3603 tiones
2687 3561 2700 3603 :
2737 3544 2799 3603 et
2844 3541 2978 3604 haec
3020 3542 3183 3604 velle
3224 3549 3532 3603 tenemur.
3569 3541 3808 3603 Rursus
3849 3559 3953 3604 os-

2451 3640 2650 3701 tendit
2697 3659 2764 3700 se
2810 3639 2974 3701 Deus
3025 3640 3265 3720 aliquid
3315 3639 3476 3702 velle
3519 3647 3829 3721 quantum
3880 3640 3950 3701 in

2449 3757 2516 3798 se
2547 3745 2662 3810 est,
2685 3737 2747 3797 in
2780 3755 2908 3818 quo
2938 3737 3261 3819 expeditio
3293 3737 3584 3800 consistit
3612 3737 3950 3812 salut-is,ut

2449 3854 2522 3896 ea
2566 3854 2706 3916 quae
2756 3836 3031 3897 consulit
3074 3854 3087 3898 ε
3132 3842 3194 3898 et
3235 3836 3310 3896 ad
3357 3835 3465 3896 illa
3512 3853 3640 3897 non
3683 3835 3946 3916 obligat,

2449 3951 2566 3994 nec
2600 3933 2880 4013 obligare
2913 3933 3456 3996 intendit—Haec
3486 3932 3949 3996 Bonaventura.

2531 4129 2828 4192 Albertus
2879 4130 3136 4192 demum
3189 4130 3288 4192 his
3339 4148 3693 4194 consonans
3749 4149 3763 4191 :
3817 4130 3950 4204 Est,

847 4230 1117 4303 facilior,
1172 4237 1382 4290 tamen
1443 4248 1644 4310 quum
1700 4227 2090 4307 Augustinus
2150 4228 2338 4300 dicat,
2372 4225 2421 4286 D
2455 4227 2683 4309 inquit,
2720 4227 3134 4290 conformitas
3165 4209 3519 4290 secundum
3551 4229 3730 4310 quid,
3765 4237 3824 4291 ct
3856 4238 3954 4291 est

848 4327 1082 4408 Impius
1112 4335 1207 4388 est
1240 4327 1337 4387 cui
1372 4345 1497 4389 non
1532 4327 1736 4408 placet
1769 4325 2167 4406 providentia
2197 4325 2340 4403 Dei3

846 4433 1110 4507 apparet
1152 4425 1322 4506 quod
1373 4443 1496 4486 non
1550 4425 1753 4487 solum
1809 4432 2135 4486 teneamur
2178 4424 2341 4486 velle

848 4522 959 4584 Dei
994 4521 1306 4594 mandata,
1333 4521 1442 4582 sed
1472 4521 1665 4582 etiam
1697 4539 1909 4602 opera,
1937 4521 2065 4583 imo
2094 4528 2156 4582 et
2187 4521 2342 4582 alias

850 4621 1171 4683 videretur
1214 4619 1610 4681 recalcitrare
1651 4619 1941 4681 voluntas
1987 4627 2202 4681 nostra
2241 4638 2345 4682 vo-

850 4719 1076 4782 luntati
1120 4718 1375 4782 divinae.

930 4819 1089 4879 Hine
1136 4818 1320 4879 aliter
1362 4825 1457 4878 est
1496 4816 1861 4884 dicendum,
1905 4816 2073 4896 quod
2124 4835 2362 4878 revera·

850 4935 976 4979 non
1018 4925 1309 4980 tenemur
1348 4914 1511 4976 velle
1551 4933 1740 4975 omne
1781 4915 1949 4994 quod
1984 4914 2121 4974 vult.
2152 4914 2340 4988 DeuS,

850 5016 959 5078 sed
1006 5016 1209 5077 solum
1258 5014 1425 5094 quod
1472 5012 1609 5073 vult
1649 5018 1712 5072 et
1752 5011 2089 5073 innotescit
2132 5012 2342 5086 nobiS,

850 5132 967 5176 nec
1000 5113 1207 5174 adhuc
1243 5129 1431 5173 omne
1474 5109 1648 5171 illud.
1684 5109 1829 5170 Ideo
1860 5109 2343 5181 advertendum,

850 5213 1018 5292 quod
1059 5210 1301 5291 aliquid
1342 5207 1620 5271 ostendit
1658 5226 1724 5268 se
1767 5206 1929 5268 Deus
1968 5206 2130 5268 velle
2168 5206 2348 5268 abso-

851 5311 1003 5386 lute,
1057 5318 1125 5371 ut
1174 5310 1339 5372 bona
1398 5327 1539 5389 quae
1598 5306 1750 5368 facit
1802 5323 1816 5368 τ
1872 5307 2003 5369 haec
2058 5315 2349 5368 tenemur

2454 4324 2864 4387 conformitas
2923 4326 3318 4408 simpliciter.
3376 4325 3802 4389 Conformitas
3860 4347 3958 4390 se-

2453 4423 2735 4484 eundum
2787 4423 2962 4504 quid,
3017 4432 3111 4485 est
3163 4425 3227 4484 in
3263 4423 3473 4500 ,volito
3523 4433 3770 4486 tantum
3825 4445 3839 4489 :
3887 4434 3955 4486 et

2453 4521 2586 4582 haec
2631 4520 2764 4582 sola
2815 4521 3166 4582 secundum
3211 4541 3277 4583 se
3322 4539 3438 4583 nec
3493 4522 3818 4584 meritoria
3857 4531 3956 4584 est

2454 4638 2572 4680 nec
2603 4619 3030 4693 demeritoria,
3063 4620 3214 4700 quia
3247 4619 3536 4682 consistit.
3567 4620 3630 4681 in
3665 4621 3800 4684 sola
3833 4640 3960 4682 ma-

2455 4717 2612 4779 teria
2662 4717 3028 4789 voluntatiS‚
3072 4725 3136 4779 et
3185 4719 3508 4780 materiale
3558 4718 3954 4801 principium

2455 4824 2546 4876 est
2586 4815 2662 4876 ad
2706 4815 3017 4896 opposita,
3052 4823 3383 4897 potestque
3431 4815 3761 4879 informari
3805 4837 3958 4900 quo-

2457 4933 2732 4994 cumque
2775 4914 2984 4987 mod0,
3019 4914 3152 4975 sive
3195 4914 3356 4975 bene
3395 4915 3530 4976 sive
3574 4917 3761 4978 male.
3799 4917 3958 4980 Con·

2457 5013 2744 5074 formitas
2777 5030 2928 5074 vero
2967 5013 3346 5092 simpliciter
3375 5013 3565 5087 dicta,
3597 5021 3696 5076 est
3731 5035 3958 5078 secun-

2456 5111 2608 5172 dum
2642 5111 2798 5172 duos
2832 5111 3384 5181 modoS‚videlicet
3415 5112 3810 5192 perfectione
3839 5116 3956 5178 viae

2457 5216 2514 5270 ct
2561 5208 2952 5289 perfectione
2995 5209 3231 5290 patriae.
3267 5208 3574 5272 Persectio
3611 5211 3807 5274 etiam
3840 5213 3956 5275 viae

2457 5313 2550 5367 est
2583 5306 2844 5387 duplex,
2879 5306 3176 5368 videlicet
3213 5307 3517 5388 perfectio
3547 5308 3954 5374 sufficientiae

3987 1398 4039 1439 Is
4091 1412 4124 1446 ι,
4153 1399 4226 1438 28.
