4359 6250
1125 488 1212 532 AN
1253 488 1370 533 1)Εο
1413 488 1754 534 convexum·
1796 489 2030 534 NOMINA
2074 490 2273 535 MULTA
2317 490 2580 548 HABERE,
2626 492 2750 539 nTc.

3366 472 3484 537 143

383 654 726 728 salitatem‚
771 655 976 718 multa
1021 664 1168 718 sunt
1219 656 1478 719 nomina
1523 657 1685 737 ejus,
1729 673 1884 738 quo·
1914 657 1965 719 A
1993 656 2303 719 differunt
2342 659 2583 722 ratione
2627 679 2769 741 quae
2814 659 3091 723 salvatur
3130 660 3193 721 in
3237 660 3482 742 propri-

383 753 558 815 niam
594 754 829 815 multos
861 753 1048 816 habet
1091 754 1396 833 effectus;
1429 755 1482 815 si
1520 773 1634 835 per
1663 754 1882 816 ablati-

379 866 598 922 onem,
635 851 835 912 multa
866 858 1014 912 sunt
1046 851 1324 925 nomina,
1349 853 1648 933 quoniam
1685 851 1884 913 multa

381 956 799 1011 removentur
827 950 908 1012 ab
939 968 1035 1020 eo,
1055 950 1352 1012 videlicet
1383 959 1612 1013 cuncta
1642 957 1879 1028 creata3

381 1047 438 1108 si
501 1066 620 1128 per
669 1048 1108 1119 eminentiam,
1161 1047 1360 1110 multa
1418 1057 1566 1110 sunt
1625 1048 1884 1110 nomina

379 1145 550 1225 ejus,
585 1146 738 1227 quia
781 1146 846 1207 in
889 1147 1065 1209 omni
1109 1146 1438 1208 nobilitate
1483 1154 1545 1208 et
1589 1146 1882 1227 perfecti-

379 1260 508 1305 one
557 1243 799 1307 eminet
848 1246 1174 1307 creaturis.
1228 1246 1370 1307 Haec
1421 1246 1875 1307 Bonaventura.

465 1341 598 1403 Hoc
631 1342 843 1423 ipsum
875 1343 1208 1405 Durandus
1238 1342 1597 1423 aliqualiter
1629 1342 1880 1424 planius

379 1440 788 1521 exprimens:
812 1442 1334 1523 Unumquodque,
1356 1442 1584 1523 inquit,
1608 1442 1884 1504 nomina-

383 1558 534 1599 mus
575 1539 740 1600 sicut
774 1540 1189 1621 intelligimus
1223 1541 1400 1602 illud.
1438 1542 1636 1602 Deum
1668 1548 1882 1602 autem

379 1656 464 1699 ex
519 1639 826 1700 creaturis
889 1639 1304 1719 intelligimus
1355 1640 1546 1701 variis
1608 1640 1810 1703 modis
1864 1656 1878 1700 ε

381 1736 540 1797 hinc
609 1737 962 1798 secundum
1029 1738 1460 1800 diversitatem
1530 1738 1880 1800 effectuum

1991 764 2153 817 etate
2200 765 2261 817 et
2300 758 2583 825 veritate,
2630 757 2715 819 ita
2753 760 2922 839 quod
2964 759 3236 820 dicimus
3281 758 3479 819 Deum

1991 873 2138 917 vere
2190 856 2563 937 sapientem,
2598 856 2837 919 bonum
2881 864 2943 919 et
2983 858 3230 938 justum
3279 856 3344 917 in
3388 874 3477 927 se,

1991 959 2053 1013 et
2095 971 2221 1016 non
2264 960 2508 1015 tantum
2550 954 2616 1015 in
2658 954 2984 1017 intellectu
3024 954 3476 1017 ratiocinantis,

1993 1050 2068 1111 Et
2115 1050 2262 1113 inde
2308 1052 2600 1132 provenit
2639 1052 2971 1115 diversitas
3016 1052 3348 1115 nominum
3392 1060 3480 1113 at-

1993 1148 2399 1223 tributorum,
2448 1171 2588 1231 quae
2638 1152 2853 1213 omnia
2896 1151 3188 1232 quamvis
3238 1149 3481 1232 signifi-

1993 1255 2138 1309 cent
2200 1268 2391 1310 unam
2454 1269 2609 1323 rem,
2673 1268 2797 1312 non
2859 1256 3067 1311 tamen
3130 1250 3481 1311 secundum

1993 1347 2301 1408 rationem
2332 1348 2621 1409 eamdem
2658 1365 2671 1409 :
2708 1348 2847 1410 ideo
2878 1366 3003 1410 non
3036 1355 3181 1409 sunt
3214 1365 3482 1430 synony-

1996 1463 2115 1505 ma.
2151 1480 2233 1489 —
2272 1444 2574 1517 Quocirca
2626 1446 3041 1526 pensandum,
3083 1446 3251 1527 quod
3302 1445 3485 1506 aliter

1993 1541 2367 1603 dividuntur
2402 1543 2823 1623 aequivocum,
2857 1543 3253 1624 analogicum
3296 1550 3483 1623 atque

1995 1640 2339 1702 univocum
2374 1658 2387 1701 ε
2422 1642 2571 1721 quia
2601 1642 2997 1723 mquivocum
3040 1642 3348 1704 dividitur
3379 1660 3484 1722 pe-

1995 1756 2108 1799 nes
2153 1757 2251 1799 res
2294 1739 2705 1820 significatas,
2742 1740 3086 1802 univocum
3130 1740 3483 1802 secundum

383 1834 498 1895 Dei
546 1834 612 1895 in
656 1835 958 1917 operibus
995 1843 1234 1899 naturae
1277 1844 1340 1898 et
1381 1837 1596 1918 gratiae
1637 1856 1708 1897 ac
1752 1836 1882 1917 glo·
1917 1838 1966 1902 B
1996 1836 2275 1899 diversas
2334 1838 2751 1914 differentiaS,
2803 1838 3203 1919 analogicum
3262 1856 3485 1901 secun-

381 1932 519 2003 riae‚
557 1933 1048 1995 innumerabilia
1087 1935 1346 1997 nomina
1387 1942 1758 2016 competunt
1797 1935 1877 1996 ei.

382 2030 634 2092 Dicitur
661 2031 834 2093 enim
863 2040 1122 2106 creator,
1143 2042 1563 2107 conservator,
1581 2052 1660 2114 gu
1671 2034 1886 2094 berna-

381 2136 507 2201 tor,
534 2130 846 2210 provisor,
870 2131 1368 2212 praedestinator,
1395 2132 1687 2200 salvator,
1712 2131 1888 2212 adju—

381 2234 509 2299 tor,
538 2228 760 2308 judex,
793 2228 1205 2309 glorificator,
1241 2238 1358 2291 etc.
1397 2230 1486 2291 Ex
1533 2231 1883 2292 remotione

378 2342 644 2407 quoque
714 2334 977 2389 vocatur
1041 2328 1414 2401 immensus,
1480 2329 1880 2403 immortaliS,

381 2425 856 2505 incorporalis3
907 2444 986 2487 ex
1043 2427 1393 2489 eminentia
1451 2445 1622 2500 vero,
1681 2427 1884 2490 omni-

379 2529 636 2603 potenS,
672 2541 985 2597 summus,
1031 2524 1374 2606 persectuS,
1414 2534 1532 2587 etc.
1579 2526 1721 2588 Haee
1764 2527 1885 2588 Du-

377 2621 641 2683 raudus.

449 2720 730 2781 Thomas
755 2738 1010 2803 quoque
1029 2739 1043 2782 :
1063 2722 1497 2803 Multiplicitas
1521 2723 1664 2803 (ait)
1689 2723 1886 2785 nomi·

379 2838 544 2879 num
589 2820 936 2901 dupliciter
981 2829 1186 2902 potest
1231 2822 1614 2903 contingere.
1651 2823 1880 2894 Prim0,

377 2936 460 2978 ex
517 2926 698 2998 parte
759 2918 1139 2989 intellectuS,
1191 2920 1304 3002 qui
1365 2919 1531 2982 sicut
1585 2940 1776 2981 unam
1824 2928 1886 2981 et

1995 1934 2148 1995 dum
2220 1936 2501 1999 diversos
2566 1938 2802 1999 modos.
2869 1938 3045 1999 Unde
3108 1956 3309 2019 quum
3371 1955 3484 1999 ens

1997 2033 2377 2114 praedicetur
2418 2034 2739 2115 analogice
2792 2036 2869 2097 de
2914 2036 3135 2097 decem
3186 2034 3485 2117 praedica-

1997 2132 2252 2200 mentis,
2290 2132 2635 2214 unicuique
2689 2134 3177 2215 praedicamento
3222 2133 3489 2195 debetur

1998 2231 2223 2293 modus
2269 2230 2565 2311 proprius
2612 2231 2992 2312 praedicandi
3031 2249 3044 2293 :
3078 2239 3139 2294 et
3183 2232 3485 2313 quoniam

1999 2329 2062 2389 in
2108 2328 2342 2389 divinis
2386 2347 2511 2391 non
2562 2338 2885 2410 ponuntur
2924 2330 3048 2391 nisi
3094 2331 3219 2392 duo
3263 2328 3486 2411 praedi-

1998 2434 2307 2498 camenta,
2344 2435 2495 2509 puta
2546 2427 2900 2489 substantia
2943 2434 3006 2489 et
3056 2429 3311 2505 relati03
3345 2428 3485 2489 ideo

2000 2542 2124 2586 non
2156 2533 2481 2605 ponuntur
2514 2526 2599 2587 ibi
2634 2526 2756 2588 nisi
2789 2526 2914 2588 duo
2948 2526 3116 2588 modi
3149 2527 3489 2608 praedican-

1998 2623 2084 2694 di,
2117 2624 2415 2685 videlicet
2453 2623 2953 2687 substantialiter
2992 2632 3054 2686 et
3094 2624 3371 2685 relative.
3406 2659 3487 2669 —

1996 2722 2140 2784 Haec
2186 2722 2453 2784 Thomas
2500 2722 2563 2783 in
2608 2723 2873 2804 Scripto.
2910 2724 3025 2795 Qui
3070 2723 3147 2784 de
3198 2724 3313 2784 hac
3358 2741 3487 2784 ma-

1995 2819 2154 2881 teria
2187 2826 2407 2881 tractat
2437 2819 2737 2881 diffusius
2770 2820 2833 2881 in
2868 2821 3073 2901 prima
3104 2828 3279 2902 parte
3310 2822 3490 2883 Sum-

1998 2936 2116 2980 mae
2161 2937 2312 2989 suae,
2346 2918 2693 2999 quaestione
2742 2918 3190 2993 tertiadecima,
3223 2928 3286 2981 et
3336 2920 3487 2982 item

379 3015 682 3077 eamdem
713 3035 848 3078 rem
891 3024 1098 3099 potest
1136 3018 1560 3079 diversimode
1602 3018 1886 3079 conside·
1923 3024 1965 3087 C
1997 3016 2062 3077 in
2113 3017 2375 3078 Summa
2423 3025 2639 3078 contra
2686 3017 2975 3098 gentiles,
3032 3018 3197 3081 libro
3255 3019 3483 3101 prime,

381 3133 552 3188 rare,
606 3123 798 3197 atque
858 3117 1206 3178 secundum
1270 3115 1554 3178 diversas
1615 3116 1885 3179 rationes

379 3221 448 3274 et
495 3215 916 3295 proprietates
963 3215 1321 3296 concipere,
1357 3215 1449 3277 sic
1495 3223 1702 3297 potest
1744 3235 1884 3277 eam

385 3311 838 3392 multipliciter
880 3312 1230 3386 nominare,
1271 3313 1594 3395 multaque
1627 3314 1886 3376 nomina

379 3409 442 3470 ei
481 3409 832 3490 imponere.
867 3410 1027 3472 Hinc
1067 3411 1266 3473 Deum
1309 3429 1647 3492 possumus
1689 3412 1886 3473 nomi-

381 3526 542 3569 nare
572 3509 928 3570 secundum
959 3509 1024 3570 id
1053 3509 1224 3590 quod
1255 3509 1320 3570 in
1352 3528 1418 3570 se
1449 3517 1565 3584 est,
1601 3517 1662 3572 et
1693 3510 1884 3571 etiam

381 3606 744 3666 secundum
786 3607 957 3686 quod
995 3607 1074 3668 ad
1115 3615 1432 3670 creaturas
1475 3607 1661 3669 habet
1703 3625 1792 3681 se,
1824 3617 1888 3669 et

381 3703 512 3765 hoc
559 3703 922 3784 dupliciter,
957 3711 1175 3787 utpote
1211 3723 1224 3766 :
1261 3706 1613 3767 secundum
1655 3706 1890 3786 negati-

379 3820 567 3874 oneS,
623 3803 859 3884 quibus
915 3803 1310 3866 conditiones
1359 3812 1420 3865 et
1471 3805 1886 3886 proprietates

382 3909 824 3962 creaturarum
887 3909 1294 3964 removentur
1341 3903 1422 3964 ab
1471 3921 1569 3975 eo,
1622 3912 1684 3964 et
1743 3903 1888 3965 inde

384 4008 783 4080 consurgunt
838 3999 1096 4062 nomina
1143 4000 1454 4081 negativa,
1503 4009 1570 4062 ut
1623 4001 1888 4062 immen-

386 4116 526 4168 suS,
552 4097 894 4171 increatuS,
919 4098 1618 4180 incomprehensibilis3
1641 4107 1702 4160 et
1737 4101 1888 4161 item

1998 3113 2277 3196 capitulo
2336 3114 2659 3177 tricesimo
2720 3114 2926 3197 primo
2984 3125 3048 3178 et
3106 3116 3406 3209 deinceps
3470 3133 3484 3178 ε

1999 3231 2138 3294 quae
2200 3213 2281 3275 ob
2346 3214 2609 3276 nimiam
2672 3215 3101 3296 prolixitatem
3166 3216 3485 3277 vitandam

1999 3312 2239 3373 omitto.

2077 3410 2368 3490 Amplius
2410 3411 2626 3472 Petrus
2670 3410 2769 3472 his
2814 3428 3167 3474 consonans
3205 3429 3219 3473 ε
3260 3412 3482 3485 Deum,

1999 3506 2229 3587 inquit,
2254 3509 2581 3570 nominare
2613 3508 2781 3569 sicut
2809 3517 2871 3568 ct
2904 3509 3321 3582 considerare,
3350 3527 3491 3572 con·

1994 3605 2185 3686 tingit
2234 3605 2593 3687 dupliciter.
2638 3607 2868 3680 Prim0,
2912 3608 3264 3670 secundum
3316 3627 3381 3670 se
3425 3616 3488 3669 et

1996 3702 2304 3765 absolute.
2342 3704 2417 3765 Et
2447 3704 2565 3766 hoc
2598 3703 2957 3786 tripliciter,
2984 3706 3335 3767 secundum
3368 3706 3488 3767 tria

1997 3821 2138 3883 quae
2199 3809 2347 3863 sunt
2395 3803 2457 3863 in
2516 3801 2675 3884 ipso,
2732 3811 2883 3884 puta
2936 3821 2949 3864 ε
3002 3805 3295 3878 essentia,
3348 3825 3489 3886 quae

2001 3919 2125 3961 una
2167 3906 2263 3961 est
2312 3919 2400 3973 re,
2444 3900 2684 3962 habens
2728 3901 2793 3963 in
2837 3920 2903 3963 se
2948 3902 3489 3984 multiplicitatem

1997 3997 2448 4059 attributorum
2480 3998 2918 4061 differentium
2953 4000 3229 4078 ratione3
3268 4000 3488 4083 sicque

1998 4097 2275 4158 essentia
2342 4096 2462 4158 sub
2526 4097 2793 4159 diversis
2862 4099 3214 4160 rationibus
3286 4106 3492 4182 potest

387 4197 750 4258 secundum
782 4196 1155 4258 relationem
1189 4197 1298 4259 Dei
1329 4197 1406 4258 ad
1439 4205 1778 4267 creaturas,
1805 4199 1893 4259 in·
1921 4206 1969 4267 D
2001 4195 2384 4256 considerari
2425 4203 2487 4256 et
2529 4196 2971 4277 multipliciter
3012 4198 3348 4260 nominari.
3386 4199 3491 4262 Se-

387 4295 602 4375 deque
642 4294 934 4356 oriuntur
975 4294 1234 4356 nomina
1276 4295 1686 4377 importantia
1715 4296 1890 4357 habi-

389 4394 684 4456 tudinem
716 4394 828 4456 Dei
859 4394 938 4456 ad
980 4401 1320 4467 creaturas,
1357 4401 1424 4455 ut
1458 4403 1720 4465 creator,
1755 4415 1886 4468 rex,

385 4494 714 4568 domium,
740 4493 959 4574 judex,
999 4491 1332 4573 legislator.
1362 4494 1651 4555 Secundo
1683 4493 1893 4554 multi-

389 4592 648 4673 plicitas
680 4592 1014 4665 nominum
1049 4598 1254 4672 potest
1287 4591 1574 4654 accidere
1607 4611 1681 4652 ex
1715 4601 1892 4674 parte

391 4690 506 4751 rei.
541 4691 612 4752 In
647 4690 774 4752 Deo
804 4697 1018 4750 autem
1052 4706 1180 4751 non
1210 4697 1307 4751 est
1348 4690 1533 4752 realis
1565 4690 1892 4753 distinctio

392 4788 522 4848 nisi
555 4807 995 4869 personarum,
1031 4788 1200 4850 unde
1241 4787 1553 4869 contingit
1585 4789 1892 4871 multipli-

393 4885 554 4946 citas
605 4887 941 4947 nominum
1003 4885 1438 4966 personalium
1489 4905 1560 4947 ac
1612 4887 1894 4949 notiona-

393 4983 556 5044 lium
609 5001 723 5045 seu
775 4983 1174 5045 relationum.
1211 4984 1440 5046 Praeter
1489 4983 1642 5058 haec,
1683 4991 1778 5046 est
1827 4985 1892 5046 in

395 5081 530 5144 Deo
566 5081 896 5143 distinctio
937 5081 1255 5143 rationum
1295 5100 1438 5162 quae
1469 5101 1616 5144 vere
1659 5083 1723 5143 in
1754 5083 1893 5164 ipso

391 5187 570 5252 sunt,
621 5187 692 5241 ut
741 5180 901 5241 ratio
949 5179 1274 5253 bonitatis,
1328 5179 1487 5241 ratio
1540 5180 1890 5262 sapientiai,

393 5283 524 5337 etc.
562 5294 576 5337 :
609 5296 750 5358 quae
779 5277 996 5340 omnia
1035 5276 1098 5338 in
1130 5278 1258 5340 Deo
1297 5285 1448 5340 sunt
1477 5297 1676 5340 unum
1711 5297 1797 5352 re,
1831 5287 1896 5341 et

2001 4293 2282 4353 cundum
2344 4294 2512 4374 quod
2572 4294 3008 4356 consideratur
3068 4295 3133 4356 in
3193 4296 3341 4370 Deo,
3397 4304 3494 4358 est

2004 4409 2272 4472 persona
2306 4409 2319 4452 :
2354 4411 2683 4473 quumque
2720 4400 2844 4454 tres
2877 4412 3161 4474 personae
3193 4395 3496 4457 differant

2003 4509 2090 4563 re,
2125 4490 2476 4571 significari
2509 4491 2745 4554 habent
2775 4492 3091 4554 distinctis
3124 4493 3493 4556 nominibus

2002 4588 2520 4669 significantibus
2559 4609 2657 4650 res
2688 4590 3039 4654 distinctas.
3077 4593 3359 4655 Tertium
3398 4601 3495 4655 est

2002 4688 2196 4750 notio.
2248 4688 2322 4748 Et
2372 4688 2661 4750 notiones
2713 4688 2877 4750 inter
2926 4709 2993 4752 se
3042 4691 3351 4753 differunt
3400 4711 3488 4765 re,

2002 4804 2128 4849 non
2168 4785 2445 4847 essentia
2478 4803 2491 4847 ε
2528 4786 2668 4848 ideo
2698 4787 2998 4850 distincta
3036 4790 3297 4851 nomina
3326 4807 3493 4851 com-

2001 4893 2228 4966 petunt
2266 4884 2377 4946 eis,
2420 4883 2561 4946 Alio
2610 4886 2797 4948 modo
2846 4887 3281 4948 consideratur
3328 4889 3492 4949 Deus

2002 5002 2115 5064 per
2145 4991 2509 5064 respectum
2539 4983 2615 5045 ad
2650 4991 2988 5057 creaturas,
3022 4993 3085 5046 et
3114 4986 3207 5047 sie
3238 5003 3491 5067 quoque

2001 5081 2251 5142 diversa
2299 5081 2559 5143 nomina
2598 5083 2657 5144 ei
2698 5082 3108 5156 conveniunt,
3152 5083 3320 5145 sicut
3356 5083 3490 5163 jam

2003 5180 2225 5261 patuit.
2262 5180 2404 5242 Haec
2447 5181 2684 5242 Petrus,

2082 5278 2255 5340 Idem
2295 5278 2680 5359 Richardus;
2719 5288 2781 5342 et
2810 5281 2984 5343 addit
3018 5299 3032 5344 ε
3066 5281 3367 5356 Quamvis
3397 5282 3491 5344 di·
