4359 6250
587 1870 694 1926 Sap.
711 1883 738 1921 i,
759 1873 822 1913 ¹3.

865 483 984 554 474
1475 507 1540 554 IN
1580 505 1802 552 mentm
1843 505 1863 550 1
1905 503 2387 552 εεΝτΕΝτιΑιιυΜ.
2433 520 2514 532 -
2554 502 2707 548 ms‘r.
2753 501 3029 566 xxxvm3
3072 503 3295 558 Quffisr.
3341 501 3362 547 1

1183 798 1654 874 QUAESTIO
1720 798 2051 862 PRIMA

1023 1065 1154 1128 Odo
1184 1065 1510 1146 quaeritur,
1543 1063 1673 1130 An
1707 1063 2042 1130 scientia
2071 1063 2215 1129 Dei
2253 1065 2363 1129 sit

1050 1179 1290 1232 causa
1329 1179 1620 1244 rerum,
1659 1164 1795 1229 vel
1837 1177 2289 1230 econverso,

947 1265 1211 1329 Videtur
1256 1265 1426 1347 quod
1478 1263 1742 1325 scientia
1795 1281 1906 1324 seu
1964 1262 2362 1345 praescientia

864 1363 975 1425 Dei
1009 1382 1135 1426 non
1175 1363 1488 1448 sit-causa
1529 1381 1760 1424 rerum.
1796 1362 2026 1434 Prim0‚
2061 1361 2213 1444 quia
2253 1380 2361 1423 ne·

864 1481 1039 1525 cesse
1089 1469 1256 1524 esset
1305 1468 1534 1523 cuncta
1583 1460 1873 1542 praescita
1918 1460 2224 1522 accidere.
2282 1496 2363 1505 —

861 1561 1044 1634 Item,
1090 1567 1462 1643 sequeretur
1503 1561 1670 1642 quod
1724 1579 1912 1621 causa
1961 1566 2127 1620 esset
2171 1558 2363 1620 malo-

865 1680 1008 1722 rum
1047 1667 1108 1722 et
1150 1658 1580 1741 privationum
1624 1657 2042 1739 omniumque
2082 1657 2363 1720 defectu-

867 1779 999 1832 um,
1033 1760 1162 1821 imo
1191 1766 1255 1820 et
1286 1758 1529 1832 mortiS,
1563 1777 1761 1839 quum
1795 1764 2005 1818 tamen
2047 1758 2359 1839 scriptum

2386 673 2440 738 A
2474 683 2766 758 respectu
2794 675 3211 751 futuritionis,
3247 674 3398 759 quia
3435 672 3761 738 concernit·
3798 671 3975 734 futu-

2472 774 2604 856 ra);
2649 782 2711 836 et
2752 775 3103 837 antecessio
3146 775 3211 837 in
3256 774 3513 837 nomine
3556 771 3977 854 praescientiae

2472 873 2818 955 designata,
2870 883 2965 936 est.
3015 873 3351 946 aeternaliS‚
3403 873 3513 935 sed
3563 891 3709 934 cum
3758 889 3978 953 respe-

2473 979 2577 1033 ctu
2627 973 2705 1034 ad
2758 972 3125 1054 temporale.
3177 1008 3257 1017 -—
3306 971 3368 1034 Si
3416 989 3567 1052 ergo
3608 971 3701 1032 sic
3748 988 3977 1050 argua-

2472 1078 2576 1132 tur
2608 1091 2623 1136 :
2657 1072 2861 1145 Quum
2896 1071 3185 1133 futurum
3225 1071 3458 1133 accidit
3498 1089 3608 1132 seu
3642 1069 3975 1150 impletur,

2471 1172 2637 1233 Deus
2668 1171 2898 1233 desinit
2932 1170 3085 1232 illud
3119 1170 3435 1252 praescire‚
3459 1187 3609 1250 ergo
3638 1167 3981 1250 praescien-

2470 1270 2559 1332 tia
2589 1270 2699 1332 Dei
2732 1271 2996 1332 desinit:
3022 1287 3148 1332 non
3181 1275 3275 1331 est
3304 1286 3456 1349 ergo
3482 1275 3736 1340 aeterna,
3767 1286 3979 1349 quum

2472 1377 2779 1432 aeternum
2825 1368 3199 1432 invariabile
3240 1368 3324 1430 sit
3366 1386 3483 1430 nec
3522 1366 3764 1430 desinat
3806 1383 3973 1428 esse.

2472 1468 2847 1542 Dicendum,
2882 1469 3051 1551 quod
3084 1468 3249 1530 sicut
3279 1468 3446 1530 Deus
3483 1467 3677 1548 coepit
3704 1485 3781 1528 ex
3813 1474 3981 1527 tem-

2472 1582 2626 1647 pore
2677 1565 2804 1629 diei
2854 1566 3212 1629 dominator
3252 1573 3313 1628 et
3356 1564 3549 1644 hujus
3592 1563 3680 1626 rei
3725 1571 3982 1626 creator

2472 1664 2711 1746 absque
2755 1664 2855 1726 sui
2895 1663 3245 1726 mutatione
3289 1682 3403 1745 per
3434 1663 3849 1724 mutationem
3885 1661 3979 1724 sa-

2475 1771 2641 1825 etam
2716 1764 2778 1825 in
2839 1763 3050 1838 rebus,
3112 1764 3205 1825 sic
3263 1762 3400 1825 sine
3458 1763 3554 1825 sui
3622 1761 3979 1824 variatione

867 1859 948 1920 sit
983 1877 996 1922 :
1030 1859 1196 1921 Deus
1237 1864 1505 1919 mortem
1548 1875 1672 1919 non
1715 1856 1884 1918 lecit..
1920 1856 2147 1919 Omnia
2184 1856 2356 1930 enirn
2396 1859 2443 1922 B
2474 1863 2707 1925 desinit
2746 1882 2878 1924 rem
2921 1863 3215 1944 praescire
3256 1881 3333 1924 ex
3374 1862 3463 1924 rei
3504 1868 3731 1924 eventu
3770 1869 3831 1922 et
3877 1879 3982 1922 va-

870 1959 988 2020 ista
1019 1957 1368 2020 clarissime
1410 1956 1529 2018 scit
1558 1962 1620 2017 et
1653 1955 1924 2038 praescit.
1958 1991 2038 2000 —
2069 1956 2355 2037 Insuper,

866 2057 1032 2118 sicut
1063 2056 1128 2116 in
1162 2062 1333 2117 textu
1365 2054 1649 2126 habetur,
1683 2054 1982 2134 Origenes
2012 2053 2235 2114 scribit
2266 2073 2361 2114 su-

867 2174 981 2236 per
999 2155 1346 2237 Epistolam
1376 2155 1454 2216 ad
1481 2155 1790 2216 Romanos
1822 2170 1835 2215 :
1864 2152 1998 2214 Nou
2035 2152 2174 2214 ideo
2206 2153 2359 2234 quid

865 2254 1154 2316 futurum
1199 2260 1314 2326 est,
1357 2253 1656 2334 quoniam
1704 2252 1869 2314 Deus
1919 2250 2076 2313 illud
2128 2270 2363 2332 praeco-

864 2352 1153 2434 gnoscit3
1186 2352 1294 2414 sed
1335 2350 1486 2433 quia
1526 2350 1810 2412 futurum
1851 2358 1966 2423 est,
2013 2350 2153 2411 ideo
2198 2349 2360 2412 Deus
2402 2389 2409 2398 -

865 2450 984 2513 scit
1025 2450 1181 2512 illud
1220 2468 1359 2512 esse
1398 2448 1706 2511 fut-urum.
1748 2484 1829 2494 -—
1867 2449 2128 2520 Rursus,
2171 2467 2361 2509 causa

862 2559 959 2613 est
999 2551 1076 2612 ad
1123 2549 1307 2630 cujus
1350 2567 1489 2611 esse
1533 2547 1822 2629 sequitur
1863 2547 2054 2609 aliud.
2100 2547 2164 2609 Si
2210 2565 2359 2627 ergo

863 2647 1130 2712 scientia
1167 2654 1276 2708 aut
1314 2645 1711 2728 praescientia
1748 2645 1861 2707 Dei
1901 2664 2090 2706 causa
2130 2652 2227 2706 est
2270 2663 2363 2706 re-

865 2767 1030 2818 rum,
1072 2754 1375 2829 sequetur
1406 2763 1420 2807 :
1455 2745 1582 2808 Hoc
1621 2745 1787 2806 Deus
1826 2742 2167 2825 praescivit,
2212 2761 2361 2824 ergo

866 2846 1220 2908 certissime
1269 2851 1364 2906 est
1422 2845 1734 2917 futurum,
1785 2861 1913 2905 non
1965 2841 2157 2923 igitur
2207 2860 2358 2905 con-

865 2945 1200 3025 tingenter.

948 3141 1128 3205 Circa
1169 3142 1302 3203 haec
1344 3140 1546 3201 multa
1583 3138 1810 3221 quaerit
1848 3145 1909 3200 et
1949 3138 2167 3200 scribit
2211 3137 2360 3199 irre-

865 3241 1192 3323 fragabilis
1229 3241 1478 3313 Doctor,
1522 3238 1816 3301 videlicet
1853 3256 1866 3299 :
1901 3257 1978 3299 an
2023 3236 2359 3319 praeseien-

864 3342 953 3403 tia
999 3340 1109 3402 Dei
1159 3339 1242 3401 sit
1288 3347 1521 3401 aeterna
1571 3336 1669 3399 vel
1718 3336 2106 3418 temporalia,
2149 3354 2226 3397 an
2278 3336 2360 3397 sit

867 3458 1058 3502 causa
1100 3456 1336 3511 rerum,
1382 3454 1463 3498 an
1512 3435 1594 3498 sit
1643 3442 1896 3496 causata
1940 3452 1977 3495 a
2019 3433 2232 3507 rebuS‚
2279 3453 2357 3495 an

867 3537 1098 3601 inferat
1150 3536 1340 3599 rebus
1394 3534 1859 3606 necessitatem,
1910 3551 1990 3595 an
2039 3540 2162 3595 stet
2212 3551 2359 3593 cum

867 3637 1070 3700 libero
1108 3634 1392 3709 arbitrio,
1439 3652 1517 3696 an
1563 3634 1646 3694 sit
1686 3631 2064 3694 infallibilis.

947 3737 1161 3817 ltaque
1210 3734 1287 3796 de
1337 3734 1478 3807 hoc,
1525 3732 1620 3795 An
1665 3732 1745 3792 sit
1792 3738 2046 3803 aeterna,
2102 3748 2360 3811 respon-

867 3838 972 3899 det
1004 3854 1019 3897 :
1053 3834 1348 3908 Quaedam
1380 3832 1682 3894 dicuntur
1711 3830 1788 3893 de
1821 3848 1888 3891 re
1918 3836 2173 3901 aeterna,
2209 3835 2362 3909 puta

864 3936 943 3998 de-
973 3936 1122 4008 De0,
1156 3933 1294 3995 sine
1325 3931 1645 4014 principio
1673 3939 1738 3992 et
1765 3930 1904 3992 sine
1936 3929 2089 4001 fine,
2123 3935 2192 3990 ut
2221 3946 2361 3989 esse

867 4037 1129 4109 bonum,
1172 4033 1442 4115 justum,
1489 4030 1882 4112 sapientem3
1922 4027 2212 4111 quaedam
2256 4044 2361 4087 ve-

866 4153 936 4198 ro
985 4153 1132 4195 cum
1183 4129 1504 4214 principio
1545 4136 1608 4191 et
1656 4147 1803 4190 cum
1854 4126 2007 4199 fine,
2056 4134 2146 4199 ut,
2194 4127 2360 4188 Deus

2474 1961 2740 2024 riatione
2774 1979 2788 2023 :
2822 1969 2885 2023 et
2924 1962 3044 2025 hoc
3077 1961 3386 2042 contingit
3416 1979 3493 2022 ex
3524 1967 3815 2042 respectu
3858 1971 3977 2021 seu

2474 2061 2777 2122 relatione
2838 2060 3164 2141 designata
3222 2060 3287 2122 in
3347 2059 3767 2142 praescientia,
3828 2077 3981 2140 quae

2473 2177 2593 2220 non
2636 2167 2733 2220 est
2772 2159 2958 2220 realis
2998 2177 3075 2220 ex
3114 2167 3291 2240 parte
3332 2157 3459 2232 Dei,
3493 2157 3602 2219 sed
3644 2165 3973 2218 creaturae.

2471 2257 2869 2320 Prae-scientia
2908 2275 3059 2338 ergo
3089 2265 3399 2339 quantum
3438 2257 3517 2318 ad
3548 2255 3609 2318 id
3642 2256 3811 2337 quod
3850 2263 3975 2328 est,

2471 2355 2852 2418 aeternaliter
2884 2362 3093 2417 manet
3120 2373 3136 2434 ;
3168 2354 3278 2416 sed
3310 2362 3621 2436 quantum
3649 2353 3727 2414 ad
3760 2371 3978 2434 respe-

2473 2461 2647 2515 ctum
2688 2462 3121 2526 connotatum,
3167 2453 3402 2514 desinit
3438 2471 3577 2515 esse
3611 2470 3626 2515 :
3660 2453 3823 2514 sicut
3866 2452 3981 2514 ho-

2474 2570 2576 2614 mo
2622 2560 2793 2614 stans
2840 2551 3032 2626 fixuS,
3073 2552 3316 2633 absque
3356 2552 3455 2613 sui
3495 2551 3844 2613 mutatione
3897 2551 3979 2613 sit

2470 2653 2650 2713 alteri
2710 2651 2967 2713 sinister
3008 2659 3072 2712 et
3123 2652 3360 2712 dexter.
3408 2651 3550 2713 Haec
3592 2649 3973 2712 Alexander.

2550 2749 2665 2822 Qui
2700 2750 2775 2810 de
2806 2751 2948 2816 hoc,
2973 2748 3065 2811 An
3099 2748 3499 2830 praescientia
3528 2748 3637 2810 Dei
3668 2747 3751 2810 sit
3780 2766 3979 2810 causa

2472 2867 2707 2921 rerum,
2742 2848 2831 2909 sic
2865 2846 3088 2909 scribit
3120 2864 3133 2909 :
3167 2847 3712 2920 Quemadmodum
3746 2847 3809 2908 in
3843 2846 3980 2909 Deo

2472 2946 2732 3028 ponitur
2762 2946 3027 3008 scientia
3057 2946 3371 3027 simplicis
3403 2945 3643 3009 notitiae
3672 2953 3735 3007 et
3764 2944 3977 3006 scie-n-

2395 3041 2438 3103 C
2472 3045 2559 3106 tia
2614 3043 3115 3127 approbationiS,
3168 3044 3259 3106 sic
3304 3050 3368 3105 et
3419 3043 3815 3126 praescientia
3861 3044 3983 3105 du-

2470 3144 2724 3226 pliciter
2762 3144 2820 3205 ei
2865 3143 3266 3205 adscribitur.
3312 3144 3529 3225 ltaque
3573 3142 3982 3224 praescientia

2468 3242 2945 3324 approbationis
3000 3242 3141 3323 (seu
3200 3242 3479 3324 practica
3530 3241 3816 3314 scientia,
3870 3242 3979 3303 vel

2472 3341 2740 3403 scientia
2790 3340 3202 3423 beneplaciti)
3246 3348 3455 3423 potest
3501 3348 3719 3403 notare
3760 3358 3832 3402 ac
3881 3340 3983 3403 di-

2471 3458 2615 3501 cere
2660 3458 2917 3501 causam
2960 3446 3253 3521 respectu
3296 3438 3437 3517 ejus
3480 3438 3651 3519 quod
3690 3437 3777 3499 ita
3813 3457 3982 3519 prae-

2470 3537 2703 3599 scitum
2734 3536 3121 3613 est„ratione
3150 3535 3629 3619 approbationis
3662 3534 3981 3597 subintel-

2472 3636 2667 3698 lectae.
2720 3636 2857 3699 Non
2916 3644 3128 3698 autem
3184 3634 3584 3717 praescientia
3638 3634 3757 3695 ista
3810 3634 3979 3698 dicit

2471 3753 2725 3797 causam
2772 3734 3013 3797 ratione
3056 3733 3509 3796 antecessionis
3552 3752 3695 3815 quae.
3738 3732 3982 3797 intelli-

2470 3833 2641 3914 gitur
2682 3840 2745 3895 et
2786 3832 3072 3913 signatur
3113 3851 3228 3914 per
3268 3841 3439 3892 ante.
3487 3830 3675 3894 Porro
3716 3832 3984 3912 praesci-

2470 3932 2643 3993 entia
2690 3931 3003 4012 simplicis
3064 3930 3305 3994 notitiae
3354 3929 3532 3992 nullo
3582 3930 3767 3992 modo
3812 3929 3987 3992 dicit

2472 4048 2728 4092 causam
2780 4028 2921 4109 ejus
2966 4029 3134 4111 quod
3189 4028 3553 4110 praescitum
3597 4036 3711 4090 est.
3756 4063 3837 4072 —
3884 4028 3985 4090 Ex

2472 4128 2571 4190 his
2613 4136 2785 4209 patet
2823 4129 2991 4209 quod
3034 4146 3133 4189 res
3172 4126 3407 4200 futura,
3446 4126 3623 4189 nullo
3662 4127 3848 4189 modo
3895 4128 3988 4191 sit

866 4240 1036 4295 creat
1083 4233 1246 4293 hanc
1295 4230 1610 4305 animam3
1651 4226 1940 4308 quaedam
1990 4243 2136 4285 cum
2188 4224 2359 4305 prin·
2393 4229 2441 4290 D
2473 4244 2663 4289 causa
2704 4225 2987 4287 scientiae
3025 4233 3136 4287 aut
3175 4225 3589 4307 praescientiae
3628 4226 3761 4298 Dei,
3802 4226 3989 4288 sicut

868 4331 1060 4413 cipi0‚
1107 4347 1233 4390 non
1281 4346 1428 4389 cum
1471 4326 1625 4398 sine,
1675 4331 1765 4395 ut,
1811 4323 1976 4385 Deus
2021 4330 2117 4385 est
2162 4321 2360 4383 domi-

867 4436 1066 4491 nator.
1122 4424 1551 4489 Consimiliter
1595 4422 1884 4504 quaedam
1934 4420 2235 4482 dicuntur
2283 4420 2361 4481 de

868 4527 994 4588 Deo
1025 4524 1162 4586 sine
1196 4520 1514 4604 principio
1543 4528 1605 4581 et
1636 4539 1782 4581 eum
1814 4517 1966 4591 sinc,
2000 4519 2166 4579 sicut
2205 4538 2361 4600 pra-.-

867 4624 1031 4686 scire
1073 4622 1243 4706 quod
1287 4620 1474 4682 hodie
1515 4626 1621 4679 aut
1666 4637 1803 4680 cras
1848 4617 1942 4679 fit.
1987 4616 2227 4679 Idcirco
2270 4616 2362 4677 di-

868 4724 1164 4794 cendum,
1196 4720 1365 4803 quod
1400 4717 1794 4800 praescientia
1823 4716 1978 4778 dicit
2007 4716 2157 4798 quid
2191 4723 2365 4779 aeter-

868 4842 1047 4895 num,
1089 4828 1299 4882 tamen
1340 4837 1486 4880 cum
1535 4822 1828 4897 respectu
1872 4816 1946 4876 ad
1995 4815 2356 4895 temporale.

869 4922 975 4983 Est
1015 4936 1164 5000 ergo
1201 4916 1376 4999 loqui
1415 4915 1492 4977 de
1524 4921 1758 4977 aeterno
1799 4913 2085 4975 absolute
2121 4928 2134 4973 :
2169 4920 2232 4974 et
2272 4913 2363 4974 sic

867 5018 1135 5082 scientia
1173 5016 1281 5078 Dei
1319 5022 1418 5076 est
1455 5020 1707 5075 aeterna.
1743 5011 1899 5071 Item
1939 5019 2031 5072 est
2073 5010 2247 5093 loqui
2287 5010 2364 5071 de

869 5127 1104 5182 aeterno
1137 5115 1202 5176 in
1232 5110 1703 5194 comparatione
1733 5128 1844 5171 seu
1877 5116 2166 5190 respectu
2202 5126 2217 5170 z
2252 5108 2368 5169 sic-

869 5236 994 5300 que
1035 5212 1432 5297 praescientia
1469 5209 1580 5273 Dei
1614 5216 1876 5272 vocatur
1911 5215 2146 5270 aeterna
2184 5208 2367 5288 (prae-

871 5314 1139 5379 scientia
1179 5310 1416 5373 etenim
1461 5308 1641 5391 ponit
1692 5325 1829 5369 esse
1874 5308 1940 5369 in
1985 5325 2176 5369 causa
2218 5324 2363 5368 eum

2472 4343 2589 4386 nec
2622 4324 2969 4405 temporale
3000 4323 3237 4386 aeterni.
3278 4323 3353 4385 Et
3384 4322 3677 4405 quamvis
3710 4342 3806 4385 res
3836 4342 3985 4388 cre-

2472 4431 2572 4485 ata
2604 4441 2716 4484 seu
2749 4420 2775 4482 'l'
2780 4429 2983 4493 utura,
3018 4420 3267 4482 dicatur
3296 4439 3487 4482 eausa
3516 4420 3654 4483 sine
3685 4440 3809 4503 qua
3838 4440 3981 4485 non

2474 4521 2756 4583 scientiae
2798 4520 2897 4583 vel
2946 4517 3360 4601 praeseientiae
3401 4519 3538 4593 Dei,
3585 4537 3711 4582 non
3753 4527 3985 4584 tamen

2473 4619 2949 4684 concedendum
2980 4626 3075 4681 est
3105 4616 3394 4679 absolute
3424 4617 3592 4699 quod
3634 4618 3715 4679 sit
3752 4618 3987 4701 aliquo

2475 4719 2661 4781 modo
2704 4737 2893 4779 causa
2922 4716 3163 4790 aeterni,
3198 4734 3317 4778 nec
3358 4734 3471 4797 per
3501 4734 3568 4777 se
3609 4734 3813 4797 neque
3860 4738 3988 4799 per

2474 4816 2766 4879 accidens
2817 4832 2830 4876 :
2880 4814 3182 4896 quoniam
3228 4832 3418 4876 causa
3462 4814 3599 4876 sine
3646 4833 3771 4896 qua
3814 4834 3984 4889 non,

2476 4913 2635 4976 nihil
2677 4913 2847 4974 aliud
2890 4910 3047 4972 dicit
3076 4930 3266 4992 quam
3309 4911 3619 4974 rationem
3660 4914 3991 4977 concomi-

2476 5012 2707 5074 tantiae.
2759 5046 2841 5055 —
2883 5010 3217 5091 Quumque
3261 5009 3499 5071 dicitur
3544 5028 3560 5072 ε
3607 5009 3757 5091 quia
3800 5010 3990 5075 lutu-

2477 5128 2618 5171 rum
2660 5116 2776 5181 est,
2812 5108 2954 5169 ideo
2995 5107 3365 5188 praescitur3
3400 5106 3766 5181 dicendum,
3800 5113 3988 5190 quod

2477 5209 2621 5267 ideo
2660 5224 2785 5267 non
2831 5204 2983 5267 dicit
3027 5204 3119 5266 ibi
3164 5222 3441 5279 causam,
3486 5206 3595 5267 sed
3637 5206 3846 5269 solum
3893 5229 3992 5271 ra-

2476 5305 2716 5368 tionem
2747 5311 2856 5366 aut
2893 5301 3265 5365 relationem
3297 5311 3591 5385 respectu
3629 5304 3770 5385 ejus
3798 5308 3989 5388 quod
