4359 6250
168 1599 229 1628 ..ι
254 1600 320 1635 m,
352 1619 363 1629 .
393 1573 555 1634 Hinc
587 1572 805 1635 Glossa
844 1592 1037 1655 super
1075 1572 1257 1647 illud,
1290 1573 1512 1635 Rectos
1553 1573 1734 1634 decet
1763 1572 1887 1635 col-

563 514 861 575 QUALITER
902 517 977 565 m·
1018 516 1081 565 IN
1122 516 1336 574 QUIBUS
1379 516 1583 563 Possrr
1620 516 1931 563 VOLUNTAS
1972 516 2235 565 HUMANA
2276 516 2501 564 DIVINAE
2540 516 2876 565 vomitum
2919 516 3306 564 CONFORMARI
3365 495 3485 563 653

388 698 484 753 tas
535 690 796 753 rationis
844 697 907 751 et
956 688 1419 767 sensualitatis3
1450 695 1513 751 et
1561 688 1884 750 voluntate
1916 687 1967 748 A
2077 688 2402 763 Praeterea,
2440 689 2608 771 quod
2659 688 2977 770 possimus
3028 687 3190 751 velle
3239 686 3492 770 opposi-

388 789 654 851 rationis
694 796 987 850 tenemur
1018 786 1180 849 velle
1209 786 1380 869 quod
1414 787 1652 849 scimus
1685 786 1883 848 Deum
2002 794 2136 847 tum
2188 786 2328 866 ejus
2376 787 2547 868 quod
2595 788 2834 849 scimus
2883 788 3082 849 Deum
3132 786 3316 859 velle,
3351 803 3494 867 pro·

388 886 577 959 velle,
622 905 750 949 nou
800 894 1013 947 autem
1063 885 1385 947 voluntate
1432 884 1879 947 sensualitatis
2000 884 2539 965 baturtquoniam
2575 884 2940 947 beatissima
2969 893 3032 946 et
3059 884 3500 947 sacrosanctis-

388 986 624 1048 -Alii
675 985 918 1059 dicunt,
954 984 1126 1066 quod
1173 984 1464 1046 voluntas
1512 983 1729 1045 divina
1776 1002 1885 1065 po·
2000 983 2161 1044 sima
2211 982 2387 1063 virgo
2443 982 2635 1045 Maria
2691 983 2946 1045 nolebat
3004 982 3494 1045 dilectissimum

386 1090 511 1144 test
570 1083 887 1164 respicere
947 1083 1265 1145 volentem
1323 1101 1435 1144 seu
1492 1081 1883 1143 voluntatem
2000 1080 2230 1142 Filium
2282 1101 2469 1143 suum
2521 1082 2646 1163 pati
2697 1090 2760 1143 et
2809 1080 3125 1161 crucifigi,
3171 1087 3231 1143 et.
3281 1088 3494 1143 tamen

390 1199 620 1255 meam,
636 1182 735 1243 vel
765 1182 1054 1243 volitum.
1076 1181 1317 1243 Teneor
1344 1198 1493 1260 ergo
1521 1180 1685 1241 velle
1716 1179 1885 1261 quod
2000 1177 2292 1256 cognovit
2328 1177 2497 1258 quod
2529 1180 2692 1241 Deus
2731 1178 2912 1239 Pater
2940 1177 3143 1239 voluit
3177 1176 3356 1238 illud.
3393 1175 3494 1238 Sic

390 1278 527 1341 scio
558 1280 758 1341 Deum
793 1297 893 1340 me
918 1279 1104 1351 velle,
1131 1279 1216 1340 ita
1246 1285 1316 1339 ut
1344 1278 1637 1340 voluntas
1671 1277 1888 1340 divina
2002 1282 2063 1336 et
2103 1276 2388 1357 Apostoli
2439 1276 2847 1337 tristabantur
2894 1276 2972 1337 de
3019 1283 3216 1337 morte
3268 1275 3491 1357 ipsius,
3521 1291 3786 1345 mamam,

393 1376 693 1458 respiciat
738 1376 1055 1438 volentem
1112 1384 1219 1437 aut
1271 1375 1709 1454 voluntatem3
1760 1394 1885 1437 non
2002 1392 2194 1455 quam
2226 1373 2426 1435 voluit
2466 1374 2650 1435 DeuS.
2688 1374 2974 1437 Christus
3015 1391 3268 1455 quoque
3301 1372 3494 1435 defle·
3519 1356 3665 1463 ”juc-
3699 1433 3766 1461 m

390 1482 607 1536 autem
640 1482 858 1537 teneor
888 1474 1049 1537 velle
1090 1475 1259 1556 quod
1300 1476 1432 1536 scio
1469 1476 1669 1536 Deum
1700 1473 1882 1535 velle.
2003 1472 2092 1534 vit
2120 1474 2490 1547 Jerusalem,
2519 1492 2710 1555 quam
2751 1473 2916 1534 Deus
2954 1473 3133 1535 Pater
3163 1472 3365 1535 voluit
3392 1474 3494 1535 de·
3521 1484 3586 1524 ⁴¹-

2003 1572 2254 1633 vastari.
2303 1608 2384 1617 —
2431 1572 2663 1634 Verum
2718 1572 2795 1633 ad
2855 1572 2976 1635 ista
3023 1580 3086 1634 et
3137 1572 3496 1635 consimilia

394 1672 672 1735 laudatio
724 1690 737 1733 :
790 1672 1090 1753 Congruit
1150 1681 1219 1734 ut.
1276 1692 1696 1755 quaecumque
1753 1672 1892 1733 vult
2003 1670 2262 1751 quidam
2321 1671 2724 1753 respondent,
2778 1671 2948 1752 quod
3004 1671 3169 1733 sicut
3228 1671 3496 1752 ipsemet

392 1771 559 1833 Deus
590 1779 651 1832 te
682 1771 867 1845 velle,
900 1771 1059 1833 velis
1090 1779 1154 1833 et
1193 1779 1281 1833 tu.
1318 1771 1638 1851 Contingit
1675 1778 1887 1831 autem
2005 1769 2290 1831 Christus
2329 1769 2615 1850 appetitu
2657 1769 2928 1830 naturali
2969 1777 3030 1831 et
3059 1770 3366 1833 sensitivo
3405 1789 3499 1832 re-

392 1870 596 1931 Deum
628 1869 791 1931 velle
823 1879 883 1932 te
913 1869 1156 1951 aliquid
1188 1869 1371 1941 velle,
1396 1870 1565 1950 quod
1597 1886 1723 1931 non
1754 1868 1891 1930 vult
1926 1870 1974 1933 B
2005 1866 2288 1947 fugiebat
2348 1875 2641 1941 mortem,
2694 1886 2883 1948 quam
2934 1867 3349 1931 intellectuali
3398 1888 3504 1950 ap-

392 1986 495 2029 me
555 1968 743 2041 velle,
796 1975 866 2030 ut
926 1976 1195 2030 mortem
1257 1968 1455 2050 patris
1513 1967 1659 2029 mei.
1716 1967 1891 2029 Unde

392 2066 687 2147 quamvis
730 2084 846 2148 ego
888 2068 1119 2129 scirem
1170 2068 1373 2129 Deum
1414 2066 1577 2128 velle
1623 2065 1889 2145 aliquid,

393 2182 525 2227 11011
556 2172 767 2225 tamen
799 2165 1001 2227 debeo
1034 2165 1191 2227 illud
1225 2164 1409 2239 velle,
1432 2164 1556 2227 nisi
1590 2170 1894 2244 congruat

397 2262 557 2323 mihi
617 2262 773 2323 illud
824 2263 1008 2325 velle.
1064 2264 1221 2325 Hinc
1282 2263 1452 2346 quod
1500 2262 1633 2323 scio
1693 2264 1892 2324 Deum

396 2360 582 2434 velle,
634 2368 739 2422 aut
791 2360 1082 2441 congruit
1134 2361 1289 2422 mibi
1342 2360 1500 2422 illud
1548 2360 1734 2434 velle,
1786 2367 1895 2421 aut

396 2476 523 2521 non
572 2476 585 2520 :
636 2458 690 2520 si
739 2459 1031 2539 congruit
1082 2458 1264 2532 mibi,
1318 2459 1518 2521 debeo
1567 2466 1629 2521 et
1678 2466 1898 2521 teneor

398 2556 555 2617 illud
601 2556 803 2635 velle3
848 2558 899 2618 si
952 2575 1079 2620 non
1128 2557 1441 2637 congruit,
1483 2575 1608 2619 non
1654 2563 1889 2619 teneor.

477 2654 598 2716 Sed
632 2662 851 2717 contra
880 2655 1015 2717 haec
1046 2654 1242 2735 objici
1284 2662 1489 2737 potest
1516 2656 1713 2738 z-Vera
1743 2654 1897 2715 ami-

398 2752 547 2813 citia
577 2760 675 2815 est
703 2753 923 2815 eadem
958 2754 1119 2815 velle
1161 2761 1223 2815 01
1252 2754 1473 2815 eadem
1509 2752 1699 2815 nolle.
1734 2752 1897 2832 Ergo

397 2851 625 2913 caritas
656 2859 720 2913 et
748 2852 1031 2913 amicitia
1059 2851 1403 2915 voluntatis
1432 2853 1721 2913 humanae
1752 2870 1899 2913 cum

399 2949 547 3023 Dec,
581 2948 916 3031 adstringit
946 2957 1016 3011 ut
1046 2949 1320 3012 velimus
1360 2970 1501 3031 quae
1536 2950 1702 3011 Deus
1734 2949 1891 3022 vult,

2006 1965 2210 2046 petitu
2239 1966 2615 2047 acceptavit,
2650 1966 2738 2028 ita
2766 1966 3109 2029 dicendum
3148 1968 3226 2029 de
3258 1967 3504 2029 Sanctis

2008 2064 2167 2137 istis,
2201 2072 2389 2146 prout
2420 2064 2497 2125 de
2529 2065 2648 2126 hoc
2681 2064 2846 2126 infra
2883 2066 3086 2146 magis
3125 2066 3390 2127 dicetur.
3427 2102 3509 2111 —

2005 2163 2147 2225 Haee
2192 2161 2406 2224 omnia
2450 2163 2820 2225 Alexander.

2086 2362 2173 2423 De
2220 2362 2428 2443 primo
2475 2363 2728 2435 horum,
2761 2361 3059 2424 videlicet
3109 2363 3187 2425 de
3232 2362 3502 2445 possibi-

2007 2459 2179 2521 litate
2240 2459 2760 2523 conformationis
2809 2460 3154 2523 voluntatis
3209 2461 3504 2523 humanm

2007 2576 2153 2619 eum
2205 2558 2440 2631 divina,
2491 2566 2554 2619 et
2602 2559 2678 2620 de
2728 2546 3031 2633 seeundo,
3080 2566 3296 2640 utpote
3346 2558 3501 2641 quid

2006 2655 2087 2716 sit
2119 2654 2530 2717 conformitas
2572 2674 2683 2717 seu
2717 2655 3137 2718 conformatio
3177 2656 3318 2729 ista,
3349 2656 3504 2718 scri-

2007 2752 2101 2814 bit
2142 2753 2411 2815 Thomas
2456 2772 2470 2815 :
2515 2754 2934 2817 conformitas
2984 2763 3078 2817 est
3122 2754 3502 2817 convenien—

2008 2852 2095 2913 tia
2142 2852 2208 2912 in
2254 2871 2379 2913 una
2422 2852 2670 2931 forma3
2716 2852 2938 2934 sicque
2982 2852 3148 2914 idem
3194 2860 3287 2915 est
3332 2851 3501 2934 quod

2007 2950 2383 3022 similitude,
2417 2970 2609 3032 quam
2653 2958 2868 3012 causat
2909 2950 3116 3012 unitas
3155 2950 3500 3033 qualitatiS,

398 3056 459 3109 et
498 3065 628 3109 non
672 3048 945 3110 velimus
986 3068 1127 3131 (111εο
1168 3048 1275 3110 1110
1315 3067 1441 3111 11011
1483 3048 1637 3109 vult.
1674 3047 1896 3109 Dicen-
1933 3049 1976 3113 C
2009 3056 2079 3110 ut
2116 3048 2352 3111 dieitur
2388 3048 2830 3132 Metaphysicae
2874 3050 3116 3132 quinto.
3163 3050 3336 3112 Unde
3384 3049 3503 3111 hoc

399 3146 576 3220 dum,
629 3147 797 3227 quod
857 3166 1080 3209 verum
1141 3155 1237 3209 est
1296 3148 1415 3209 hoc
1476 3147 1540 3208 in
1600 3147 1699 3209 his
1755 3165 1896 3228 quae

399 3245 606 3307 amico
650 3245 947 3308 convenit
986 3246 1169 3308 velle.
1203 3281 1285 3292 --
1314 3246 1390 3306 Et
1428 3246 1481 3308 si
1530 3265 1747 3308 rursus
1786 3244 1896 3308 ob-

395 3343 679 3423 jiciatur,
730 3345 901 3425 quod
962 3345 1188 3406 asserit
1244 3344 1657 3424 Augustinus,
1709 3350 1897 3425 atque

400 3448 775 3522 praetactum
822 3450 918 3503 est
962 3459 975 3504 :
1018 3442 1259 3523 Impius
1308 3449 1403 3504 est
1452 3442 1557 3504 cui
1604 3441 1901 3523 displicet.

400 3539 801 3621 providentia
844 3539 975 3602 Dei.
1011 3540 1173 3620 Ergo
1216 3539 1526 3622 quidquid
1572 3541 1737 3602 Deus
1777 3539 1900 3601 dis-

401 3638 583 3720 ponit
631 3646 694 3699 et
742 3638 1290 3720 providentialiter
1338 3638 1487 3719 agit,
1520 3638 1683 3700 velle
1732 3647 1902 3700 tene-

402 3755 566 3798 mur.
616 3736 991 3810 Dicendum,
1039 3737 1207 3817 quod
1256 3736 1412 3798 illud
1463 3736 1633 3818 quod
1682 3736 1899 3818 displi-

402 3841 524 3908 cet,
586 3841 791 3916 potest
850 3834 1236 3896 considerari
1295 3834 1583 3897 absolute
1640 3835 1775 3897 sive
1838 3834 1901 3896 in

402 3951 493 4005 se,
526 3940 591 3993 et
640 3933 791 3994 item
845 3932 911 3994 in
965 3933 1266 3995 relatione
1310 3933 1388 3994 ad
1435 3933 1903 4015 providentiam

403 4031 535 4093 Dei.
571 4030 781 4093 Primo
822 4032 1009 4094 modo
1050 4031 1542 4101 consideratum,
1578 4038 1783 4113 potest
1824 4032 1903 4092 si-

403 4147 485 4191 110
516 4137 776 4211 peccato
816 4129 1175 4211 displicere,
1212 4148 1339 4192 non
1374 4137 1588 4192 autem
1623 4130 1903 4192 secundo

2010 3149 2198 3211 modo
2255 3148 2495 3230 aliquid
2559 3148 2685 3211 Deo
2745 3148 3199 3222 conformatur,
3261 3166 3386 3230 quo
3443 3147 3501 3210 ei

2008 3247 2412 3309 assimilatur.
2469 3246 2794 3327 Contingit
2844 3255 3058 3309 autem
3115 3247 3330 3328 aliqua
3376 3245 3504 3308 dici

2010 3345 2248 3407 similia
2289 3345 2651 3427 dupliciter.
2693 3345 2924 3418 Primo,
2968 3347 3270 3427 quoniam
3315 3363 3506 3408 unam

2013 3443 2394 3525 participant
2440 3442 2735 3518 formam,
2777 3444 2943 3506 sieut
2994 3444 3120 3506 duo
3163 3443 3288 3506 albi
3334 3442 3506 3504 albe-

2010 3542 2227 3604 dinem
2272 3560 2285 3603 :
2329 3550 2390 3603 et
2439 3542 2531 3602 sic
2579 3559 2768 3604 omne
2817 3541 3028 3603 simile
3075 3548 3320 3623 oportet
3366 3559 3506 3602 esse

2011 3639 2438 3721 compositum
2486 3659 2564 3701 ex
2607 3658 2682 3701 eo
2731 3639 2798 3701 in
2841 3657 2970 3720 quo
3011 3638 3306 3702 convenit
3355 3658 3505 3700 cum

2009 3737 2134 3800 alio
2172 3737 2392 3812 simili,
2425 3746 2612 3819 atque
2655 3755 2732 3798 ex
2775 3755 2850 3799 eo
2893 3737 2959 3798 in
2999 3754 3127 3818 quo
3164 3735 3382 3798 differt
3424 3737 3506 3798 ab

2012 3834 2141 3908 illo,
2186 3854 2388 3916 quum
2437 3833 2790 3896 similitudo
2838 3851 2963 3896 non
3015 3834 3098 3896 sit
3145 3833 3268 3895 nisi
3319 3833 3508 3896 diffe-

2012 3933 2313 4006 rentium,
2366 3931 2716 3994 secundum
2769 3931 3100 4010 Boetium3
3147 3930 3366 4014 sicque
3416 3933 3510 3994 nil

2014 4038 2221 4114 potest
2251 4049 2389 4092 esse
2419 4028 2650 4104 simile,
2685 4028 3014 4104 differenS,
3044 4029 3370 4093 conforme
3400 4038 3511 4092 aut

2014 4129 2399 4192 conveniens
2459 4126 2607 4200 Dee,
2660 4134 2729 4188 ut
2788 4126 3154 4209 frequenter
3211 4127 3512 4190 dixerunt

406 4229 612 4291 modo.
656 4229 873 4310 ltaque
925 4229 1312 4290 eontrarium
1361 4227 1503 4308 ejus
1552 4229 1721 4310 quod
1770 4229 1904 4291 scio
1933 4233 1983 4296 D
2016 4225 2399 4310 philosophi.
2439 4225 2750 4298 Secundo,
2793 4245 2870 4288 ex
2919 4226 3040 4289 1100
3088 4225 3258 4307 quod
3309 4244 3509 4287 unum

405 4327 607 4388 Deum
635 4325 821 4398 velle,
856 4332 1063 4407 potest
1098 4326 1336 4387 attendi
1379 4326 1739 4408 dupliciter.
1774 4327 1905 4388 Pri-

408 4442 533 4499 mo,
574 4443 652 4485 ex
700 4431 876 4505 parte
926 4423 1106 4485 voliti
1158 4431 1440 4502 tantum3
1492 4425 1709 4506 sicque
1762 4443 1903 4506 pos-

406 4541 547 4585 sum
577 4522 740 4583 velle
772 4523 1153 4583 contrarium
1186 4522 1319 4602 ejus
1350 4523 1511 4604 quod
1542 4523 1677 4584 scio
1708 4522 1904 4584 Deum

406 4620 571 4682 velle
614 4636 628 4680 :
673 4626 741 4681 ut
788 4619 841 4681 si
890 4621 1118 4682 scirem
1170 4621 1372 4682 Deum
1421 4621 1581 4682 velle
1634 4629 1902 4683 mortem

407 4717 605 4800 patris
655 4717 801 4790 mei,
836 4735 1089 4798 possem
1134 4719 1297 4781 velle
1344 4718 1537 4781 vitam
1584 4718 1809 4800 ipsiuS,
1842 4727 1905 4780 et

409 4816 693 4878 laborare
742 4822 813 4876 ut
860 4824 1135 4878 curetur.
1173 4817 1463 4879 Secundo
1510 4817 1749 4878 attendi
1800 4836 1905 4899 po-

408 4921 531 4976 test
563 4914 973 4976 contrarietas
1014 4915 1135 4976 ista
1173 4933 1249 4976 ex
1286 4924 1461 4997 parte
1503 4914 1811 4992 volentis3
1844 4923 1904 4976 et

407 5013 495 5075 ita
525 5030 657 5075 non
696 5012 897 5074 debeo
931 5030 944 5074 ε
979 5013 1129 5095 quia
1167 5031 1295 5076 non
1334 5013 1536 5074 debeo
1565 5013 1729 5074 velle
1763 5030 1907 5074 con-

406 5113 675 5174 trarium
724 5111 865 5191 ejus
914 5111 1085 5192 quod
1134 5113 1268 5174 scio
1318 5111 1515 5172 Deum
1566 5129 1668 5172 me
1718 5111 1900 5173 velle.

406 5213 573 5275 Deus
620 5218 833 5273 autem
888 5228 1015 5273 non
1065 5211 1204 5273 vult
1263 5229 1362 5272 me
1413 5210 1575 5272 velle
1638 5216 1905 5272 mortem

408 5310 607 5396 patris
652 5311 798 5372 mei.

2016 4325 2206 4387 habet
2265 4324 2717 4406 participanter
2766 4323 2830 4385 id
2889 4325 3057 4405 quod
3115 4325 3274 4387 alter
3323 4323 3513 4386 habet

2014 4423 2435 4485 essentialiter
2468 4439 2483 4483 :
2515 4430 2578 4483 et.
2607 4421 2698 4483 sic
2731 4422 3023 4484 voluntas
3064 4430 3272 4485 creata
3307 4429 3514 4504 potest

2013 4541 2149 4584 esse
2193 4521 2539 4584 conformis
2579 4520 2888 4583 voluntati
2933 4521 3202 4601 divinae3
3236 4540 3354 4585 nee
3394 4521 3512 4583 ista

2014 4619 2433 4682 conformatio
2463 4619 2526 4680 in
2558 4627 2828 4700 utroque
2860 4620 3387 4702 compositionem
3419 4639 3512 4680 re-

2013 4717 2226 4799 quirit..
2273 4717 2721 4779 Verumtamen
2771 4717 3183 4780 conformitas
3233 4717 3350 4778 ista
3399 4735 3508 4798 po-

2014 4823 2133 4879 test
2163 4815 2505 4897 dupliciter
2536 4815 2824 4896 intelligi.
2860 4815 3090 4889 Primo,
3123 4815 3200 4876 de
3233 4814 3371 4895 ipsa
3400 4833 3508 4896 po-

2013 4915 2209 4978 tentia
2247 4913 2611 4985 voluntatiS‚
2645 4932 2787 4994 quae
2825 4913 2967 4974 data
3005 4920 3101 4974 est
3137 4912 3384 4974 homini
3425 4913 3505 4974 ad

2014 5012 2337 5094 exemplar
2376 5010 2718 5073 voluntatis
2758 5010 3011 5084 divinae,
3045 5029 3186 5091 (111εο
3229 5009 3506 5090 pertinet

2014 5112 2092 5174 ad
2138 5109 2650 5183 similitudinem,
2703 5109 2766 5170 in
2824 5127 2950 5190 qua
3003 5108 3161 5170 ratio
3211 5109 3504 5170 consistit

2018 5209 2309 5289 imaginis
2344 5225 2357 5269 :
2388 5227 2530 5290 (111εο
2560 5207 2768 5288 imago
2799 5205 3158 5268 eommunis
3188 5213 3286 5288 051
3317 5206 3501 5268 bonis

2016 5325 2089 5368 ac
2133 5304 2335 5366 malis.
2369 5305 2456 5366 De
2502 5324 2628 5386 qua
2676 5322 2803 5367 non
2849 5303 3197 5387 quaerimus
3240 5304 3363 5366 hic.
3399 5304 3504 5368 Se-
