4359 6250
857 473 938 538 58
1485 498 1550 543 IN
1592 497 1814 542 mnam!
1854 497 1875 542 1
1919 494 2403 540 SENTENTIARCM.
2448 513 2529 522 -
2570 495 2721 540 ms'r.
2770 495 2938 551 xv113
2983 495 3206 551 QUAEST.
3254 497 3316 542 lx

857 667 1010 729 niali
1053 669 1118 729 in
1159 668 1523 749 purgatorio
1561 667 1887 748 expietur3
1921 684 2037 727 nec
2071 665 2351 726 remitte·
2380 662 2431 724 A
2458 663 2615 727 Nam
2646 664 2811 727 sicut
2850 666 3170 728 voluntate
3209 666 3473 729 omnino
3507 684 3727 728 aversa
3755 685 3793 728 a
3820 667 3951 728 Deo

855 774 960 827 tur
1003 767 1124 827 nisi
1175 767 1370 830 fuerit
1419 767 1765 848 expiatum,
1805 765 1928 827 nisi
1975 763 2350 846 poenitentia

857 865 1045 946 plena
1085 885 1199 946 pro
1239 866 1378 947 ipso
1421 873 1657 946 agatur.
1695 864 2045 938 Quen-rimus
2085 881 2235 944 ergo
2268 882 2346 924 an

854 963 1054 1044 gratia
1095 985 1236 1046 quae
1282 967 1344 1026 in
1389 965 1500 1027 illo
1542 963 1664 1025 fuit
1706 982 1820 1045 per
1863 962 2109 1024 veniale
2153 961 2351 1023 mino-

855 1071 1008 1136 rata,
1052 1073 1403 1125 revertatur
1437 1064 1513 1125 ad
1556 1062 1890 1144 pristinam
1929 1061 2347 1142 quantitatem

854 1180 965 1222 seu
1015 1161 1457 1231 intensionem,
1493 1180 1569 1223 an
1618 1179 1763 1222 non.
1801 1160 1862 1220 Si
1909 1158 2022 1227 sic,
2059 1177 2209 1239 ergo
2260 1177 2352 1218 re-

852 1268 1087 1340 surget,
1151 1269 1212 1321 et
1278 1262 1340 1322 in
1408 1260 1652 1341 judicio
1720 1258 2051 1340 apparebit
2125 1258 2350 1320 melior

850 1378 1042 1439 quam
1085 1359 1236 1421 hinc
1280 1359 1550 1422 decessit
1597 1377 1608 1420 :
1657 1359 1786 1420 imo
1828 1367 1891 1420 et
1939 1357 2030 1418 sic
2083 1357 2146 1418 in
2202 1376 2349 1438 pur-

849 1458 1092 1536 gatorio
1121 1459 1239 1520 erit
1284 1459 1458 1521 locus
1503 1457 1810 1530 merendi,
1843 1456 1994 1537 quia
2035 1473 2151 1538 pro
2181 1463 2347 1516 statu

850 1575 966 1618 suo
1008 1575 1198 1637 quem
1242 1557 1307 1619 in
1357 1556 1720 1638 purgatorio
1765 1575 1875 1636 per
1915 1554 2345 1634 expiationem

850 1655 1211 1735 acquisivit,
1259 1655 1458 1734 major
1500 1655 1700 1733 gloria
1742 1655 1797 1716 ei
1845 1653 2111 1714 debetur
2153 1671 2345 1732 quam

853 1771 967 1834 pro
998 1761 1160 1814 statu
1196 1753 1260 1814 in
1293 1771 1422 1833 quo
1451 1752 1752 1820 decessit:
1785 1759 1845 1812 et
1887 1751 2053 1810 sicut.
2084 1758 2341 1811 auctum

2460 764 2891 845 corrumpitur
2940 764 3186 838 caritaS,
3232 766 3323 826 sic
3373 766 3624 827 videtur
3676 765 3953 827 diminui

2460 862 2782 924 voluntate
2826 864 3055 944 partim
3096 883 3315 925 aversa
3356 883 3470 945 per
3498 864 3805 926 affectum
3846 864 3961 924 ali-

2460 960 2726 1041 qualiter
2760 961 3181 1023 inordinatum
3212 962 3381 1023 circa
3410 970 3629 1035 creata,
3650 981 3763 1043 per
3794 961 3963 1043 quod

2461 1061 2812 1121 retardatur
2842 1079 2877 1120 a
2910 1061 3015 1122 Dei
3049 1079 3283 1126 amore,
3304 1069 3362 1121 et
3398 1061 3611 1122 minus
3640 1061 3717 1122 ad
3751 1061 3965 1141 ipsum

2458 1157 2761 1220 afficitur.
2798 1158 3110 1240 Amplius,
3146 1159 3358 1221 fervor
3400 1159 3641 1240 peccati
3690 1158 3965 1221 venialis

2463 1256 2693 1318 minuit
2745 1257 3024 1319 caritatis
3070 1258 3407 1320 fervorem.
3444 1258 3562 1319 Sed
3609 1257 3823 1320 fervor
3860 1277 3965 1320 ac-

2458 1365 2560 1417 tus
2610 1374 2737 1419 non
2786 1357 3097 1418 minuitur
3139 1357 3263 1418 nisi
3309 1357 3735 1418 diminutione
3783 1356 3963 1418 habi—

2460 1463 2581 1523 tus,
2646 1455 2946 1536 quoniam
3004 1465 3181 1517 actus
3240 1464 3337 1516 est
3396 1455 3957 1536 proportionabilis

2458 1553 2702 1615 habitui
2748 1571 2762 1614 :
2808 1554 2975 1615 unde
3026 1554 3227 1633 maj0r
3275 1553 3560 1615 caliditas
3604 1553 3957 1616 ferventius

2460 1651 2767 1714 calefacit.
2804 1653 3033 1732 Sicque
3075 1653 3301 1714 caritas
3342 1672 3457 1735 per
3496 1653 3743 1715 veniale
3786 1653 3957 1714 vide-

2460 1755 2563 1808 tur
2592 1749 2889 1816 diminui,
2927 1750 3275 1830 praesertim
3307 1751 3609 1832 quoniam
3637 1752 3735 1833 (ut
3764 1771 3957 1833 appa-

851 1860 945 1912 est
993 1851 1347 1931 praemium‚
1402 1851 1488 1912 ita
1535 1859 1592 1911 et
1647 1850 1965 1910 meritum.
2016 1848 2078 1910 Si
2131 1857 2343 1909 autem
2386 1849 2431 1910 B
2462 1847 2582 1926 ret)
2611 1866 2687 1908 ex
2737 1846 2985 1908 actibus
3040 1849 3254 1910 multis
3304 1849 3649 1912 venialium
3700 1869 3958 1930 genera-

851 1950 1086 2011 veniali
1119 1950 1210 2011 sic
1250 1949 1523 2030 expiato,
1559 1967 1683 2011 non
1727 1947 2085 2009 restituitur
2113 1946 2172 2008 ei
2214 1965 2347 2027 gra-

850 2048 938 2109 tia
988 2067 1102 2131 per
1152 2055 1482 2129 peccatum
1534 2047 1691 2109 illud
1742 2048 2040 2119 detracta,
2081 2045 2348 2126 punitur

853 2165 968 2228 pro
1009 2148 1228 2208 eadem
1275 2147 1462 2227 culpa
1507 2146 1604 2207 bis
1657 2147 1720 2206 in
1770 2145 1832 2206 id
1882 2145 2089 2226 ipsum
2136 2161 2149 2205 :
2196 2144 2348 2225 quia

853 2245 1118 2326 punitur
1179 2245 1316 2325 ipsa
1382 2245 1769 2306 detractione
1838 2241 2345 2305 diminutioneve

849 2344 1086 2422 gratiae.
1135 2352 1196 2406 et
1248 2363 1434 2425 poena
1482 2363 1592 2404 seu
1653 2342 2028 2424 poenitentia
2075 2341 2140 2402 in
2203 2360 2348 2421 pur-

850 2443 1092 2523 gatorio
1131 2443 1468 2524 persoluta.
1503 2477 1584 2486 —
1612 2441 1754 2504 Haec
1787 2441 2164 2504 Guillelmus
2193 2457 2206 2499 :
2235 2438 2342 2519 qui

787 2563 804 2582 ·
850 2542 927 2604 ad
981 2541 1148 2602 idem
1209 2541 1651 2622 multipliciter
1699 2539 1922 2619 arguit.
1979 2538 2215 2600 Tamen
2269 2556 2345 2598 ex

851 2642 1078 2703 horum
1139 2639 1474 2710 solutione,
1527 2639 1796 2701 aliorum
1849 2655 2110 2700 suorum
2167 2654 2348 2716 argu-

853 2746 1210 2801 mentorum
1256 2745 1496 2819 pateret
1538 2737 1787 2799 solutio.

930 2838 1250 2899 Postremo
1282 2838 1360 2898 de
1396 2836 1512 2898 hac
1545 2835 1892 2917 quaestione
1935 2833 2158 2894 scribit
2189 2833 2346 2894 Hen-

852 2937 1021 2998 ricus
1054 2934 1428 3008 Quodlibeto
1461 2934 1707 3015 quinto,
1744 2932 2090 3014 quaestione
2123 2931 2347 2993 vicesi-

2460 1953 2564 2005 tur
2594 1945 2659 2006 in
2690 1946 2902 2007 anima
2932 1947 3219 2027 quaedam
3252 1948 3587 2030 dispositio
3616 1948 3958 2011 habitualis

2460 2062 2675 2124 prava,
2711 2045 3025 2106 inclinans
3076 2047 3151 2108 ad
3201 2047 3377 2115 vitia,
3420 2067 3497 2109 ex
3552 2067 3681 2128 qua
3728 2048 3957 2109 caritas

2461 2141 2711 2203 videtur
2743 2143 3016 2204 diminui
3054 2163 3067 2206 :
3101 2145 3179 2206 ad
3222 2146 3539 2207 contraria
3568 2147 3740 2207 enim
3779 2146 3960 2209 incli-

2461 2248 2631 2302 nant.
2690 2242 2939 2303 Etenim
2990 2243 3332 2307 diminutio
3379 2245 3730 2307 habilitatis
3781 2245 3963 2307 incli-

2461 2340 2653 2400 nandi
2698 2342 3069 2421 potentiam,
3104 2361 3230 2404 non
3273 2351 3365 2404 est
3408 2343 3529 2404 nisi
3574 2363 3649 2404 ex
3681 2343 3959 2406 diminu-

2459 2438 2629 2500 tione
2662 2438 2938 2506 habitus,
2968 2460 3045 2503 eo
3075 2443 3241 2522 quod
3274 2442 3529 2504 habitus
3561 2461 3689 2505 non
3720 2443 3800 2504 sit
3831 2443 3957 2504 nisi

2460 2537 2522 2599 id
2574 2556 2701 2619 quo
2752 2539 3033 2620 potentia
3080 2541 3157 2602 ad
3208 2550 3421 2602 actum
3477 2541 3849 2603 habilitatur
3894 2550 3955 2604 et

2462 2635 2823 2697 inclinatur.
2859 2673 2938 2681 —
2969 2638 3088 2699 Sed
3119 2638 3601 2708 advertendum,
3635 2639 3804 2720 quod
3847 2639 3957 2701 ali-

2462 2742 2556 2794 ter
2593 2733 2826 2796 habe-nt
2866 2753 2933 2796 se
2978 2735 3232 2797 habitus
3280 2735 3474 2798 infusi
3518 2738 3595 2799 ad
3640 2738 3955 2818 potentias

2459 2831 2709 2904 animer,
2742 2842 2805 2894 et
2835 2833 3019 2895 aliter
3048 2834 3303 2896 habitus
3336 2835 3654 2916 acquisiti.
3692 2836 3955 2899 Habitus

2459 2949 2734 3011 namque
2783 2931 3080 3012 acquisiti
3133 2950 3257 2995 non
3306 2939 3455 2994 sunt
3504 2933 3628 2996 nisi
3680 2935 3957 3016 pra‘fatae

853 3054 954 3098 ma
984 3033 1644 3107 tertia:Quantitatem
1679 3051 1791 3094 seu
1824 3032 2018 3112 magis
2049 3039 2112 3092 et
2143 3031 2345 3091 minus
2384 3032 2428 3095 C
2459 3028 2821 3091 habilitates
2867 3030 2943 3091 ad
2987 3037 3165 3091 actus
3211 3030 3577 3094 consimiles
3624 3032 3689 3094 in
3742 3041 3958 3112 poten-

851 3136 916 3196 in
970 3134 1192 3196 formis
1243 3151 1369 3195 non
1419 3132 1718 3213 ponimus
1775 3151 1886 3212 per
1935 3129 2348 3211 comparatio-

852 3252 998 3295 nem
1040 3233 1118 3294 ad
1163 3231 1486 3310 objectum
1532 3230 1629 3291 vel
1683 3229 2069 3308 subjectum,
2105 3228 2213 3289 sed
2268 3247 2345 3289 ex

851 3338 1074 3393 natura
1132 3330 1479 3392 formarum
1540 3348 1680 3409 quae
1738 3328 1803 3388 in
1862 3326 1995 3388 suis
2052 3326 2346 3387 essentiis

853 3429 1253 3491 latitudinem
1311 3427 1568 3495 habent,
1620 3445 1730 3487 seu
1782 3433 1990 3507 partes
2041 3424 2345 3486 virtuales

853 3528 1263 3590 multitudine
1323 3546 1435 3587 sua
1492 3526 1876 3605 inte-grantes
1927 3524 2345 3606 quantitatem

851 3627 1140 3689 esse-ntia*
1199 3624 1566 3703 hujusmodi
1631 3624 1867 3686 fornur.
1931 3624 2033 3685 Sic
2092 3641 2346 3704 quoque

851 3734 1263 3807 augmentum
1303 3733 1361 3785 et
1408 3724 1752 3785 diminutio
1795 3722 2074 3784 caritatis
2117 3729 2213 3782 cst.
2252 3740 2350 3781 ac-

850 3826 1220 3907 cipiendum
1264 3843 1342 3885 ex
1385 3831 1608 3885 natura
1653 3821 1950 3883 caritatis.

933 3926 1262 3987 Peccatum
1307 3930 1517 3983 autem
1565 3940 1674 3981 seu
1719 3927 1896 3982 actus
1942 3927 2175 3986 noster,
2221 3936 2345 3980 non

849 4031 946 4085 est
981 4042 1170 4083 causa
1203 4020 1526 4101 augmenti
1563 4028 1667 4079 aut
1706 4018 2152 4079 diminutionis
2196 4018 2349 4079 cari-

850 4121 1018 4196 tatis,
1052 4121 1174 4181 nisi
1219 4138 1330 4200 per
1367 4119 1625 4179 modum
1675 4116 1905 4183 meriti,
1942 4124 2007 4177 ut
2050 4115 2140 4176 sic
2180 4116 2347 4177 Deus

2460 3128 2566 3189 tiis
2597 3128 2824 3191 animas,
2864 3129 3114 3191 actibus
3154 3149 3190 3191 a
3219 3130 3457 3211 quibus
3498 3138 3643 3192 sunt
3675 3133 3956 3211 generati

2459 3226 2559 3288 vel
2610 3246 2724 3307 per
2774 3227 3080 3299 studium,
3133 3228 3615 3309 inquisitionem
3662 3239 3771 3292 aut
3821 3250 3959 3312 pro-

2462 3326 2663 3406 priam
2716 3326 3174 3396 inventionem,
3217 3328 3423 3407 quoad
3474 3326 3729 3390 habitus
3782 3329 3963 3391 intel-

2461 3424 2801 3496 lectuales:
2836 3424 2935 3485 vel
2984 3443 3097 3505 per
3141 3425 3539 3497 exercitium,
3575 3427 3783 3507 quoad
3834 3447 3961 3490 mo-

2460 3524 2641 3584 rales,
2677 3523 2865 3585 Porro
2907 3523 3162 3585 habitus
3204 3523 3401 3585 infusi
3444 3542 3569 3587 non
3611 3534 3759 3587 sunt
3807 3527 3960 3609 ipsae

2462 3622 2822 3684 habilitates
2867 3622 2931 3683 in
2978 3622 3281 3703 potentiis
3316 3640 3329 3683 ε
3367 3623 3520 3704 quia
3562 3623 3654 3686 sic
3696 3643 3824 3688 non
3867 3646 3961 3687 es-

2460 3728 2599 3782 sent
2631 3721 2889 3781 alterius
2933 3719 3193 3781 rationis
3225 3740 3416 3801 quam
3452 3721 3708 3785 habitus
3746 3726 3962 3806 acqui-

2460 3818 2588 3888 siti,
2625 3836 2741 3879 nec
2782 3817 3117 3880 differrent
3164 3818 3243 3879 ab
3284 3818 3411 3880 illis
3454 3820 3577 3881 nisi
3620 3840 3735 3901 per
3775 3841 3961 3903 gene-

2463 3936 2607 3978 rans
2665 3925 2726 3978 et
2786 3936 2900 3997 per
2962 3917 3220 3978 modum
3280 3918 3646 3997 generandi,
3702 3930 3962 4003 propter

2461 4034 2652 4096 quem
2700 4023 3071 4095 generatum
3132 4033 3260 4077 non
3311 4016 3705 4079 diversificat.
3761 4020 3965 4101 speci-

2460 4133 2563 4175 em
2609 4132 2622 4175 :
2668 4114 3203 4195 quemadmodum
3246 4132 3372 4177 non
3424 4114 3710 4178 differret
3760 4120 3965 4198 speci-

849 4238 965 4301 per
1003 4218 1296 4281 accidens
1336 4216 1583 4277 dicatur
1623 4233 1810 4275 causa
1850 4214 1993 4275 talis
2041 4214 2350 4294 corrupti·
2380 4212 2428 4271 D
2460 4212 2583 4273 fiee
2617 4211 2786 4273 calor
2828 4212 3199 4273 naturaliter
3229 4220 3564 4292 generatus
3602 4214 3684 4276 ab
3716 4214 3860 4295 igne
3895 4216 3960 4279 in

851 4317 991 4379 onis
1039 4324 1146 4378 aut.
1194 4313 1639 4376 diminutionis
1689 4330 1701 4373 ε
1751 4331 1865 4393 per
1912 4311 2231 4380 accidens,
2282 4312 2347 4373 in

852 4423 1161 4497 quantum
1199 4420 1456 4494 propter
1494 4418 1748 4491 peccata
1785 4419 1998 4472 nostra
2031 4418 2124 4471 est
2161 4428 2350 4471 causa

851 4532 1090 4575 earum.
1126 4511 1421 4574 Defectus
1458 4510 1698 4591 quippe
1737 4509 1941 4590 culpae
1977 4528 2094 4569 nec
2133 4528 2247 4589 per
2282 4528 2347 4567 se

853 4631 970 4673 nec
1016 4630 1128 4692 per
1167 4608 1460 4671 accidens
1505 4615 1599 4668 est
1645 4626 1680 4667 a
1717 4608 1866 4673 Deo,
1911 4606 2033 4667 nisi
2087 4605 2349 4687 permis-

853 4711 1006 4771 sive.
1041 4707 1336 4769 Defectus
1369 4724 1520 4769 vero
1558 4705 1828 4786 poenalis
1865 4712 1960 4766 est
1995 4724 2032 4765 a
2066 4705 2195 4766 Deo
2236 4723 2351 4784 per

851 4808 1168 4879 accidenS‚
1203 4805 1494 4867 videlicet
1538 4811 1796 4886 propter
1831 4810 2090 4885 peccata
2124 4820 2345 4863 eorum

852 4908 1088 4989 quibus
1137 4925 1172 4966 a
1223 4905 1349 4966 Deo
1405 4902 1724 4982 infligitur
1779 4910 2078 4982 tanquam
2139 4920 2343 4981 poena.

853 5008 914 5069 Si
948 5024 1096 5086 ergo
1137 5003 1364 5066 caritas
1402 5001 1820 5067 minueretur,
1856 4999 1974 5061 hoc
2017 5017 2141 5062 non
2184 5008 2349 5061 esset

855 5103 976 5166 nisi
1037 5103 1260 5165 merito
1309 5099 1578 5163 venialis
1633 5098 1900 5180 peccati,
1953 5098 2052 5159 vel
2107 5097 2349 5160 fomitis

858 5200 1204 5281 cupiditate
1238 5217 1252 5259 :
1289 5207 1356 5260 ut
1386 5198 1554 5259 sicut
1587 5215 1812 5277 magna
1841 5196 2189 5277 cupiditate
2220 5214 2352 5257 cor-

863 5297 1204 5380 rumpitur,
1237 5296 1329 5357 sic
1371 5314 1564 5378 parva
1601 5294 1964 5376 aliqualiter
2002 5294 2345 5356 minuatur.

2458 4329 2643 4391 aqua,
2686 4318 2749 4370 et
2790 4311 3355 4391 supernaturaliter
3398 4311 3486 4373 ibi
3533 4311 3878 4393 productus
3924 4335 3962 4377 a

2462 4410 2606 4470 De0.
2654 4407 2773 4469 Sed
2824 4406 3077 4469 habitus
3126 4408 3321 4470 infusi
3372 4417 3521 4471 sunt
3571 4411 3742 4473 velut
3791 4431 3962 4492 quae-

2462 4508 2603 4567 dam
2652 4506 3013 4587 spirituales
3057 4508 3342 4588 picturae,
3378 4510 3557 4590 quasi
3602 4510 3843 4573 colores
3891 4512 3955 4573 in

2464 4604 2709 4666 viribus
2738 4605 2965 4667 animai
3002 4604 3159 4686 ipsis
3198 4608 3611 4687 superadditi,
3644 4628 3681 4670 a
3718 4609 3958 4691 quibus

2462 4702 2822 4765 habilitates
2853 4704 3141 4784 quaedam
3172 4712 3235 4765 et
3266 4705 3710 4769 inclinationes
3744 4707 3961 4789 impri-

2462 4808 2725 4862 muntur
2774 4801 3074 4882 potentiis
3118 4821 3233 4882 per
3276 4802 3478 4884 ipsam
3530 4804 3953 4869 substantiam

2462 4898 2818 4971 habituum,
2852 4907 2916 4960 et
2945 4918 3058 4981 per
3098 4902 3608 4981 supernaturales
3644 4911 3823 4966 actus
3852 4924 3953 4968 eo-

2463 5017 2603 5058 rum
2650 4997 2820 5058 circa
2858 5016 2972 5058 sua
3010 4997 3279 5076 objecta.
3314 4998 3390 5059 Et
3431 5000 3725 5080 quamvis
3760 5003 3953 5065 actio—

2460 5115 2573 5157 nes
2632 5104 2862 5159 nostrae
2916 5095 3097 5159 bonae
3146 5114 3272 5158 non
3332 5106 3593 5160 causant
3644 5098 3708 5161 in
3764 5100 3953 5164 nobis

2462 5194 2789 5256 caritatem
2830 5192 3211 5269 efficienter,
3245 5194 3489 5259 vitiosae
3520 5204 3731 5259 tamen
3763 5200 3955 5263 aetio-

2464 5312 2577 5355 nes
2640 5299 2869 5355 nostra·
2926 5312 3067 5354 eam
3128 5311 3242 5374 per
3296 5294 3557 5357 modum
3616 5296 3957 5363 meritoria>
