4359 6250
1373 516 1548 563 mnan
1591 517 1612 561 1
1653 515 2134 563 Summuranum.
2180 535 2261 545 -—
2302 517 2456 564 msr.
2502 518 2657 563 xxm
3445 493 3557 559 151

873 788 954 851 D.
1019 793 1170 857 Qua
1217 794 1653 856 necessitate
1702 794 1976 856 dictum
2021 795 2122 857 sit
2167 796 2323 857 tres
2364 808 2701 867 per-some
2748 810 2793 855 a
2844 796 3151 867 Latinis,

1145 909 1218 970 et
1255 925 1302 971 a
1349 909 1627 973 Graecis
1663 901 1818 973 tres
1853 912 2276 984 hypostases
2314 915 2427 973 vel
2463 912 2914 974 substantioe.

594 1144 740 1217 Qua
775 1148 1160 1212 necessitate
1197 1167 1328 1211 non
1359 1150 1578 1212 solum
1607 1149 1884 1213 Latinus
1921 1168 2162 1231 serm0,
2196 1151 2312 1214 sed
2350 1151 2548 1213 etiam
2575 1150 2867 1229 GraecuS‚
2900 1150 3127 1214 eadem
3164 1168 3330 1231 pene
3368 1168 3565 1231 super

457 1260 583 1323 hac
621 1279 690 1323 re
728 1262 1030 1325 laborans
1077 1266 1434 1337 nominum,
1468 1266 1764 1345 penuria,
1799 1268 2184 1330 coarctatur.
2228 1267 2415 1329 Unde
2452 1266 2863 1346 Augustinus
2901 1266 3061 1346 quid
3098 1285 3137 1328 a
3175 1267 3421 1331 Graecis
3458 1265 3563 1329 vel

457 1394 498 1439 a
528 1377 784 1441 Latinis
825 1381 1211 1443 necessitate
1248 1380 1328 1443 de
1366 1381 1680 1445 ineffabili
1719 1382 2036 1446 Trinitate
2077 1383 2329 1446 dictum
2368 1383 2456 1445 sit
2496 1382 2817 1462 aperienS,
2849 1382 2919 1443 in
2956 1382 3238 1463 septimo
3276 1379 3442 1443 libro
3481 1382 3562 1444 de

457 1494 778 1557 Trinitate
833 1494 926 1557 ait
976 1515 991 1556 :
1047 1496 1388 1577 Loquendi
1453 1514 1652 1561 causa
1697 1500 1778 1563 de
1828 1499 2295 1577 ineffabilibuS,
2344 1501 2420 1562 ut
2476 1499 2598 1562 fari
2658 1499 2881 1580 aliquo
2936 1498 3133 1562 modo
3190 1515 3558 1579 possemus,
3590 1516 3855 1591 suffuera-

455 1612 710 1674 dictum
755 1614 854 1675 est
889 1630 928 1673 a
971 1613 1242 1693 GraeciS,
1275 1632 1407 1677 una
1449 1616 1754 1695 essentia,
1786 1617 1920 1679 tres
1961 1616 2371 1695 substantiae,
2414 1616 2479 1679 id
2522 1616 2643 1695 est,
2674 1633 2809 1678 una
2846 1618 3031 1695 οὐσία,
3071 1617 3204 1679 tres
3241 1615 3562 1695 hyposta-
3588 1579 3853 1695 efflui&

455 1746 586 1790 ses.
621 1728 832 1791 Aliter
861 1730 1036 1791 enim
1067 1730 1278 1793 Graeci
1310 1732 1642 1812 accipiunt
1679 1731 2112 1796 substantiam
2149 1749 2350 1811 quam
2388 1732 2629 1795 Latini.
2664 1732 2721 1794 A
2760 1733 3015 1795 Latinis
3052 1734 3272 1795 autem
3310 1732 3561 1795 dictum

456 1846 580 1923 est,
622 1862 754 1906 una
801 1846 1085 1907 essentia
1121 1845 1223 1909 vel
1266 1846 1655 1927 substantia,
1687 1850 1820 1910 tres
1865 1864 2162 1927 personae.
2207 1867 2220 1907 τ
2265 1849 2421 1927 quia
2457 1865 2588 1911 non
2628 1848 2817 1911 aliter
2854 1849 2923 1910 in
2970 1864 3271 1911 sermone
3308 1848 3558 1925 nostr0,

456 1960 526 2021 id
574 1961 674 2023 est
709 1960 971 2038 Latine,
1012 1962 1295 2024 essentia
1329 1979 1526 2041 quam
1577 1962 1942 2025 substantia
1987 1962 2152 2025 solet
2202 1964 2502 2043 intelligi.
2537 1964 2622 2025 Et
2658 1966 2732 2053 ut
2769 1962 3172 2043 intelligatur
3215 1963 3449 2025 saltem
3493 1963 3562 2024 in

453 2077 831 2155 aenigmate,
874 2077 1119 2156 placuit
1170 2076 1261 2139 ita
1297 2076 1451 2156 dici,
1493 2080 1567 2139 ut
1603 2094 1812 2157 quum
1860 2080 2263 2158 quaereretur
2307 2079 2468 2159 quid
2510 2080 2635 2143 tria
2682 2080 2838 2158 sint,
2878 2079 3128 2159 aliquid
3174 2078 3498 2142 diceretur
3538 2098 3553 2137 ε

453 2193 612 2272 quia
635 2188 660 2211 '
696 2193 822 2255 tria
880 2209 1022 2255 esse
1069 2193 1232 2255 fides
1277 2210 1431 2255 vera
1481 2194 1883 2274 pronuntiat,
1926 2211 2134 2275 quum
2183 2195 2246 2257 et
2297 2195 2560 2258 Patrem
2611 2212 2743 2258 non
2793 2195 2954 2258 dicit
3003 2212 3145 2258 esse
3192 2194 3461 2273 Filium,
3495 2195 3558 2258 et
3652 2209 3669 2227 ·
3697 2218 3792 2261 quo

453 2308 776 2389 Spiritum
827 2310 1164 2387 Sanctum,
1205 2310 1455 2372 scilicet
1509 2310 1757 2372 donum
1802 2311 1948 2387 Dei,
1990 2328 2110 2373 nec
2155 2312 2421 2374 Patrem
2472 2311 2633 2374 dicit.
2678 2329 2820 2374 esse
2870 2329 2989 2374 nec
3035 2310 3304 2373 Filium.
3338 2310 3558 2383 Quum

455 2440 610 2504 ergo
650 2424 992 2504 quaeritur,
1024 2425 1181 2504 quid
1223 2425 1347 2487 tria
1379 2425 1482 2487 vel
1522 2425 1681 2505 quid
1722 2425 1876 2505 tres,
1911 2425 2313 2489 conferimus
2349 2443 2472 2509 nos
2509 2427 2591 2488 ad
2628 2426 3091 2490 inveniendum
3142 2426 3409 2506 aliquod
3447 2442 3565 2487 no-

453 2556 607 2603 men
646 2557 779 2620 quo
818 2540 1332 2620 complectamur
1369 2541 1512 2605 haec
1547 2541 1708 2619 tria3
1744 2559 1958 2622 neque
1998 2543 2279 2605 occurrit
2316 2542 2562 2621 animo,
2597 2543 2753 2622 quia
2790 2542 3344 2623 supereminentia
3378 2542 3565 2605 Divi-

450 2656 683 2719 nitatis
721 2656 946 2719 usitati
987 2656 1232 2738 eloquii
1267 2657 1643 2720 facultatem
1683 2657 1940 2721 excedit
1975 2678 1988 2718 ε
2023 2658 2245 2721 verius
2276 2659 2450 2721 enim
2490 2660 2813 2739 cogitatur
2841 2660 3021 2722 Deus
3057 2675 3255 2740 quam
3296 2658 3559 2739 dicitur,

453 2774 520 2835 et
557 2772 780 2835 verius
817 2774 918 2835 est
964 2788 1162 2853 quam
1203 2773 1545 2854 cogitatur.

1212 3042 1288 3104 E.
1339 3044 1518 3110 Quid
1564 3046 1696 3107 hoc
1743 3049 2069 3119 nomine,
2110 3046 2290 3118 tres,
2332 3045 2807 3120 sianiflcetur.

595 3288 794 3350 Pater
848 3303 1002 3367 ergo
1059 3287 1126 3349 et
1175 3286 1384 3350 Filius
1439 3289 1506 3350 et
1552 3285 1839 3367 Spiritus
1896 3285 2198 3365 SanctuS,
2249 3284 2561 3365 quoniam
2612 3285 2745 3349 tres
2801 3285 2979 3364 sunt,
3030 3285 3191 3366 quid
3246 3286 3379 3349 tres
3427 3285 3561 3348 sint
3625 3299 3803 3343 midam.

445 3420 852 3486 quaeramUS,
884 3403 1044 3484 quid
1081 3419 1433 3467 commune
1462 3402 1764 3466 habeant.
1797 3403 1946 3464 Non
1977 3401 2152 3464 enim
2187 3401 2467 3481 possunt
2494 3400 2622 3463 dici
2661 3401 2793 3464 tres
2830 3401 3082 3481 Patres,
3118 3402 3273 3482 quia
3301 3401 3558 3463 tantum

447 3522 647 3584 Pater
685 3519 776 3582 ibi
819 3519 1015 3581 Pater
1059 3521 1195 3600 est3
1228 3535 1347 3582 nec
1395 3521 1528 3582 tres
1563 3519 1742 3598 Filii,
1776 3535 1984 3598 quum
2021 3533 2140 3580 nec
2180 3516 2375 3579 Pater
2412 3515 2505 3579 ibi
2548 3517 2636 3580 sit
2670 3517 2883 3579 Filius
2918 3533 3037 3580 nec
3075 3516 3360 3596 Spiritus
3396 3516 3561 3579 San-

449 3639 634 3716 ctus;
673 3654 794 3698 nec
841 3637 975 3698 tres
1023 3635 1310 3715 Spiritus
1362 3635 1607 3714 Sancti,
1650 3634 1808 3714 quia
1850 3632 2135 3713 Spiritus
2176 3631 2454 3695 Sanctus
2490 3632 2757 3712 propria
2803 3631 3278 3710 significatione
3323 3647 3455 3711 qua
3496 3631 3561 3694 et

449 3753 700 3816 donum
739 3752 864 3814 Dei
911 3752 1172 3830 dicitur,
1215 3769 1332 3815 nec
1375 3752 1570 3814 Pater
1606 3751 1706 3813 est
1743 3766 1862 3812 nec
1903 3748 2133 3811 Filius.
2169 3746 2345 3820 Quid
2384 3765 2535 3828 ergo
2580 3746 2762 3809 tres?
2800 3747 2869 3810 Si
2909 3748 3041 3810 tres
3077 3763 3373 3827 personae
3416 3763 3560 3810 esse

447 3869 780 3946 dicuntur,
817 3884 1168 3929 commune
1207 3868 1306 3929 est
1343 3868 1438 3928 eis
1474 3867 1544 3928 id
1581 3867 1760 3946 quod
1797 3879 2076 3946 persona
2113 3865 2232 3926 est.
2268 3863 2453 3926 Certe
2484 3863 2685 3942 enim,
2719 3864 2875 3944 quia
2902 3862 3098 3926 Pater
3128 3864 3227 3924 est
3254 3879 3554 3943 persona,
3600 3876 3705 3919 ibid.
3726 3889 3770 3919 n.
3793 3879 3835 3919 s.

449 3985 520 4048 et
555 3984 766 4047 Filius
807 3987 908 4047 est
953 4000 1254 4064 persona,
1297 3983 1362 4045 et
1399 3982 1686 4063 Spiritus
1722 3981 2001 4044 Sanctus
2039 3981 2138 4042 est
2175 3997 2488 4060 persona3
2532 3979 2679 4042 ideo
2718 3980 2849 4042 tres
2886 3995 3183 4059 personae
3224 3977 3551 4042 dicuntur.

451 4102 806 4181 Propterea
845 4117 996 4180 ergo
1035 4099 1319 4163 dicimus
1364 4101 1498 4162 tres
1547 4113 1883 4178 personas,
1916 4096 2072 4176 quia
2119 4112 2471 4159 commune
2511 4097 2611 4159 est
2647 4096 2743 4160 eis
2789 4095 2855 4158 id
2904 4095 3083 4176 quod
3118 4111 3397 4175 persona
3433 4096 3552 4157 est.

449 4217 556 4280 Ex
605 4217 940 4297 praedictis
995 4218 1214 4296 aperte
1269 4215 1547 4294 intelligi
1615 4214 1852 4294 potest,
1912 4231 2044 4293 qua
2097 4212 2484 4276 necessitate
2543 4213 2792 4277 dictum
2860 4213 2946 4276 sit
3006 4228 3045 4274 a
3100 4210 3376 4291 LatiniS,
3427 4212 3559 4274 tres

449 4349 776 4414 personae,
817 4349 1024 4412 quum
1073 4347 1351 4412 persona
1401 4330 1760 4393 secundum
1813 4328 2249 4392 substantiam
2299 4329 2573 4391 dicatur.
2617 4329 2804 4392 Unde
2852 4329 2917 4392 et
2952 4327 3164 4391 tribus
3210 4343 3559 4390 commune

447 4450 555 4512 &st
599 4448 669 4509 id
713 4448 894 4528 quod
937 4463 1216 4528 persona
1261 4448 1382 4526 est,
1426 4446 1494 4508 id
1540 4447 1641 4508 est
1685 4447 1811 4508 hoc
1856 4462 2123 4525 nomen,
2163 4462 2467 4525 persona.

445 4717 526 4778 F.
576 4719 820 4783 Quare
865 4731 1016 4779 non
1064 4719 1380 4778 dicimus
1431 4717 1584 4778 tres
1636 4719 1806 4778 deos
1856 4730 2010 4778 esse
2059 4719 2364 4778 Patrem
2414 4717 2484 4777 et
2530 4717 2805 4777 Filium
2854 4715 2926 4775 et
2968 4715 3333 4788 spiritum
3378 4715 3563 4776 San-

577 4834 802 4908 ctum,
829 4833 912 4894 ut
940 4836 1253 4894 dicimus
1281 4834 1436 4896 tres
1465 4846 1855 4906 personas,
1891 4847 2112 4906 quum
2145 4835 2221 4893 id
2250 4835 2439 4906 quod
2470 4835 2657 4894 Deus
2690 4833 2821 4905 est,
2854 4833 2954 4892 sit
2980 4832 3089 4893 eis
3119 4844 3503 4892 commune
3532 4850 3556 4888 .·

589 4952 768 5025 quia
807 4951 1037 5012 Pater
1071 4951 1179 5012 est
1217 4953 1428 5024 Deus,
1472 4951 1542 5010 et
1581 4951 1814 5009 Filius
1850 4948 1957 5009 est
1997 4950 2208 5021 DeuS,
2252 4949 2323 5009 et
2358 4947 2683 5020 Spiritus
2718 4947 3033 5008 Sanctus
3068 4947 3176 5008 est
3214 4948 3421 5007 Deus.

591 5187 721 5252 Sed
759 5188 1076 5268 quaeritur
1123 5187 1254 5265 hic,
1297 5203 1502 5266 quum
1541 5186 1839 5248 dicamus
1883 5184 2144 5248 Patrem
2187 5187 2249 5248 et
2296 5185 2543 5247 Filium
2590 5185 2654 5246 et
2701 5182 3017 5264 Spiritum
3069 5183 3381 5246 Sanctum
3421 5201 3562 5247 esse

453 5309 598 5370 troe
643 5321 980 5387 personaS,
1022 5304 1178 5384 quia
1226 5321 1575 5368 commune
1624 5304 1723 5367 est
1775 5303 1872 5366 eis
1919 5303 1988 5366 id
2040 5303 2218 5384 quod
2264 5319 2543 5384 persona
2576 5302 2697 5382 est,
2743 5299 2810 5363 id
2857 5301 2978 5381 est,
3020 5301 3175 5382 quia
3223 5300 3419 5366 Pater
3466 5304 3566 5366 est
