<?xml version="1.0" encoding="UTF-8"?>
<!DOCTYPE html PUBLIC "-//W3C//DTD XHTML 1.0 Transitional//EN"
    "http://www.w3.org/TR/xhtml1/DTD/xhtml1-transitional.dtd">
<html xmlns="http://www.w3.org/1999/xhtml" xml:lang="en" lang="en">
 <head>
  <title>
</title>
<meta http-equiv="Content-Type" content="text/html;charset=utf-8" />
  <meta name='ocr-system' content='tesseract 3.04.00' />
  <meta name='ocr-capabilities' content='ocr_page ocr_carea ocr_par ocr_line ocrx_word'/>
</head>
<body>
  <div class='ocr_page' id='page_1' title='image "./doctorisecstati11unkngoog_0380.png"; bbox 0 0 4359 6250; ppageno 0'>
   <div class='ocr_carea' id='block_1_1' title="bbox 890 451 3103 515">
    <p class='ocr_par' dir='ltr' id='par_1_1' title="bbox 890 451 3103 515">
     <span class='ocr_line' id='line_1_1' title="bbox 890 451 3103 515; baseline -0 -1"><span class='ocrx_word' id='word_1_1' title='bbox 890 451 1013 514; x_wconf 81' lang='lat'>368</span> <span class='ocrx_word' id='word_1_2' title='bbox 1787 469 1961 514; x_wconf 72' lang='lat' dir='ltr'>mann</span> <span class='ocrx_word' id='word_1_3' title='bbox 2003 468 2022 513; x_wconf 89' lang='lat'>1</span> <span class='ocrx_word' id='word_1_4' title='bbox 2066 467 2548 514; x_wconf 65' lang='lat' dir='ltr'>san-rammam.</span> <span class='ocrx_word' id='word_1_5' title='bbox 2594 485 2674 495; x_wconf 95' lang='lat'>—</span> <span class='ocrx_word' id='word_1_6' title='bbox 2715 468 2867 515; x_wconf 78' lang='lat' dir='ltr'>msr.</span> <span class='ocrx_word' id='word_1_7' title='bbox 2913 469 3103 515; x_wconf 79' lang='lat' dir='ltr'><strong>xxxlv</strong></span> 
     </span>
    </p>
   </div>
   <div class='ocr_carea' id='block_1_2' title="bbox 596 642 4004 839">
    <p class='ocr_par' dir='ltr' id='par_1_2' title="bbox 596 642 4004 839">
     <span class='ocr_line' id='line_1_2' title="bbox 651 642 4001 736; baseline 0.001 -34"><span class='ocrx_word' id='word_1_8' title='bbox 651 660 783 736; x_wconf 65' lang='lat' dir='ltr'>unu.</span> <span class='ocrx_word' id='word_1_9' title='bbox 812 658 867 702; x_wconf 62' lang='grc' dir='ltr'>αι</span> <span class='ocrx_word' id='word_1_10' title='bbox 894 644 1013 706; x_wconf 89' lang='lat' dir='ltr'>est.</span> <span class='ocrx_word' id='word_1_11' title='bbox 1069 643 1249 706; x_wconf 88' lang='lat' dir='ltr'>Deus</span> <span class='ocrx_word' id='word_1_12' title='bbox 1308 642 1511 724; x_wconf 91' lang='lat' dir='ltr'>igitur</span> <span class='ocrx_word' id='word_1_13' title='bbox 1564 642 1865 705; x_wconf 88' lang='lat' dir='ltr'>Christus</span> <span class='ocrx_word' id='word_1_14' title='bbox 1922 644 2021 706; x_wconf 88' lang='lat' dir='ltr'>est</span> <span class='ocrx_word' id='word_1_15' title='bbox 2072 660 2246 705; x_wconf 88' lang='lat' dir='ltr'>unus</span> <span class='ocrx_word' id='word_1_16' title='bbox 2295 660 2445 705; x_wconf 91' lang='lat' dir='ltr'>cum</span> <span class='ocrx_word' id='word_1_17' title='bbox 2507 644 2646 708; x_wconf 89' lang='lat' dir='ltr'>Deo</span> <span class='ocrx_word' id='word_1_18' title='bbox 2708 645 3003 726; x_wconf 79' lang='lat' dir='ltr'>spirituS,</span> <span class='ocrx_word' id='word_1_19' title='bbox 3049 643 3409 707; x_wconf 89' lang='lat' dir='ltr'>secundum</span> <span class='ocrx_word' id='word_1_20' title='bbox 3463 642 3629 706; x_wconf 90' lang='lat' dir='ltr'>illud</span> <span class='ocrx_word' id='word_1_21' title='bbox 3671 663 3685 702; x_wconf 91' lang='lat'>:</span> <span class='ocrx_word' id='word_1_22' title='bbox 3739 643 3883 723; x_wconf 86' lang='lat' dir='ltr'>Ego</span> <span class='ocrx_word' id='word_1_23' title='bbox 3933 644 4001 704; x_wconf 90' lang='lat' dir='ltr'>et</span> 
     </span>
     <span class='ocr_line' id='line_1_3' title="bbox 596 723 4004 839; baseline -0.003 -11"><span class='ocrx_word' id='word_1_24' title='bbox 596 723 863 836; x_wconf 52' lang='grc' dir='ltr'><strong>ἶιῗῃῗιῗῗή.</strong></span> <span class='ocrx_word' id='word_1_25' title='bbox 892 758 1087 821; x_wconf 86' lang='lat' dir='ltr'>Pater</span> <span class='ocrx_word' id='word_1_26' title='bbox 1145 775 1352 820; x_wconf 89' lang='lat' dir='ltr'>unum</span> <span class='ocrx_word' id='word_1_27' title='bbox 1412 776 1667 822; x_wconf 85' lang='lat' dir='ltr'>sumus.</span> <span class='ocrx_word' id='word_1_28' title='bbox 1726 759 1801 821; x_wconf 91' lang='lat' dir='ltr'>In</span> <span class='ocrx_word' id='word_1_29' title='bbox 1860 776 1989 839; x_wconf 90' lang='lat' dir='ltr'>quo</span> <span class='ocrx_word' id='word_1_30' title='bbox 2046 759 2236 821; x_wconf 88' lang='lat' dir='ltr'>docet</span> <span class='ocrx_word' id='word_1_31' title='bbox 2291 757 2550 822; x_wconf 82' lang='lat' dir='ltr'>Veritas</span> <span class='ocrx_word' id='word_1_32' title='bbox 2602 760 2922 822; x_wconf 81' lang='lat' dir='ltr'>unitatem</span> <span class='ocrx_word' id='word_1_33' title='bbox 2975 777 3118 822; x_wconf 84' lang='lat' dir='ltr'>esse</span> <span class='ocrx_word' id='word_1_34' title='bbox 3173 760 3446 838; x_wconf 79' lang='lat' dir='ltr'>naturae,</span> <span class='ocrx_word' id='word_1_35' title='bbox 3503 775 3636 820; x_wconf 90' lang='lat' dir='ltr'>non</span> <span class='ocrx_word' id='word_1_36' title='bbox 3694 757 4004 821; x_wconf 88' lang='lat' dir='ltr'>solitudi-</span> 
     </span>
    </p>
   </div>
   <div class='ocr_carea' id='block_1_3' title="bbox 600 853 1382 960">
    <p class='ocr_par' dir='ltr' id='par_1_3' title="bbox 600 853 1382 960">
     <span class='ocr_line' id='line_1_4' title="bbox 600 853 1382 960; baseline 0.001 -23"><span class='ocrx_word' id='word_1_37' title='bbox 600 853 800 956; x_wconf 50' lang='grc' dir='ltr'>Ξῗὶοωω,</span> <span class='ocrx_word' id='word_1_38' title='bbox 822 923 864 960; x_wconf 60' lang='lat'>¹,</span> <span class='ocrx_word' id='word_1_39' title='bbox 892 892 1045 938; x_wconf 92' lang='lat' dir='ltr'>nem</span> <span class='ocrx_word' id='word_1_40' title='bbox 1094 875 1382 938; x_wconf 89' lang='lat' dir='ltr'>unionis.</span> 
     </span>
    </p>
   </div>
   <div class='ocr_carea' id='block_1_4' title="bbox 598 977 4005 1767">
    <p class='ocr_par' dir='ltr' id='par_1_4' title="bbox 598 977 4005 1767">
     <span class='ocr_line' id='line_1_5' title="bbox 602 977 4001 1073; baseline 0 -20"><span class='ocrx_word' id='word_1_41' title='bbox 602 977 669 1020; x_wconf 81' lang='lat'>³⁰·</span> <span class='ocrx_word' id='word_1_42' title='bbox 1026 992 1192 1054; x_wconf 87' lang='lat' dir='ltr'>Ecce</span> <span class='ocrx_word' id='word_1_43' title='bbox 1240 991 1297 1053; x_wconf 91' lang='lat' dir='ltr'>si</span> <span class='ocrx_word' id='word_1_44' title='bbox 1336 991 1479 1054; x_wconf 84' lang='lat' dir='ltr'>haec</span> <span class='ocrx_word' id='word_1_45' title='bbox 1517 990 1715 1054; x_wconf 89' lang='lat' dir='ltr'>verba</span> <span class='ocrx_word' id='word_1_46' title='bbox 1758 991 2106 1071; x_wconf 83' lang='lat' dir='ltr'>diligenter</span> <span class='ocrx_word' id='word_1_47' title='bbox 2153 991 2474 1071; x_wconf 88' lang='lat' dir='ltr'>attendas,</span> <span class='ocrx_word' id='word_1_48' title='bbox 2516 991 2776 1055; x_wconf 89' lang='lat' dir='ltr'>invenis</span> <span class='ocrx_word' id='word_1_49' title='bbox 2823 991 3144 1073; x_wconf 88' lang='lat' dir='ltr'>Spiritum</span> <span class='ocrx_word' id='word_1_50' title='bbox 3192 991 3507 1056; x_wconf 87' lang='lat' dir='ltr'>Sanctum</span> <span class='ocrx_word' id='word_1_51' title='bbox 3553 1007 3694 1054; x_wconf 89' lang='lat' dir='ltr'>rem</span> <span class='ocrx_word' id='word_1_52' title='bbox 3745 991 4001 1054; x_wconf 84' lang='lat' dir='ltr'>naturae</span> 
     </span>
     <span class='ocr_line' id='line_1_6' title="bbox 893 1106 4004 1187; baseline 0 -19"><span class='ocrx_word' id='word_1_53' title='bbox 893 1106 1023 1168; x_wconf 90' lang='lat' dir='ltr'>dici</span> <span class='ocrx_word' id='word_1_54' title='bbox 1071 1106 1288 1169; x_wconf 87' lang='lat' dir='ltr'>Patris</span> <span class='ocrx_word' id='word_1_55' title='bbox 1339 1109 1405 1170; x_wconf 88' lang='lat' dir='ltr'>et</span> <span class='ocrx_word' id='word_1_56' title='bbox 1448 1107 1627 1187; x_wconf 91' lang='lat' dir='ltr'>Filii,</span> <span class='ocrx_word' id='word_1_57' title='bbox 1670 1109 1735 1171; x_wconf 88' lang='lat' dir='ltr'>et</span> <span class='ocrx_word' id='word_1_58' title='bbox 1784 1108 2092 1171; x_wconf 89' lang='lat' dir='ltr'>eumdem</span> <span class='ocrx_word' id='word_1_59' title='bbox 2143 1108 2275 1171; x_wconf 90' lang='lat' dir='ltr'>dici</span> <span class='ocrx_word' id='word_1_60' title='bbox 2331 1125 2474 1172; x_wconf 87' lang='lat' dir='ltr'>esse</span> <span class='ocrx_word' id='word_1_61' title='bbox 2520 1109 2820 1171; x_wconf 87' lang='lat' dir='ltr'>naturam</span> <span class='ocrx_word' id='word_1_62' title='bbox 2873 1107 3022 1186; x_wconf 90' lang='lat' dir='ltr'>Dei,</span> <span class='ocrx_word' id='word_1_63' title='bbox 3061 1106 3176 1170; x_wconf 85' lang='lat' dir='ltr'>uhi</span> <span class='ocrx_word' id='word_1_64' title='bbox 3225 1107 3488 1187; x_wconf 89' lang='lat' dir='ltr'>dicitur,</span> <span class='ocrx_word' id='word_1_65' title='bbox 3520 1106 3648 1170; x_wconf 90' lang='lat' dir='ltr'>Per</span> <span class='ocrx_word' id='word_1_66' title='bbox 3691 1107 4004 1168; x_wconf 89' lang='lat' dir='ltr'>naturam</span> 
     </span>
     <span class='ocr_line' id='line_1_7' title="bbox 893 1220 3998 1305; baseline 0 -21"><span class='ocrx_word' id='word_1_67' title='bbox 893 1221 1017 1284; x_wconf 91' lang='lat' dir='ltr'>Dei</span> <span class='ocrx_word' id='word_1_68' title='bbox 1062 1224 1296 1285; x_wconf 89' lang='lat' dir='ltr'>natura</span> <span class='ocrx_word' id='word_1_69' title='bbox 1343 1221 1487 1304; x_wconf 86' lang='lat' dir='ltr'>ipsa</span> <span class='ocrx_word' id='word_1_70' title='bbox 1532 1223 1785 1286; x_wconf 88' lang='lat' dir='ltr'>habitat</span> <span class='ocrx_word' id='word_1_71' title='bbox 1830 1223 1899 1287; x_wconf 92' lang='lat' dir='ltr'>in</span> <span class='ocrx_word' id='word_1_72' title='bbox 1946 1222 2161 1303; x_wconf 90' lang='lat' dir='ltr'>nobis,</span> <span class='ocrx_word' id='word_1_73' title='bbox 2203 1225 2262 1286; x_wconf 92' lang='lat' dir='ltr'>si</span> <span class='ocrx_word' id='word_1_74' title='bbox 2299 1241 2416 1304; x_wconf 91' lang='lat' dir='ltr'>per</span> <span class='ocrx_word' id='word_1_75' title='bbox 2461 1223 2786 1305; x_wconf 88' lang='lat' dir='ltr'>Spiritum</span> <span class='ocrx_word' id='word_1_76' title='bbox 2832 1223 3144 1288; x_wconf 89' lang='lat' dir='ltr'>Sanctum</span> <span class='ocrx_word' id='word_1_77' title='bbox 3184 1222 3488 1286; x_wconf 87' lang='lat' dir='ltr'>Christus</span> <span class='ocrx_word' id='word_1_78' title='bbox 3525 1225 3624 1286; x_wconf 90' lang='lat' dir='ltr'>est</span> <span class='ocrx_word' id='word_1_79' title='bbox 3671 1223 3741 1284; x_wconf 89' lang='lat' dir='ltr'>in</span> <span class='ocrx_word' id='word_1_80' title='bbox 3777 1220 3998 1284; x_wconf 90' lang='lat' dir='ltr'>nobis.</span> 
     </span>
     <span class='ocr_line' id='line_1_8' title="bbox 893 1335 4005 1420; baseline 0 -23"><span class='ocrx_word' id='word_1_81' title='bbox 893 1335 1122 1417; x_wconf 87' lang='lat' dir='ltr'>Itaque</span> <span class='ocrx_word' id='word_1_82' title='bbox 1160 1337 1230 1400; x_wconf 89' lang='lat' dir='ltr'>in</span> <span class='ocrx_word' id='word_1_83' title='bbox 1269 1337 1586 1401; x_wconf 88' lang='lat' dir='ltr'>Trinitate</span> <span class='ocrx_word' id='word_1_84' title='bbox 1622 1355 1755 1401; x_wconf 92' lang='lat' dir='ltr'>non</span> <span class='ocrx_word' id='word_1_85' title='bbox 1800 1338 1893 1401; x_wconf 84' lang='lat' dir='ltr'>ita</span> <span class='ocrx_word' id='word_1_86' title='bbox 1937 1338 2476 1420; x_wconf 87' lang='lat' dir='ltr'>distinguendum</span> <span class='ocrx_word' id='word_1_87' title='bbox 2518 1340 2617 1402; x_wconf 88' lang='lat' dir='ltr'>est</span> <span class='ocrx_word' id='word_1_88' title='bbox 2653 1340 2824 1402; x_wconf 89' lang='lat' dir='ltr'>inter</span> <span class='ocrx_word' id='word_1_89' title='bbox 2869 1341 3174 1402; x_wconf 86' lang='lat' dir='ltr'>naturam</span> <span class='ocrx_word' id='word_1_90' title='bbox 3223 1339 3287 1401; x_wconf 87' lang='lat' dir='ltr'>et</span> <span class='ocrx_word' id='word_1_91' title='bbox 3322 1354 3461 1401; x_wconf 86' lang='lat' dir='ltr'>rem</span> <span class='ocrx_word' id='word_1_92' title='bbox 3509 1339 3786 1417; x_wconf 84' lang='lat' dir='ltr'>naturae,</span> <span class='ocrx_word' id='word_1_93' title='bbox 3827 1336 4005 1400; x_wconf 88' lang='lat' dir='ltr'>sicut</span> 
     </span>
     <span class='ocr_line' id='line_1_9' title="bbox 625 1453 4000 1546; baseline -0.001 -30"><span class='ocrx_word' id='word_1_94' title='bbox 625 1472 768 1546; x_wconf 55' lang='grc' dir='ltr'>μεμε.</span> <span class='ocrx_word' id='word_1_95' title='bbox 792 1483 863 1524; x_wconf 76' lang='lat' dir='ltr'>op.</span> <span class='ocrx_word' id='word_1_96' title='bbox 894 1453 964 1514; x_wconf 91' lang='lat' dir='ltr'>in</span> <span class='ocrx_word' id='word_1_97' title='bbox 1011 1453 1206 1517; x_wconf 85' lang='lat' dir='ltr'>rebus</span> <span class='ocrx_word' id='word_1_98' title='bbox 1246 1455 1479 1517; x_wconf 89' lang='lat' dir='ltr'>creatis</span> <span class='ocrx_word' id='word_1_99' title='bbox 1512 1475 1526 1515; x_wconf 92' lang='lat'>:</span> <span class='ocrx_word' id='word_1_100' title='bbox 1561 1455 1719 1535; x_wconf 89' lang='lat' dir='ltr'>quia</span> <span class='ocrx_word' id='word_1_101' title='bbox 1753 1456 1828 1518; x_wconf 87' lang='lat' dir='ltr'>ut</span> <span class='ocrx_word' id='word_1_102' title='bbox 1865 1455 1957 1518; x_wconf 86' lang='lat' dir='ltr'>ait</span> <span class='ocrx_word' id='word_1_103' title='bbox 1996 1454 2314 1534; x_wconf 83' lang='lat' dir='ltr'>HilariuS,</span> <span class='ocrx_word' id='word_1_104' title='bbox 2356 1456 2757 1536; x_wconf 87' lang='lat' dir='ltr'>comparatio</span> <span class='ocrx_word' id='word_1_105' title='bbox 2805 1457 3214 1519; x_wconf 84' lang='lat' dir='ltr'>terrenorum</span> <span class='ocrx_word' id='word_1_106' title='bbox 3253 1454 3338 1517; x_wconf 88' lang='lat' dir='ltr'>ad</span> <span class='ocrx_word' id='word_1_107' title='bbox 3371 1454 3587 1518; x_wconf 89' lang='lat' dir='ltr'>Deum</span> <span class='ocrx_word' id='word_1_108' title='bbox 3634 1453 3820 1517; x_wconf 84' lang='lat' dir='ltr'>nulla</span> <span class='ocrx_word' id='word_1_109' title='bbox 3857 1454 4000 1532; x_wconf 63' lang='grc' dir='ltr'>θεῖς</span> 
     </span>
     <span class='ocr_line' id='line_1_10' title="bbox 598 1534 4004 1652; baseline -0.004 -10"><span class='ocrx_word' id='word_1_110' title='bbox 598 1534 869 1650; x_wconf 50' lang='grc' dir='ltr'>ῗῖιιζῖἷῖἶῖιῖζ</span> <span class='ocrx_word' id='word_1_111' title='bbox 896 1570 962 1632; x_wconf 88' lang='lat' dir='ltr'>et</span> <span class='ocrx_word' id='word_1_112' title='bbox 997 1570 1056 1632; x_wconf 88' lang='lat' dir='ltr'>si</span> <span class='ocrx_word' id='word_1_113' title='bbox 1097 1587 1228 1650; x_wconf 90' lang='lat' dir='ltr'>qua</span> <span class='ocrx_word' id='word_1_114' title='bbox 1263 1571 1830 1650; x_wconf 84' lang='lat' dir='ltr'>comparationum</span> <span class='ocrx_word' id='word_1_115' title='bbox 1857 1571 2159 1652; x_wconf 85' lang='lat' dir='ltr'>exempla</span> <span class='ocrx_word' id='word_1_116' title='bbox 2197 1570 2526 1634; x_wconf 90' lang='lat' dir='ltr'>interdum</span> <span class='ocrx_word' id='word_1_117' title='bbox 2563 1571 2948 1650; x_wconf 85' lang='lat' dir='ltr'>afferuntur,</span> <span class='ocrx_word' id='word_1_118' title='bbox 2980 1588 3174 1634; x_wconf 90' lang='lat' dir='ltr'>nemo</span> <span class='ocrx_word' id='word_1_119' title='bbox 3213 1589 3290 1634; x_wconf 90' lang='lat' dir='ltr'>ea</span> <span class='ocrx_word' id='word_1_120' title='bbox 3327 1569 3663 1634; x_wconf 83' lang='lat' dir='ltr'>existimet</span> <span class='ocrx_word' id='word_1_121' title='bbox 3698 1568 4004 1634; x_wconf 84' lang='lat' dir='ltr'>absolute</span> 
     </span>
     <span class='ocr_line' id='line_1_11' title="bbox 598 1664 4004 1767; baseline -0.001 -19"><span class='ocrx_word' id='word_1_122' title='bbox 598 1675 644 1704; x_wconf 83' lang='lat'>¹¹·</span> <span class='ocrx_word' id='word_1_123' title='bbox 674 1664 739 1704; x_wconf 78' lang='lat'>¹⁴·</span> <span class='ocrx_word' id='word_1_124' title='bbox 896 1687 964 1748; x_wconf 92' lang='lat' dir='ltr'>in</span> <span class='ocrx_word' id='word_1_125' title='bbox 1014 1703 1085 1749; x_wconf 93' lang='lat' dir='ltr'>se</span> <span class='ocrx_word' id='word_1_126' title='bbox 1135 1685 1410 1749; x_wconf 83' lang='lat' dir='ltr'>rationis</span> <span class='ocrx_word' id='word_1_127' title='bbox 1457 1685 1925 1767; x_wconf 82' lang='lat' dir='ltr'>perfectionem</span> <span class='ocrx_word' id='word_1_128' title='bbox 1977 1687 2310 1751; x_wconf 88' lang='lat' dir='ltr'>continere</span> <span class='ocrx_word' id='word_1_129' title='bbox 2353 1705 2366 1747; x_wconf 92' lang='lat'>:</span> <span class='ocrx_word' id='word_1_130' title='bbox 2409 1704 2541 1750; x_wconf 91' lang='lat' dir='ltr'>non</span> <span class='ocrx_word' id='word_1_131' title='bbox 2591 1687 2768 1750; x_wconf 90' lang='lat' dir='ltr'>enim</span> <span class='ocrx_word' id='word_1_132' title='bbox 2821 1687 3109 1751; x_wconf 86' lang='lat' dir='ltr'>humano</span> <span class='ocrx_word' id='word_1_133' title='bbox 3157 1705 3356 1751; x_wconf 89' lang='lat' dir='ltr'>sensu</span> <span class='ocrx_word' id='word_1_134' title='bbox 3402 1686 3482 1750; x_wconf 89' lang='lat' dir='ltr'>de</span> <span class='ocrx_word' id='word_1_135' title='bbox 3534 1687 3674 1749; x_wconf 92' lang='lat' dir='ltr'>Deo</span> <span class='ocrx_word' id='word_1_136' title='bbox 3725 1686 4004 1766; x_wconf 90' lang='lat' dir='ltr'>loquen-</span> 
     </span>
    </p>
   </div>
   <div class='ocr_carea' id='block_1_5' title="bbox 894 1802 1221 1868">
    <p class='ocr_par' dir='ltr' id='par_1_5' title="bbox 894 1802 1221 1868">
     <span class='ocr_line' id='line_1_12' title="bbox 894 1802 1221 1868; baseline -0.006 -4"><span class='ocrx_word' id='word_1_137' title='bbox 894 1802 1054 1868; x_wconf 88' lang='lat' dir='ltr'>dum</span> <span class='ocrx_word' id='word_1_138' title='bbox 1103 1803 1221 1864; x_wconf 89' lang='lat' dir='ltr'>est.</span> 
     </span>
    </p>
   </div>
   <div class='ocr_carea' id='block_1_6' title="bbox 1316 2051 3574 2236">
    <p class='ocr_par' dir='ltr' id='par_1_6' title="bbox 1316 2051 3574 2236">
     <span class='ocr_line' id='line_1_13' title="bbox 1316 2051 3574 2128; baseline 0.001 -14"><span class='ocrx_word' id='word_1_139' title='bbox 1316 2051 1388 2114; x_wconf 88' lang='lat' dir='ltr'>C.</span> <span class='ocrx_word' id='word_1_140' title='bbox 1446 2053 1642 2120; x_wconf 79' lang='lat' dir='ltr'>Quod</span> <span class='ocrx_word' id='word_1_141' title='bbox 1679 2054 1993 2128; x_wconf 75' lang='lat' dir='ltr'>propter</span> <span class='ocrx_word' id='word_1_142' title='bbox 2035 2069 2161 2117; x_wconf 73' lang='lat' dir='ltr'>res</span> <span class='ocrx_word' id='word_1_143' title='bbox 2207 2055 2508 2118; x_wconf 78' lang='lat' dir='ltr'>creatas</span> <span class='ocrx_word' id='word_1_144' title='bbox 2555 2057 2742 2116; x_wconf 79' lang='lat' dir='ltr'>illud</span> <span class='ocrx_word' id='word_1_145' title='bbox 2786 2056 3069 2118; x_wconf 74' lang='lat' dir='ltr'>dixerit</span> <span class='ocrx_word' id='word_1_146' title='bbox 3108 2074 3135 2117; x_wconf 91' lang='lat'>.·</span> <span class='ocrx_word' id='word_1_147' title='bbox 3171 2059 3332 2117; x_wconf 80' lang='lat' dir='ltr'>Non</span> <span class='ocrx_word' id='word_1_148' title='bbox 3379 2057 3574 2117; x_wconf 78' lang='lat' dir='ltr'>idem</span> 
     </span>
     <span class='ocr_line' id='line_1_14' title="bbox 1897 2173 2982 2236; baseline 0 -4"><span class='ocrx_word' id='word_1_149' title='bbox 1897 2173 2005 2233; x_wconf 82' lang='lat' dir='ltr'>est</span> <span class='ocrx_word' id='word_1_150' title='bbox 2047 2173 2331 2236; x_wconf 77' lang='lat' dir='ltr'>natura</span> <span class='ocrx_word' id='word_1_151' title='bbox 2380 2173 2451 2234; x_wconf 83' lang='lat' dir='ltr'>et</span> <span class='ocrx_word' id='word_1_152' title='bbox 2495 2187 2622 2234; x_wconf 74' lang='lat' dir='ltr'>res</span> <span class='ocrx_word' id='word_1_153' title='bbox 2666 2174 2982 2236; x_wconf 70' lang='lat' dir='ltr'>natm-ce.</span> 
     </span>
    </p>
   </div>
   <div class='ocr_carea' id='block_1_7' title="bbox 885 2409 4001 3074">
    <p class='ocr_par' dir='ltr' id='par_1_7' title="bbox 885 2409 4001 3074">
     <span class='ocr_line' id='line_1_15' title="bbox 1020 2409 4000 2493; baseline 0 -20"><span class='ocrx_word' id='word_1_154' title='bbox 1020 2409 1127 2474; x_wconf 88' lang='lat' dir='ltr'>Ad</span> <span class='ocrx_word' id='word_1_155' title='bbox 1174 2412 1478 2476; x_wconf 87' lang='lat' dir='ltr'>naturam</span> <span class='ocrx_word' id='word_1_156' title='bbox 1536 2428 1690 2493; x_wconf 87' lang='lat' dir='ltr'>ergo</span> <span class='ocrx_word' id='word_1_157' title='bbox 1745 2429 1966 2475; x_wconf 90' lang='lat' dir='ltr'>rerum</span> <span class='ocrx_word' id='word_1_158' title='bbox 2022 2415 2388 2476; x_wconf 89' lang='lat' dir='ltr'>creatarum</span> <span class='ocrx_word' id='word_1_159' title='bbox 2444 2412 2824 2493; x_wconf 85' lang='lat' dir='ltr'>respiciens,</span> <span class='ocrx_word' id='word_1_160' title='bbox 2875 2413 3114 2492; x_wconf 86' lang='lat' dir='ltr'>inquit,</span> <span class='ocrx_word' id='word_1_161' title='bbox 3167 2412 3316 2476; x_wconf 92' lang='lat' dir='ltr'>Non</span> <span class='ocrx_word' id='word_1_162' title='bbox 3373 2412 3549 2476; x_wconf 87' lang='lat' dir='ltr'>idem</span> <span class='ocrx_word' id='word_1_163' title='bbox 3606 2413 3706 2475; x_wconf 88' lang='lat' dir='ltr'>est</span> <span class='ocrx_word' id='word_1_164' title='bbox 3759 2413 4000 2475; x_wconf 86' lang='lat' dir='ltr'>natura</span> 
     </span>
     <span class='ocr_line' id='line_1_16' title="bbox 886 2526 3994 2610; baseline 0.001 -20"><span class='ocrx_word' id='word_1_165' title='bbox 886 2526 1066 2608; x_wconf 89' lang='lat' dir='ltr'>quod</span> <span class='ocrx_word' id='word_1_166' title='bbox 1104 2545 1207 2592; x_wconf 87' lang='lat' dir='ltr'>res</span> <span class='ocrx_word' id='word_1_167' title='bbox 1244 2529 1519 2607; x_wconf 76' lang='lat' dir='ltr'>naturae,</span> <span class='ocrx_word' id='word_1_168' title='bbox 1552 2528 1911 2609; x_wconf 85' lang='lat' dir='ltr'>subjiciens</span> <span class='ocrx_word' id='word_1_169' title='bbox 1948 2529 2251 2610; x_wconf 84' lang='lat' dir='ltr'>exempla</span> <span class='ocrx_word' id='word_1_170' title='bbox 2287 2529 2368 2592; x_wconf 91' lang='lat' dir='ltr'>de</span> <span class='ocrx_word' id='word_1_171' title='bbox 2405 2529 2570 2610; x_wconf 90' lang='lat' dir='ltr'>ipsis</span> <span class='ocrx_word' id='word_1_172' title='bbox 2607 2528 2943 2592; x_wconf 83' lang='lat' dir='ltr'>creaturis.</span> <span class='ocrx_word' id='word_1_173' title='bbox 2975 2528 3131 2593; x_wconf 89' lang='lat' dir='ltr'>Inde</span> <span class='ocrx_word' id='word_1_174' title='bbox 3162 2528 3512 2592; x_wconf 87' lang='lat' dir='ltr'>ostendens</span> <span class='ocrx_word' id='word_1_175' title='bbox 3550 2528 3789 2591; x_wconf 86' lang='lat' dir='ltr'>erroris</span> <span class='ocrx_word' id='word_1_176' title='bbox 3821 2546 3994 2609; x_wconf 53' lang='grc' dir='ltr'>ὤεα,</span> 
     </span>
     <span class='ocr_line' id='line_1_17' title="bbox 886 2641 4001 2725; baseline 0 -19"><span class='ocrx_word' id='word_1_177' title='bbox 886 2641 1011 2706; x_wconf 88' lang='lat' dir='ltr'>sub</span> <span class='ocrx_word' id='word_1_178' title='bbox 1040 2660 1348 2706; x_wconf 87' lang='lat' dir='ltr'>mensura</span> <span class='ocrx_word' id='word_1_179' title='bbox 1385 2646 1829 2707; x_wconf 86' lang='lat' dir='ltr'>creaturarum</span> <span class='ocrx_word' id='word_1_180' title='bbox 1866 2644 2084 2708; x_wconf 87' lang='lat' dir='ltr'>metiri</span> <span class='ocrx_word' id='word_1_181' title='bbox 2114 2645 2511 2725; x_wconf 86' lang='lat' dir='ltr'>Creatorem,</span> <span class='ocrx_word' id='word_1_182' title='bbox 2549 2645 2730 2707; x_wconf 88' lang='lat' dir='ltr'>addit</span> <span class='ocrx_word' id='word_1_183' title='bbox 2764 2665 2778 2705; x_wconf 92' lang='lat'>:</span> <span class='ocrx_word' id='word_1_184' title='bbox 2815 2645 2899 2707; x_wconf 90' lang='lat' dir='ltr'>Et</span> <span class='ocrx_word' id='word_1_185' title='bbox 2933 2644 3297 2708; x_wconf 91' lang='lat' dir='ltr'>secundum</span> <span class='ocrx_word' id='word_1_186' title='bbox 3333 2644 3483 2724; x_wconf 89' lang='lat' dir='ltr'>hoc,</span> <span class='ocrx_word' id='word_1_187' title='bbox 3515 2660 3649 2706; x_wconf 92' lang='lat' dir='ltr'>non</span> <span class='ocrx_word' id='word_1_188' title='bbox 3679 2643 3858 2707; x_wconf 88' lang='lat' dir='ltr'>idem</span> <span class='ocrx_word' id='word_1_189' title='bbox 3895 2646 4001 2707; x_wconf 90' lang='lat' dir='ltr'>est</span> 
     </span>
     <span class='ocr_line' id='line_1_18' title="bbox 886 2735 3995 2841; baseline 0 -19"><span class='ocrx_word' id='word_1_190' title='bbox 886 2760 1067 2823; x_wconf 89' lang='lat' dir='ltr'>Deus</span> <span class='ocrx_word' id='word_1_191' title='bbox 1105 2761 1171 2823; x_wconf 83' lang='lat' dir='ltr'>et</span> <span class='ocrx_word' id='word_1_192' title='bbox 1211 2760 1388 2841; x_wconf 91' lang='lat' dir='ltr'>quod</span> <span class='ocrx_word' id='word_1_193' title='bbox 1432 2760 1554 2824; x_wconf 93' lang='lat' dir='ltr'>Dei</span> <span class='ocrx_word' id='word_1_194' title='bbox 1594 2735 1713 2824; x_wconf 71' lang='lat' dir='ltr'>est.</span> <span class='ocrx_word' id='word_1_195' title='bbox 1747 2759 1845 2824; x_wconf 90' lang='lat' dir='ltr'>Ac</span> <span class='ocrx_word' id='word_1_196' title='bbox 1891 2762 1948 2825; x_wconf 91' lang='lat' dir='ltr'>si</span> <span class='ocrx_word' id='word_1_197' title='bbox 1994 2759 2240 2824; x_wconf 89' lang='lat' dir='ltr'>diceret</span> <span class='ocrx_word' id='word_1_198' title='bbox 2277 2781 2290 2821; x_wconf 91' lang='lat'>:</span> <span class='ocrx_word' id='word_1_199' title='bbox 2333 2762 2404 2825; x_wconf 88' lang='lat' dir='ltr'>Si</span> <span class='ocrx_word' id='word_1_200' title='bbox 2443 2761 2525 2824; x_wconf 88' lang='lat' dir='ltr'>ad</span> <span class='ocrx_word' id='word_1_201' title='bbox 2567 2762 2773 2825; x_wconf 88' lang='lat' dir='ltr'>instar</span> <span class='ocrx_word' id='word_1_202' title='bbox 2809 2761 3253 2824; x_wconf 88' lang='lat' dir='ltr'>creaturarum</span> <span class='ocrx_word' id='word_1_203' title='bbox 3298 2762 3379 2824; x_wconf 93' lang='lat' dir='ltr'>de</span> <span class='ocrx_word' id='word_1_204' title='bbox 3415 2759 3719 2824; x_wconf 87' lang='lat' dir='ltr'>Creatore</span> <span class='ocrx_word' id='word_1_205' title='bbox 3755 2761 3995 2841; x_wconf 86' lang='lat' dir='ltr'>sentis,</span> 
     </span>
     <span class='ocr_line' id='line_1_19' title="bbox 886 2875 3993 2959; baseline 0 -20"><span class='ocrx_word' id='word_1_206' title='bbox 886 2875 1139 2958; x_wconf 90' lang='lat' dir='ltr'>cogeris</span> <span class='ocrx_word' id='word_1_207' title='bbox 1176 2875 1367 2940; x_wconf 87' lang='lat' dir='ltr'>fateri</span> <span class='ocrx_word' id='word_1_208' title='bbox 1414 2877 1571 2958; x_wconf 92' lang='lat' dir='ltr'>quia</span> <span class='ocrx_word' id='word_1_209' title='bbox 1618 2894 1750 2939; x_wconf 92' lang='lat' dir='ltr'>non</span> <span class='ocrx_word' id='word_1_210' title='bbox 1789 2877 1965 2941; x_wconf 91' lang='lat' dir='ltr'>idem</span> <span class='ocrx_word' id='word_1_211' title='bbox 2005 2880 2104 2941; x_wconf 87' lang='lat' dir='ltr'>est</span> <span class='ocrx_word' id='word_1_212' title='bbox 2150 2879 2332 2941; x_wconf 89' lang='lat' dir='ltr'>Deus</span> <span class='ocrx_word' id='word_1_213' title='bbox 2374 2880 2439 2941; x_wconf 88' lang='lat' dir='ltr'>et</span> <span class='ocrx_word' id='word_1_214' title='bbox 2486 2877 2666 2959; x_wconf 90' lang='lat' dir='ltr'>quod·</span> <span class='ocrx_word' id='word_1_215' title='bbox 2707 2878 2831 2941; x_wconf 91' lang='lat' dir='ltr'>Dei</span> <span class='ocrx_word' id='word_1_216' title='bbox 2869 2879 2969 2941; x_wconf 86' lang='lat' dir='ltr'>est</span> <span class='ocrx_word' id='word_1_217' title='bbox 3008 2897 3024 2938; x_wconf 76' lang='lat' dir='ltr'><strong><em>z</em></strong></span> <span class='ocrx_word' id='word_1_218' title='bbox 3067 2877 3246 2958; x_wconf 88' lang='lat' dir='ltr'>quod</span> <span class='ocrx_word' id='word_1_219' title='bbox 3281 2877 3494 2941; x_wconf 87' lang='lat' dir='ltr'>dicere</span> <span class='ocrx_word' id='word_1_220' title='bbox 3533 2877 3818 2958; x_wconf 90' lang='lat' dir='ltr'>impium</span> <span class='ocrx_word' id='word_1_221' title='bbox 3863 2879 3993 2956; x_wconf 86' lang='lat' dir='ltr'>est,</span> 
     </span>
     <span class='ocr_line' id='line_1_20' title="bbox 885 2992 2898 3074; baseline 0 -20"><span class='ocrx_word' id='word_1_222' title='bbox 885 3009 1093 3072; x_wconf 88' lang='lat' dir='ltr'>quum</span> <span class='ocrx_word' id='word_1_223' title='bbox 1141 2992 1427 3073; x_wconf 87' lang='lat' dir='ltr'>Spiritus</span> <span class='ocrx_word' id='word_1_224' title='bbox 1475 2993 1597 3056; x_wconf 92' lang='lat' dir='ltr'>Dei</span> <span class='ocrx_word' id='word_1_225' title='bbox 1642 2994 1824 3057; x_wconf 90' lang='lat' dir='ltr'>Deus</span> <span class='ocrx_word' id='word_1_226' title='bbox 1871 2994 1979 3074; x_wconf 90' lang='lat' dir='ltr'>sit,</span> <span class='ocrx_word' id='word_1_227' title='bbox 2022 2995 2088 3058; x_wconf 91' lang='lat' dir='ltr'>et</span> <span class='ocrx_word' id='word_1_228' title='bbox 2131 2994 2255 3057; x_wconf 92' lang='lat' dir='ltr'>Dei</span> <span class='ocrx_word' id='word_1_229' title='bbox 2301 2993 2514 3057; x_wconf 85' lang='lat' dir='ltr'>Filius</span> <span class='ocrx_word' id='word_1_230' title='bbox 2561 2992 2649 3056; x_wconf 90' lang='lat' dir='ltr'>sit</span> <span class='ocrx_word' id='word_1_231' title='bbox 2696 2994 2898 3057; x_wconf 89' lang='lat' dir='ltr'>Deus.</span> 
     </span>
    </p>
   </div>
   <div class='ocr_carea' id='block_1_8' title="bbox 1071 3263 3797 3457">
    <p class='ocr_par' dir='ltr' id='par_1_8' title="bbox 1071 3263 3797 3457">
     <span class='ocr_line' id='line_1_21' title="bbox 1071 3263 3797 3341; baseline 0.002 -16"><span class='ocrx_word' id='word_1_232' title='bbox 1071 3263 1151 3325; x_wconf 94' lang='lat' dir='ltr'>D.</span> <span class='ocrx_word' id='word_1_233' title='bbox 1210 3266 1406 3330; x_wconf 81' lang='lat' dir='ltr'>Quod</span> <span class='ocrx_word' id='word_1_234' title='bbox 1451 3280 1601 3327; x_wconf 81' lang='lat' dir='ltr'>non</span> <span class='ocrx_word' id='word_1_235' title='bbox 1648 3267 1857 3328; x_wconf 79' lang='lat' dir='ltr'>aliud</span> <span class='ocrx_word' id='word_1_236' title='bbox 1903 3266 2011 3327; x_wconf 80' lang='lat' dir='ltr'>est</span> <span class='ocrx_word' id='word_1_237' title='bbox 2058 3268 2249 3329; x_wconf 79' lang='lat' dir='ltr'>Deus</span> <span class='ocrx_word' id='word_1_238' title='bbox 2293 3267 2365 3327; x_wconf 81' lang='lat' dir='ltr'>et</span> <span class='ocrx_word' id='word_1_239' title='bbox 2411 3280 2570 3341; x_wconf 80' lang='lat' dir='ltr'>quoe</span> <span class='ocrx_word' id='word_1_240' title='bbox 2614 3279 2752 3329; x_wconf 78' lang='lat' dir='ltr'>sua</span> <span class='ocrx_word' id='word_1_241' title='bbox 2801 3267 2975 3328; x_wconf 79' lang='lat' dir='ltr'>sunt</span> <span class='ocrx_word' id='word_1_242' title='bbox 3020 3267 3128 3329; x_wconf 79' lang='lat' dir='ltr'>ita</span> <span class='ocrx_word' id='word_1_243' title='bbox 3175 3267 3260 3328; x_wconf 84' lang='lat' dir='ltr'>ut</span> <span class='ocrx_word' id='word_1_244' title='bbox 3307 3268 3536 3330; x_wconf 77' lang='lat' dir='ltr'>insint</span> <span class='ocrx_word' id='word_1_245' title='bbox 3572 3288 3598 3328; x_wconf 93' lang='grc'>.·</span> <span class='ocrx_word' id='word_1_246' title='bbox 3636 3270 3797 3330; x_wconf 77' lang='lat' dir='ltr'>alia</span> 
     </span>
     <span class='ocr_line' id='line_1_22' title="bbox 1502 3382 3373 3457; baseline 0.001 -15"><span class='ocrx_word' id='word_1_247' title='bbox 1502 3383 1703 3443; x_wconf 77' lang='lat' dir='ltr'>enim</span> <span class='ocrx_word' id='word_1_248' title='bbox 1745 3382 1917 3445; x_wconf 74' lang='lat' dir='ltr'>sunt</span> <span class='ocrx_word' id='word_1_249' title='bbox 1962 3397 2121 3457; x_wconf 80' lang='lat' dir='ltr'>quoe</span> <span class='ocrx_word' id='word_1_250' title='bbox 2169 3383 2445 3457; x_wconf 72' lang='lat' dir='ltr'>insunt,</span> <span class='ocrx_word' id='word_1_251' title='bbox 2491 3384 2648 3445; x_wconf 77' lang='lat' dir='ltr'>alia</span> <span class='ocrx_word' id='word_1_252' title='bbox 2698 3397 2857 3457; x_wconf 77' lang='lat' dir='ltr'>Quoe</span> <span class='ocrx_word' id='word_1_253' title='bbox 2901 3397 3052 3445; x_wconf 78' lang='lat' dir='ltr'>non</span> <span class='ocrx_word' id='word_1_254' title='bbox 3101 3385 3373 3445; x_wconf 78' lang='lat' dir='ltr'>insunt.</span> 
     </span>
    </p>
   </div>
   <div class='ocr_carea' id='block_1_9' title="bbox 590 3629 4000 5343">
    <p class='ocr_par' dir='ltr' id='par_1_9' title="bbox 881 3629 4000 4060">
     <span class='ocr_line' id='line_1_23' title="bbox 1016 3629 4000 3713; baseline 0.001 -19"><span class='ocrx_word' id='word_1_255' title='bbox 1016 3630 1165 3695; x_wconf 89' lang='lat' dir='ltr'>Non</span> <span class='ocrx_word' id='word_1_256' title='bbox 1193 3647 1345 3711; x_wconf 85' lang='lat' dir='ltr'>ergo</span> <span class='ocrx_word' id='word_1_257' title='bbox 1384 3630 1749 3693; x_wconf 89' lang='lat' dir='ltr'>secundum</span> <span class='ocrx_word' id='word_1_258' title='bbox 1785 3630 2155 3711; x_wconf 89' lang='lat' dir='ltr'>corporales</span> <span class='ocrx_word' id='word_1_259' title='bbox 2196 3630 2451 3710; x_wconf 88' lang='lat' dir='ltr'>modos,</span> <span class='ocrx_word' id='word_1_260' title='bbox 2485 3631 2560 3693; x_wconf 90' lang='lat' dir='ltr'>ut</span> <span class='ocrx_word' id='word_1_261' title='bbox 2595 3630 2665 3693; x_wconf 89' lang='lat' dir='ltr'>in</span> <span class='ocrx_word' id='word_1_262' title='bbox 2694 3631 2922 3694; x_wconf 89' lang='lat' dir='ltr'>eadem</span> <span class='ocrx_word' id='word_1_263' title='bbox 2960 3629 3184 3693; x_wconf 88' lang='lat' dir='ltr'>subdit</span> <span class='ocrx_word' id='word_1_264' title='bbox 3211 3631 3400 3711; x_wconf 87' lang='lat' dir='ltr'>serie,</span> <span class='ocrx_word' id='word_1_265' title='bbox 3429 3631 3806 3713; x_wconf 88' lang='lat' dir='ltr'>accipienda</span> <span class='ocrx_word' id='word_1_266' title='bbox 3833 3636 4000 3697; x_wconf 88' lang='lat' dir='ltr'>sunt</span> 
     </span>
     <span class='ocr_line' id='line_1_24' title="bbox 884 3746 3997 3829; baseline 0.001 -18"><span class='ocrx_word' id='word_1_267' title='bbox 884 3747 1025 3811; x_wconf 87' lang='lat' dir='ltr'>haec</span> <span class='ocrx_word' id='word_1_268' title='bbox 1072 3765 1221 3828; x_wconf 84' lang='lat' dir='ltr'>quae</span> <span class='ocrx_word' id='word_1_269' title='bbox 1260 3748 1340 3811; x_wconf 87' lang='lat' dir='ltr'>de</span> <span class='ocrx_word' id='word_1_270' title='bbox 1392 3748 1530 3811; x_wconf 92' lang='lat' dir='ltr'>Deo</span> <span class='ocrx_word' id='word_1_271' title='bbox 1582 3747 1911 3809; x_wconf 90' lang='lat' dir='ltr'>dicuntur.</span> <span class='ocrx_word' id='word_1_272' title='bbox 1956 3746 2081 3809; x_wconf 88' lang='lat' dir='ltr'>Ubi</span> <span class='ocrx_word' id='word_1_273' title='bbox 2131 3764 2456 3810; x_wconf 88' lang='lat' dir='ltr'>evacuans</span> <span class='ocrx_word' id='word_1_274' title='bbox 2507 3747 2886 3827; x_wconf 92' lang='lat' dir='ltr'>opinionem</span> <span class='ocrx_word' id='word_1_275' title='bbox 2944 3762 3173 3809; x_wconf 89' lang='lat' dir='ltr'>eorum</span> <span class='ocrx_word' id='word_1_276' title='bbox 3220 3746 3336 3827; x_wconf 92' lang='lat' dir='ltr'>qui</span> <span class='ocrx_word' id='word_1_277' title='bbox 3386 3747 3478 3810; x_wconf 83' lang='lat' dir='ltr'>ita</span> <span class='ocrx_word' id='word_1_278' title='bbox 3523 3749 3758 3829; x_wconf 80' lang='lat' dir='ltr'>putant</span> <span class='ocrx_word' id='word_1_279' title='bbox 3805 3749 3997 3813; x_wconf 87' lang='lat' dir='ltr'>aliud</span> 
     </span>
     <span class='ocr_line' id='line_1_25' title="bbox 881 3861 3996 3943; baseline 0 -17"><span class='ocrx_word' id='word_1_280' title='bbox 881 3863 1097 3927; x_wconf 87' lang='lat' dir='ltr'>Deum</span> <span class='ocrx_word' id='word_1_281' title='bbox 1139 3880 1282 3927; x_wconf 87' lang='lat' dir='ltr'>esse</span> <span class='ocrx_word' id='word_1_282' title='bbox 1320 3864 1385 3926; x_wconf 86' lang='lat' dir='ltr'>et</span> <span class='ocrx_word' id='word_1_283' title='bbox 1420 3862 1600 3925; x_wconf 88' lang='lat' dir='ltr'>aliud</span> <span class='ocrx_word' id='word_1_284' title='bbox 1649 3862 1826 3943; x_wconf 89' lang='lat' dir='ltr'>quod</span> <span class='ocrx_word' id='word_1_285' title='bbox 1869 3863 1993 3925; x_wconf 91' lang='lat' dir='ltr'>Dei</span> <span class='ocrx_word' id='word_1_286' title='bbox 2032 3864 2154 3941; x_wconf 85' lang='lat' dir='ltr'>est,</span> <span class='ocrx_word' id='word_1_287' title='bbox 2202 3861 2511 3943; x_wconf 88' lang='lat' dir='ltr'>aliudque</span> <span class='ocrx_word' id='word_1_288' title='bbox 2549 3863 2852 3925; x_wconf 86' lang='lat' dir='ltr'>naturam</span> <span class='ocrx_word' id='word_1_289' title='bbox 2891 3862 3014 3925; x_wconf 91' lang='lat' dir='ltr'>Dei</span> <span class='ocrx_word' id='word_1_290' title='bbox 3062 3864 3128 3925; x_wconf 85' lang='lat' dir='ltr'>et</span> <span class='ocrx_word' id='word_1_291' title='bbox 3163 3878 3302 3925; x_wconf 91' lang='lat' dir='ltr'>rem</span> <span class='ocrx_word' id='word_1_292' title='bbox 3339 3864 3614 3941; x_wconf 83' lang='lat' dir='ltr'>naturae,</span> <span class='ocrx_word' id='word_1_293' title='bbox 3655 3866 3730 3925; x_wconf 90' lang='lat' dir='ltr'>ut</span> <span class='ocrx_word' id='word_1_294' title='bbox 3775 3867 3879 3927; x_wconf 88' lang='lat' dir='ltr'>est</span> <span class='ocrx_word' id='word_1_295' title='bbox 3922 3866 3996 3927; x_wconf 93' lang='lat' dir='ltr'>in</span> 
     </span>
     <span class='ocr_line' id='line_1_26' title="bbox 882 3978 3996 4060; baseline 0.001 -18"><span class='ocrx_word' id='word_1_296' title='bbox 882 3979 1219 4059; x_wconf 79' lang='lat' dir='ltr'>creaturiS,</span> <span class='ocrx_word' id='word_1_297' title='bbox 1253 3981 1475 4060; x_wconf 90' lang='lat' dir='ltr'>aperte</span> <span class='ocrx_word' id='word_1_298' title='bbox 1512 3980 1703 4042; x_wconf 92' lang='lat' dir='ltr'>docet</span> <span class='ocrx_word' id='word_1_299' title='bbox 1747 3995 1881 4041; x_wconf 89' lang='lat' dir='ltr'>non</span> <span class='ocrx_word' id='word_1_300' title='bbox 1918 3978 2100 4041; x_wconf 90' lang='lat' dir='ltr'>aliud</span> <span class='ocrx_word' id='word_1_301' title='bbox 2142 3995 2286 4041; x_wconf 89' lang='lat' dir='ltr'>esse</span> <span class='ocrx_word' id='word_1_302' title='bbox 2331 3978 2547 4041; x_wconf 90' lang='lat' dir='ltr'>Deum</span> <span class='ocrx_word' id='word_1_303' title='bbox 2587 3980 2652 4042; x_wconf 86' lang='lat' dir='ltr'>et</span> <span class='ocrx_word' id='word_1_304' title='bbox 2688 3995 2836 4060; x_wconf 86' lang='lat' dir='ltr'>quae</span> <span class='ocrx_word' id='word_1_305' title='bbox 2875 3995 2995 4041; x_wconf 87' lang='lat' dir='ltr'>sua</span> <span class='ocrx_word' id='word_1_306' title='bbox 3041 3980 3197 4040; x_wconf 89' lang='lat' dir='ltr'>sunt</span> <span class='ocrx_word' id='word_1_307' title='bbox 3240 3978 3333 4042; x_wconf 87' lang='lat' dir='ltr'>ita</span> <span class='ocrx_word' id='word_1_308' title='bbox 3366 3980 3443 4041; x_wconf 87' lang='lat' dir='ltr'>ut</span> <span class='ocrx_word' id='word_1_309' title='bbox 3478 3980 3682 4042; x_wconf 82' lang='lat' dir='ltr'>insint</span> <span class='ocrx_word' id='word_1_310' title='bbox 3723 3980 3850 4059; x_wconf 92' lang='lat' dir='ltr'>illi,</span> <span class='ocrx_word' id='word_1_311' title='bbox 3892 3981 3996 4044; x_wconf 91' lang='lat' dir='ltr'>sic</span> 
     </span>
    </p>

    <p class='ocr_par' dir='ltr' id='par_1_10' title="bbox 640 4093 3996 4177">
     <span class='ocr_line' id='line_1_27' title="bbox 640 4093 3996 4177; baseline 0.003 -27"><span class='ocrx_word' id='word_1_312' title='bbox 640 4106 747 4150; x_wconf 76' lang='lat' dir='ltr'>lbid.</span> <span class='ocrx_word' id='word_1_313' title='bbox 778 4106 853 4152; x_wconf 74' lang='lat' dir='ltr'>ub.</span> <span class='ocrx_word' id='word_1_314' title='bbox 882 4095 1106 4158; x_wconf 88' lang='lat' dir='ltr'>dicens</span> <span class='ocrx_word' id='word_1_315' title='bbox 1149 4113 1163 4155; x_wconf 77' lang='grc' dir='ltr'><strong>ε</strong></span> <span class='ocrx_word' id='word_1_316' title='bbox 1204 4095 1423 4158; x_wconf 91' lang='lat' dir='ltr'>Homo</span> <span class='ocrx_word' id='word_1_317' title='bbox 1460 4096 1575 4157; x_wconf 88' lang='lat' dir='ltr'>aut</span> <span class='ocrx_word' id='word_1_318' title='bbox 1602 4095 1852 4176; x_wconf 88' lang='lat' dir='ltr'>aliquid</span> <span class='ocrx_word' id='word_1_319' title='bbox 1891 4096 1952 4158; x_wconf 92' lang='lat' dir='ltr'>ei</span> <span class='ocrx_word' id='word_1_320' title='bbox 1988 4094 2208 4158; x_wconf 93' lang='lat' dir='ltr'>simile</span> <span class='ocrx_word' id='word_1_321' title='bbox 2238 4112 2446 4175; x_wconf 91' lang='lat' dir='ltr'>quum</span> <span class='ocrx_word' id='word_1_322' title='bbox 2475 4094 2716 4158; x_wconf 85' lang='lat' dir='ltr'>alicubi</span> <span class='ocrx_word' id='word_1_323' title='bbox 2745 4094 2891 4175; x_wconf 89' lang='lat' dir='ltr'>erit,</span> <span class='ocrx_word' id='word_1_324' title='bbox 2925 4093 3083 4158; x_wconf 89' lang='lat' dir='ltr'>alibi</span> <span class='ocrx_word' id='word_1_325' title='bbox 3119 4111 3252 4158; x_wconf 92' lang='lat' dir='ltr'>non</span> <span class='ocrx_word' id='word_1_326' title='bbox 3290 4096 3416 4159; x_wconf 91' lang='lat' dir='ltr'>erit</span> <span class='ocrx_word' id='word_1_327' title='bbox 3456 4114 3470 4155; x_wconf 91' lang='lat'>:</span> <span class='ocrx_word' id='word_1_328' title='bbox 3511 4096 3668 4177; x_wconf 89' lang='lat' dir='ltr'>quia</span> <span class='ocrx_word' id='word_1_329' title='bbox 3697 4096 3768 4158; x_wconf 91' lang='lat' dir='ltr'>id</span> <span class='ocrx_word' id='word_1_330' title='bbox 3805 4098 3996 4177; x_wconf 89' lang='lat' dir='ltr'>quod</span> 
     </span>
    </p>

    <p class='ocr_par' dir='ltr' id='par_1_11' title="bbox 590 4172 3993 4292">
     <span class='ocr_line' id='line_1_28' title="bbox 590 4172 3993 4292; baseline 0.001 -17"><span class='ocrx_word' id='word_1_331' title='bbox 590 4182 742 4220; x_wconf 54' lang='lat' dir='ltr'>vm’n‘</span> <span class='ocrx_word' id='word_1_332' title='bbox 764 4172 831 4214; x_wconf 49' lang='lat' dir='ltr'>st</span> <span class='ocrx_word' id='word_1_333' title='bbox 884 4213 1005 4291; x_wconf 92' lang='lat' dir='ltr'>est,</span> <span class='ocrx_word' id='word_1_334' title='bbox 1056 4211 1193 4274; x_wconf 89' lang='lat' dir='ltr'>illic</span> <span class='ocrx_word' id='word_1_335' title='bbox 1240 4211 1610 4274; x_wconf 88' lang='lat' dir='ltr'>continetur</span> <span class='ocrx_word' id='word_1_336' title='bbox 1668 4210 1782 4273; x_wconf 91' lang='lat' dir='ltr'>ubi</span> <span class='ocrx_word' id='word_1_337' title='bbox 1833 4210 2032 4274; x_wconf 85' lang='lat' dir='ltr'>fuerit</span> <span class='ocrx_word' id='word_1_338' title='bbox 2088 4211 2156 4272; x_wconf 91' lang='lat' dir='ltr'>in</span> <span class='ocrx_word' id='word_1_339' title='bbox 2203 4210 2436 4289; x_wconf 89' lang='lat' dir='ltr'>forma,</span> <span class='ocrx_word' id='word_1_340' title='bbox 2487 4212 2563 4274; x_wconf 87' lang='lat' dir='ltr'>ut</span> <span class='ocrx_word' id='word_1_341' title='bbox 2609 4228 2742 4273; x_wconf 92' lang='lat' dir='ltr'>non</span> <span class='ocrx_word' id='word_1_342' title='bbox 2793 4209 3038 4291; x_wconf 88' lang='lat' dir='ltr'>ubique</span> <span class='ocrx_word' id='word_1_343' title='bbox 3085 4210 3173 4274; x_wconf 92' lang='lat' dir='ltr'>sit</span> <span class='ocrx_word' id='word_1_344' title='bbox 3220 4211 3334 4292; x_wconf 91' lang='lat' dir='ltr'>qui</span> <span class='ocrx_word' id='word_1_345' title='bbox 3385 4212 3694 4275; x_wconf 88' lang='lat' dir='ltr'>insistens</span> <span class='ocrx_word' id='word_1_346' title='bbox 3739 4182 3993 4277; x_wconf 86' lang='lat' dir='ltr'>alicubi</span> 
     </span>
    </p>

    <p class='ocr_par' dir='ltr' id='par_1_12' title="bbox 883 4326 3996 4409">
     <span class='ocr_line' id='line_1_29' title="bbox 883 4326 3996 4409; baseline 0.001 -20"><span class='ocrx_word' id='word_1_347' title='bbox 883 4327 995 4391; x_wconf 88' lang='lat' dir='ltr'>sit.</span> <span class='ocrx_word' id='word_1_348' title='bbox 1038 4328 1218 4391; x_wconf 88' lang='lat' dir='ltr'>Deus</span> <span class='ocrx_word' id='word_1_349' title='bbox 1264 4328 1487 4391; x_wconf 87' lang='lat' dir='ltr'>autem</span> <span class='ocrx_word' id='word_1_350' title='bbox 1532 4326 1874 4390; x_wconf 88' lang='lat' dir='ltr'>immensae</span> <span class='ocrx_word' id='word_1_351' title='bbox 1922 4327 2190 4390; x_wconf 89' lang='lat' dir='ltr'>virtutis</span> <span class='ocrx_word' id='word_1_352' title='bbox 2239 4328 2470 4391; x_wconf 85' lang='lat' dir='ltr'>vivens</span> <span class='ocrx_word' id='word_1_353' title='bbox 2515 4328 2828 4409; x_wconf 81' lang='lat' dir='ltr'>potestas,</span> <span class='ocrx_word' id='word_1_354' title='bbox 2870 4344 3019 4408; x_wconf 81' lang='lat' dir='ltr'>quae</span> <span class='ocrx_word' id='word_1_355' title='bbox 3067 4344 3396 4409; x_wconf 88' lang='lat' dir='ltr'>nusquam</span> <span class='ocrx_word' id='word_1_356' title='bbox 3447 4344 3578 4391; x_wconf 91' lang='lat' dir='ltr'>non</span> <span class='ocrx_word' id='word_1_357' title='bbox 3625 4328 3824 4409; x_wconf 87' lang='lat' dir='ltr'>adsit,</span> <span class='ocrx_word' id='word_1_358' title='bbox 3865 4346 3996 4393; x_wconf 90' lang='lat' dir='ltr'>nec</span> 
     </span>
    </p>

    <p class='ocr_par' dir='ltr' id='par_1_13' title="bbox 881 4442 3994 4526">
     <span class='ocr_line' id='line_1_30' title="bbox 881 4442 3994 4526; baseline 0.002 -21"><span class='ocrx_word' id='word_1_359' title='bbox 881 4442 1053 4507; x_wconf 87' lang='lat' dir='ltr'>desit</span> <span class='ocrx_word' id='word_1_360' title='bbox 1098 4461 1403 4525; x_wconf 83' lang='lat' dir='ltr'>usquam,</span> <span class='ocrx_word' id='word_1_361' title='bbox 1455 4460 1602 4524; x_wconf 87' lang='lat' dir='ltr'>quae</span> <span class='ocrx_word' id='word_1_362' title='bbox 1657 4461 1727 4507; x_wconf 93' lang='lat' dir='ltr'>se</span> <span class='ocrx_word' id='word_1_363' title='bbox 1785 4460 2049 4507; x_wconf 89' lang='lat' dir='ltr'>omnem</span> <span class='ocrx_word' id='word_1_364' title='bbox 2107 4460 2225 4523; x_wconf 90' lang='lat' dir='ltr'>per</span> <span class='ocrx_word' id='word_1_365' title='bbox 2277 4460 2398 4505; x_wconf 87' lang='lat' dir='ltr'>sua</span> <span class='ocrx_word' id='word_1_366' title='bbox 2451 4443 2700 4522; x_wconf 91' lang='lat' dir='ltr'>edocet,</span> <span class='ocrx_word' id='word_1_367' title='bbox 2751 4444 2816 4506; x_wconf 89' lang='lat' dir='ltr'>et</span> <span class='ocrx_word' id='word_1_368' title='bbox 2860 4460 2982 4506; x_wconf 91' lang='lat' dir='ltr'>sua</span> <span class='ocrx_word' id='word_1_369' title='bbox 3034 4459 3169 4505; x_wconf 89' lang='lat' dir='ltr'>non</span> <span class='ocrx_word' id='word_1_370' title='bbox 3225 4443 3407 4506; x_wconf 88' lang='lat' dir='ltr'>aliud</span> <span class='ocrx_word' id='word_1_371' title='bbox 3461 4461 3662 4526; x_wconf 88' lang='lat' dir='ltr'>quam</span> <span class='ocrx_word' id='word_1_372' title='bbox 3709 4462 3784 4508; x_wconf 88' lang='lat' dir='ltr'>se</span> <span class='ocrx_word' id='word_1_373' title='bbox 3840 4464 3994 4510; x_wconf 83' lang='lat' dir='ltr'>esse</span> 
     </span>
    </p>

    <p class='ocr_par' dir='ltr' id='par_1_14' title="bbox 881 4558 3992 4643">
     <span class='ocr_line' id='line_1_31' title="bbox 881 4558 3992 4643; baseline 0.001 -20"><span class='ocrx_word' id='word_1_374' title='bbox 881 4559 1229 4640; x_wconf 85' lang='lat' dir='ltr'>significat,</span> <span class='ocrx_word' id='word_1_375' title='bbox 1275 4560 1351 4622; x_wconf 93' lang='lat' dir='ltr'>ut</span> <span class='ocrx_word' id='word_1_376' title='bbox 1399 4559 1513 4623; x_wconf 91' lang='lat' dir='ltr'>ubi</span> <span class='ocrx_word' id='word_1_377' title='bbox 1564 4575 1685 4623; x_wconf 90' lang='lat' dir='ltr'>sua</span> <span class='ocrx_word' id='word_1_378' title='bbox 1736 4559 1963 4637; x_wconf 88' lang='lat' dir='ltr'>insint,</span> <span class='ocrx_word' id='word_1_379' title='bbox 2004 4558 2143 4639; x_wconf 90' lang='lat' dir='ltr'>ipse</span> <span class='ocrx_word' id='word_1_380' title='bbox 2196 4576 2338 4623; x_wconf 91' lang='lat' dir='ltr'>esse</span> <span class='ocrx_word' id='word_1_381' title='bbox 2385 4576 2502 4639; x_wconf 90' lang='lat' dir='ltr'>per</span> <span class='ocrx_word' id='word_1_382' title='bbox 2549 4576 2671 4622; x_wconf 93' lang='lat' dir='ltr'>sua</span> <span class='ocrx_word' id='word_1_383' title='bbox 2719 4558 3141 4639; x_wconf 84' lang='lat' dir='ltr'>intelligatur.</span> <span class='ocrx_word' id='word_1_384' title='bbox 3183 4559 3334 4621; x_wconf 90' lang='lat' dir='ltr'>Non</span> <span class='ocrx_word' id='word_1_385' title='bbox 3383 4560 3604 4623; x_wconf 88' lang='lat' dir='ltr'>autem</span> <span class='ocrx_word' id='word_1_386' title='bbox 3655 4563 3992 4643; x_wconf 87' lang='lat' dir='ltr'>corporali</span> 
     </span>
    </p>

    <p class='ocr_par' dir='ltr' id='par_1_15' title="bbox 882 4674 3992 4757">
     <span class='ocr_line' id='line_1_32' title="bbox 882 4674 3992 4757; baseline 0 -16"><span class='ocrx_word' id='word_1_387' title='bbox 882 4677 1079 4741; x_wconf 90' lang='lat' dir='ltr'>modo</span> <span class='ocrx_word' id='word_1_388' title='bbox 1122 4692 1329 4757; x_wconf 93' lang='lat' dir='ltr'>quum</span> <span class='ocrx_word' id='word_1_389' title='bbox 1367 4675 1608 4739; x_wconf 89' lang='lat' dir='ltr'>alicubi</span> <span class='ocrx_word' id='word_1_390' title='bbox 1642 4676 1733 4739; x_wconf 90' lang='lat' dir='ltr'>sit</span> <span class='ocrx_word' id='word_1_391' title='bbox 1765 4692 1897 4738; x_wconf 89' lang='lat' dir='ltr'>non</span> <span class='ocrx_word' id='word_1_392' title='bbox 1936 4674 2136 4737; x_wconf 88' lang='lat' dir='ltr'>etiam</span> <span class='ocrx_word' id='word_1_393' title='bbox 2174 4674 2418 4756; x_wconf 90' lang='lat' dir='ltr'>ubique</span> <span class='ocrx_word' id='word_1_394' title='bbox 2457 4692 2598 4739; x_wconf 78' lang='lat' dir='ltr'>esse</span> <span class='ocrx_word' id='word_1_395' title='bbox 2637 4674 2957 4755; x_wconf 88' lang='lat' dir='ltr'>credatur,</span> <span class='ocrx_word' id='word_1_396' title='bbox 2997 4691 3204 4756; x_wconf 89' lang='lat' dir='ltr'>quum</span> <span class='ocrx_word' id='word_1_397' title='bbox 3253 4693 3370 4757; x_wconf 91' lang='lat' dir='ltr'>per</span> <span class='ocrx_word' id='word_1_398' title='bbox 3404 4692 3526 4739; x_wconf 91' lang='lat' dir='ltr'>sua</span> <span class='ocrx_word' id='word_1_399' title='bbox 3560 4677 3630 4739; x_wconf 91' lang='lat' dir='ltr'>in</span> <span class='ocrx_word' id='word_1_400' title='bbox 3667 4676 3992 4741; x_wconf 88' lang='lat' dir='ltr'>omnibus</span> 
     </span>
    </p>

    <p class='ocr_par' dir='ltr' id='par_1_16' title="bbox 877 4790 3992 4991">
     <span class='ocr_line' id='line_1_33' title="bbox 880 4790 3992 4873; baseline -0 -15"><span class='ocrx_word' id='word_1_401' title='bbox 880 4812 1023 4858; x_wconf 89' lang='lat' dir='ltr'>esse</span> <span class='ocrx_word' id='word_1_402' title='bbox 1052 4811 1185 4856; x_wconf 90' lang='lat' dir='ltr'>non</span> <span class='ocrx_word' id='word_1_403' title='bbox 1222 4793 1499 4857; x_wconf 88' lang='lat' dir='ltr'>desinat.</span> <span class='ocrx_word' id='word_1_404' title='bbox 1531 4792 1681 4855; x_wconf 93' lang='lat' dir='ltr'>Non</span> <span class='ocrx_word' id='word_1_405' title='bbox 1718 4793 1941 4855; x_wconf 90' lang='lat' dir='ltr'>autem</span> <span class='ocrx_word' id='word_1_406' title='bbox 1978 4791 2159 4854; x_wconf 88' lang='lat' dir='ltr'>aliud</span> <span class='ocrx_word' id='word_1_407' title='bbox 2197 4792 2353 4854; x_wconf 89' lang='lat' dir='ltr'>sunt</span> <span class='ocrx_word' id='word_1_408' title='bbox 2388 4808 2588 4871; x_wconf 91' lang='lat' dir='ltr'>quam</span> <span class='ocrx_word' id='word_1_409' title='bbox 2626 4790 2803 4872; x_wconf 89' lang='lat' dir='ltr'>quod</span> <span class='ocrx_word' id='word_1_410' title='bbox 2843 4791 2984 4871; x_wconf 89' lang='lat' dir='ltr'>ipse</span> <span class='ocrx_word' id='word_1_411' title='bbox 3021 4793 3142 4871; x_wconf 90' lang='lat' dir='ltr'>est,</span> <span class='ocrx_word' id='word_1_412' title='bbox 3175 4808 3324 4873; x_wconf 86' lang='lat' dir='ltr'>quae</span> <span class='ocrx_word' id='word_1_413' title='bbox 3359 4809 3482 4855; x_wconf 90' lang='lat' dir='ltr'>sua</span> <span class='ocrx_word' id='word_1_414' title='bbox 3515 4793 3692 4856; x_wconf 91' lang='lat' dir='ltr'>sunt.</span> <span class='ocrx_word' id='word_1_415' title='bbox 3723 4792 3813 4855; x_wconf 90' lang='lat' dir='ltr'>Et</span> <span class='ocrx_word' id='word_1_416' title='bbox 3839 4794 3992 4857; x_wconf 84' lang='lat' dir='ltr'>haec</span> 
     </span>
     <span class='ocr_line' id='line_1_34' title="bbox 877 4907 2434 4991; baseline -0.003 -18"><span class='ocrx_word' id='word_1_417' title='bbox 877 4911 1144 4991; x_wconf 89' lang='lat' dir='ltr'>propter</span> <span class='ocrx_word' id='word_1_418' title='bbox 1188 4910 1437 4973; x_wconf 82' lang='lat' dir='ltr'>naturae</span> <span class='ocrx_word' id='word_1_419' title='bbox 1485 4907 1989 4989; x_wconf 85' lang='lat' dir='ltr'>intelligentiam</span> <span class='ocrx_word' id='word_1_420' title='bbox 2036 4907 2212 4970; x_wconf 87' lang='lat' dir='ltr'>dicta</span> <span class='ocrx_word' id='word_1_421' title='bbox 2259 4908 2434 4970; x_wconf 86' lang='lat' dir='ltr'>sunt.</span> 
     </span>
    </p>

    <p class='ocr_par' dir='ltr' id='par_1_17' title="bbox 876 5024 3992 5343">
     <span class='ocr_line' id='line_1_35' title="bbox 1012 5024 3992 5107; baseline 0.001 -19"><span class='ocrx_word' id='word_1_422' title='bbox 1012 5026 1135 5089; x_wconf 89' lang='lat' dir='ltr'>His</span> <span class='ocrx_word' id='word_1_423' title='bbox 1176 5024 1393 5089; x_wconf 89' lang='lat' dir='ltr'>verbis</span> <span class='ocrx_word' id='word_1_424' title='bbox 1440 5026 1659 5106; x_wconf 91' lang='lat' dir='ltr'>aperte</span> <span class='ocrx_word' id='word_1_425' title='bbox 1702 5025 2135 5105; x_wconf 84' lang='lat' dir='ltr'>significatur,</span> <span class='ocrx_word' id='word_1_426' title='bbox 2174 5024 2233 5087; x_wconf 92' lang='lat' dir='ltr'>si</span> <span class='ocrx_word' id='word_1_427' title='bbox 2273 5025 2493 5087; x_wconf 90' lang='lat' dir='ltr'>tamen</span> <span class='ocrx_word' id='word_1_428' title='bbox 2537 5024 2871 5107; x_wconf 88' lang='lat' dir='ltr'>intelligis,</span> <span class='ocrx_word' id='word_1_429' title='bbox 2913 5026 3239 5106; x_wconf 87' lang='lat' dir='ltr'>haeretice,</span> <span class='ocrx_word' id='word_1_430' title='bbox 3280 5026 3439 5106; x_wconf 88' lang='lat' dir='ltr'>quia</span> <span class='ocrx_word' id='word_1_431' title='bbox 3483 5026 3708 5089; x_wconf 86' lang='lat' dir='ltr'>divina</span> <span class='ocrx_word' id='word_1_432' title='bbox 3741 5030 3992 5093; x_wconf 85' lang='lat' dir='ltr'>natura</span> 
     </span>
     <span class='ocr_line' id='line_1_36' title="bbox 876 5140 3990 5227; baseline 0.002 -22"><span class='ocrx_word' id='word_1_433' title='bbox 876 5160 1009 5205; x_wconf 90' lang='lat' dir='ltr'>non</span> <span class='ocrx_word' id='word_1_434' title='bbox 1045 5142 1226 5205; x_wconf 89' lang='lat' dir='ltr'>aliud</span> <span class='ocrx_word' id='word_1_435' title='bbox 1266 5143 1366 5205; x_wconf 89' lang='lat' dir='ltr'>est</span> <span class='ocrx_word' id='word_1_436' title='bbox 1394 5140 1477 5205; x_wconf 90' lang='lat' dir='ltr'>ab</span> <span class='ocrx_word' id='word_1_437' title='bbox 1504 5141 1611 5204; x_wconf 88' lang='lat' dir='ltr'>his</span> <span class='ocrx_word' id='word_1_438' title='bbox 1648 5159 1797 5223; x_wconf 86' lang='lat' dir='ltr'>quae</span> <span class='ocrx_word' id='word_1_439' title='bbox 1834 5158 1956 5205; x_wconf 89' lang='lat' dir='ltr'>sua</span> <span class='ocrx_word' id='word_1_440' title='bbox 1993 5142 2148 5204; x_wconf 87' lang='lat' dir='ltr'>sunt</span> <span class='ocrx_word' id='word_1_441' title='bbox 2184 5142 2277 5204; x_wconf 87' lang='lat' dir='ltr'>ita</span> <span class='ocrx_word' id='word_1_442' title='bbox 2305 5142 2380 5203; x_wconf 90' lang='lat' dir='ltr'>ut</span> <span class='ocrx_word' id='word_1_443' title='bbox 2416 5140 2655 5221; x_wconf 85' lang='lat' dir='ltr'>insint3</span> <span class='ocrx_word' id='word_1_444' title='bbox 2697 5143 2762 5204; x_wconf 88' lang='lat' dir='ltr'>et</span> <span class='ocrx_word' id='word_1_445' title='bbox 2789 5159 2904 5221; x_wconf 90' lang='lat' dir='ltr'>per</span> <span class='ocrx_word' id='word_1_446' title='bbox 2933 5141 3046 5203; x_wconf 90' lang='lat' dir='ltr'>illa</span> <span class='ocrx_word' id='word_1_447' title='bbox 3075 5142 3142 5203; x_wconf 92' lang='lat' dir='ltr'>in</span> <span class='ocrx_word' id='word_1_448' title='bbox 3175 5142 3485 5207; x_wconf 90' lang='lat' dir='ltr'>omnibus</span> <span class='ocrx_word' id='word_1_449' title='bbox 3519 5144 3660 5207; x_wconf 86' lang='lat' dir='ltr'>suis</span> <span class='ocrx_word' id='word_1_450' title='bbox 3697 5146 3800 5208; x_wconf 90' lang='lat' dir='ltr'>est</span> <span class='ocrx_word' id='word_1_451' title='bbox 3827 5163 3990 5227; x_wconf 81' lang='lat' dir='ltr'>quae</span> 
     </span>
     <span class='ocr_line' id='line_1_37' title="bbox 876 5258 3988 5343; baseline 0.001 -20"><span class='ocrx_word' id='word_1_452' title='bbox 876 5278 1008 5323; x_wconf 89' lang='lat' dir='ltr'>non</span> <span class='ocrx_word' id='word_1_453' title='bbox 1045 5261 1291 5323; x_wconf 86' lang='lat' dir='ltr'>insunt.</span> <span class='ocrx_word' id='word_1_454' title='bbox 1334 5260 1468 5323; x_wconf 87' lang='lat' dir='ltr'>Sua</span> <span class='ocrx_word' id='word_1_455' title='bbox 1505 5259 1683 5322; x_wconf 90' lang='lat' dir='ltr'>enim</span> <span class='ocrx_word' id='word_1_456' title='bbox 1728 5260 1884 5323; x_wconf 92' lang='lat' dir='ltr'>sunt</span> <span class='ocrx_word' id='word_1_457' title='bbox 1930 5258 2127 5321; x_wconf 89' lang='lat' dir='ltr'>etiam</span> <span class='ocrx_word' id='word_1_458' title='bbox 2174 5275 2324 5338; x_wconf 87' lang='lat' dir='ltr'>quae</span> <span class='ocrx_word' id='word_1_459' title='bbox 2372 5274 2504 5320; x_wconf 90' lang='lat' dir='ltr'>non</span> <span class='ocrx_word' id='word_1_460' title='bbox 2551 5258 2798 5337; x_wconf 87' lang='lat' dir='ltr'>insunt,</span> <span class='ocrx_word' id='word_1_461' title='bbox 2845 5258 2912 5321; x_wconf 91' lang='lat' dir='ltr'>id</span> <span class='ocrx_word' id='word_1_462' title='bbox 2951 5259 3051 5321; x_wconf 87' lang='lat' dir='ltr'>est</span> <span class='ocrx_word' id='word_1_463' title='bbox 3086 5275 3316 5322; x_wconf 90' lang='lat' dir='ltr'>omnes</span> <span class='ocrx_word' id='word_1_464' title='bbox 3363 5261 3708 5343; x_wconf 58' lang='lat' dir='ltr'>creaturaej</span> <span class='ocrx_word' id='word_1_465' title='bbox 3750 5263 3819 5325; x_wconf 89' lang='lat' dir='ltr'>et</span> <span class='ocrx_word' id='word_1_466' title='bbox 3854 5280 3988 5327; x_wconf 82' lang='lat' dir='ltr'>sua</span> 
     </span>
    </p>
   </div>
  </div>
 </body>
</html>
