4359 6250
827 486 949 553 632

1468 505 1535 551 ΙΝ
1574 504 1797 551 Lunum
1838 506 1859 551 1
1901 504 2384 550 SENTENTIARUK.
2429 521 2509 532 ·-
2547 503 2702 549 msT.
2747 503 2928 566 xLV13
2969 504 3194 561 QUAEST.
3240 505 3285 550 11

829 676 1007 740 sione
1035 695 1114 739 ex
1146 676 1257 739 illo
1290 693 1304 738 ε
1338 677 1557 760 sicque
1588 683 1760 739 tenet
1799 675 2108 738 rationem
2148 692 2324 737 occa·
2351 672 2402 735 A
2431 672 2622 736 etiam
2665 673 2906 737 bonum
2949 674 3031 737 sit
3070 674 3377 737 malitiam
3416 693 3555 737 esse
3592 682 3702 737 aut
3740 673 3924 752 fieri3

827 775 1044 839 sionis.
1079 777 1205 838 Aut
1234 777 1411 839 ducit
1440 795 1587 839 cum
1619 776 1765 850 alie,
1798 776 1876 837 ad
1908 774 2077 856 quod
2108 781 2320 835 tamen

826 892 955 937 non
1000 874 1350 950 ordinatur,
1388 894 1505 937 nec
1554 874 1713 936 illud
1760 875 1836 936 ad
1887 874 2168 946 tertium,
2209 873 2320 934 sed

826 971 1017 1035 ambo
1046 972 1239 1035 simul
1275 990 1289 1035 ε
1321 980 1386 1034 et
1424 972 1517 1035 sic
1557 979 1729 1034 tenet
1765 972 2075 1035 rationem
2111 990 2317 1043 casuS,

826 1071 938 1153 qui
979 1078 1076 1134 est
1114 1090 1193 1133 ex
1236 1089 1549 1134 concursu
1592 1090 1945 1133 causarum.

858 1168 887 1193 ⁸
910 1169 1000 1231 Ex
1031 1169 1266 1252 quibus
1306 1177 1571 1244 constat,
1606 1170 1775 1251 quod
1816 1168 1973 1231 illud
2002 1169 2171 1251 quod
2212 1169 2322 1230 du-

827 1267 916 1329 cit
958 1286 1071 1350 per
1115 1267 1374 1330 modum
1424 1286 1649 1342 causae,
1684 1267 1875 1329 habet
1917 1266 1983 1328 in
2028 1286 2095 1329 se
2138 1266 2323 1329 ratio-

827 1386 974 1429 nem
1005 1366 1421 1429 ordinationis
1453 1367 1518 1428 in
1548 1366 1749 1429 finem
1776 1384 1789 1428 ε
1815 1365 2051 1428 idcirco
2082 1366 2147 1428 in
2180 1366 2321 1447 ipso

826 1473 923 1529 est
953 1465 1225 1540 bonita8‚
1258 1474 1322 1528 et
1362 1474 1531 1528 recte
1570 1466 1811 1527 bonum
1850 1464 2315 1528 denominatur.

828 1564 1003 1637 Quod
1046 1582 1197 1627 vero
1244 1565 1420 1627 ducit
1468 1583 1582 1647 per
1631 1565 1891 1626 modum
1944 1564 2319 1637 occasioniS,

827 1664 1069 1727 nullam
1102 1663 1292 1725 habet
1331 1664 1498 1725 intra
1533 1682 1601 1725 se
1639 1664 1949 1725 rationem
1984 1663 2324 1726 ordinatio-

826 1763 950 1836 niS,
986 1762 1129 1825 ideo
1165 1780 1285 1824 nec
1329 1761 1697 1824 bonitatem.
1732 1763 1991 1843 Propter
2027 1761 2148 1823 hoc
2195 1778 2320 1823 non

2432 771 2732 854 quoniam
2765 780 2978 835 tamen
3008 773 3360 836 secundum
3390 773 3702 847 Boetium,
3725 792 3805 835 ex
3833 791 3928 835 or·
3971 792 4244 838 moon-01.

2429 870 2578 933 dine
2613 871 2692 933 ad
2732 871 2972 934 bonum
3014 871 3250 933 dicitur
3283 871 3526 954 aliquid
3565 871 3830 946 bonum,
3863 878 3926 933 et
3955 857 4240 911 ¹¹¹·¹’‘⁰⁸·¹¹·

2430 988 2630 1052 quum
2659 988 2848 1032 omne
2888 969 3128 1032 bonum
3157 970 3426 1033 volitum
3466 969 3549 1032 sit
3586 990 3624 1033 a
3651 971 3803 1043 Deo,
3836 970 3929 1032 di-

2431 1076 2585 1130 cunt
2632 1069 2801 1150 quod
2860 1069 3026 1130 Deus
3074 1068 3214 1131 vult
3271 1069 3436 1131 mala
3483 1087 3621 1131 esse
3669 1077 3733 1130 et
3779 1068 3927 1131 fieri

2432 1184 2558 1229 non
2598 1166 2805 1230 solum
2851 1166 3174 1230 voluntate
3219 1166 3407 1248 signi,
3439 1168 3548 1230 sed
3585 1167 3779 1229 etiam
3817 1184 3930 1231 vo-

2433 1264 2674 1327 luntate
2714 1264 3117 1347 beneplaciti.

2512 1363 2633 1426 Sed
2663 1364 2784 1426 hoc
2823 1363 3053 1426 falsum
3087 1372 3179 1427 est
3215 1382 3230 1427 :
3263 1364 3416 1446 quia
3452 1364 3660 1428 omnis
3701 1365 3930 1447 praedi-

2434 1462 2598 1525 catio
2628 1482 2769 1544 quae
2799 1480 2928 1525 non
2963 1470 3060 1525 est
3099 1482 3214 1545 per
3250 1463 3668 1537 identitatem,
3699 1471 3793 1527 est
3825 1464 3931 1527 vel

2433 1580 2549 1643 per
2595 1561 2928 1624 formalem
2989 1562 3425 1625 inhaerentiam
3476 1563 3577 1625 vel
3627 1582 3742 1645 per
3786 1582 3933 1624 cau-

2435 1677 2606 1739 sam3
2642 1668 2705 1721 et
2753 1668 2976 1723 neutra
3017 1667 3114 1722 est
3163 1661 3268 1723 hic
3307 1680 3476 1723 vera.
3511 1661 3575 1724 Si
3623 1662 3796 1723 enim
3845 1662 3933 1723 sit

2435 1758 2802 1839 praedicatio
2831 1777 2946 1840 per
2976 1759 3440 1834 inhaerent-iam,
3473 1760 3638 1822 sicut
3668 1760 3803 1823 haec
3833 1768 3933 1822 est

826 1868 1035 1943 potest
1064 1859 1461 1923 denominari
1494 1859 1735 1922 bonum
1766 1878 1880 1941 per
1910 1879 1998 1933 se,
2018 1859 2141 1921 nisi
2175 1879 2321 1921 cum
2358 1858 2406 1921 B
2435 1855 2614 1930 falsa,
2647 1856 2879 1919 Malum
2923 1864 3018 1919 est
3067 1857 3344 1937 bonum;
3377 1858 3465 1921 ita
3510 1866 3574 1920 et
3621 1859 3778 1933 hac-c,
3811 1858 3934 1921 Ma-

826 1958 1148 2021 additione
1179 1957 1353 2020 illius
1385 1976 1498 2040 per
1526 1958 1695 2039 quod
1726 1957 2073 2032 ordinatur,
2099 1958 2165 2019 in
2197 1976 2324 2039 quo

830 2056 1076 2119 scilicet
1114 2056 1405 2119 consistit
1442 2057 1601 2118 ratio
1640 2056 1939 2117 bonitatis
1977 2065 2041 2117 et
2077 2056 2328 2118 ordina-

828 2156 1119 2227 tionis‚et
1148 2155 1317 2217 circa
1346 2155 1516 2236 quod
1546 2154 1805 2236 ponitur
1834 2154 2100 2217 bonitas,
2118 2155 2323 2227 Quum

829 2272 979 2335 ergo
1010 2253 1248 2316 malum
1290 2271 1417 2315 non
1457 2254 1647 2315 ducat
1684 2254 1764 2316 ad
1803 2253 2043 2315 bonum
2082 2273 2198 2335 per
2235 2272 2323 2327 se,

830 2352 942 2415 sed
973 2371 1089 2434 per
1119 2351 1277 2413 illud
1317 2352 1486 2434 quod
1516 2371 1595 2414 ex
1637 2352 1775 2433 ipso
1805 2371 1841 2414 a
1880 2352 2165 2433 sapiente
2201 2352 2328 2414 Deo

832 2450 1121 2529 elicitur3
1162 2450 1313 2513 hinc
1362 2449 1649 2513 absolute
1699 2450 2037 2531 loquendO,
2086 2450 2325 2512 malum

832 2549 976 2611 fieri
1008 2568 1135 2611 non
1168 2556 1263 2611 est
1292 2546 1552 2611 bonum.
1589 2548 1652 2611 Si
1683 2557 1893 2610 autem
1926 2549 2193 2610 addatur
2223 2548 2329 2611 bo-

833 2667 989 2710 num
1040 2647 1208 2729 quod
1256 2646 1531 2720 elicitur,
1568 2647 1669 2709 vel
1720 2646 1855 2729 ipse
1905 2646 2192 2721 eliciens,
2235 2647 2328 2709 sic

835 2745 1238 2809 concedenda
1276 2752 1373 2806 est
1412 2744 1531 2806 ista
1567 2753 1757 2827 atque
1788 2744 2176 2818 consimileS,
2211 2746 2330 2807 Ma-

833 2846 967 2907 lum
999 2844 1144 2907 fieri
1177 2843 1416 2906 bonum
1450 2852 1545 2906 est
1583 2844 1641 2905 ei
1673 2844 1782 2927 qui
1822 2844 2000 2908 novit
2038 2843 2197 2905 illud
2234 2862 2330 2906 or-

832 2944 1053 3007 dinare
1103 2943 1171 3005 in
1219 2942 1502 3020 bonum;
1547 2942 1843 3005 similiter
1892 2942 2131 3004 malum
2183 2942 2328 3004 fieri

2437 1955 2568 2016 lum
2599 1974 2739 2017 esse
2771 1963 2868 2017 est
2907 1955 3146 2017 bonum
3183 1974 3196 2018 :
3229 1957 3532 2039 quoniam
3570 1976 3710 2019 esse
3751 1957 3928 2029 mali,

2435 2061 2532 2114 est
2570 2053 2708 2135 ipsa
2748 2053 2989 2116 malitia
3028 2062 3320 2117 concreta
3359 2073 3477 2117 suo
3509 2054 3818 2136 subjecte.
3855 2056 3930 2117 Et

2436 2153 2557 2213 hoc
2596 2152 2788 2213 etiam
2829 2152 3251 2233 significatur,
3284 2172 3485 2235 quum
3527 2154 3590 2215 in
3633 2162 3934 2216 concreto

2436 2250 2671 2312 dicitur
2701 2250 2977 2329 malum3
3009 2258 3073 2313 et
3103 2270 3218 2333 per
3247 2269 3642 2334 consequens
3671 2252 3807 2315 haec
3835 2260 3935 2314 est

2435 2348 2615 2422 falsa,
2652 2349 2810 2411 Mala
2855 2349 2998 2411 fieri
3046 2359 3143 2412 est
3191 2350 3430 2412 bonum
3475 2368 3489 2412 :
3533 2351 3684 2432 quia
3729 2370 3933 2433 quum

2437 2447 2603 2523 sieri,
2638 2448 2802 2510 sicut
2842 2457 2904 2511 et
2941 2449 3150 2511 omnis
3199 2450 3543 2531 generatiO,
3585 2469 3622 2511 a
3658 2450 3936 2513 termino

2437 2547 2904 2621 denominetur,
2925 2547 3109 2629 cujus
3141 2548 3283 2610 sieri
3315 2547 3553 2611 bonum
3587 2558 3702 2623 est,
3722 2549 3936 2631 ipsum

2437 2664 2692 2729 quoque
2729 2655 2826 2709 est
2864 2646 3124 2709 bonum.
3161 2647 3224 2710 Si
3264 2656 3480 2710 autem
3521 2648 3604 2709 sit
3639 2648 3935 2729 praedica-

2438 2744 2528 2805 tio
2577 2764 2690 2826 per
2738 2764 3016 2820 causam,
3061 2746 3293 2808 iterum
3343 2746 3576 2809 falsum
3625 2753 3740 2809 est.
3773 2747 3934 2809 Nam

2441 2844 2733 2924 quamvis
2775 2844 3012 2905 malum
3059 2844 3142 2906 sit
3177 2845 3428 2907 occasio
3469 2844 3643 2920 boni,
3677 2864 3803 2908 non
3843 2854 3936 2908 ta-

2443 2960 2587 3002 men
2632 2950 2726 3003 est
2763 2942 2905 3023 ejus
2949 2962 3156 3005 causa.
3191 2943 3451 3006 Occasio
3493 2963 3768 3026 namque
3807 2962 3934 3007 non

834 3050 931 3106 est
978 3042 1242 3117 bonum,
1296 3050 1366 3103 ut
1416 3041 1764 3124 probentur
1810 3042 2015 3103 electi.
2062 3078 2143 3087 —
2187 3042 2328 3105 Ilaec
2359 3041 2402 3104 C
2441 3047 2537 3101 est
2567 3058 2776 3115 causa,
2810 3042 2920 3103 sed
2948 3050 3044 3103 est
3073 3041 3264 3104 alicui
3297 3042 3737 3125 opportunitas
3767 3062 3939 3125 quae-

824 3141 961 3204 ille.

914 3241 984 3301 In
1042 3239 1228 3319 cujus
1284 3239 1694 3320 responsione
1749 3239 1869 3302 hoc
1919 3258 1956 3301 a
2014 3239 2329 3322 praeindu-

838 3345 940 3400 cta
968 3337 1224 3401 Thomae
1253 3337 1665 3418 responsione
1699 3337 2023 3400 dissonare
2052 3338 2328 3411 videtur,

837 3437 1007 3519 quod
1059 3435 1367 3498 malitiam
1413 3443 1823 3518 tyrannorum
1874 3437 2030 3499 dicit
2077 3455 2332 3519 compa-

837 3535 960 3598 rari
1009 3535 1087 3597 ad
1135 3534 1506 3617 patientiam
1559 3543 1909 3617 martyrum
1958 3544 2029 3597 ut
2074 3555 2331 3598 causam

836 3653 951 3716 per
999 3653 1089 3708 se,
1132 3652 1324 3715 quam
1370 3632 1565 3715 (sicut
1607 3633 1741 3714 jam
1788 3634 2021 3716 patuit)
2062 3635 2332 3698 Thomas

838 3751 1093 3796 causam
1135 3748 1249 3814 per
1276 3731 1570 3794 accidens
1600 3739 1783 3794 vocat
1823 3732 2143 3814 patientiae
2174 3752 2334 3796 mar-

838 3831 994 3914 tyris
1028 3848 1043 3893 t
1077 3831 1248 3913 quod
1278 3830 1491 3892 verius
1522 3837 1871 3912 reputatur,
1897 3832 2045 3913 quia
2076 3833 2127 3894 si
2164 3832 2336 3894 mali-

838 3930 948 4004 tia,
982 3929 1322 3991 crudelitas
1352 3936 1461 3991 aut
1491 3929 1852 4011 persecutio
1883 3932 2329 4012 persecutoriS,

837 4035 1006 4092 esset
1048 4046 1161 4109 per
1204 4045 1271 4089 se
1314 4045 1503 4090 causa
1547 4027 1867 4109 patientiae
1916 4031 2232 4112 martyriS,
2267 4032 2331 4094 in

840 4126 1087 4190 cunctis
1118 4125 1491 4207 martyrium
1532 4125 1921 4206 patientibus
1962 4127 2332 4209 patientiam

2442 3141 2587 3202 dam
2618 3140 2938 3202 causandi.
2972 3141 3131 3204 Hinc
3172 3140 3406 3204 falsum
3441 3151 3537 3205 est
3570 3144 3741 3225 quod
3771 3143 3939 3205 Deus

2441 3239 2765 3301 voluntate
2807 3239 3188 3322 beneplaciti
3233 3241 3389 3303 velit
3437 3242 3604 3304 mala
3645 3261 3784 3304 esse
3831 3249 3941 3303 aut

2443 3337 2612 3412 fieri,
2647 3338 2756 3419 qui
2788 3356 2915 3400 non
2945 3338 3084 3400 vult
3113 3339 3236 3402 nisi
3266 3339 3540 3420 bonum;
3573 3341 3684 3402 sed
3713 3360 3940 3403 verum

2444 3445 2540 3499 est
2569 3438 2738 3519 quod
2769 3437 2906 3499 vult
2947 3437 3185 3499 malum
3226 3457 3364 3501 esse
3403 3439 3800 3502 occasionem
3833 3439 3942 3503 bo-

2445 3535 2531 3597 ni.
2566 3570 2647 3582 —
2675 3534 3030 3599 Auctoritas
3071 3545 3284 3599 autem
3328 3537 3440 3599 illa
3470 3538 3669 3601 Boetii
3710 3539 3944 3601 intelli-

2443 3634 2646 3714 genda
2690 3640 2787 3695 est
2832 3634 2910 3696 de
2958 3634 3180 3697 ordine
3237 3636 3543 3698 naturalis
3591 3636 3942 3700 habilitatis

2443 3733 2521 3794 ad
2573 3731 2810 3794 bonum
2856 3749 2869 3793 :
2908 3752 3048 3814 quae
3095 3733 3393 3797 habilitas
3441 3736 3800 3800 necessario
3845 3745 3945 3800 est

2445 3830 2701 3893 habitus
2743 3838 2851 3893 aut
2899 3831 3188 3913 aptitudo
3235 3832 3558 3909 bonitatis,
3589 3853 3703 3916 per
3747 3854 3942 3917 quam

2446 3928 2810 4010 subjectum
2839 3929 3083 4011 appetit
3121 3929 3348 4012 perfici
3388 3930 3454 3993 in
3493 3931 3684 4006 bon0,
3711 3941 3778 3996 et
3811 3951 3942 3996 mo-

2445 4034 2631 4089 vetur
2676 4027 2754 4089 ad
2803 4027 3016 4110 ipsum
3065 4028 3303 4091 ratione
3351 4029 3816 4094 similitudinis
3869 4031 3946 4094 Et

2447 4143 2574 4188 non
2607 4125 2888 4208 loquitur
2917 4126 3170 4189 Boetius
3208 4127 3285 4188 de
3323 4127 3722 4192 ordinatione
3760 4128 3945 4193 indu-

842 4223 1265 4308 produxisset,
1316 4242 1517 4305 quum
1575 4231 1808 4287 tamen'
1840 4226 2026 4288 multi
2077 4227 2143 4289 in
2196 4228 2336 4310 ipso
2367 4230 2414 4291 D
2446 4233 2546 4287 cta
2576 4225 2657 4287 ab
2689 4226 3044 4290 extrinseco
3073 4235 3397 4308 operante,
3431 4229 3706 4309 qualiter
3734 4229 3944 4292 solum

840 4339 957 4385 suo
1006 4321 1308 4404 martyrio
1356 4341 1431 4384 ex
1482 4323 1942 4403 persecutionis
1993 4326 2336 4388 acerbitate

840 4420 1152 4483 defecisse
1202 4420 1489 4502 legantur
1541 4438 1554 4482 :
1609 4429 1814 4503 potest
1862 4430 2074 4486 tamen
2123 4426 2336 4488 vocari

842 4538 1033 4581 causa
1075 4517 1213 4580 sine
1255 4538 1381 4600 qua
1423 4536 1573 4593 non,
1616 4518 1683 4581 in
1725 4519 1883 4602 ipsis
1928 4523 2332 4606 martyribus.

923 4618 1192 4699 Insuper
1219 4616 1514 4679 Albertus
1554 4618 1674 4680 hoc
1715 4618 1873 4694 loco,
1907 4626 1969 4682 et
2008 4621 2337 4684 Udalricus

842 4716 1123 4780 secundo
1154 4735 1283 4779 suae
1312 4715 1590 4779 Summae
1622 4716 1805 4790 libro,
1827 4720 2225 4782 concorditer
2253 4721 2340 4782 di·

844 4823 1019 4890 cunt,
1070 4815 1241 4898 quod
1299 4833 1519 4878 omnes
1580 4815 1715 4880 istae
1773 4816 1903 4878 sint
1960 4817 2340 4901 simpliciter

842 4914 1018 4978 falsae
1073 4931 1087 4976 ε
1142 4913 1301 4976 Mala
1354 4932 1492 4976 esse
1550 4922 1660 4977 aut
1715 4912 1859 4977 fieri
1917 4915 2156 4978 bonum
2220 4925 2336 4980 est.

842 5011 947 5074 Ait
984 5030 1133 5092 ergo
1171 5011 1498 5075 Udalricus
1533 5028 1548 5074 :
1584 5013 1815 5075 Dicunt
1855 5014 2136 5096 quidam,
2170 5016 2340 5097 quod

844 5110 1136 5192 quamvis
1170 5111 1407 5172 malum
1448 5129 1575 5174 non
1617 5111 1699 5173 sit
1730 5111 1993 5186 bonum,
2026 5131 2145 5175 nec
2178 5113 2342 5176 mala

844 5208 1053 5271 facere
1083 5207 1322 5271 bonum
1354 5209 1457 5282 sit,
1491 5209 1642 5291 quia
1670 5209 1805 5274 haec
1836 5217 2081 5273 tantum
2118 5210 2343 5272 dicunt
2372 5197 2382 5208 ⁹

848 5307 1384 5388 comparationem
1449 5308 1599 5370 mali
1659 5309 1737 5371 ad
1800 5308 2161 5384 facientem,
2224 5328 2342 5372 nec

2447 4323 2802 4387 ordinabile
2845 4332 2940 4386 est
2982 4325 3222 4388 malum
3264 4325 3331 4387 in
3375 4325 3636 4389 bonum.
3679 4363 3762 4374 —
3800 4329 3944 4392 Haec

2446 4421 2742 4484 Albertus
2785 4429 2848 4483 et
2889 4422 3236 4485 Udalricus.

2528 4520 2707 4583 Circa
2747 4521 2884 4583 haec
2931 4521 3156 4584 scribit
3196 4523 3552 4596 Durandus,
3585 4524 3756 4605 quod
3807 4526 3948 4588 nul—

2449 4620 2582 4682 lum
2633 4618 2873 4681 malum
2919 4619 3124 4701 culpae
3165 4619 3266 4682 vel
3309 4639 3514 4702 poenae
3557 4629 3764 4703 potest
3805 4641 3946 4686 esse

2449 4737 2562 4800 per
2591 4736 2658 4780 se
2689 4717 2956 4781 volitum
2988 4737 3026 4780 a
3053 4718 3180 4780 Deo
3209 4725 3319 4780 aut
3347 4718 3474 4781 alio
3501 4737 3947 4803 quocumque3

2449 4816 2558 4878 sed
2605 4815 2769 4879 mala
2809 4834 3016 4898 poenae
3053 4824 3113 4878 et
3154 4825 3396 4881 naturae
3435 4827 3702 4899 possunt
3743 4839 3781 4881 a
3821 4821 3952 4883 Deo

2449 4915 2644 4978 volita
2681 4932 2819 4977 esse
2859 4933 2972 4996 per
3005 4914 3334 4994 accidens;
3369 4916 3534 4979 mala
3564 4925 3780 4980 autem
3820 4919 3953 4980 cul-

2451 5031 2548 5095 pae
2586 5031 2716 5076 non
2757 5020 3020 5094 possunt
3057 5031 3198 5076 esse
3237 5014 3433 5076 volita
3468 5034 3505 5077 a
3543 5016 3670 5078 Deo
3711 5035 3830 5098 per
3857 5035 3948 5090 se,

2449 5129 2657 5193 neque
2706 5129 2819 5193 per
2867 5111 3181 5173 accidens,
3217 5111 3448 5174 Malum
3501 5132 3778 5196 namque
3827 5114 3952 5176 sub

2452 5210 2693 5272 ratione
2727 5209 2897 5284 mali,
2931 5228 3059 5273 non
3093 5218 3300 5292 potest
3328 5210 3596 5273 volitum
3633 5230 3796 5274 esse.
3831 5213 3954 5275 Ma-

2454 5307 2512 5369 la
2556 5314 2764 5370 tamen
2809 5325 3012 5389 poenae
3054 5316 3118 5370 et
3157 5313 3398 5371 naturae
3443 5316 3709 5390 possunt
3745 5329 3782 5371 a
3819 5310 3950 5373 Deo
