4359 6250
1597 495 1682 541 AN
1723 495 1978 543 camus
2017 496 2333 543 mNUATtm
3434 474 3515 541 57

497 669 804 731 Praeterea
847 667 1017 732 circa
1063 668 1196 732 haec
1245 667 1471 731 scribit
1517 668 1850 730 Durandus
1893 668 1992 730 :A
2022 687 2101 730 an
2153 668 2523 742 salvaretur,
2573 687 2654 731 an
2704 667 2915 750 potius
2972 669 3395 731 damnaretur.
3449 665 3515 730 Si

419 767 554 829 Duo
595 767 1057 830 consideranda
1105 775 1252 829 sunt
1303 766 1426 829 hic.
1462 767 1743 829 Primum
1792 775 1910 837 est,

412 885 494 928 an
535 865 767 928 caritas
813 866 1015 948 possit
1055 865 1350 928 diminui.
1387 865 1750 928 Secundum
1792 873 1908 938 est,

409 984 490 1026 an
539 965 943 1027 diminuatur
989 965 1344 1027 secundum
1392 972 1626 1027 actum.
1681 965 1912 1026 Omnes

408 1073 626 1127 autem
675 1063 1056 1136 concedunt,
1109 1064 1278 1146 quod
1326 1070 1638 1145 quantum
1692 1070 1788 1125 est
1836 1082 1914 1125 ex

409 1183 526 1224 sua
555 1168 806 1237 natura,
841 1163 1041 1244 possit
1069 1161 1340 1225 diminui
1374 1162 1912 1244 quemadmodum

409 1270 472 1323 et
534 1261 778 1342 augeri.
841 1261 917 1323 Et
971 1261 1092 1324 hoc
1150 1260 1632 1336 rationabiliter,
1690 1261 1914 1343 quoni-

411 1379 516 1422 am
551 1361 952 1423 latitudinem
995 1361 1306 1440 graduum
1346 1359 1538 1422 habet
1578 1360 1644 1422 in
1679 1359 1914 1442 quibus

413 1459 555 1540 ejus
607 1468 832 1521 natura
874 1466 1082 1541 potest
1122 1457 1352 1520 salvari
1396 1477 1410 1520 ε
1451 1467 1516 1520 et
1558 1459 1726 1521 sicut
1771 1459 1914 1521 talis

415 1557 624 1620 forma
663 1576 780 1639 per
815 1576 1008 1638 agens
1047 1564 1254 1639 potest
1295 1557 1524 1620 deduci
1565 1557 1642 1619 de
1687 1557 1914 1640 imper-

414 1655 588 1718 fecto
644 1656 844 1737 gradu
893 1657 969 1718 ad
1029 1655 1407 1738 perfectum,
1461 1656 1553 1718 sic
1602 1664 1912 1738 quantum

413 1763 511 1817 est
551 1755 620 1816 in
651 1773 742 1828 se,
774 1761 980 1836 potest
1019 1754 1234 1817 reduci
1275 1755 1352 1817 de
1391 1756 1588 1836 gradu
1631 1754 1913 1836 perfecto

2023 767 2395 842 salvaretur,
2427 784 2577 848 ergo
2616 767 2847 849 aliquis
2879 774 3093 848 posset
3128 767 3265 828 sine
3297 766 3517 830 carita-

2023 873 2084 927 te
2129 865 2397 944 salvari3
2438 864 2491 926 si
2534 867 2962 940 damnaretur,
3004 881 3153 945 ergo
3200 881 3315 946 pro
3364 865 3515 928 solis

2023 962 2383 1025 venialibus
2412 963 2557 1045 quis
2598 963 2827 1026 adultae
2864 963 3065 1026 aetatis
3104 970 3319 1044 posset
3346 963 3517 1024 dam-

2025 1062 2183 1125 nari.
2219 1063 2505 1144 Insuper,
2529 1081 2731 1144 quum
2761 1062 2989 1124 caritas
3022 1061 3231 1124 infusa
3260 1062 3343 1123 sit
3371 1061 3517 1124 fini-

2026 1169 2107 1230 ta,
2142 1161 2195 1224 si
2231 1180 2345 1244 per
2374 1161 2648 1224 venialia
2680 1160 3012 1233 minuitur,
3046 1160 3230 1224 toties
3260 1169 3519 1243 possent

2025 1261 2302 1323 venialia
2341 1261 2555 1323 iterari
2598 1261 2767 1343 quod
2806 1259 3083 1323 totaliter
3122 1260 3519 1324 destruerent

2026 1359 2353 1422 caritatem
2390 1377 2403 1420 :
2439 1359 2607 1441 quod
2636 1359 2853 1422 nullus
2882 1359 3191 1422 concedit.
3228 1359 3517 1423 Secundo

2025 1458 2331 1540 probatur
2380 1457 2499 1521 hoc
2546 1458 2638 1520 sic
2682 1475 2695 1520 τ
2739 1459 3012 1521 Ponatur
3059 1459 3228 1540 quod
3284 1458 3516 1540 aliquis

2025 1557 2105 1619 sit
2139 1557 2205 1618 in
2239 1557 2509 1618 minimo
2544 1557 2742 1637 gradu
2784 1556 3063 1619 caritatis
3092 1565 3153 1618 et
3186 1557 3517 1619 venialiter

2025 1662 2267 1738 peccet,
2301 1654 2607 1736 quaeritur
2648 1674 2725 1717 an
2774 1674 2887 1736 per
2922 1655 3169 1717 veniale
3214 1654 3372 1717 illud
3417 1673 3515 1717 ca-

2025 1752 2176 1816 ritas
2220 1753 2359 1834 ejus
2403 1753 2815 1826 diminuetur,
2852 1771 2931 1815 an
2976 1772 3124 1817 non.
3161 1753 3224 1816 Si
3276 1753 3519 1815 minue-

411 1854 491 1916 ad
541 1853 1015 1935 imperfectum.
1057 1889 1138 1898 —-
1177 1855 1396 1916 Utrum
1445 1861 1658 1916 autem
1707 1852 1912 1936 perfe-
1949 1851 1996 1915 B
2027 1859 2150 1926 tur,
2184 1870 2334 1933 ergo
2370 1860 2433 1914 et
2478 1859 2939 1934 corrumpetur,
2973 1872 3172 1934 quum
3212 1852 3293 1914 sit
3332 1852 3519 1915 mini-

409 1952 542 2015 ctio
593 1952 876 2015 caritatis
933 1953 1022 2014 ita
1070 1953 1412 2034 aliquando
1461 1961 1606 2015 actu
1667 1953 1910 2015 minua-

409 2061 534 2122 tur,
557 2059 654 2114 est
685 2051 920 2134 duplex
950 2050 1182 2134 opinio.
1206 2052 1337 2114 Una
1367 2051 1715 2114 dicentium
1747 2053 1910 2134 quod

407 2153 524 2215 sic.
563 2153 846 2226 Quorum
886 2151 1047 2214 ratio
1084 2159 1201 2224 est,
1236 2152 1538 2232 quoniam
1574 2153 1738 2213 Deus
1784 2169 1909 2214 non

409 2259 506 2314 est
559 2269 753 2313 causa
801 2249 1228 2332 corruptionis
1277 2249 1578 2323 caritatiS,
1624 2249 1747 2311 nisi
1797 2269 1911 2331 per

408 2348 812 2412 aversionem
864 2347 1210 2411 voluntatis
1269 2347 1349 2410 ab
1397 2365 1474 2410 eo
1531 2366 1646 2429 per
1695 2365 1911 2428 pecca-

411 2457 554 2510 tum
603 2447 883 2510 mortale.
925 2446 1047 2508 Sed
1089 2445 1256 2508 sicut
1301 2446 1592 2508 voluntas
1636 2445 1913 2508 totaliter

411 2546 727 2609 avertitur
755 2564 791 2607 a
821 2546 950 2608 Deo
981 2564 1095 2627 per
1127 2553 1457 2626 peccatum
1499 2544 1784 2616 mortale,
1818 2543 1912 2606 sic

411 2644 887 2727 aliquantulum
931 2643 1238 2705 avertitur
1281 2661 1395 2725 per
1433 2642 1702 2716 veniale,
1732 2641 1914 2723 juxta

413 2744 580 2806 illud
629 2741 967 2825 Augustini
1029 2742 1093 2804 in
1144 2742 1308 2805 libro
1357 2741 1843 2806 confessionum
1894 2760 1908 2804 ε

411 2843 626 2906 Minus
665 2851 746 2917 te,
779 2859 818 2905 o
856 2841 1144 2915 Domine,
1174 2848 1364 2915 amat,
1398 2841 1511 2923 qui
1548 2841 1790 2922 aliquid
1828 2847 1912 2902 te-

413 2961 566 3004 cum
597 2947 766 3003 amat
793 2941 964 3021 quod
996 2957 1120 3003 non
1151 2947 1320 3002 amat
1351 2947 1609 3022 propter
1637 2947 1716 3001 te.
1753 2939 1914 3022 Ergo

2026 1951 2115 2013 mi
2160 1951 2395 2032 gradus
2435 1969 2449 2012 ε
2492 1950 2712 2032 sicque
2760 1951 2967 2013 solum
3020 1971 3219 2013 unum
3267 1951 3515 2013 veniale

2024 2050 2352 2112 caritatem
2399 2056 2780 2132 corrumpet.
2816 2049 2881 2112 Si
2926 2067 3075 2118 non,
3108 2068 3258 2130 ergo
3295 2050 3515 2111 eadem

2022 2149 2265 2211 ratione
2310 2167 2428 2211 nec
2476 2148 2649 2210 aliud
2694 2147 2963 2220 veniale,
2990 2147 3303 2211 diminuet
3350 2167 3511 2211 eam.

2021 2246 2233 2309 Tertio
2260 2247 2354 2308 sic
2390 2264 2401 2306 :
2438 2245 2501 2308 Si
2543 2245 2789 2310 veniale
2819 2247 3146 2309 caritatem
3190 2246 3514 2322 diminuit,

2023 2362 2174 2426 ergo
2203 2352 2267 2406 et
2296 2345 2631 2427 praemium
2664 2347 2832 2427 quod
2874 2346 3116 2408 caritati
3152 2362 3518 2429 correspon-

2022 2444 2129 2506 det
2171 2442 2538 2516 minorabit,
2574 2445 2759 2525 cujus
2798 2444 3135 2507 minoratio
3174 2463 3363 2527 poena
3394 2454 3512 2518 est,

2023 2549 2243 2624 utpote
2288 2542 2590 2604 damnum
2626 2559 2640 2604 :
2684 2543 2903 2624 sicque
2944 2561 3061 2626 pro
3104 2544 3237 2606 solo
3280 2543 3513 2606 veniali
3578 2579 3587 2590 ·

2024 2640 2424 2722 infligeretur
2468 2659 2655 2723 poena
2701 2649 2951 2705 aeterna.
2986 2678 3067 2688 -
3095 2642 3237 2705 Haec
3280 2643 3515 2705 Duran-

2025 2740 2296 2814 dus.Qui
2328 2740 2478 2802 huic
2508 2742 2802 2805 secundae
2832 2743 3115 2824 opinioni
3146 2744 3343 2824 magis
3374 2761 3517 2808 con-

2023 2839 2234 2902 sentit.

2106 2937 2399 3019 Amplius
2444 2937 2821 3002 Guillelmus
2871 2939 3239 3004 Parisiensis
3284 2942 3348 3004 in
3398 2950 3515 3005 tra-

409 3039 586 3102 sicut
630 3046 888 3121 propter
931 3039 1188 3101 totalem
1233 3038 1630 3101 aversionem
1671 3038 1912 3120 peccati
1950 3037 1994 3100 C
2025 3042 2196 3098 ctatu
2254 3054 2371 3099 suo
2428 3036 2505 3098 de
2566 3037 2748 3100 Vitiis
2805 3045 2867 3100 et
2925 3039 3292 3114 virtutibuS,
3347 3042 3517 3105 circa

411 3138 704 3203 mortalis
751 3139 978 3201 caritas
1027 3137 1290 3201 omnino
1339 3137 1790 3219 corrumpitur,
1822 3137 1915 3198 sic

408 3246 680 3321 propter
711 3238 1040 3319 partialem
1072 3237 1470 3301 aversionem
1501 3236 1770 3299 venialis
1803 3236 1917 3298 mi-

407 3337 657 3399 nuitur.
717 3336 836 3398 Pro
898 3336 1014 3398 hac
1077 3334 1380 3417 opinione
1439 3335 1692 3398 videtur
1749 3354 1909 3409 esse,

405 3436 588 3517 quod
628 3434 694 3496 in
737 3434 902 3497 libro
944 3435 1236 3497 LXXXIII
1278 3436 1706 3509 Quaestionum
1750 3454 1915 3497 asse-

405 3533 494 3595 rit
529 3532 921 3613 Augustinus
957 3550 970 3593 :
1005 3534 1335 3596 Venenum
1377 3533 1654 3595 caritatis
1684 3540 1780 3595 est
1809 3551 1912 3594 cu-

406 3630 674 3713 piditas,
724 3639 788 3693 et
847 3630 958 3693 ubi
1017 3639 1112 3694 est
1172 3651 1365 3713 parva
1421 3631 1758 3713 cupiditas,
1819 3630 1910 3693 ibi

409 3748 646 3810 magna
685 3728 950 3808 caritas;
981 3737 1046 3792 et
1083 3729 1194 3792 ubi
1238 3716 1414 3792 nulla
1449 3730 1785 3811 cupiditaS,
1820 3728 1909 3791 ibi

407 3827 702 3910 perfecta
747 3836 844 3891 est
892 3830 1138 3891 caritas,
1179 3829 1435 3892 Constat
1483 3836 1694 3890 autem
1742 3828 1910 3910 quod

405 3945 584 4008 saepe
628 3935 896 4008 augetur
939 3927 1254 4009 cupiditas
1299 3945 1313 3988 ε
1355 3945 1506 4008 ergo
1546 3926 1912 4009 frequenter

409 4023 733 4089 minuitur
783 4025 1032 4087 caritas.
1075 4026 1254 4099 Item,
1296 4025 1520 4088 demus
1567 4025 1739 4106 quod
1787 4026 1912 4089 duo

406 4125 546 4187 sint
587 4124 652 4186 in
693 4124 952 4187 caritate
991 4124 1242 4205 aequali,
1274 4133 1338 4187 et
1375 4143 1540 4187 unus
1583 4124 1913 4186 venialiter

2027 3134 2225 3198 finem
2272 3136 2495 3217 primae
2538 3138 2755 3219 ραι-τῖε,
2794 3138 3044 3202 fortiter
3083 3149 3257 3203 tenet
3299 3142 3519 3204 carita-

2027 3244 2154 3296 tem
2204 3252 2331 3297 non
2382 3252 2567 3317 posse
2616 3236 2911 3313 diminui,
2964 3239 3129 3302 inter
3177 3248 3384 3304 cetera
3434 3242 3519 3305 lo-

2025 3352 2228 3415 quens
2282 3351 2295 3394 :
2347 3334 2749 3417 Impossibile
2801 3346 2894 3399 est.
2946 3339 3214 3403 virtutes
3274 3340 3517 3403 infusas

2027 3431 2232 3494 minui
2271 3433 2370 3495 vel
2414 3434 2671 3497 remitti.
2706 3435 2864 3498 Nam
2907 3456 3023 3519 per
3060 3448 3317 3519 peccata
3357 3459 3519 3504 mor-

2026 3530 2175 3594 talia
2216 3531 2471 3612 penitus
2509 3534 3018 3615 exstinguuntur.
3055 3538 3116 3600 Si
3157 3546 3369 3601 autem
3402 3560 3517 3621 per

2024 3630 2297 3693 venialia
2346 3631 2805 3707 minuerentur,
2836 3635 3077 3716 aliquid
3126 3637 3203 3699 de
3254 3640 3516 3719 praemio

2021 3746 2243 3790 earum
2286 3730 2719 3793 detraheretur
2757 3751 2770 3794 ε
2813 3739 2877 3794 et
2918 3734 3008 3795 sic
3053 3754 3241 3816 poena
3281 3745 3515 3800 aeterna

2025 3845 2141 3908 pro
2170 3827 2263 3889 eis
2305 3828 2723 3909 infligeretur,
2757 3831 2922 3893 sicut
2953 3832 3083 3913 jam
3128 3840 3363 3897 tactum
3394 3845 3507 3899 est.

2024 3926 2115 3987 Ad
2147 3926 2268 3988 hoc
2300 3926 2543 3991 inducit
2583 3930 2756 3991 varia
2792 3940 3165 4011 argumenta
3197 3933 3329 4014 jam
3360 3954 3515 4017 pra·-

2024 4024 2304 4099 inducta,
2354 4046 2431 4089 ex
2491 4028 2725 4109 quibus
2782 4030 3106 4092 concludit
3156 4049 3170 4092 :
3222 4031 3515 4097 Sufficiat

2024 4122 2141 4186 tibi
2171 4143 2248 4185 ex
2282 4125 2402 4199 his,
2436 4126 2703 4189 virtutes
2738 4146 2865 4189 non
2896 4146 3081 4209 posse
3110 4130 3402 4195 diminui.
3439 4134 3515 4196 Et

407 4230 660 4307 peccet,
703 4223 866 4285 alius
909 4240 1036 4285 non
1072 4240 1086 4284 :
1127 4231 1390 4305 apparet
1436 4224 1605 4305 quod
1645 4230 1911 4304 uterque
1947 4224 1994 4285 D
2024 4223 2144 4285 hoc
2185 4240 2312 4285 non
2350 4232 2445 4285 est
2482 4244 2558 4286 ex
2598 4225 2971 4289 fortitudine
3010 4237 3120 4291 aut
3161 4230 3517 4311 impassibi-

407 4342 638 4387 eorum
683 4340 812 4385 non
858 4321 942 4384 sit
990 4322 1119 4385 Deo
1169 4321 1496 4404 aequaliter
1543 4322 1800 4403 placens
1848 4330 1913 4384 et

409 4440 620 4485 carus.
658 4420 821 4501 Ergo
849 4420 1098 4483 veniale
1128 4419 1282 4483 facit
1314 4440 1511 4482 unum
1546 4437 1766 4483 eorum
1799 4420 1913 4481 mi—

407 4540 538 4583 nus
579 4536 819 4593 carum,
858 4518 1078 4600 si0que
1117 4517 1420 4581 diminuit
1451 4518 1796 4581 caritatem.
1829 4554 1912 4564 —

408 4619 556 4682 Alia
585 4618 804 4700 opinio
833 4626 950 4691 est,
983 4618 1152 4699 quod
1184 4617 1412 4679 caritas
1441 4637 1770 4699 nunquam
1802 4618 1914 4679 mi-

409 4716 639 4779 nuitur
685 4724 996 4799 quantum
1053 4716 1131 4778 ad
1189 4716 1530 4779 essentiam
1585 4714 1839 4778 habitus
1891 4734 1906 4778 :

407 4814 568 4898 quia
613 4813 668 4876 si
717 4822 933 4896 posset
980 4812 1074 4876 sic
1127 4814 1354 4888 minui,
1406 4814 1526 4877 hoc
1573 4822 1739 4876 esset
1795 4833 1911 4896 per

407 4912 664 4976 veniale
705 4919 1062 4995 peccatum.
1095 4912 1415 4995 Quidquid
1451 4920 1664 4975 autem
1703 4920 1910 4995 potest

411 5013 704 5075 minuere
743 5010 1012 5093 aliquid,
1046 5019 1252 5093 potest
1293 5009 1449 5073 illud
1481 5012 1736 5074 tandem
1774 5029 1906 5074 om-

407 5112 568 5174 nino
615 5110 942 5172 destruere
977 5125 992 5170 :
1025 5109 1244 5192 sicque
1294 5129 1408 5191 per
1455 5110 1588 5173 sola
1635 5111 1907 5173 venialia

407 5209 642 5273 caritas
690 5216 908 5290 posset
955 5208 1298 5290 corrumpi.
1345 5208 1422 5270 Et
1468 5208 1521 5271 si
1573 5208 1690 5272 hoc
1742 5208 1908 5273 facto

405 5308 558 5391 quis
601 5305 893 5388 protinus
945 5314 1316 5381 moreretur,
1351 5307 1763 5389 quaerendum
1811 5316 1907 5370 est

2026 4320 2200 4383 litate
2240 4321 2549 4384 virtutum
2594 4324 2983 4405 hujusmodi,
3028 4328 3138 4390 sed
3182 4348 3259 4391 ex
3300 4330 3518 4395 divina

2021 4419 2292 4500 justitia,
2326 4440 2467 4503 quae
2516 4441 2631 4504 pro
2676 4424 2910 4486 veniali
2960 4443 3085 4488 non
3138 4428 3377 4509 patitur
3427 4430 3519 4493 in-

2024 4517 2161 4600 fligi
2222 4537 2475 4601 poenam
2540 4528 2839 4584 aeternam
2903 4540 2916 4584 :
2977 4526 3515 4606 quemadmodum

2022 4616 2221 4679 Adam
2278 4626 2423 4680 ante
2476 4626 2807 4700 peccatum
2866 4622 3242 4686 immortalis
3300 4633 3363 4688 et
3421 4626 3513 4687 in-

2022 4715 2440 4779 vulnerabilis
2487 4717 2632 4792 fuit,
2669 4738 2795 4781 non
2840 4720 3109 4783 naturali
3156 4723 3515 4805 impassibi-

2023 4811 2348 4888 litate,sed
2380 4817 2769 4897 protectione
2801 4818 3033 4883 divinae
3059 4820 3345 4902 justitia»,
3368 4842 3511 4903 quae

2022 4931 2147 4976 non
2201 4914 2593 4995 permisisset
2641 4934 2788 4977 eum
2842 4924 2995 4981 tunc
3047 4920 3209 4993 laedi,
3261 4914 3313 4981 si
3364 4921 3509 5003 quis

2019 5012 2326 5078 voluisset
2364 5032 2509 5075 eum
2553 5015 2776 5078 laedere
2817 5014 2983 5080 ferro
3018 5017 3116 5079 vel
3157 5017 3320 5099 igne.
3355 5021 3509 5084 Prae-

2019 5121 2211 5186 terea,
2244 5112 2391 5175 dato
2429 5112 2599 5194 quod
2638 5114 2899 5177 decedat
2936 5116 3079 5197 quis
3119 5116 3325 5179 solum
3358 5137 3505 5181 cum

2019 5229 2148 5274 uno
2177 5210 2412 5272 veniali
2454 5218 2713 5293 peccato
2742 5214 2912 5295 quod
2944 5214 3210 5295 gratiam
3242 5214 3383 5297 ejus
3418 5217 3508 5279 di-

2022 5309 2278 5383 minuit,
2311 5328 2439 5373 non
2480 5316 2573 5371 est
2609 5309 2875 5375 dubium
2910 5312 3066 5395 quin
3109 5331 3224 5395 pro
3262 5314 3373 5379 illo
3402 5336 3506 5379 ve-
