4359 6250
1423 503 1600 550 1161111
1639 504 1660 550 1
1699 501 2184 549 summulam.
2228 521 2309 531 --
2348 501 2501 549 msr.
2547 503 2625 549 111.
3457 483 3580 548 509

470 681 720 762 autem,
769 679 829 745 si
877 679 1291 763 disjunctim,
1337 682 1414 745 ut
1455 681 1514 744 si
1561 679 1915 762 intelligaS,
1958 681 2160 748 istum
2212 698 2345 744 non
2386 696 2582 763 posse
2631 679 2927 743 damnari
2972 693 3171 761 quem
3215 678 3363 742 dico
3412 695 3578 761 prae-

470 795 878 861 destinatum
927 818 942 860 :
989 797 1210 879 potuit
1255 798 1434 861 enim
1482 814 1615 861 non
1657 815 1800 861 esse
1841 798 2369 880 praedestinatuS‚
2416 799 2478 861 61
2531 797 2623 860 116
2671 795 3113 860 damnaretur.

1236 1041 1308 1105 C.
1367 1045 1734 1112 Quomodo
1783 1047 2018 1108 adhuc
2065 1043 2349 1107 instant
2401 1043 2810 1120 quaestioni.

609 1256 1086 1324 Verumtamen
1143 1260 1358 1324 adhuc
1411 1259 1680 1339 instant,
1747 1259 1810 1322 et
1877 1258 2243 1322 secundum
2297 1257 2828 1338 conjunctionem
2882 1255 3422 1337 argumentand0‚
3484 1257 3575 1320 ita

471 1377 878 1456 procedunt:
901 1376 1054 1440 Non
1081 1377 1282 1458 enim,
1306 1377 1638 1459 inquiunt,
1663 1377 1877 1457 potest
1906 1393 2050 1440 esse
2071 1376 2146 1439 111
2174 1375 2417 1456 aliquis
2452 1375 2953 1457 praedestinatus
2975 1375 3065 1438 sit
3090 1375 3155 1437 et
3183 1374 3530 1437 damnetur
3556 1393 3571 1435 ε

473 1493 836 1574 utrumque
874 1493 1154 1558 istorum
1191 1495 1394 1558 simul
1441 1511 1586 1557 esse
1621 1510 1755 1556 non
1784 1495 2021 1575 potest.
2055 1492 2185 1557 Sed
2220 1492 2499 1556 alterum
2537 1492 2773 1555 horum
2812 1509 2945 1556 non
2984 1491 3205 1572 potest
3238 1509 3371 1554 non
3408 1508 3574 1571 esse,

474 1608 733 1672 scilicet
758 1610 918 1690 quin
956 1609 1082 1674 iste
1111 1611 1200 1674 sit
1235 1610 1740 1693 praedestinatus
1775 1629 1788 1670 :
1822 1609 1906 1672 ab
1933 1609 2177 1673 aeterno
2206 1608 2380 1672 enim
2420 1608 2924 1688 praedestinatus
2952 1610 3075 1688 est,
3098 1609 3163 1672 et
3199 1624 3332 1671 non
3363 1608 3581 1689 potest

473 1725 678 1788 modo
721 1742 856 1790 non
892 1743 1035 1790 esse
1075 1726 1606 1808 praedestinatuS.
1647 1725 1869 1800 Quum
1898 1742 2052 1806 ergo
2090 1724 2501 1806 impossibile
2550 1724 2639 1787 sit
2684 1725 2885 1787 simul
2914 1727 3269 1806 utrumque
3306 1741 3475 1804 esse,
3515 1724 3581 1788 et

473 1841 891 1922 impossihile
926 1843 1017 1906 sit
1052 1842 1335 1906 alterum
1370 1859 1504 1905 non
1542 1860 1686 1906 esse
1717 1863 1734 1923 ;
1776 1842 2034 1905 videtur
2069 1859 2203 1904 non
2245 1858 2439 1923 posse
2474 1839 2755 1904 alterum
2799 1859 2968 1922 esse,
2998 1841 3249 1906 scilicet
3284 1842 3359 1904 ut
3394 1841 3581 1904 dam-

473 1959 692 2022 netur.
725 1957 920 2032 Quod
955 1959 1014 2023 si
1052 1960 1175 2039 est,
1209 1975 1362 2042 ergo
1390 1977 1523 2023 non
1550 1960 1768 2041 potest
1795 1977 1938 2022 esse
1977 1961 2053 2022 ut
2088 1976 2218 2022 non
2250 1958 2559 2022 salvetur.

611 2074 689 2136 In
719 2074 920 2155 hujus
948 2076 1337 2157 quaestionis
1367 2075 1695 2140 solutione
1735 2075 1998 2139 mallem
2035 2076 2203 2138 alios
2229 2075 2457 2139 audire
2484 2091 2686 2156 quam
2714 2073 2967 2139 docere.
3000 2076 3303 2141 Dicimus
3332 2076 3575 2156 tamen,

478 2188 560 2253 de
598 2191 1012 2272 praescientia
1039 2190 1328 2254 similem
1363 2209 1559 2273 posse
1597 2192 1848 2256 moveri
1877 2192 2335 2273 quaestionem.
2368 2191 2657 2272 Ideoque
2693 2192 2829 2253 tam
2866 2191 2975 2256 hic
3002 2209 3203 2274 quam
3241 2191 3333 2257 ibi
3376 2209 3579 2256 unam

479 2305 764 2370 facimus
812 2308 1333 2390 responsionem,
1379 2308 1670 2372 dicentes
1723 2309 2294 2372 determinandum
2342 2307 2481 2371 fore
2535 2307 2698 2370 illud
2754 2307 2860 2371 cui
2902 2307 3209 2372 innititur
3253 2310 3391 2372 tota
3439 2309 3581 2372 haec

478 2425 786 2506 quaestio,
819 2425 1072 2489 scilicet
1103 2445 1118 2486 :
1152 2425 1562 2507 impossibile
1605 2428 1706 2489 est
1740 2426 2021 2489 alterum
2057 2426 2339 2488 istorum
2378 2441 2513 2488 non
2540 2441 2707 2504 esse,
2741 2425 2991 2489 scilicet
3019 2425 3182 2506 quin
3219 2426 3343 2489 iste
3380 2426 3577 2488 modo

477 2541 568 2604 sit
594 2541 1100 2623 praedestinatus
1140 2562 1157 2604 t
1199 2542 1282 2606 61)
1319 2543 1562 2606 aeterno
1599 2544 1777 2607 enim
1815 2543 1939 2606 iste
1975 2542 2479 2625 praedestinatus
2516 2543 2636 2606 est.
2677 2541 3232 2624 Distinguendum
3264 2543 3443 2606 enim
3480 2543 3581 2606 est

478 2674 687 2738 quum
715 2659 810 2721 ait
841 2679 856 2720 z
891 2659 1024 2723 Iste
1061 2677 1194 2722 non
1223 2660 1440 2741 potest
1467 2661 1665 2724 modo
1697 2677 1828 2722 non
1867 2677 2009 2724 esse
2054 2659 2581 2740 praedestinatus,
2622 2659 2727 2723 vel
2770 2676 2903 2723 non
2944 2659 3161 2741 potest
3196 2660 3394 2723 modo
3434 2677 3576 2724 esse

478 2776 642 2855 quin
683 2776 774 2839 sit
824 2776 1350 2858 praedestinatus.
1401 2775 1546 2840 Hoc
1602 2777 1778 2840 enim
1825 2776 2231 2858 conjunctim
2278 2777 2345 2840 et
2392 2775 2776 2857 disjunctim
2821 2775 3101 2858 intelligi
3148 2778 3385 2858 potest.
3426 2777 3575 2842 Non

479 2892 658 2955 enim
705 2893 925 2974 potest
961 2911 1128 2974 esse,
1161 2894 1236 2957 ut
1285 2893 1368 2957 ab
1415 2895 1659 2958 aeterno
1696 2894 1786 2956 sit
1820 2893 2347 2975 praedestinatuS,
2387 2894 2453 2955 61
2490 2892 2686 2955 modo
2723 2910 2856 2956 non
2902 2894 2991 2957 sit
3025 2893 3529 2976 praedestinatus
3557 2914 3575 2975 3

478 3027 598 3075 nec
650 3010 870 3091 potest
911 3028 1054 3074 esse
1103 3010 1330 3091 simul,
1369 3011 1446 3074 ut
1492 3010 1580 3074 sit
1621 3009 2124 3092 praedestinatus
2169 3011 2236 3073 et
2280 3026 2413 3072 non
2458 3009 2547 3072 sit
2594 3010 3100 3092 praedestinatus
3140 3030 3155 3071 :
3197 3011 3312 3074 sed
3356 3012 3579 3074 tamen

477 3128 698 3209 potuit
735 3144 879 3191 esse
916 3127 1000 3190 ab
1035 3127 1278 3191 aeterno
1318 3127 1496 3208 quod
1543 3144 1676 3191 non
1715 3129 1890 3191 esset
1925 3126 2453 3208 praedestinatus,
2497 3129 2561 3190 61
2596 3127 2816 3208 potuit
2854 3128 2939 3191 ab
2984 3129 3228 3192 aeterno
3266 3145 3399 3191 non
3438 3144 3580 3191 esse

477 3244 1028 3326 praedestinatus;
1075 3245 1142 3307 et
1175 3244 1348 3307 sicut
1383 3243 1466 3307 ab
1507 3246 1752 3309 aeterno
1789 3244 1970 3307 Deus
2016 3242 2233 3325 potuit
2280 3259 2433 3307 eum
2490 3259 2623 3306 non
2676 3244 3166 3326 praedestinare,
3213 3245 3305 3307 ita
3353 3262 3583 3308 conce-

475 3361 656 3423 ditur
697 3376 738 3423 a
779 3360 1200 3441 quibusdam,
1241 3360 1419 3443 quod
1465 3362 1532 3425 et
1567 3359 1766 3423 modo
1793 3360 2012 3442 potest
2045 3359 2229 3423 Deus
2264 3375 2418 3422 eum
2465 3376 2598 3421 non
2638 3360 3159 3441 praedestinasse.
3192 3360 3297 3424 Α1)
3336 3361 3581 3425 aeterno

476 3494 630 3558 ergo
683 3478 906 3559 potest
953 3477 1136 3541 Deus
1181 3494 1314 3540 non
1359 3477 1858 3559 praedestinasse
1910 3494 2064 3540 eum
2113 3496 2128 3537 ε
2175 3493 2329 3557 ergo
2376 3477 2595 3556 potest
2639 3477 2763 3541 iste
2809 3494 2942 3540 non
2985 3477 3189 3541 fuisse
3239 3478 3580 3558 praedesti-

474 3595 692 3657 natus.
737 3593 808 3657 Si
847 3610 1001 3657 vero
1039 3609 1171 3656 non
1209 3592 1444 3657 fuisset
1472 3593 2000 3675 praedestinatuS,
2033 3610 2152 3657 nec
2190 3592 2387 3655 modo
2426 3594 2599 3656 esset
2625 3592 3149 3674 praedestinatus.
3176 3593 3349 3673 Ergo
3379 3592 3578 3655 modo

473 3710 694 3791 potest
735 3725 872 3772 non
907 3727 1051 3774 esse
1099 3708 1623 3792 praedestinatus.
1667 3709 1767 3773 Ita
1815 3712 1882 3773 61
1921 3710 2002 3773 de
2048 3708 2463 3792 praescientia
2508 3710 2572 3771 61
2608 3708 2931 3790 praescitis
2976 3705 3224 3772 dicunt.
3267 3708 3461 3782 Quod
3508 3708 3579 3771 in

471 3826 850 3889 actionibus
879 3825 982 3889 vel
1018 3826 1087 3888 in
1125 3824 1616 3908 operationibus
1643 3824 1766 3890 Dei
1798 3826 1865 3889 et
1893 3825 2239 3889 hominurn
2278 3822 2655 3888 nullatenus
2684 3822 3069 3887 concedunt.
3092 3824 3195 3887 Ex
3232 3841 3365 3905 quo
3401 3824 3579 3887 6111111

472 3942 730 4024 aliquid
781 3941 1029 4006 factum
1076 3944 1178 4007 est
1213 3941 1316 4005 vel
1363 3942 1640 4023 dictum,
1679 3960 1814 4007 non
1858 3943 2226 4007 concedunt
2265 3942 2444 4023 quod
2485 3940 2649 4004 illud
2690 3941 2903 4024 possit
2938 3941 3071 4005 non
3109 3960 3252 4007 esse
3298 3941 3403 4006 vel
3446 3958 3577 4005 non

474 4060 684 4123 fuisse
722 4078 739 4119 ε
784 4059 922 4122 11110
961 4058 1373 4141 impossibile
1410 4060 1509 4123 est
1553 4076 1686 4122 non
1728 4077 1871 4123 esse
1910 4059 2014 4124 vel
2066 4076 2197 4121 non
2243 4058 2449 4123 fuisse
2499 4058 2676 4139 quod
2727 4057 2976 4122 factum
3021 4059 3121 4123 est
3156 4058 3263 4123 vel
3298 4057 3577 4137 dictum,

470 4175 834 4239 referentes
861 4174 1366 4257 possibilitatem
1405 4175 1508 4239 vel
1536 4174 2138 4257 impossibilitatem
2166 4176 2249 4238 ad
2279 4176 2581 4239 naturam
2618 4175 2711 4238 rei
2741 4175 3138 4239 exsistentis.
3172 4175 3394 4249 Quum
3422 4193 3579 4239 vero
3642 4250 3658 4262 ς

472 4293 556 4355 de
604 4292 1018 4373 praescientia
1050 4291 1156 4355 vel
1196 4291 1278 4354 de
1325 4292 1898 4373 praedestinatione
1937 4292 2059 4355 Dei
2097 4293 2337 4372 agitur,
2378 4292 2783 4374 possibilitas
2818 4292 2923 4355 vel
2960 4292 3459 4375 impossibilitas
3496 4292 3579 4354 ad

472 4408 842 4490 potentiam
879 4407 1002 4472 Dei
1041 4406 1319 4471 refertur
1359 4427 1376 4469 ε
1409 4424 1557 4488 quae
1595 4425 1856 4490 semper
1909 4408 2136 4472 eadem
2192 4407 2318 4471 fuit
2376 4409 2441 4471 et
2497 4410 2618 4489 est,
2660 4408 2817 4491 quia
2863 4408 3377 4490 praedestinatio,
3410 4425 3579 4491 prae-

473 4524 776 4603 scientia,
815 4523 1132 4605 potentia,
1183 4541 1392 4587 unum
1442 4524 1510 4586 in
1555 4524 1696 4587 Deo
1744 4526 1866 4588 est.

696 4764 780 4830 D.
828 4770 1009 4836 Quid
1051 4769 1151 4831 sit
1187 4769 1620 4843 reprobatio
1659 4770 1818 4844 Dei,
1852 4770 1925 4831 et
1963 4772 2042 4833 in
2089 4770 2349 4844 quibus
2385 4770 2922 4847 consideretur,
2961 4771 3033 4833 et
3068 4776 3232 4847 quis
3256 4773 3356 4835 sit

1498 4886 2180 4960 praedestinationis
2224 4885 2541 4959 effectus.

604 5096 959 5178 Quumque
1009 5097 1497 5180 praedestinatio
1543 5098 1632 5161 sit
1678 5098 1904 5179 gratiae
1954 5099 2368 5181 praeparatio,
2410 5098 2478 5161 id
2524 5101 2625 5163 est
2668 5098 2893 5162 divina
2930 5098 3160 5164 electio
3196 5117 3328 5182 qua
3373 5102 3570 5185 elegit
3594 5124 3767 5183 Ephee.

470 5228 640 5295 quos
689 5214 904 5279 voluit
951 5215 1103 5277 ante
1163 5214 1394 5277 mundi
1453 5214 2015 5295 constitutionem,
2065 5218 2141 5279 ut
2188 5216 2280 5279 ait
2324 5215 2731 5298 Apostolus3
2789 5214 3158 5297 reprobatio
3214 5234 3567 5285 econverso

3779 5130 3861 5179 ¹0⁴·
