4359 6250
630 511 852 567 QUAEST.
894 513 916 558 1
951 511 966 556 ἰ
1009 512 1307 568 QUALITER
1347 510 1540 557 oumA
1585 509 1719 556 SINT
1760 510 1824 556 IN
1867 511 1986 557 DEO
2027 511 2349 557 IDEAerEn
2390 511 2587 566 ATQUE
2630 509 3022 566 CAUSALITEB,
3065 507 3192 554 mc.

3341 488 3459 552 393

167 695 360 743 flua-11³⁸-
383 689 496 744 ctat
545 683 740 745 verba
787 683 896 747 illa
941 683 1249 767 Apostoli,
1303 683 1392 746 Ex
1452 683 1591 765 ipso
1638 690 1702 745 et
1749 701 1864 765 per
1894 682 1945 745 A
2056 683 2237 746 Circa
2263 682 2383 745 hoc
2422 683 2747 764 quaeritur,
2780 700 2980 764 quum
3022 649 3181 755 idea,
3214 679 3373 742 ratio
3403 685 3467 741 et

384 781 581 862 ipsum
622 789 686 855 et
729 782 792 844 in
838 783 978 864 ipso
1021 790 1171 844 sunt
1212 782 1426 845 omnia
1461 799 1474 844 ε
1508 782 1586 844 de
1629 781 1864 864 quibus

383 900 563 963 supra
603 888 940 946 tractatum
983 889 1098 946 est.

687 1145 1162 1219 QUAESTIO
1227 1144 1558 1210 PRIMA

511 1374 637 1435 Une
685 1375 991 1456 quaeritur
1030 1375 1262 1456 primo,
1299 1372 1662 1452 Qualiter
1705 1389 1864 1441 om-

525 1473 662 1538 nia
693 1473 859 1538 sint
894 1473 1181 1539 in-Deo
1219 1473 1594 1539 idealiter
1623 1472 1863 1553 atque

386 1569 834 1652 causaliter,
866 1573 950 1637 et
986 1571 1178 1652 quid
1221 1573 1332 1636 sit
1371 1571 1572 1637 idea.

454 1666 713 1729 Videtur
759 1668 928 1750 quod
987 1669 1202 1731 omnia
1251 1686 1378 1731 non
1438 1668 1566 1730 sint
1625 1668 1688 1729 in
1739 1668 1866 1729 Deo

388 1765 677 1828 idealiter.
713 1768 945 1840 Primo,
986 1769 1135 1850 quia
1179 1768 1244 1829 in
1295 1767 1459 1830 libro
1502 1767 1578 1829 de
1622 1765 1866 1828 Divinis

388 1963 660 2025 omnium
721 1965 1034 2039 notitiam,
1086 1965 1418 2034 scientiam
1467 1971 1530 2025 et
1577 1963 1866 2025 substan-

386 2060 526 2122 tiam
573 2062 740 2124 Deus
790 2062 1111 2144 praehabet
1159 2069 1222 2124 et
1266 2061 1690 2143 praeconcepit
1739 2079 1865 2124 non

384 2161 723 2223 secundum
774 2161 1000 2223 ideam.
1036 2197 1117 2206 —
1149 2161 1462 2234 Secundo,
1506 2160 1656 2249 quia
1701 2161 1867 2222 Deus

385 2260 696 2340 cognoscit
753 2259 940 2333 mala,
992 2279 1134 2341 quae
1186 2267 1397 2321 tamen
1447 2275 1572 2321 non
1630 2257 1866 2320 habent

384 2356 578 2418 ideam
611 2357 676 2418 in
705 2358 853 2420 Deo.
877 2393 958 2402 —-
979 2357 1209 2431 Tertio,
1245 2357 1311 2419 in
1345 2356 1510 2419 libro
1538 2358 1615 2419 de
1647 2355 1864 2418 Causis

385 2455 662 2530 habetur,
694 2456 865 2538 quod
903 2455 1342 2537 intelligentiae
1378 2456 1738 2536 superiores
1768 2471 1868 2516 co-

383 2563 684 2634 gnoscunt
713 2573 829 2636 per
859 2553 1092 2617 formas
1125 2552 1633 2616 universaliores.
1660 2553 1864 2626 Quum

381 2671 518 2733 ergo
565 2653 730 2715 Deus
779 2653 862 2715 sit
909 2654 1084 2716 omni
1135 2650 1554 2734 intelligentia
1612 2649 1866 2713 infinite

381 2751 823 2834 superior‚ipse
855 2752 1152 2814 universa
1182 2750 1502 2832 cognoscit
1535 2761 1658 2833 per'
1678 2769 1867 2810 unam

381 2849 977 2912 universalissimum
1009 2849 1302 2923 formam,
1336 2868 1476 2930 quae
1507 2857 1603 2912 est
1632 2867 1746 2910 sua
1777 2867 1868 2909 es-

380 2948 592 3010 sentia.
628 2949 758 3010 Non
809 2967 960 3029 ergo
1011 2948 1308 3010 universa
1349 2955 1418 3009 et·
1461 2946 1710 3028 singula
1753 2965 1868 3027 per

1975 781 2287 864 sapientia
2316 781 2445 843 sint
2474 781 2642 844 idem
2675 781 2741 844 in
2772 782 2899 843 Deo
2936 780 3286 842 secundum
3319 779 3467 841 sub-

1976 879 2297 954 stantiam,
2316 881 2634 962 quomodo
2661 878 2973 942 differunt
3000 879 3351 940 secundum
3384 896 3472 939 ra-

1975 979 2234 1066 tionem.
2289 977 2528 1060 Nempe
2576 979 2745 1060 quod
2796 977 2965 1040 idem
3013 976 3140 1038 sint
3187 995 3275 1048 re,
3328 994 3470 1058 pro·

1978 1076 2164 1138 batur
2192 1076 2563 1139 auctoritate
2593 1074 2951 1156 Augustini,
2987 1074 3151 1136 libro
3179 1074 3470 1136 LXXXIII

1977 1175 2409 1248 Quaestionum
2449 1174 2720 1236 dicentis
2754 1192 2767 1235 z
2803 1174 2961 1236 Ideae
3005 1180 3152 1235 sunt
3197 1172 3469 1235 rationes

1979 1293 2191 1335 rerum
2224 1272 2483 1334 stabiles
2515 1281 2577 1335 et
2615 1272 3044 1345 invariabiles,
3077 1291 3219 1353 quae
3254 1271 3472 1333 divina

1979 1371 2397 1452 intelligentia
2440 1371 2894 1433 continentur:
2929 1390 3069 1452 quae
3112 1388 3310 1451 quum
3343 1387 3467 1431 non

1977 1469 2263 1532 oriantur
2310 1489 2427 1532 nec
2475 1470 2789 1544 occidant,
2830 1469 3181 1531 secundum
3231 1487 3336 1530 eas
3382 1475 3469 1529 ta-

1978 1587 2124 1630 men
2163 1566 2475 1631 formatur
2515 1587 2703 1631 omne
2747 1568 2915 1650 quod
2957 1569 3159 1630 oritur
3196 1574 3258 1628 et
3306 1565 3470 1629 occi·

1977 1666 2088 1728 dit.
2124 1667 2193 1728 In
2227 1666 2392 1728 libro
2422 1685 2675 1748 quoque
2706 1667 2782 1729 de
2816 1666 3079 1728 Civitate
3112 1667 3222 1728 Dei
3248 1683 3263 1727 z
3287 1666 3467 1737 Ideae,

1981 1765 2208 1847 inquit,
2260 1774 2408 1826 sunt
2458 1766 2524 1828 in
2578 1773 2789 1827 mente
2839 1765 3055 1827 divina
3096 1783 3109 1828 :
3154 1784 3311 1847 quas
3359 1762 3469 1845 qui

311 1895 334 1922 ι.
387 1865 741 1927 nominibus
782 1866 841 1927 S.
878 1866 1214 1949 Dionysius
1253 1873 1654 1948 protestatur,
1698 1865 1866 1946 quod
1903 1865 1952 1928 B
1980 1881 2106 1925 non
2139 1863 2361 1938 credit,
2386 1863 2715 1926 infidelem
2746 1883 2813 1925 se
2843 1882 2981 1925 csse
3013 1881 3138 1925 non
3169 1861 3467 1942 ambigat.

1978 1997 2058 2006 —
2088 1961 2162 2022 Et
2194 1962 2729 2043 respondendum,
2763 1961 2931 2043 quod
2973 1961 3092 2022 ista
3122 1961 3289 2021 idem
3326 1967 3473 2022 sunt

1979 2079 2046 2121 re
2091 2067 2153 2122 et
2190 2058 2499 2121 differunt
2542 2059 2805 2142 ratione,
2841 2059 2927 2120 ita
2972 2058 3139 2139 quod
3179 2057 3339 2120 ratio
3384 2077 3475 2131 re,-

1979 2157 2168 2240 spicit
2207 2156 2432 2231 finem,
2467 2158 2608 2219 idea
2648 2156 2940 2230 formam,
2975 2155 3301 2238 exemplar
3330 2155 3472 2218 erfi-

1977 2257 2277 2329 cientem,
2328 2254 2639 2337 sapientia
2697 2254 3146 2335 cognitionem,
3197 2254 3361 2316 sicut
3410 2260 3474 2316 et

1975 2373 2076 2416 ars
2125 2353 2579 2441 operationem.
2633 2353 2790 2415 Hinc
2840 2353 2902 2414 in
2959 2359 3268 2434 quantum
3328 2343 3504 2413 etri-⁹

1978 2453 2153 2514 ciens
2204 2452 2323 2514 scit
2366 2451 2639 2533 qualiter
2682 2451 2907 2512 debeat
2954 2451 3202 2533 operari
3250 2469 3473 2513 secun-

1978 2551 2132 2612 dum
2175 2550 2522 2632 exemplar,
2556 2549 2789 2611 dicitur
2832 2549 3121 2631 sapiens;
3165 2549 3227 2610 in
3273 2569 3470 2630 quan-

1979 2656 2113 2711 tum
2146 2666 2298 2710 vero
2327 2655 2535 2730 potest
2564 2647 2809 2729 operari
2842 2667 3040 2729 quum
3072 2647 3223 2721 vult,
3238 2647 3473 2709 dicitur

1976 2747 2204 2810 artifex
2242 2765 2255 2809 :
2289 2755 2351 2809 et
2400 2746 2549 2829 quia
2592 2747 2944 2809 secundum
2982 2764 3115 2807 rem
3168 2765 3367 2808 unum
3410 2755 3473 2808 et

1979 2845 2146 2908 idem
2179 2854 2275 2908 est
2317 2846 2384 2908 in
2414 2846 2542 2908 Deo
2584 2864 2771 2907 causa
2808 2844 3189 2926 exemplaris
3229 2851 3292 2906 et
3318 2844 3473 2906 finis

1977 2951 2039 3005 et
2080 2963 2271 3006 causa
2310 2961 2732 3024 cognoscens;
2766 2943 2907 3006 ideo
2946 2943 3296 3005 secundum
3338 2961 3474 3005 rem

382 3045 658 3127 proprias
687 3053 830 3106 sunt
865 3046 1036 3108 ideas
1070 3045 1135 3108 in
1165 3046 1311 3107 Deo.
1345 3080 1426 3089 —
1455 3044 1706 3117 Quarto,
1738 3043 1866 3104 Pla·
1904 3048 1948 3111 C
1979 3061 2178 3104 unum
2240 3050 2303 3103 et
2362 3042 2531 3103 idem
2589 3049 2758 3115 sunt,
2812 3041 3144 3124 sapientia,
3197 3040 3356 3104 ratio
3413 3049 3477 3103 et

383 3150 440 3205 to
483 3146 730 3207 vocavit
787 3145 957 3207 ideas
1016 3144 1254 3206 formas
1305 3150 1622 3226 separatas
1685 3142 1750 3204 in
1799 3161 1864 3204 se

384 3242 810 3317 subsistenteS‚
842 3242 1266 3307 essentialiter
1297 3239 1866 3305 communicabiles

385 3341 564 3404 rebus
601 3342 814 3423 :quod
860 3341 1212 3403 rationibus
1257 3340 1732 3423 exemplaribus
1771 3359 1866 3401 re-

384 3458 514 3501 rum
565 3441 642 3501 in·
676 3447 886 3502 mente
935 3439 1154 3501 divina
1197 3437 1694 3502 consistentibus
1739 3456 1866 3500 non

335 3624 346 3633 ι
383 3538 686 3601 convenit.

456 3636 522 3698 ln
567 3635 954 3699 contrarium
1002 3643 1098 3697 est
1147 3635 1488 3697 auctoritas
1531 3633 1868 3715 Augustini

387 3734 448 3796 in
495 3735 654 3797 libro
702 3734 995 3797 LXXXIII
1044 3734 1496 3807 Quaestionum,
1541 3749 1668 3815 quo
1715 3732 1800 3794 ait
1852 3752 1865 3795 :

386 3833 550 3895 Ideas
579 3834 688 3896 ubi
733 3852 872 3895 esse
913 3832 1350 3895 arbitrandum
1392 3831 1515 3893 nisi
1561 3832 1627 3892 in
1658 3838 1870 3893 mente

385 3931 728 3994 Creatoris'3
765 3931 903 3994 Non
943 3931 1114 3993 enim
1155 3939 1331 3992 extra
1370 3930 1646 4010 positum
1688 3929 1870 4011 quid-

383 4048 566 4109 quam
607 4029 994 4102 intuebatur,
1029 4037 1099 4090 ut
1137 4028 1491 4091 secundum
1533 4026 1689 4089 illud
1724 4046 1869 4089 con-

384 4128 661 4191 stitueret
704 4128 875 4210 quod
919 4127 1174 4190 creavit.

459 4326 548 4388 Ad
593 4327 714 4389 hoc
761 4325 1120 4388 Alexander
1166 4324 1504 4405 respondet
1555 4342 1569 4386 :
1617 4324 1680 4385 Si
1733 4324 1892 4401 idea,

385 4423 481 4486 vel
509 4424 833 4507 exemplar
861 4422 1181 4485 diceretur
1218 4421 1460 4504 aliquid
1500 4422 1806 4484 differens
1835 4439 1872 4484 a

386 4522 592 4585 divina
629 4522 926 4596 essentia,
958 4520 1138 4583 nullo
1181 4520 1368 4582 modo
1412 4520 1629 4582 divina
1674 4522 1874 4583 scien-

388 4621 470 4682 tia
497 4640 608 4703 per
635 4619 964 4702 exemplar
991 4626 1157 4681 esset
1185 4627 1293 4680 aut
1325 4637 1440 4701 per
1471 4618 1662 4681 ideas.
1699 4620 1872 4681 Unde

377 4718 452 4781 in
480 4720 596 4783 boc
623 4718 858 4783 erravit
886 4718 1081 4789 Plato,
1107 4734 1350 4800 ponens
1383 4716 1501 4778 tria
1533 4717 1869 4800 principia,

391 4825 619 4901 utpote,
641 4820 865 4891 Deum,
893 4816 1120 4889 ideam,
1147 4815 1498 4877 materiam.
1525 4815 1602 4876 Et
1629 4815 1749 4877 hoc
1781 4815 1872 4878 in-

277 4991 291 5003 ·
389 4917 585 4979 tendit
613 4917 678 4979 B.
703 4914 1042 4997 Dionysius
1073 4912 1431 4994 reprobare.
1459 4912 1523 4975 Si
1554 4930 1704 4976 vero
1735 4912 1876 4975 idea

393 5014 552 5075 dicat
588 5014 790 5096 ipsam
825 5011 1166 5074 essentiam
1204 5010 1269 5072 in
1301 5017 1613 5093 quantum
1651 5018 1748 5073 cst
1775 5030 1876 5074 ars

393 5113 486 5175 vel
527 5112 766 5192 species
811 5108 1164 5172 secundum
1203 5127 1398 5190 quam
1439 5117 1588 5171 sunt
1628 5128 1749 5183 reS,
1784 5110 1877 5171 sic

395 5209 604 5271 divina
639 5208 904 5272 scientia
941 5214 1038 5270 est
1077 5225 1192 5289 per
1231 5207 1426 5281 ideaS,
1468 5207 1620 5288 quia
1659 5226 1773 5288 per
1809 5227 1876 5269 se

395 5306 615 5388 ipsam,
637 5326 774 5389 quae
804 5312 900 5368 est
929 5323 1030 5367 ars
1060 5310 1250 5385 atque
1281 5303 1608 5386 exemplar
1637 5322 1870 5366 rerum.

1979 3142 2136 3204 idea.

2059 3240 2177 3302 Sed
2221 3248 2373 3301 tunc
2412 3239 2739 3321 quaeritur,
2775 3257 2891 3300 cur
2928 3238 3222 3300 dicantur
3260 3238 3475 3321 plures

1979 3338 2134 3400 ideae
2184 3345 2247 3399 et
2296 3337 2591 3409 rationeS‚
2628 3356 2823 3418 quum
2878 3354 3004 3399 non
3054 3337 3135 3399 sit
3183 3336 3307 3399 nisi
3351 3356 3478 3398 una

1978 3435 2309 3518 sapientia.
2364 3434 2715 3496 Dicendum
2766 3434 2937 3516 quod
2987 3435 3108 3497 hoc
3156 3444 3273 3509 est,
3325 3453 3477 3517 quo-

1979 3534 2152 3596 niam
2184 3532 2494 3595 differunt
2525 3533 2786 3595 ratione.
2809 3532 2925 3595 Ars
2957 3552 3253 3615 namque,
3273 3551 3479 3595 exem-

1980 3632 2118 3714 plar
2160 3639 2223 3694 et
2260 3630 2573 3713 sapientia
2616 3630 2761 3711 plus
2804 3648 2872 3692 se
2916 3638 3133 3692 tenent
3181 3649 3258 3692 ex
3300 3634 3512 3713 parte'

1980 3731 2090 3793 Dei
2127 3728 2587 3810 cognoscentiS,
2614 3728 2722 3809 qui
2757 3728 3019 3790 omnino
3051 3748 3215 3790 unus
3245 3736 3309 3790 et
3337 3730 3483 3790 sim-

1981 3830 2127 3912 plex
2158 3836 2256 3891 est
2288 3844 2306 3889 τ
2338 3827 2480 3889 ideo
2513 3844 2639 3889 non
2676 3827 2995 3909 recipiunt
3026 3827 3477 3909 pluralitatem,

1981 3936 2050 3989 ut
2081 3928 2376 3989 dicantur
2407 3926 2591 4007 plura
2626 3926 3035 4007 exemplaria,
3072 3925 3285 4008 plures
3315 3935 3481 3989 artes

1981 4026 2081 4089 vel
2137 4026 2353 4109 plures
2413 4023 2739 4106 sapientiae
2799 4043 2937 4087 esse
2990 4024 3053 4086 in
3105 4020 3249 4087 Deo.
3304 4024 3483 4087 Ratio

1982 4144 2131 4187 vero
2173 4131 2238 4186 et
2277 4124 2417 4185 idea
2457 4123 2656 4203 magis
2697 4130 2913 4185 tenent
2950 4142 3018 4185 se
3056 4142 3133 4185 ex
3172 4131 3349 4205 parte
3390 4124 3480 4185 rei

1904 4230 1953 4291 D
1983 4223 2250 4305 cognitae
2293 4240 2307 4283 :
2353 4222 2496 4283 ideo
2544 4221 2707 4283 sicut
2765 4221 2963 4283 multa
3010 4229 3158 4283 sunt
3208 4222 3479 4303 cognita,

1982 4322 2074 4384 sic
2117 4321 2333 4384 multae
2375 4320 2677 4381 dicuntur
2718 4319 2872 4381 ideae
2902 4326 2965 4380 et
3002 4320 3297 4395 rationeS,
3332 4320 3483 4402 quia

1983 4428 2345 4502 respectum
2396 4424 2739 4480 connotant
2786 4416 2863 4479 ad
2914 4425 3121 4495 creata
3167 4434 3180 4479 ε
3228 4419 3339 4499 qui
3390 4437 3481 4479 re-

1983 4526 2239 4600 spectus
2288 4534 2415 4579 non
2464 4524 2560 4578 est
2611 4515 2675 4577 in
2725 4517 2852 4578 Deo
2909 4516 3259 4578 secundum
3320 4534 3477 4589 rem,

1983 4637 2100 4680 nec
2131 4616 2491 4699 dependent
2532 4615 2687 4677 ideae
2718 4634 2755 4677 a
2794 4615 3117 4677 creaturis.
3156 4616 3232 4677 Et
3261 4636 3479 4697 quam-

1983 4716 2080 4779 vis
2132 4714 2296 4777 libro
2346 4713 2748 4796 praeallegato
2793 4714 3018 4775 asserit
3066 4714 3477 4794 Augustinus,

1983 4814 2153 4897 quod
2200 4812 2325 4875 alia
2376 4812 2618 4873 ratione
2666 4817 2913 4873 creatus
2962 4818 3057 4872 est
3105 4811 3316 4882 hom0,
3358 4811 3483 4874 alia

1983 4929 2219 4994 equus3
2260 4928 2389 4973 non
2434 4918 2647 4971 tamen
2688 4916 2837 4970 sunt
2878 4908 3061 4989 plura
3103 4908 3183 4970 ab
3224 4917 3476 4971 aeterno.
3590 4956 3603 4966 .

1985 5011 2117 5072 Imo
2151 5018 2419 5089 utraque
2448 5007 2609 5069 ratio
2640 5005 2748 5067 illa
2777 5014 2874 5067 est
2902 5024 3003 5067 res
3036 5024 3181 5079 una,
3216 5025 3356 5086 quae
3386 5013 3483 5068 est

1985 5107 2203 5169 divina
2240 5104 2538 5178 essentia,
2578 5103 2724 5165 licet
2769 5120 2895 5163 una
2937 5102 3363 5183 distinguatur
3399 5103 3480 5165 ab

1983 5206 2109 5268 alia
2148 5212 2221 5265 ut
2263 5203 2423 5265 ratio
2458 5220 2471 5263 ε
2506 5200 3043 5284 quemadmodum
3088 5207 3363 5281 punctus
3402 5203 3478 5266 ad

1987 5321 2176 5386 quem
2219 5295 2434 5383 plures
2479 5299 2661 5362 lineae
2700 5298 3146 5374 terminantur,
3182 5317 3347 5361 unus
3384 5308 3481 5362 est
