4359 6250
783 513 866 558 AN
910 513 1355 558 PROPRIETATES
1397 513 1711 558 RELATWAE
1754 512 2163 557 coNsrl'rt'AN'r
2208 513 2270 558 IN
2311 514 2538 558 Dllels
2583 515 2912 571 PERSONAS,
2952 514 3077 560 ETC.

3359 494 3472 558 211

378 679 528 740 dum
564 699 581 758 ;
642 689 707 742 et
768 683 991 745 modus
1056 683 1163 745 ille
1222 701 1349 745 non
1408 681 1880 764 significabitur
1908 683 1957 744 A
1991 684 2363 764 proprietaS‚
2399 684 2484 745 ita
2525 685 2692 765 quod
2737 685 2912 764 origo
2949 690 3041 745 est
3085 683 3266 765 quasi
3310 683 3481 764 prin-

380 779 635 841 nomine
684 782 1000 855 essentiae,
1043 801 1184 863 quae
1228 781 1587 844 communis
1624 789 1725 860 ⁴est
1769 781 1877 842 tri-

380 874 520 950 buS,
558 895 675 939 nec
722 879 981 946 nomine
1028 897 1333 961 persona»,
1370 879 1556 960 cujus
1600 887 1692 940 est
1741 880 1876 960 ipse

380 974 603 1036 modus
657 993 671 1036 :
730 977 873 1039 ideo
929 977 1401 1058 significabitur
1456 984 1525 1038 ut
1572 976 1877 1039 habitudo

376 1071 507 1133 sive
541 1075 917 1155 proprietas
947 1077 1087 1137 Haec
1120 1075 1491 1137 Alexander.
1516 1111 1596 1121 —-
1616 1076 1705 1136 Ex
1736 1075 1875 1156 qui-

376 1167 495 1230 bus
535 1180 803 1246 constat,
847 1174 1016 1255 quod
1060 1174 1279 1236 doctor
1323 1173 1439 1235 iste
1478 1181 1541 1234 et
1583 1173 1734 1235 item
1772 1173 1875 1234 Al-

378 1267 594 1330 bertus
626 1288 773 1332 curn
804 1273 939 1332 suis
970 1272 1502 1353 sequacibuS‚per
1530 1272 1872 1353 specialem

378 1366 637 1429 modurn
688 1369 1075 1432 exsistentiae
1125 1388 1536 1451 personarum
1599 1388 1723 1431 non
1780 1370 1873 1431 in-

376 1464 671 1545 telligunt
699 1467 941 1548 aliquid
981 1466 1367 1541 absolutum,
1402 1468 1511 1529 sed
1543 1467 1869 1530 relativam

380 1561 587 1642 potius
632 1565 1105 1645 proprietatem.

452 1659 747 1742 Amplius
807 1663 977 1725 circa
1035 1664 1169 1726 haec
1229 1665 1453 1726 scribit
1508 1663 1790 1744 AEgidius
1854 1681 1867 1724 :

374 1757 549 1819 Sicut
582 1760 647 1820 in
688 1761 995 1823 creaturis
1036 1763 1273 1843 duplex
1314 1763 1749 1824 consideratur
1779 1761 1869 1822 di-

1988 781 2229 860 cipium
2293 780 2702 863 proprietatis
2717 800 2732 859 3
2784 783 3126 844 dicendum
3185 781 3355 862 quod
3412 781 3476 841 in

1986 879 2221 940 divinis
2283 880 2566 960 personis
2615 882 2789 961 origo
2837 899 2904 942 se
2953 879 3138 942 habet
3191 898 3302 961 per
3353 897 3480 940 mo-

1985 977 2137 1038 dum
2180 978 2480 1060 principii
2513 978 2959 1052 distinctionis,
2996 979 3344 1060 proprietas
3374 995 3478 1038 ve-

1986 1093 2056 1136 ro
2106 1095 2219 1157 per
2279 1078 2540 1138 modum
2599 1077 3071 1158 distinguentis,
3123 1076 3478 1156 hypostasis

1982 1181 2196 1235 autem
2241 1193 2352 1236 seu
2403 1192 2671 1256 persona
2715 1194 2826 1257 per
2873 1175 3128 1236 modum
3172 1174 3474 1236 distincti.

1986 1272 2106 1332 Sed
2154 1273 2458 1353 quoniam
2505 1273 2686 1352 juxta
2737 1273 3102 1354 praehabita,
3154 1272 3478 1333 distinctio

1988 1369 2051 1430 in
2097 1370 2330 1431 divinis
2374 1379 2469 1431 est
2511 1389 2622 1451 per
2665 1371 3022 1444 relationeS‚
3055 1377 3117 1430 et
3159 1370 3295 1451 ipsa
3337 1387 3478 1451 pro-

1986 1468 2221 1548 prietas
2261 1468 2460 1548 magis
2501 1468 2900 1549 significatur
2940 1487 3052 1549 per
3084 1468 3340 1529 modum
3384 1485 3475 1528 re-

1966 1566 2237 1628 ·lationis
2268 1586 2458 1649 quam
2491 1567 2688 1648 orig0‚
2713 1567 2878 1629 sicut
2909 1567 3252 1648 paternitas
3284 1584 3476 1647 quam

1983 1666 2342 1743 generatio3
2395 1665 2544 1727 hinc
2604 1667 2803 1746 magis
2866 1666 3119 1747 proprie
3180 1665 3478 1726 dicuntur

1985 1782 2270 1843 personae
2309 1764 2615 1843 distingui
2659 1783 2772 1846 per
2811 1765 3250 1846 proprietateS‚
3284 1782 3474 1844 quam

372 1857 651 1931 stincti0,
698 1877 823 1920 una
867 1879 993 1941 qua
1043 1880 1141 1922 res
1184 1869 1393 1923 creata
1442 1860 1661 1922 differt
1699 1881 1735 1922 a
1776 1879 1868 1922 re-
1907 1857 1954 1919 B
1987 1880 2099 1942 per
2142 1863 2474 1942 originem.
2527 1863 2668 1924 Haec
2719 1863 3021 1943 zEgidiuS‚
3073 1863 3181 1943 qui
3243 1863 3306 1923 in
3358 1861 3476 1922 hoc

374 1953 491 2015 bus
545 1956 811 2018 alterius
860 1959 1097 2039 speciei
1150 1978 1223 2020 ac
1273 1967 1534 2032 naturae,
1586 1959 1711 2021 alia
1759 1978 1872 2040 per

372 2071 565 2133 quam
604 2074 643 2116 a
676 2057 1025 2137 suppositis
1068 2077 1197 2120 suae
1237 2058 1651 2138 distinguitur
1691 2066 1870 2118 natu-

376 2170 477 2224 rae,
520 2155 1065 2233 quemadmodum
1115 2156 1333 2218 Petrus
1377 2174 1490 2238 per
1531 2175 1712 2217 suam
1757 2156 1871 2217 hu-

376 2253 744 2312 manitatem
804 2252 1022 2315 differt
1070 2273 1107 2314 a
1166 2253 1345 2316 leone
1403 2262 1466 2316 et
1522 2271 1707 2335 equo,
1762 2253 1871 2314 sed

375 2366 487 2428 per
532 2349 999 2412 individuantia
1046 2352 1459 2432 distinguitur
1496 2372 1533 2414 a
1572 2352 1875 2415 consorti-

374 2445 493 2508 bus
552 2467 685 2510 suae
732 2457 1009 2528 naturae3
1061 2451 1152 2511 sic
1202 2469 1319 2513 suo
1370 2451 1556 2513 modo
1605 2469 1873 2532 persona

372 2544 591 2607 divina
642 2565 757 2627 per
806 2567 935 2609 suae
979 2547 1229 2610 deitatis
1281 2557 1569 2611 naturam
1618 2548 1700 2610 ab
1743 2567 1874 2612 orn-

373 2643 563 2704 nibus
623 2643 1041 2725 distinguitur
1088 2646 1411 2708 creaturis.
1468 2647 1601 2708 Una
1657 2653 1909 2708 autem'

371 2741 589 2804 divina
650 2761 921 2824 persona
978 2744 1391 2825 distinguitur
1439 2746 1519 2806 ab
1568 2744 1693 2807 alia
1748 2745 1872 2806 sibi

372 2840 901 2902 consubstantiali
952 2861 1243 2923 persona,
1288 2861 1413 2905 non
1460 2861 1572 2924 per
1614 2843 1875 2930 essenti-

369 2939 625 3012 am‚sed
661 2959 777 3020 per
804 2939 1048 3021 aliquid
1078 2941 1415 3003 relativum
1446 2949 1507 3002 et
1540 2942 1871 3023 proprium

1984 1959 2236 2022 Thomae
2281 1969 2600 2022 consonat.

2060 2059 2352 2139 Amplius
2396 2060 2564 2120 circa
2611 2059 2744 2121 haec
2786 2059 2872 2120 ait
2916 2059 3248 2120 Durandus
3283 2076 3296 2120 :
3332 2058 3475 2131 Qui-

1982 2158 2127 2219 dam
2171 2158 2393 2219 dicunt
2437 2175 2562 2219 non
2613 2176 2833 2221 omnes
2881 2157 3128 2219 divinas
3175 2175 3474 2238 personas

1984 2273 2097 2337 per
2139 2255 2474 2317 relationes
2526 2255 2852 2335 distingui,
2896 2255 3196 2336 quoniam
3249 2263 3478 2336 praeter

1984 2361 2110 2415 tres
2162 2373 2462 2435 personas
2521 2354 2782 2416 relative
2831 2354 3029 2415 dictas
3080 2373 3236 2434 quas
3296 2354 3478 2434 ponit

1982 2452 2167 2526 sideS‚
2224 2460 2466 2533 ponunt
2528 2453 2930 2534 suppositum
2987 2452 3349 2514 absolutum
3409 2452 3473 2512 in

1983 2551 2109 2612 Deo
2146 2567 2159 2611 :
2196 2568 2323 2612 non
2353 2559 2566 2611 tamen
2607 2549 2827 2611 dicunt
2856 2557 3128 2631 quatuor
3157 2569 3294 2611 esse
3337 2569 3474 2630 per-

1984 2667 2167 2711 sonas
2209 2649 2273 2709 in
2306 2648 2562 2721 divinis,
2596 2648 2747 2729 quia
2779 2648 2897 2709 hoc
2927 2647 3288 2709 absolutum
3332 2668 3477 2729 sup-

1986 2747 2262 2828 positum
2295 2765 2422 2808 non
2449 2746 2625 2828 ponit
2647 2747 2745 2826 (ut
2771 2746 3017 2825 dicunt)
3039 2746 3102 2807 in
3135 2765 3473 2807 numerum

1983 2865 2130 2907 cum
2174 2846 2378 2907 tribus
2425 2845 2732 2926 personiS,
2776 2845 2886 2906 sed
2928 2852 3024 2906 est
3062 2844 3154 2906 eis
3198 2861 3479 2906 commu-

1985 2962 2085 3016 ne,
2138 2943 2303 3004 sicut
2351 2942 2459 3003 alii
2518 2942 2740 3003 dicunt
2796 2941 3078 3003 divinam
3136 2943 3475 3003 essentiam

369 3036 494 3097 sibi
540 3044 735 3118 atque
781 3038 1408 3112 incommunicabile,
1452 3046 1513 3100 et
1557 3058 1671 3120 per
1714 3039 1872 3101 illud
1910 3041 1951 3102 C
1983 3043 2075 3102 eis
2133 3060 2271 3102 esse
2331 3059 2756 3102 communem.
2822 3040 2943 3102 Sed
3000 3040 3168 3101 istud
3227 3040 3478 3102 videtur

370 3137 783 3198 constituitur
843 3138 907 3197 in
956 3155 1095 3199 esse
1156 3138 1493 3219 personali,
1549 3146 1700 3220 puta
1758 3157 1875 3219 per

370 3236 769 3297 relationem.
807 3235 1045 3297 Relatio
1086 3244 1300 3297 autem
1345 3237 1686 3318 dupliciter
1729 3255 1869 3317 pro-

370 3334 727 3405 nuntiatur,
762 3333 1059 3396 videlicet
1094 3353 1107 3397 :
1144 3352 1257 3415 per
1288 3336 1547 3397 modum
1592 3336 1873 3416 proprie-

372 3432 539 3506 tatis,
578 3440 649 3494 ut
678 3451 880 3513 quum
911 3432 1167 3502 dicitur,
1204 3433 1570 3514 paternitaS‚
1604 3433 1868 3513 filiati03

368 3540 431 3593 et
488 3550 609 3613 per
668 3531 929 3593 modum
986 3531 1253 3593 actionis
1310 3550 1423 3593 seu
1480 3532 1672 3593 etiam
1733 3552 1871 3614 pas-

370 3630 595 3697 sionis,
656 3638 727 3690 ut
791 3648 993 3711 quum
1055 3630 1309 3703 dicitur,
1374 3648 1696 3710 generare,
1762 3639 1872 3691 aut

367 3727 681 3807 generari.
716 3728 955 3790 Relatio
986 3728 1181 3800 enim,
1215 3728 1567 3790 secundum
1610 3729 1868 3791 modum

370 3825 793 3905 intelligendi,
828 3845 1081 3907 semper
1109 3826 1397 3907 sequitur
1424 3826 1665 3908 aliquid
1696 3826 1867 3889 aliud

368 3942 479 3984 seu
523 3923 824 3994 alterum,
858 3925 1024 3985 sicut
1061 3924 1387 4005 aequalitas
1427 3924 1866 4005 quantitatem,

368 4021 729 4085 similitudo
792 4023 1163 4104 qualitatem
1224 4022 1324 4084 vel
1388 4023 1701 4085 actionem
1762 4032 1870 4085 aut

370 4122 735 4201 passionem
773 4140 785 4181 :
822 4122 987 4183 sicut
1026 4122 1170 4202 quis
1213 4121 1449 4183 dicitur
1491 4128 1687 4203 pater,
1721 4140 1872 4203 quo-

1982 3158 2318 3201 erroneum
2357 3158 2368 3201 :
2404 3139 2705 3219 quoniam
2745 3139 3149 3219 suppositum
3190 3157 3302 3199 seu
3343 3157 3478 3219 per-

1982 3256 2135 3299 sona
2176 3238 2241 3298 in
2283 3245 2506 3299 natura
2549 3236 2984 3304 intellectuali,
3018 3237 3172 3298 dicit
3211 3237 3330 3298 hoc
3367 3237 3478 3298 ali-

1981 3336 2135 3417 quid
2167 3335 2542 3407 subsistam,
2579 3334 3182 3396 incommunicabile
3212 3342 3275 3395 et
3305 3352 3473 3395 com·

1983 3434 2225 3515 pletum
2268 3432 2493 3495 ultima
2523 3432 2946 3513 completione
2979 3433 3044 3493 in
3081 3432 3188 3493 illa
3227 3439 3470 3505 natura,

1982 3550 2099 3593 nec
2132 3532 2297 3591 ultra
2325 3529 2807 3591 determinabile
2831 3530 2910 3591 ad
2940 3548 3078 3591 esse
3108 3530 3470 3611 personale3

1982 3631 2092 3692 sed
2141 3631 2207 3690 in
2257 3629 2489 3691 divinis
2547 3627 2797 3690 nullum
2856 3628 3217 3689 absolutum
3270 3636 3475 3709 potest

1982 3747 2119 3790 csse
2169 3727 2559 3807 hujusmodi,
2610 3744 2809 3808 quum
2867 3745 3055 3788 omne
3109 3725 3472 3792 absolutum

1983 3827 2065 3888 sit
2116 3826 2318 3887 tribus
2370 3824 2655 3906 personis
2707 3842 3064 3887 commune.
3103 3860 3183 3869 —
3218 3824 3340 3886 Alii
3382 3825 3471 3886 di-

1983 3932 2137 3985 cunt
2181 3940 2480 4005 personas
2525 3930 2650 3983 tres
2700 3939 2825 3984 non
2867 3922 3171 4002 distingui
3222 3940 3336 4003 per
3378 3941 3472 3983 re-

1985 4022 2273 4096 lationeS‚
2307 4021 2608 4102 quoniam
2641 4021 2862 4082 dicunt
2891 4039 2995 4081 eas
3027 4020 3325 4082 constitui
3359 4038 3473 4101 per

1982 4121 2202 4182 modos
2239 4120 2582 4192 absolutOS,
2616 4120 2727 4200 qui
2769 4125 3349 4200 praesupponuntur
3377 4136 3472 4180 re-

369 4220 543 4281 niam
594 4220 848 4299 genum
892 4228 955 4281 et
1005 4218 1201 4293 filius,
1253 4219 1405 4301 quia
1452 4226 1547 4281 est
1594 4220 1864 4300 genitus.
1900 4223 1949 4283 D
1981 4218 2324 4281 la'tionibus
2367 4233 2380 4279 ε
2425 4218 2592 4297 quod
2640 4224 2846 4277 tamen
2897 4233 3023 4278 non
3075 4215 3345 4297 probant
3383 4216 3473 4277 di-

368 4317 607 4398 Sicque
637 4318 976 4380 relationes
1010 4318 1075 4379 in
1105 4318 1339 4379 divinis
1372 4325 1727 4398 sequuntur
1754 4318 1871 4379 ori-

366 4416 611 4496 ginem,
663 4417 817 4497 quia
872 4434 999 4477 non
1049 4424 1197 4477 sunt
1246 4416 1333 4477 ibi
1396 4416 1729 4477 relationes
1780 4417 1868 4478 di-

366 4514 685 4577 stinctivae
743 4514 867 4577 nisi
931 4514 1267 4576 relationes
1326 4513 1610 4594 originis.
1664 4549 1745 4559 —
1793 4513 1868 4575 Et

365 4613 515 4692 quia
582 4612 807 4675 relatio
868 4613 933 4673 in
991 4612 1227 4673 divinis
1288 4610 1689 4691 significatur
1747 4612 1867 4675 hoc

362 4710 613 4793 duplici
664 4711 872 4785 modo,
916 4710 1174 4792 quidam
1226 4710 1523 4772 dixerunt
1567 4728 1866 4791 personas

364 4809 675 4889 distingui
725 4808 972 4888 origine
1031 4828 1142 4870 seu
1191 4806 1611 4883 emanatione,
1665 4828 1865 4890 quum

362 4915 421 4967 et
453 4907 887 4969 Damascenns
920 4913 1185 4968 testetur
1224 4905 1434 4988 primo
1476 4906 1661 4979 libro,
1696 4907 1865 4988 quod

361 5006 583 5067 omnia
627 5004 691 5066 in
731 5004 969 5066 divinis
1016 5012 1164 5067 sunt
1203 5005 1371 5066 idem
1418 5012 1647 5085 praeter
1683 5023 1867 5085 gene-

363 5104 677 5165 rationem
721 5112 787 5165 et
829 5102 1371 5183 ingenerationem
1415 5110 1479 5165 et
1524 5103 1869 5184 processio-

364 5219 531 5263 nem.
568 5202 696 5263 Alii
727 5202 955 5263 dicunt
982 5218 1089 5263 eas
1119 5201 1503 5283 proprietate
1535 5200 1861 5280 distingui.

362 5298 485 5361 Sed
547 5300 700 5381 quia
755 5298 1069 5379 originem
1128 5298 1417 5379 sequitur
1474 5298 1695 5360 relatio
1753 5317 1865 5360 seu

1982 4323 2170 4388 recte,
2237 4315 2345 4377 sed
2409 4314 2715 4375 indirecte
2776 4314 3123 4387 dumtaxat,
3189 4313 3471 4375 dicentes

1978 4414 2146 4496 quod
2203 4413 2422 4474 eadem
2483 4412 2995 4474 inconvenientia
3054 4431 3195 4493 quae
3253 4428 3479 4473 secun:

1978 4513 2129 4573 dum
2173 4511 2564 4573 adversarios
2606 4510 2684 4571 ad
2729 4510 2912 4570 istam
2959 4510 3338 4591 positionem
3381 4528 3473 4573 se-

1976 4617 2283 4692 quuntur,
2324 4609 2402 4670 ad
2453 4608 2628 4669 illam
2670 4624 2923 4689 quoque
2965 4608 3331 4689 opinionem
3381 4628 3473 4670 se-

1977 4716 2255 4791 quantur
2284 4727 2424 4789 quae
2453 4707 2610 4767 dicit
2641 4723 2941 4787 personas
2983 4725 3094 4787 per
3133 4706 3468 4769 relationes

1976 4804 2740 4886 distingui,similiterque
2771 4804 3122 4866 solvuntur.
3140 4804 3262 4866 Nos
3294 4804 3468 4865 enim

1978 4904 2276 4986 ponimus
2328 4921 2626 4985 personas
2676 4901 3090 4965 relationibus
3138 4902 3464 4981 distingui,

1975 5003 2054 5063 ad
2094 5001 2490 5063 evadendum
2531 4999 3055 5080 compositionem
3101 4999 3166 5060 in
3206 4998 3464 5072 diviniS,

1977 5119 2118 5181 quae
2166 5105 2333 5161 esset
2383 5098 2449 5160 in
2496 5097 2753 5171 divinis,
2796 5097 2919 5157 nisi
2963 5096 3286 5158 distinctio
3335 5114 3472 5178 per-

1977 5215 2275 5262 sonarum
2333 5204 2500 5259 esset
2557 5214 2670 5276 per
2727 5194 3096 5273 rela‘tiones3
3146 5202 3334 5276 atque
3392 5195 3470 5257 ad

1978 5297 2376 5359 evadendum
2407 5293 2880 5397 distinctionem
2921 5291 3154 5355 divina}
3182 5294 3472 5355 essentiae
