4359 6250
1142 513 1207 560 m
1248 514 1469 561 amnon
1512 517 1531 560 ι
1574 515 2057 566 snmus-runnu.
2103 532 2185 542 —
2225 514 2376 559 msr.
2423 515 2570 560 xxxi
2613 515 2820 560 snum
3406 492 3521 558 311

422 689 599 751 sunt
633 693 1037 753 secundum
1062 689 1359 754 naturae
1396 687 1979 762 indifferentiam
2016 690 2088 751 et
2122 703 2392 752 nomen
2436 687 2888 765 indifferens,
2921 705 3070 752 non
3105 703 3336 752 unum
3373 702 3529 750 esse

424 808 507 868 in
540 807 881 870 essentiae
920 809 1428 883 veneratione,
1462 821 1777 882 quorum
1816 807 2149 870 essentia·
2186 821 2454 869 nomen
2488 806 2638 870 n'on
2678 809 2846 868 ticet
2881 821 3034 869 esse
3082 809 3233 868 nisi
3264 820 3519 868 unum.

418 927 582 987 Non
616 927 811 986 enim
843 928 1197 1002 reliaiosa
1224 926 1479 987 unitas
1511 927 1836 987 nominis
1863 938 1959 985 eoe
1986 922 2477 997 indifferentis
2503 925 2796 986 naturoe
2829 925 3146 986 essentia
3175 922 3528 985 constitu·
3603 936 3736 1010 mnf.
3763 935 3820 980 a·

420 1042 581 1103 tam
602 1055 1014 1114 personam
1038 1043 1303 1118 aenitae
1332 1043 1611 1104 ademit
1646 1043 2005 1115 essentioe,
2037 1041 2120 1102 ut
2145 1043 2368 1103 unica
2400 1055 2488 1103 ac
2515 1043 2927 1116 sinoutaris
2953 1041 3085 1102 Dei
3109 1039 3522 1102 substantia
3550 998 3814 1105 fifffl'm'

414 1172 558 1230 per
602 1161 957 1221 unionem
1000 1160 1325 1222 nominis
1361 1159 1852 1234 inteltioatur,
1899 1172 2121 1234 quum
2154 1159 2537 1231 utriusque
2585 1157 2916 1220 essentioe
2951 1171 3222 1221 nomen
3263 1171 3518 1230 unum,

420 1277 497 1336 id
522 1274 635 1336 est
660 1288 853 1337 unus
882 1276 1097 1349 Deus,
1127 1277 1212 1337 ob
1244 1276 1662 1339 indiscretoe
1693 1278 1770 1338 in
1806 1275 2118 1350 utroque
2146 1275 2443 1337 naturoe
2476 1275 2996 1336 indissimilem
3029 1272 3524 1336 substantiam

416 1390 891 1463 praedicetur.

900 1619 985 1684 K.
1044 1623 1285 1690 Quare
1329 1624 1608 1684 dicitur
1649 1637 1805 1685 esse
1851 1623 2248 1698 aequatitas
2293 1624 2372 1685 in
2419 1623 2634 1696 Fili0,
2678 1636 2904 1698 quum
2947 1623 3048 1684 sit

1522 1755 1675 1802 una
1721 1739 2117 1814 (equalitas
2162 1740 2417 1802 trium.

552 1961 746 2024 Nunc
792 1960 1137 2024 videamus
1184 1978 1385 2041 quare
1431 1961 1773 2042 aequalitas
1818 1961 2075 2024 dicatur
2127 1978 2272 2024 esse
2325 1961 2393 2022 in
2449 1961 2643 2041 Filio,
2695 1978 2901 2042 quum
2955 1978 3088 2024 una
3142 1962 3207 2025 et
3259 1979 3525 2025 summa

416 2076 765 2158 aequalitas
819 2077 908 2139 sit
952 2077 1179 2140 trium.
1212 2077 1358 2139 Hoc
1408 2076 1555 2140 ideo
1604 2076 1771 2139 forte
1830 2075 2081 2139 dictum
2130 2077 2252 2156 est,
2303 2077 2461 2156 quia
2506 2076 2719 2141 Filius
2774 2077 3036 2158 genitus
3092 2078 3192 2140 est
3245 2094 3284 2139 a
3330 2076 3524 2140 Patre

416 2192 697 2273 aequalis
754 2191 1048 2273 gignenti
1105 2194 1171 2257 et
1222 2192 1396 2255 dono
1455 2192 1634 2272 quod
1689 2191 1771 2254 ab
1822 2193 2104 2272 utroque
2158 2193 2455 2273 procedit
2497 2214 2512 2255 :
2566 2195 2631 2256 et
2679 2194 2827 2257 ideo
2883 2194 2996 2256 illa
3045 2195 3171 2257 tria
3217 2194 3526 2257 dicuntur

416 2327 561 2372 osse
626 2307 909 2390 aequalia
968 2310 1235 2390 propter
1296 2309 1565 2372 Filium.
1626 2308 1839 2372 Filius
1903 2309 2081 2371 enim
2136 2309 2332 2372 habet
2388 2326 2427 2371 a
2486 2310 2680 2374 Patre
2740 2312 2814 2373 ut
2869 2311 2956 2373 sit
3010 2312 3069 2374 ei
3128 2310 3403 2393 aequalis
3459 2309 3526 2373 et

418 2425 698 2506 Spiritui
737 2425 1014 2506 Sanct03
1054 2427 1119 2489 et
1156 2425 1443 2506 Spiritus
1489 2426 1767 2489 Sanctus
1813 2424 1895 2487 ab
1937 2426 2218 2506 utroque
2263 2424 2458 2489 hahet
2495 2427 2570 2489 ut
2611 2425 2699 2489 sit
2741 2427 3013 2507 aequalis
3052 2426 3336 2509 utrique.
3378 2426 3524 2490 Hoc

414 2542 639 2604 autem
706 2541 849 2604 sine
914 2540 1299 2606 assertionis
1362 2540 1714 2622 supercilio
1778 2541 1843 2604 et
1909 2539 2180 2622 maioris
2245 2541 2696 2621 intelligentiis
2759 2541 3144 2622 praejudicio
3208 2541 3517 2622 dicimuS‚

414 2657 738 2720 malentes
784 2657 853 2719 in
899 2658 1235 2738 apertione
1272 2658 1410 2720 tam
1462 2657 1833 2720 clausorum
1888 2673 2271 2720 sermonum
2317 2657 2662 2738 peritiores
2717 2658 2966 2738 audire,
3021 2675 3220 2739 quam
3268 2657 3521 2738 aliquid

413 2772 565 2837 aliis
616 2772 912 2837 influere.

914 3006 991 3069 L.
1050 3009 1293 3076 Quare
1340 3013 1419 3072 in
1463 3009 1751 3082 Spiritu
1795 3010 2065 3071 Sancto
2113 3009 2390 3071 dicitur
2434 3022 2590 3071 esse
2637 3009 3022 3085 utriusque

1466 3130 1863 3190 concordia
1908 3130 2023 3188 vel
2069 3128 2456 3189 conneoeio.

546 3347 741 3421 Quod
766 3348 990 3411 autem
1020 3348 1089 3410 in
1114 3347 1363 3429 Spiritu
1402 3349 1640 3412 Sancto
1671 3348 1911 3411 dicitur
1939 3366 2082 3412 esse
2111 3348 2458 3429 utriusque
2479 3348 2849 3426 concordia,
2873 3349 2938 3413 et
2965 3366 3082 3429 per
3109 3364 3263 3410 eum
3294 3347 3518 3410 omnia

410 3480 733 3541 connexa,
772 3462 1029 3526 facilior
1066 3464 1167 3525 est
1215 3464 1648 3544 intelligentia
1694 3463 1886 3527 nobis
1926 3464 2272 3543 praemissa
2317 3464 2397 3527 ad
2444 3464 2734 3527 mentem
2779 3463 3258 3528 revocantibus
3305 3465 3518 3546 Supra
3589 3480 3692 3524 dist.
3719 3494 3762 3523 ι.

408 3580 587 3644 enim
622 3579 991 3643 secundum
1028 3579 1449 3642 auctoritates
1478 3580 1870 3643 Sanctorum
1905 3578 2153 3642 dictum
2188 3582 2310 3659 est,
2339 3579 2518 3661 quod
2555 3579 2840 3660 Spiritus
2877 3581 3158 3643 Sanctus
3195 3597 3381 3643 amor
3418 3582 3518 3645 est

408 3713 545 3779 quo
592 3695 793 3759 Pater
851 3695 1069 3775 diligit
1114 3694 1386 3774 Filium,
1438 3695 1503 3757 et
1550 3694 1763 3758 Filius
1813 3695 2100 3757 Patrem.
2150 3696 2353 3759 Recte
2411 3712 2564 3775 ergo
2611 3696 2897 3776 Spiritus
2942 3695 3221 3759 Sanctus
3275 3696 3519 3759 dicitur

407 3812 736 3877 connexio
767 3810 873 3875 vel
905 3810 1251 3874 concordia
1277 3809 1493 3874 Patris
1522 3812 1588 3873 et
1622 3810 1800 3889 Filii,
1835 3812 1898 3873 et
1926 3828 2043 3891 per
2080 3828 2233 3874 eum
2267 3810 2490 3874 omnia
2531 3828 2846 3874 connexa.
2880 3811 3067 3874 Unde
3102 3811 3517 3893 Augustinus

406 3929 477 3991 in
512 3928 747 4009 quinto
786 3926 955 3990 libro
985 3926 1065 3988 de
1100 3926 1418 3989 Trinitate
1452 3945 1467 3987 ε
1505 3926 1899 3989 Communio
1931 3926 2234 4007 quaedam
2273 3927 2850 3991 consubstantialis
2877 3927 3094 3990 Patris
3131 3929 3196 3990 et
3223 3927 3376 3989 Filii
3415 3929 3515 3990 est
3596 3946 3701 4002 Aug.
3742 3946 3798 3990 a·

406 4044 761 4109 amborum
813 4042 1099 4124 Spiritus
1141 4042 1442 4107 Sanctus.
1478 4042 1660 4107 Idem
1704 4044 1771 4106 in
1816 4042 2099 4124 septimo
2144 4042 2311 4106 libro
2356 4043 2436 4107 de
2479 4043 2798 4106 Trinitate
2842 4064 2856 4105 :
2903 4042 3188 4124 Spiritus
3234 4043 3512 4107 Sanctus
3539 4009 3808 4124 ffssnssffl‘i’„

406 4162 511 4225 est
556 4177 825 4225 summa
870 4160 1107 4223 caritas
1152 4162 1510 4241 utrumque
1557 4159 1962 4240 conjungens
2008 4176 2261 4241 nosque
2307 4159 2736 4241 subjungens.
3539 4134 3808 4187 ¹⁵¹²·'¹¹·¹¹·⁶·

989 4445 1272 4511 SUMM
1285 4445 1344 4508 Α
1946 4413 1998 4474 Α
2028 4412 2382 4475 inductum.
2417 4413 2656 4476 Deinde
2689 4413 2768 4475 fit
2799 4412 3038 4475 mentio
3072 4413 3150 4474 de
3188 4412 3517 4495 appropri-

2026 4510 2147 4573 atis
2198 4527 2612 4592 personarum
2667 4528 2681 4572 τ
2733 4512 3032 4593 quocirca
3080 4511 3521 4574 manifestatur

464 4604 1073 4663 DISTINCTIONIS
1116 4602 1570 4659 TRIGESIMAE
1616 4602 1885 4657 PIUMAE
2029 4608 2428 4691 profunditas
2472 4609 2814 4672 verborum
2855 4610 2913 4672 S.
2949 4608 3190 4683 Hilarii,
3224 4618 3288 4671 et
3329 4626 3518 4691 expo-

2028 4708 2174 4770 sitio
2233 4708 2601 4769 eorumdem
2662 4708 3012 4769 secundum
3071 4707 3515 4787 Augustinum.

545 4808 945 4882 OSTQUAM
994 4814 1332 4869 tractatum
1380 4814 1477 4868 est
1520 4807 1596 4867 de
1647 4805 1920 4886 propriis
2030 4806 2503 4887 consequenter
2543 4806 2802 4887 ponitur
2841 4804 3272 4886 appropriatio
3310 4822 3521 4886 perso-

572 4924 1016 4990 personarum,
1050 4904 1157 4966 hic
1202 4904 1659 4967 determinatur
1696 4903 1773 4963 de
1816 4922 1924 4983 ap-
2032 4924 2259 4966 narum
2289 4923 2326 4965 a
2355 4912 2574 4966 sancto
2613 4904 2842 4965 tradita
2870 4902 3244 4982 Augustino,
3277 4910 3341 4963 et
3371 4922 3522 4983 qua—

418 5006 765 5089 propriatis
794 5022 1037 5067 earum.
1072 5002 1675 5083 Praemittunturque
1709 5000 1925 5083 aliqua
2034 5001 2178 5062 liter
2243 5000 2352 5062 illa
2415 5000 2732 5063 coincidat
2793 5018 2939 5062 cum
3007 4999 3522 5079 appropriatione

184 5134 249 5187 (γ,
277 5136 385 5179 3522,
416 5106 499 5167 de
533 5104 897 5187 aequalitate
928 5110 991 5164 et
1022 5100 1443 5164 similitudine
1484 5118 1921 5182 personarum,
2034 5099 2289 5177 Hilarii3
2341 5097 2746 5179 finaliterque
2806 5096 3130 5159 inducitur
3183 5096 3526 5177 assignatio

134 5202 328 5254 ΨΦ*-
418 5210 487 5265 et
534 5202 815 5285 qualiter
862 5200 1271 5263 attendantur
1317 5216 1512 5280 penes
1561 5196 1925 5270 essentiam,
2034 5198 2113 5261 ab
2153 5197 2454 5279 Apostolo
2502 5196 2724 5277 posita.
2768 5196 2910 5257 Haec
2959 5202 3053 5257 est
3096 5194 3524 5257 distinctionis

426 5319 559 5366 non
590 5319 790 5384 penes
824 5298 1219 5372 relationem,
1240 5296 1423 5379 juxta
1452 5315 1709 5359 sensum
1741 5314 1934 5377 supra
2046 5294 2241 5377 hujus
2281 5292 2561 5356 materia.
