4359 6250
545 4018 565 4040 *
581 4020 796 4061 transcen-

527 4080 717 4124 dentiam

785 4712 790 4715 ·
891 4686 970 4750 Ut
998 4693 1208 4748 autem
1237 4685 1408 4747 dicta
1438 4684 1662 4746 melius
1694 4682 2323 4764 intelligantur,com-

829 455 950 519 496

1476 473 1538 520 ΙΝ
1580 474 1801 520 Limum
1844 474 1864 519 1
1905 441 2389 519 SENTitNTlAnuu.
2434 491 2515 501 -·
2555 471 2708 518 msT.
2754 474 2985 536 xxxix3
3028 473 3250 530 QUAEST.
3296 474 3317 520 1

830 644 986 707 tiam
1037 644 1316 727 perfecte
1360 643 1718 725 cognoscit3
1757 642 1974 706 omnia
2014 649 2229 704 autem
2274 649 2334 704 et
2364 641 2413 704 Α
2444 649 2689 717 eunteS,
2725 648 2793 704 ut
2840 661 3054 706 creare
3098 661 3113 706 ε
3156 651 3222 706 et
3262 643 3328 706 hi
3380 643 3769 706 conveniunt
3819 644 3951 707 Deo

832 743 1082 824 singula
1124 742 1191 804 in
1233 743 1450 805 divina
1497 742 1783 804 relucent
1827 740 2102 803 essentia
2136 757 2150 802 2
2184 756 2336 820 ergo

831 859 1014 902 suam
1073 841 1510 922 cognoscendo
1567 840 1932 912 essent-iam,
1985 845 2215 900 cuncta
2272 844 2335 898 et

831 939 1082 1020 singula
1117 939 1475 1002 necessario
1506 939 2004 1020 naturaliterque
2036 936 2336 1018 intelligit

829 1046 894 1100 et
924 1039 1062 1100 scit.
1087 1075 1168 1083 —
1196 1038 1480 1121 Denique
1511 1038 1708 1120 aliqui
1739 1038 1982 1110 dicunt,
2017 1044 2079 1099 et
2110 1036 2334 1098 Scotus

831 1137 1051 1219 tangit,
1094 1137 1263 1220 quod
1315 1138 1472 1200 ideae
1519 1137 1585 1199 in
1638 1145 1848 1199 mente
1893 1135 2108 1198 divina
2155 1143 2334 1197 natu-

831 1235 1048 1298 raliter
1087 1245 1540 1318 repraesentant
1575 1256 1588 1300 :
1622 1253 1772 1316 ergo
1813 1253 1927 1318 per
1969 1253 2074 1296 eas
2115 1233 2333 1296 omnia

831 1335 1203 1397 naturaliter
1245 1343 1712 1416 cognoscuntur
1751 1354 1788 1396 a
1832 1334 1976 1396 Deo.

908 1433 1003 1496 Ad
1050 1434 1172 1496 hoc
1216 1435 1468 1498 videtur
1513 1433 1877 1507 dicendum,
1920 1433 2090 1514 quod
2138 1450 2334 1514 quan-

832 1538 968 1593 tum
1028 1533 1302 1614 pertinet
1359 1532 1526 1594 nude
1575 1532 1654 1594 ad
1707 1530 1912 1613 ipsam
1971 1529 2327 1603 scientiam,

831 1630 1046 1692 omnia
1083 1630 1455 1692 naturaliter
1492 1639 1554 1692 et
1595 1629 1950 1692 necessarie
1981 1648 2017 1690 a
2048 1629 2176 1691 Deo
2215 1627 2333 1689 sci-

831 1735 1045 1802 untur,
1081 1747 1206 1792 non
1249 1736 1462 1791 autem
1508 1736 1819 1811 quantum
1871 1728 1949 1790 ad
1995 1732 2333 1790 connotata

829 1835 1020 1909 atque
1062 1827 1276 1890 relata.

912 1925 1197 2008 Denique
1227 1926 1462 2008 scripta
1490 1925 1756 1999 Alberti,
1789 1924 1955 1987 Petri
1985 1931 2048 1987 et
2077 1923 2332 1986 Richar-

831 2024 918 2098 di,
971 2025 1382 2105 praeinductis
1429 2043 1506 2087 ex
1555 2024 1931 2098 Alexandm,
1982 2023 2221 2085 Thema
2269 2029 2333 2084 et

829 2121 1270 2185 Bonaventura
1313 2124 1714 2188 concordant.

910 2222 1443 2286 Antisiodorensis
1488 2240 1740 2304 quoque
1780 2221 1846 2282 in
1891 2222 2152 2284 Summa
2194 2239 2328 2293 sua,

831 2321 995 2385 libro
1053 2320 1282 2404 primo,
1337 2321 1664 2402 praemissa
1719 2319 1989 2402 triplicis
2047 2318 2331 2380 scientiae

828 2421 942 2483 Dei
991 2420 1422 2494 distinctione,
1461 2418 1798 2501 subjungit
1841 2438 1855 2482 :
1899 2417 1990 2480 Ex
2037 2436 2163 2500 qua
2206 2417 2334 2478 dis-

829 2520 1137 2583 tinctione
1169 2526 1362 2601 patet,
1396 2518 1672 2601 qualiter
1711 2517 2012 2600 negandae
2041 2523 2152 2579 aut
2181 2534 2329 2579 con-

829 2618 1125 2682 cedendae
1155 2625 1304 2680 sunt
1333 2616 1702 2699 hujusmodi
1735 2615 2085 2679 locutiones
2116 2633 2130 2676 :
2164 2615 2330 2677 Deus

828 2723 1036 2798 potest
1076 2715 1260 2798 plura
1299 2715 1462 2778 scire
1502 2733 1694 2797 quam
1737 2715 1890 2794 scit3
1923 2712 2190 2775 scientia
2219 2711 2331 2774 Dei

828 2821 1036 2896 potest
1072 2814 1312 2896 augeri,
1346 2821 1467 2876 etc.
1507 2830 1522 2874 z
1556 2833 1698 2895 quae
1737 2811 2090 2874 secundum
2134 2829 2329 2873 unam

827 2913 1266 3005 acceptionem
1325 2911 1528 2993 ipsius
1587 2909 1890 2984 scientiae,
1941 2928 2106 2972 verae
2153 2918 2325 2984 sunt,

2444 759 2521 802 ex
2571 747 2877 823 tempore.
2932 741 3107 804 Unde
3164 750 3226 804 et
3274 742 3583 824 temporis
3634 742 3805 822 leges
3852 762 3952 804 se-

2443 847 2729 920 quuntur
2764 858 2777 902 :
2814 859 2962 903 nam
3006 841 3215 923 primo
3257 850 3406 904 sunt
3448 840 3674 915 futuri,
3716 842 3951 904 deinde

2445 946 2809 1019 praesentes,
2829 939 3082 1002 tandem
3116 940 3437 1022 praeteriti.
3458 941 3771 1023 Respectu
3799 959 3955 1022 quo-

2444 1054 2585 1096 rum
2618 1045 2714 1098 est
2746 1036 2811 1098 in
2853 1038 2980 1100 Deo
3017 1035 3278 1100 libertas
3316 1047 3506 1120 atque
3544 1048 3825 1121 potestas
3868 1039 3951 1101 ad

2444 1135 2830 1216 oppositum.

2520 1232 2644 1294 Alii
2689 1242 2839 1296 sunt-
2878 1243 3057 1298 actus
3100 1236 3405 1300 habentes
3448 1256 3515 1298 se
3560 1236 3785 1314 medio·
3816 1255 3955 1299 mo-

2442 1331 2544 1406 de,
2606 1340 2675 1393 ut
2735 1332 3114 1415 intelligere,
3176 1334 3340 1398 velle
3406 1353 3419 1397 :
3480 1336 3633 1418 quia
3688 1336 3753 1398 in
3814 1336 3951 1398 Deo

2444 1430 2787 1494 intrinsece
2830 1440 3015 1512 sunt3
3056 1442 3401 1497 connotant
3441 1441 3651 1496 tamen
3695 1433 3955 1496 habitu·

2442 1530 2656 1593 dinem
2704 1550 2815 1594 seu
2862 1542 3223 1615 respectum
3266 1534 3345 1596 ad
3386 1553 3483 1597 res
3526 1535 3603 1596 ad
3642 1542 3843 1608 extra,
3880 1533 3951 1598 in

2442 1635 2752 1710 quantum
2799 1630 2963 1692 Deus
3005 1632 3128 1693 scit
3168 1640 3230 1693 et
3272 1632 3409 1695 vult
3452 1650 3581 1695 non
3621 1633 3831 1696 solum
3876 1651 3951 1694 se

2444 1727 2679 1809 ipsum,
2712 1729 2823 1790 sed
2862 1729 2982 1790 alia
3016 1747 3290 1813 quoque.
3325 1730 3399 1793 Hi
3441 1739 3619 1793 actus
3654 1731 3953 1794 conside-

2367 1825 2413 1890 B
2445 1825 2567 1887 rari
2617 1835 2883 1908 possunt
2930 1829 3281 1890 secundum
3333 1828 3397 1890 id
3447 1829 3613 1911 quod
3663 1836 3834 1903 sunt,
3882 1836 3953 1891 et

2440 1924 2597 1986 item
2639 1926 2996 1989 secundum
3046 1935 3408 2009 respectum
3446 1928 3526 1990 ad
3568 1928 3953 1990 secundaria

2440 2042 2555 2084 sua
2595 2022 2868 2104 objecta.
2913 2023 3122 2088 Primo
3168 2026 3355 2088 modo
3397 2043 3524 2088 non
3567 2032 3661 2088 est
3703 2026 3769 2088 in
3814 2026 3955 2088 Deo

2442 2120 2699 2184 libertas
2740 2123 2837 2184 vel
2886 2123 3167 2204 potentia
3204 2124 3283 2186 ad
3322 2124 3687 2207 oppositum
3728 2142 3953 2206 respe-

2441 2227 2547 2280 ctu
2596 2219 2966 2301 hujusmodi
3022 2223 3345 2287 actionum
3400 2243 3415 2286 :
3465 2222 3715 2284 nullum
3762 2222 3951 2285 enim

2441 2317 2795 2399 intelligere
2835 2327 2945 2380 aut
2976 2320 3140 2382 velle
3174 2328 3271 2382 est
3304 2320 3369 2382 in
3407 2321 3557 2394 Deo,
3589 2320 3756 2402 quod
3794 2337 3951 2402 pos-

2446 2416 2528 2478 sit
2565 2424 2674 2479 aut
2714 2418 2992 2499 potuerit
3032 2437 3162 2481 non
3202 2437 3343 2482 esse
3386 2419 3452 2481 in
3494 2437 3592 2493 eo,
3624 2419 3817 2481 etiam
3863 2419 3951 2482 de

2442 2516 2727 2596 potentia
2782 2516 3107 2596 absoluta3
3159 2536 3277 2580 nec
3334 2517 3575 2600 aliquid
3628 2517 3687 2580 ei
3734 2519 3947 2592 deest,

2440 2615 2608 2695 quod
2662 2615 2939 2696 potuerit
2986 2615 3087 2678 vel
3138 2616 3340 2698 possit
3383 2616 3443 2678 ei
3493 2615 3719 2679 inesse.
3750 2651 3835 2661 —
3876 2617 3951 2679 si

2439 2731 2592 2776 vero
2640 2714 3125 2777 considerentur
3172 2715 3525 2777 secundum
3576 2723 3951 2797 respectum

2437 2811 2514 2874 ad
2554 2811 2903 2893 objectum,
2936 2813 3029 2875 sic
3068 2812 3591 2894 distinguendum
3629 2821 3743 2876 est.
3774 2813 3949 2876 Nam

2438 2911 2644 2992 quoad
2703 2910 3058 2994 principale
3116 2931 3307 2973 suum
3362 2911 3709 2993 object-um,
3761 2913 3949 2994 quod

827 3011 1181 3093 praesertim
1210 3010 1417 3092 quoad
1448 3027 1789 3072 numerum
1821 3007 2325 3082 scitorum.Quod
2363 3013 2408 3078 C
2437 3016 2532 3070 est
2561 3008 2777 3072 divina
2810 3008 3107 3084 essentia,
3141 3027 3267 3072 non
3298 3017 3393 3072 est
3423 3009 3487 3071 in
3518 3010 3646 3073 Deo
3675 3009 3951 3073 libertas

827 3116 1040 3172 tamen
1083 3108 1368 3191 intelligo
1407 3107 1486 3171 de
1524 3107 1790 3171 scientia
1827 3126 2040 3171 rerum
2085 3107 2326 3171 incom-

825 3209 1181 3291 plexarum,
1232 3207 1536 3289 quoniam
1595 3207 1796 3269 multa
1852 3207 2003 3269 talia
2059 3214 2328 3289 possunt

825 3326 965 3369 esse
1002 3325 1145 3388 quae
1183 3325 1512 3388 nunquam
1551 3312 1757 3367 erunt.
1792 3305 1912 3367 Sed
1948 3305 2026 3367 de
2060 3304 2327 3368 scientia

827 3404 1323 3467 enuntiabilium
1353 3424 1482 3468 non
1513 3412 1608 3467 est
1639 3424 1884 3479 verum,
1918 3404 2068 3486 quia
2099 3422 2322 3466 secun-

824 3505 980 3566 dum
1019 3503 1259 3579 RealeS,
1293 3522 1494 3585 quum
1533 3504 1699 3566 Deus
1741 3503 1968 3585 incipit
2009 3503 2174 3566 scire
2215 3502 2325 3565 ali-

826 3604 997 3686 quod
1045 3602 1461 3677 enuntiabile,
1504 3601 1738 3664 desinit
1786 3602 1950 3665 scire
1992 3602 2133 3682 ejus
2175 3619 2323 3664 con-

824 3702 1186 3766 tradictorie
1225 3702 1611 3784 oppositum.
1646 3701 1774 3763 Nec
1816 3701 2124 3783 sequitur,
2157 3701 2323 3763 Deus

824 3802 1066 3864 sciebat
1109 3802 1228 3864 hoc
1275 3799 1476 3883 prius,
1509 3807 1572 3861 et
1617 3800 1804 3862 modo
1847 3816 1974 3861 non
2017 3800 2138 3861 scit
2178 3800 2320 3873 hoc,

823 3918 975 3981 ergo
1024 3900 1261 3963 oblitus
1307 3906 1404 3962 est
1451 3904 1562 3961 aut
1611 3906 1890 3959 mutatus
1943 3916 1958 3959 :
2010 3897 2162 3980 quia
2210 3916 2325 3979 per

825 3997 1286 4061 transeuntiam
1316 3998 1340 4019 ¹²
1389 4015 1604 4058 rerum
1665 3996 1728 4057 id
1785 3996 2036 4058 accidit.
2089 3998 2324 4059 Secun-

2436 3113 2545 3169 aut
2574 3108 2857 3190 potentia
2884 3108 2962 3171 ad
2992 3108 3359 3195 oppositum
3388 3115 3649 3172 actuum
3678 3108 3945 3184 horum,

2436 3207 2587 3288 quia
2627 3207 2984 3269 necessario
3024 3206 3325 3289 intelligit
3357 3214 3421 3270 et
3450 3207 3587 3271 vult
3625 3226 3805 3270 suam
3848 3226 3957 3271 es-

2435 3305 2725 3367 sentiam.
2777 3340 2858 3351 —-
2905 3304 2967 3367 Si
3018 3312 3232 3367 autem
3283 3305 3765 3368 considerentur
3826 3325 3955 3388 per

2436 3412 2795 3486 respectum
2825 3406 2900 3467 ad
2933 3403 3383 3467 secundarium
3413 3404 3763 3485 objectum,
3800 3424 3953 3467 rur-

2434 3522 2541 3565 sus
2586 3510 2681 3565 est
2720 3503 3263 3585 distinguendum.
3306 3502 3467 3566 Nam
3510 3511 3803 3585 respectu
3850 3523 3959 3567 se-

2433 3601 2883 3664 cundariorum
2930 3601 3329 3683 obJ’ectorum
3378 3610 3475 3663 est
3524 3601 3589 3664 in
3648 3603 3774 3665 Deo
3827 3604 3959 3665 du-

2436 3700 2583 3784 plex
2615 3700 2895 3782 cognitio
2918 3718 2931 3762 :
2958 3720 3085 3763 una
3114 3720 3239 3783 qua
3268 3701 3691 3783 apprehendit
3720 3720 3955 3765 rerum

2434 3800 2817 3882 quidditates
2833 3816 2851 3879 3
2900 3798 3026 3861 alia
3074 3818 3201 3881 qua
3244 3799 3665 3881 apprehendit
3713 3818 3955 3863 earum

2435 3897 2866 3972 habitudineS,
2901 3897 3430 3979 compositionem
3468 3916 3724 3980 quoque
3748 3906 3817 3961 et
3847 3900 3957 3962 di-

2432 3996 2744 4060 visionem
2777 4014 2790 4058 :
2824 4016 2967 4079 quae
2993 4004 3091 4059 est
3120 3996 3387 4059 scientia
3413 3996 3948 4061 enuntiabilium.

826 4097 980 4159 dum
1011 4094 1374 4159 Nominales
1405 4112 1570 4167 vere,
1596 4094 1897 4167 dice-nteS,
1921 4094 2094 4168 Quod
2125 4094 2321 4157 semel
2435 4094 2511 4157 Et
2542 4095 2661 4157 ista
2691 4102 2787 4156 est
2817 4094 3053 4176 duplex
3088 4114 3103 4158 :
3140 4114 3264 4157 una
3295 4114 3421 4177 qua
3450 4114 3551 4157 res
3580 4096 3955 4177 apprehen-

824 4202 922 4257 est
951 4213 1198 4268 verum,
1231 4211 1484 4275 semper
1513 4192 1634 4254 erit
1664 4209 1925 4271 verum3
1966 4192 2130 4253 Deus
2161 4191 2322 4253 nihil
2352 4196 2404 4259 D
2434 4194 2606 4255 ditur
2664 4193 3018 4255 secundum
3076 4194 3603 4275 compositionem
3664 4194 3959 4275 possibi—

826 4293 1054 4375 incipit
1101 4301 1211 4355 aut
1259 4292 1494 4354 desinit
1550 4292 1715 4354 scire
1769 4310 1783 4354 :
1834 4298 1898 4351 et
1943 4290 2062 4353 hoc
2121 4290 2323 4371 magis
2438 4292 2561 4354 lem
2604 4298 2887 4370 tantum3
2938 4291 3065 4355 alia
3111 4311 3239 4374 qua
3284 4310 3383 4354 res
3430 4292 3957 4374 apprehenditur

825 4399 1132 4454 consonat
1172 4390 1525 4471 Augustino
1565 4396 1628 4451 et
1668 4389 1981 4469 Magistro.
2016 4388 2160 4451 Haec
2200 4389 2323 4451 An·
2432 4391 2785 4453 secundum
2844 4389 3371 4473 compositionem
3428 4398 3492 4453 et
3546 4389 3951 4456 divisionem

824 4489 1260 4553 tisiodorensis
1295 4507 1309 4552 :
1343 4507 1484 4570 quae
1515 4487 1840 4550 recitative
1871 4504 2314 4551 commemoro,
2356 4540 2367 4549 .
2432 4506 2559 4551 non
2594 4488 2801 4552 solum
2833 4497 2903 4550 ut
2932 4488 3326 4571 possibilem,
3360 4489 3470 4551 sed
3500 4488 3691 4551 etiam
3724 4496 3795 4549 ut
3826 4490 3951 4553 de—

2432 4588 2686 4649 ductam
2743 4594 2853 4649 aut
2910 4586 3347 4649 deducendam
3412 4587 3477 4649 in
3538 4594 3751 4649 actum
3818 4608 3953 4669 pro

2428 4693 2715 4767 tempore
2762 4685 2978 4766 aliquo
3023 4704 3039 4748 :
3087 4704 3228 4767 quae
3275 4684 3553 4766 cognitio
3598 4684 3677 4747 ad
3726 4685 3957 4749 scien-

2428 4784 2583 4846 tiam
2624 4783 2902 4865 pertinet
2932 4783 3214 4846 visionis,
3249 4784 3467 4865 ltaque
3498 4790 3811 4864 quantum
3857 4786 3951 4848 ad

2429 4882 2701 4964 primam
2751 4890 2814 4944 et
2860 4882 3203 4944 secundam
3259 4881 3707 4962 cognitionem,
3758 4880 3950 4947 Deus

2428 4998 2553 5043 non
2612 4987 2822 5063 potest
2880 4980 3127 5043 nescire
3184 4979 3352 5061 quod
3402 4980 3544 5053 scit,
3596 4988 3705 5041 aut
3760 4981 3953 5045 scire

2426 5079 2595 5161 quod
2639 5079 2879 5158 nescit3
2924 5079 3033 5141 sed
3076 5078 3284 5160 quoad
3327 5078 3602 5153 tertiam,
3635 5086 3876 5160 potaet.

2508 5177 2785 5250 Quorum
2826 5176 2986 5241 ratio
3014 5184 3133 5252 est,
3166 5177 3469 5259 quoniam
3502 5176 3670 5239 Deus
3711 5194 3951 5241 neces·

2429 5277 2594 5339 sario
2628 5276 2749 5339 scit
2784 5294 2910 5341 non
2950 5277 3157 5340 solum
3199 5295 3379 5339 suam
3412 5274 3779 5353 essentiam,
3820 5279 3951 5343 sed

824 4784 1191 4848 memorabo
1235 4783 1340 4845 hic
1379 4783 1616 4864 scripta
1658 4782 1960 4857 Demadi,
1995 4783 2267 4845 dicentis
2300 4803 2314 4848 :

821 4885 1016 4947 Actus
1085 4883 1196 4945 Dei
1267 4889 1418 4945 sunt
1484 4881 1549 4942 in
1621 4880 1856 4963 triplici
1927 4880 2314 4945 differentia.

819 4983 1088 5057 Quidam
1152 4987 1302 5043 sunt
1364 4980 1740 5055 notionales,
1803 4986 1872 5041 ut
1932 4979 2193 5062 gignere
2256 4988 2319 5042 et

818 5081 1060 5164 spirare
1097 5100 1110 5144 :
1143 5081 1223 5143 ad
1262 5098 1422 5162 quos
1463 5097 1591 5143 non
1631 5086 1727 5141 est
1760 5077 1826 5142 in
1866 5079 1992 5141 Deo
2032 5078 2314 5155 libertaS‚

817 5179 918 5241 vel
966 5178 1252 5262 potentia
1298 5179 1376 5241 ad
1425 5176 1814 5260 oppositum.
1867 5212 1948 5221 —
1994 5176 2116 5239 Alii
2169 5184 2318 5239 sunt

817 5284 998 5342 actus
1042 5277 1151 5341 Dei
1199 5276 1264 5339 in
1308 5276 1687 5339 exteriorem
1741 5276 2069 5339 materiam
2113 5282 2317 5339 trans-
