4359 6250
628 518 926 575 ouAuraa
968 521 1162 568 mmm
1203 519 1339 566 sim·
1383 519 1445 565 m
1489 519 1605 565 neo
1648 517 1970 564 inmun-:a
2011 517 2209 573 Aroma
2251 516 2644 574 cAusAmnn,
2688 516 2763 562 m·
2802 516 2946 572 omn
2988 515 3081 561 sn·
3122 513 3269 560 mm
3376 491 3497 558 409

403 693 760 756 dicamento
816 690 1211 776 quantitatiS,
1268 689 1378 773 qui
1439 709 1744 752 numerus
1802 687 2239 752 estAclarius
2307 689 2619 752 elucescet
2672 688 2827 772 quid
2876 687 3161 752 veritatis
3214 686 3495 750 contine-

403 812 624 856 eorum
664 812 806 874 quae
843 790 1320 854 accidentaliter
1358 789 1687 852 differunt.
1723 788 1897 852 Unde

403 892 552 973 quia
601 891 919 952 unitatum
969 908 1082 951 seu
1126 888 1402 971 partium
1448 888 1589 968 ejus
1634 905 1760 950 non
1802 893 1899 949 est

385 989 524 1050 ‚alia
553 988 758 1050 forma
787 987 1144 1050 essentialis
1182 1005 1377 1070 quam
1407 987 1490 1048 sit
1519 986 1724 1048 forma
1753 1003 1898 1046 con-

399 1088 714 1150 tinuitatis
738 1089 809 1150 -in
851 1087 1060 1169 prima
1100 1087 1342 1149 unitate
1369 1105 1406 1147 a
1437 1105 1560 1166 qua
1594 1085 1896 1146 decidun-

403 1195 504 1249 tur
552 1193 662 1248 aut
711 1194 860 1248 sunt
909 1193 1070 1248 natae
1121 1185 1350 1258 decidi,
1405 1203 1522 1246 nec
1571 1190 1662 1246 est
1715 1181 1898 1245 diffe-

403 1285 604 1348 rentia
646 1285 812 1346 inter
855 1283 1230 1346 continuum
1272 1291 1336 1345 et
1378 1283 1722 1345 discretum
1769 1282 1896 1344 nisi

403 1384 754 1447 secundum
814 1391 1176 1464 respectum
1228 1382 1572 1465 quemdam
1621 1389 1684 1444 et
1733 1381 1896 1443 ordi-

403 1501 548 1544 nem
581 1482 858 1565 partium
893 1481 1058 1543 inter
1087 1500 1177 1554 se,
1209 1481 1394 1542 aliter
1423 1499 1490 1542 se
1521 1479 1892 1542 habentium

402 1580 466 1643 in
505 1581 810 1643 continuo
840 1587 902 1641 et
941 1579 1215 1641 discreto
1247 1596 1261 1641 :
1296 1579 1446 1661 quia
1486 1579 1552 1640 in
1593 1577 1896 1640 continuo

403 1679 780 1761 copulantur
825 1685 1036 1760 partes
1093 1678 1171 1739 ad
1225 1695 1632 1740 communem
1683 1677 1896 1739 termi-

401 1797 576 1850 num,
613 1778 678 1839 in
719 1777 994 1839 discreto
1033 1793 1470 1859 nequaquam3
1504 1783 1563 1838 et
1605 1776 1724 1837 hoc
1764 1793 1892 1838 non

2004 796 2114 850 ant
2157 789 2297 850 ista.

2086 887 2372 968 Denique
2430 887 2495 948 in
2556 886 2967 968 praeinductis
3026 886 3228 968 ipsius
3284 885 3497 948 verbis

2007 986 2415 1048 continentur
2456 985 2763 1048 nonnulla
2808 985 3099 1058 obscura,
3128 984 3500 1065 judicioque

2007 1084 2356 1146 multorum
2424 1102 2551 1147 non
2618 1103 2769 1148 vera
2836 1101 2851 1146 ε
2920 1083 3085 1146 sicut
3148 1083 3318 1166 quod
3384 1083 3495 1156 ait,

2004 1183 2175 1266 quod
2214 1191 2458 1266 septem
2498 1184 3135 1266 praedicamentorum
3177 1182 3501 1265 praedicto-

2005 1301 2146 1343 rum
2180 1299 2307 1343 non
2338 1289 2433 1343 est
2462 1282 2675 1364 aliqua
2714 1283 2963 1344 realitas
2998 1281 3275 1363 propria,
3308 1281 3431 1342 alia
3458 1300 3496 1342 a

2005 1380 2289 1442 realitate
2330 1380 2525 1442 trium
2565 1380 3201 1462 praedicamentorum
3244 1398 3355 1442 seu
3394 1398 3497 1461 ge-

2005 1497 2233 1540 nerum
2264 1498 2456 1561 super
2485 1499 2625 1561 quae
2657 1479 3112 1542 fundantur.Et
3142 1479 3293 1541 item
3324 1479 3494 1562 quod

2005 1578 2183 1652 dicit,
2234 1586 2477 1661 septem
2532 1597 2764 1660 genera
2822 1577 2930 1640 illa
2986 1578 3197 1640 dicere
3254 1577 3496 1660 aliquid

2005 1694 2131 1740 non
2179 1677 2260 1739 ad
2310 1697 2398 1751 se,
2433 1678 2542 1740 sed
2592 1678 2671 1739 ad
2712 1677 2887 1739 aliud
2922 1695 2937 1739 ε
2971 1677 3141 1759 quod
3182 1676 3299 1739 soli
3346 1696 3501 1758 prae-

2003 1775 2365 1838 dicamento
2403 1779 2491 1836 ad
2528 1777 2789 1855 aliquid
2824 1775 3077 1838 videtur
3114 1782 3494 1856 competere.

401 1875 696 1938 convenit
735 1874 1010 1936 discreto
1049 1893 1127 1936 ex
1157 1881 1380 1936 natura
1419 1873 1689 1954 alicujus
1725 1874 1892 1956 posi·
1929 1873 1976 1936 Β
2004 1875 2455 1937 Verumtamen
2496 1875 2614 1938 hoe
2654 1875 2870 1957 aliquo
2910 1875 3099 1937 modo
3136 1881 3342 1955 potest
3376 1875 3495 1936 sal-

401 1974 512 2036 tivi
551 1975 722 2056 quod
761 1973 936 2036 addit
975 1993 1168 2055 super
1207 1972 1605 2039 continuum.
1638 1973 1747 2035 sed
1781 1991 1892 2055 po-

401 2073 522 2134 tius
565 2075 660 2134 ex'
689 2079 914 2133 natura
957 2071 1256 2153 privativi
1298 2071 1364 2132 in
1408 2089 1535 2153 quo
1584 2071 1818 2133 desinit
1857 2091 1894 2133 a

399 2171 722 2233 continuo.
765 2169 1080 2232 Numerus
1120 2170 1316 2244 enim,
1358 2169 1711 2231 secundum
1754 2170 1894 2231 Phi-

399 2269 757 2351 losophum,
792 2285 916 2330 non
963 2267 1153 2330 habet
1190 2287 1329 2330 esse
1373 2285 1580 2349 neque
1623 2267 1892 2349 intelligi

395 2367 516 2430 nisi
566 2366 884 2428 divisione
931 2366 1217 2428 continui
1270 2383 1284 2427 :
1333 2374 1396 2428 et
1444 2366 1537 2428 sic
1586 2385 1892 2428 numerus

393 2466 744 2528 discretave
785 2464 1103 2545 quantitas
1144 2481 1270 2526 non
1311 2465 1483 2526 addit
1523 2484 1716 2547 super
1746 2483 1892 2528 con-

392 2565 644 2626 tinuum
695 2563 819 2626 nisi
870 2562 1182 2625 rationem
1235 2562 1587 2644 negationis
1640 2571 1748 2626 aut
1797 2585 1890 2626 re-

390 2671 646 2744 spectus
703 2660 979 2743 partium
1039 2661 1116 2722 ad
1179 2661 1476 2736 invicem,
1531 2681 1606 2724 ex
1655 2662 1890 2743 quibus

390 2760 580 2822 habet
625 2759 817 2822 aliam
868 2759 1180 2821 rationem
1236 2760 1644 2822 mensurandi
1696 2779 1886 2842 quam

390 2858 708 2940 quantitas
739 2857 1059 2921 continua.
1086 2857 1462 2939 Negationes
1492 2875 1642 2919 vero
1673 2865 1734 2920 et
1764 2859 1890 2940 pri-

387 2957 674 3020 vationes
737 2974 863 3019 non
929 2956 1166 3018 habent
1231 2957 1517 3038 proprias
1581 2957 1752 3018 ideas
1821 2957 1886 3018 in

2003 1973 2160 2047 vari,
2198 1973 2546 2055 pra-sertim
2589 1993 2788 2055 quum
2828 1993 2905 2035 ex
2936 1973 3149 2036 verbis
3187 1973 3387 2036 Boetii
3426 1973 3497 2034 li·

2003 2071 2118 2133 bro
2165 2072 2243 2132 de
2292 2071 2593 2134 Trinitate
2642 2071 2869 2134 habeat
2920 2071 3381 2146 auctoritatem,
3432 2080 3496 2132 et

2003 2169 2263 2252 quidam
2316 2170 2525 2252 magni
2568 2171 2855 2233 doctores
2895 2171 3013 2232 hoc
3062 2170 3303 2234 dicunt.
3338 2171 3493 2232 Item

2003 2269 2170 2349 quod
2213 2269 2388 2342 dicit,
2416 2269 2648 2331 formas
2687 2269 3057 2330 artificiales
3096 2286 3221 2331 non
3263 2269 3495 2350 impor-

2003 2374 2134 2429 tare
2165 2367 2288 2429 nisi
2322 2375 2680 2448 respectum
2713 2386 2824 2430 seu
2866 2367 3258 2440 relationem,
3291 2387 3491 2449 quum

2003 2474 2214 2528 tamen
2263 2473 2579 2547 ponantur
2626 2466 2691 2527 in
2738 2484 2969 2547 genere
3018 2465 3360 2548 qualitatis,
3417 2466 3493 2527 Et

2003 2583 2221 2626 rursus
2253 2564 2421 2646 quod
2452 2564 2696 2637 asserit,
2732 2583 2965 2645 genera
3000 2571 3063 2626 et
3094 2563 3491 2627 differentias

2000 2669 2191 2743 prout
2219 2662 2441 2724 dicunt
2472 2662 2707 2744 primas
2738 2663 3143 2736 intentioneS‚
3164 2663 3494 2726 individua

2000 2778 2254 2841 quoque
2285 2761 2521 2842 speciei
2556 2761 3053 2842 specialissimae,
3088 2763 3153 2824 in
3193 2763 3491 2845 praedica-

2001 2866 2216 2920 mento
2246 2858 2615 2921 substantiae
2644 2859 3119 2922 accidentaliter
3148 2879 3287 2922 esse
3323 2861 3491 2941 quod

1997 2963 2166 3030 sunt,
2201 2956 2353 3038 quia
2388 2975 2621 3038 genera
2658 2965 2717 3019 et
2749 2957 3129 3021 differentiae
3168 2967 3315 3021 sunt
3344 2977 3491 3041 ope-

387 3055 536 3131 De0,
591 3055 744 3139 quia
795 3073 922 3117 non
979 3063 1130 3117 sunt
1189 3062 1352 3117 nata)
1409 3055 1701 3137 cognosci
1763 3055 1886 3116 nisi
1922 3053 1964 3116 C
1997 3054 2239 3116 ratione
2278 3055 2659 3117 intellectus,
2693 3055 2847 3118 Nam
2890 3065 2953 3119 et
2993 3065 3217 3120 natura
3254 3058 3491 3140 speciei

389 3172 502 3237 per
548 3162 842 3217 naturam
892 3154 1185 3235 habitus;
1233 3162 1558 3237 respectus
1606 3172 1883 3237 quoque,

389 3262 457 3316 ut
504 3254 750 3315 dictum
801 3261 918 3327 est,
960 3253 1286 3335 propriam
1339 3270 1464 3315 non
1517 3252 1707 3314 habet
1758 3253 1887 3315 ide-

389 3371 508 3414 am.
573 3351 734 3413 Hine
801 3352 966 3425 dico,
1025 3352 1197 3435 quod
1263 3370 1568 3413 numerus
1631 3352 1886 3434 proprie

389 3450 596 3512 dictus
654 3449 980 3531 propriam
1031 3450 1236 3513 ideam
1291 3468 1416 3512 non
1479 3448 1716 3529 habet3'
1755 3450 1886 3512 imo

390 3568 504 3611 nec
535 3567 844 3610 numerus
883 3547 1168 3611 formalis
1208 3548 1491 3629 plurium
1527 3548 1885 3611 individuo-

389 3666 528 3709 rum
559 3646 680 3709 sub
713 3666 840 3708 una
869 3646 1082 3728 specie
1111 3646 1592 3727 specialissima,
1627 3654 1886 3729 propter

390 3745 664 3807 similem
715 3744 1024 3807 rationem
1075 3744 1338 3807 unitatis
1382 3744 1454 3806 in·
1499 3744 1702 3807 forma
1745 3765 1884 3827 spe-

391 3844 504 3907 ciei
549 3843 943 3924 hujusmodi,
986 3842 1106 3904 sub
1156 3862 1282 3924 qua
1325 3843 1656 3905 individua
1701 3844 1882 3926 quasi

392 3942 676 4023 quaedam
731 3941 1006 4003 unitates
1057 3940 1198 4003 talis
1247 3942 1501 4003 numeri
1557 3942 1882 4004 continen-

391 4048 508 4102 tur.
559 4040 878 4103 Numerus
927 4039 1186 4102 demum
1236 4038 1585 4102 'formarum
1635 4049 1698 4102 et
1747 4061 1886 4123 spe-

391 4140 630 4202 cierum
662 4137 1272 4219 specialissimarum
1304 4157 1430 4200 non
1471 4139 1662 4202 habet
1689 4140 1880 4201 etiam

1997 3154 2475 3234 specialissimae
2515 3174 2641 3217 non
2684 3155 2805 3217 nisi
2847 3157 3211 3238 operatione
3249 3166 3313 3219 et
3354 3158 3493 3221 abs-

1998 3252 2305 3315 tractione
2356 3254 2716 3317 intellectus
2763 3255 3077 3337 accipitur
3123 3276 3235 3319 seu
3284 3258 3489 3319 consi-

1997 3350 2146 3430 stit3
2200 3370 2315 3413 nee
2366 3352 2503 3433 ipsa
2564 3372 2679 3415 nec
2738 3354 3068 3417 individua
3124 3356 3365 3438 aliquid
3414 3357 3491 3419 de

1995 3442 2225 3529 genere
2265 3452 2611 3514 accidentis
2653 3452 2717 3514 in
2749 3472 2863 3514 sua
2903 3453 3145 3516 ratione
3176 3455 3274 3517 vel
3312 3455 3492 3518 intel-

1998 3547 2163 3608 lectu
2225 3547 2561 3612 includunt.
2613 3567 2627 3611 :
2678 3551 2915 3632 alioqui
2976 3570 3102 3613 non
3164 3562 3375 3615 essent
3423 3555 3488 3616 in

1997 3646 2487 3728 praedicamento
2516 3648 2903 3711 substantiae.
2932 3650 3187 3712 Certum
3218 3658 3314 3713 est
3342 3672 3491 3734 quo-

1994 3764 2142 3827 que,
2194 3745 2361 3827 quod
2417 3745 2599 3824 juxta
2648 3746 3057 3828 antiquorum
3108 3749 3483 3821 doctrinam,

1993 3862 2106 3905 ens
2162 3844 2329 3906 reale
2378 3852 2441 3905 et
2488 3852 2665 3905 extra
2716 3845 2993 3907 animam
3051 3846 3371 3910 dividatur
3420 3849 3485 3911 in

1993 3943 2214 4004 decem
2277 3943 2785 4024 praedicamenta,
2846 3953 2909 4007 et
2966 3946 3136 4027 quod
3198 3948 3487 4010 essentiae

1991 4041 2627 4123 praedicamentorum
2659 4050 2807 4105 sunt
2838 4043 3274 4126 impermixtae.
3296 4045 3488 4109 Multa

1993 4141 2094 4203 his
2135 4141 2497 4204 consimilia
2545 4143 2713 4204 circa
2754 4149 2817 4205 et.
2866 4151 3085 4206 contra
3134 4144 3266 4207 haec
3315 4147 3485 4228 tangi

389 4237 711 4320 propriam
779 4235 1008 4309 ideam,
1069 4254 1277 4317 neque
1339 4237 1544 4299 ideam
1609 4237 1882 4320 alicujus
1913 4238 1961 4299 D
1993 4248 2298 4322 possent:
2334 4241 2411 4302 de
2450 4241 2684 4322 quibus
2728 4242 3155 4324 prolixitatem
3200 4244 3487 4309 devitans

388 4336 746 4400 communis
796 4354 990 4417 super
1037 4334 1206 4417 ipsas
1260 4351 1274 4396 ε
1326 4336 1626 4417 quoniam
1677 4336 1883 4399 forma

387 4434 632 4515 generis
693 4451 819 4495 non
873 4432 1062 4494 habet
1115 4432 1440 4515 propriam
1489 4433 1720 4508 ideam,
1772 4436 1881 4497 sed

388 4534 588 4596 solum
621 4532 816 4595 habet
859 4532 1030 4595 ideas
1073 4539 1515 4595 contentorum
1561 4533 1681 4596 sub
1717 4534 1878 4616 ipso,

388 4632 532 4713 quia
574 4639 732 4714 quot
781 4638 932 4693 sunt
975 4631 1041 4693 in
1081 4648 1158 4693 eo
1201 4639 1264 4693 et
1308 4630 1428 4693 sub
1467 4649 1543 4693 eo
1584 4633 1877 4707 unitateS,

390 4738 602 4812 utpote
631 4729 882 4811 species
913 4728 1517 4811 specialissimae,tot
1547 4738 1696 4793 sunt
1725 4731 1880 4793 ideae

389 4828 451 4891 in
479 4829 630 4899 Deo,
665 4828 1233 4909 correspondentes
1265 4827 1420 4909 ipsis
1452 4828 1787 4909 speciebus
1817 4838 1880 4892 et

387 4944 650 4990 numero
701 4926 1091 4989 earumdem.
1127 4962 1206 4971 —
1243 4926 1389 4989 Haec
1437 4926 1764 4990 Henricus.
1799 4964 1880 4974 ——

383 5024 495 5099 Qui
526 5032 996 5105 consequenter
1036 5024 1236 5085 multa
1276 5024 1622 5086 conscribit
1652 5025 1730 5087 de
1763 5026 1880 5089 ista

385 5124 668 5197 materia,
724 5142 868 5203 quae
925 5140 1040 5184 suo
1089 5128 1388 5203 poterunt
1447 5122 1587 5185 loco
1637 5125 1807 5205 tangi
1861 5144 1874 5187 :

383 5240 612 5303 nempe
655 5228 722 5282 et
769 5219 876 5281 hic
924 5220 1094 5281 dicta
1137 5236 1252 5302 pro
1303 5239 1527 5301 magna
1577 5230 1753 5303 parte
1800 5225 1878 5286 ad

383 5326 722 5400 sequentes
751 5317 1074 5399 pertinent
1101 5318 1506 5400 quaestioneS,
1541 5320 1605 5381 in
1645 5321 1878 5402 quibus

1993 4346 2377 4421 pertranseo.

2079 4537 2171 4599 Ad
2222 4537 2504 4619 primum
2553 4554 2701 4618 ergo
2752 4538 2813 4599 in
2864 4539 3185 4622 principio
3233 4544 3485 4623 quaesti-

1989 4636 2128 4697 onis
2178 4634 2526 4715 objectum,
2566 4642 2661 4697 est
2704 4638 3214 4717 respondendum
3265 4660 3486 4704 secun-

1989 4735 2140 4795 dum
2192 4733 2641 4808 Alexandrum,
2684 4735 2851 4816 quod
2904 4735 2963 4797 S.
3008 4736 3345 4819 Dionysius
3390 4759 3484 4801 as-

1988 4832 2142 4893 serit
2201 4832 2401 4893 Deum
2460 4850 2586 4895 non
2646 4850 3025 4913 cognoscere
3083 4854 3197 4916 per
3250 4836 3477 4911 ideam,

1988 4930 2343 4991 secundum
2382 4930 2550 5011 quod
2580 4930 2751 4992 Plato
2790 4930 3065 5013 ponebat
3104 4932 3273 4995 ideas
3308 4941 3483 4997 extra

1989 5037 2269 5090 mentem
2302 5027 2581 5089 divinam
2616 5028 2681 5089 in
2714 5046 2779 5089 se
2813 5028 2967 5110 ipsis
3003 5029 3367 5093 subsistere.
3400 5068 3482 5078 —

1987 5126 2080 5187 Ad
2123 5126 2498 5198 secundum,
2530 5126 2698 5206 quod
2741 5125 2976 5187 malum
3020 5127 3223 5209 culpae
3254 5148 3479 5210 cogno-

1988 5225 2188 5286 scitur
2218 5242 2331 5306 per
2371 5221 2577 5284 ideam
2616 5223 2767 5285 boni
2806 5226 3127 5301 contrarii,
3162 5236 3349 5309 prout
3378 5230 3481 5292 de-

1989 5322 2128 5384 ficit
2155 5322 2235 5385 ab
2266 5321 2512 5397 eodem,
2542 5322 2707 5384 sicut
2738 5324 3096 5405 expositum
3129 5333 3243 5388 est.
3277 5364 3356 5373 —
3383 5328 3477 5393 Ad
