4359 6250
837 479 957 544 346

1463 501 1527 546 IN
1566 500 1790 546 Linum(
1831 500 1852 545 1
1893 497 2375 544 SENTENTMRUM.
2419 515 2502 524 —
2541 496 2695 542 DIST.
2739 497 2952 558 m113
2996 497 3220 551 QUAEST.
3267 498 3312 543 11

835 672 1205 734 conceditur
1234 672 1403 754 quod
1432 672 1610 734 Pater
1644 669 1859 732 omnia
1896 669 2067 731 dicat
2092 666 2323 742 Verbo,
2355 664 2406 727 A
2511 665 2906 731 concordant
2931 667 3195 730 omnino
3222 668 3442 730 Petrus
3470 674 3532 728 et
3557 666 3932 730 RicharduS.

834 769 1196 832 nullatenus
1236 778 1447 833 tamen
1490 769 1859 832 conceditur
1896 767 2067 850 quod
2109 767 2192 828 sit
2232 785 2326 828 sa-

832 867 1015 948 piens
1064 869 1375 951 sapientia
1430 869 1643 949 genita
1694 885 1707 929 :
1759 875 1823 929 et
1870 867 2011 940 hoc,
2067 873 2328 947 propter

830 967 1151 1030 diversum
1193 969 1452 1030 modum
1493 967 1896 1049 significandi
1932 967 1999 1028 in
2030 972 2320 1047 utroque.

826 1065 1105 1127 Verbum
1146 1067 1319 1128 enim
1360 1066 1681 1147 significat
1726 1084 1839 1146 per
1880 1065 2139 1127 modum
2180 1081 2326 1145 ope-

828 1164 1111 1238 rationiS,
1145 1184 1285 1247 quae
1326 1165 1693 1227 denominat
1731 1164 1891 1225 illud
1920 1183 1957 1225 a
1985 1181 2113 1244 quo
2150 1181 2325 1243 egre-

827 1263 1019 1336 ditur,
1074 1270 1291 1345 utpote
1349 1271 1716 1344 operantem
1769 1280 1783 1323 :
1837 1270 2094 1345 propter
2153 1260 2322 1341 quod

827 1362 1007 1423 Pater
1055 1363 1503 1424 denominatur
1550 1362 1769 1424 dicens
1818 1360 2024 1423 Verbo
2082 1358 2319 1440 genit0,

828 1461 1365 1540 quemadmodum
1408 1479 1627 1522 amans
1669 1477 1883 1522 amore
1926 1459 2181 1541 spirato.
2220 1458 2322 1519 Sa-

830 1557 1070 1638 pientia
1101 1576 1250 1621 vero
1294 1558 1694 1639 significatur
1736 1576 1849 1640 per
1893 1557 2152 1620 modum
2197 1555 2322 1618 for·

832 1675 949 1718 mae
996 1675 1107 1718 seu
1158 1657 1412 1719 habitus
1461 1657 1849 1740 quiescentis
1899 1657 1965 1718 in
2012 1673 2087 1717 eo
2136 1655 2322 1735 cujus

826 1761 921 1817 est
955 1774 969 1818 :
1006 1755 1148 1818 ideo
1177 1756 1394 1818 nullus
1424 1755 1871 1818 denominatur
1910 1754 2163 1836 sapiens
2195 1753 2318 1814 nisi

2515 764 2812 828 Albertus
2852 766 3112 827 demum
3153 764 3260 828 hic
3288 765 3374 827 ait
3408 784 3423 828 :
3456 764 3634 828 Sicut
3673 783 3800 827 non
3833 773 3938 826 est

2437 864 2938 937 concedendum,
2973 865 3142 945 quod
3187 864 3366 926 Pater
3403 871 3498 926 est
3538 863 3791 945 sapiens
3832 882 3936 926 sa-

2436 963 2680 1046 pientia
2721 963 2957 1043 genita,
3001 963 3090 1024 ita
3133 980 3251 1024 nec
3297 963 3437 1036 ista,
3480 963 3658 1024 Pater
3701 970 3797 1024 est
3835 980 3938 1023 sa-

2435 1061 2618 1143 piens
2659 1061 2726 1124 in
2767 1061 3079 1143 sapientia
3115 1061 3348 1142 genita,
3381 1061 3534 1143 quia
3571 1059 3940 1123 insinuatur

2436 1179 2548 1242 per
2596 1159 2969 1232 ablativum,
3003 1160 3173 1241 quod
3214 1161 3393 1222 Pater
3441 1160 3749 1222 rationem
3799 1178 3938 1222 suae

2433 1258 2761 1342 sapientiae
2793 1258 3019 1321 habeat
3047 1278 3085 1320 a
3114 1258 3274 1320 Filio
3303 1259 3404 1321 vel
3437 1259 3502 1320 in
3534 1258 3694 1320 Filio
3726 1278 3740 1321 :
3773 1276 3936 1340 quo-

2435 1377 2576 1418 rum
2638 1356 2887 1418 nullum
2937 1363 3034 1418 est
3079 1376 3327 1431 verum,
3380 1358 3684 1439 quoniam
3742 1357 3808 1418 in
3861 1376 3936 1419 se

2434 1456 2574 1539 ipso
2611 1463 2707 1518 est
2747 1457 3019 1538 sapiens.
3056 1457 3289 1519 Eadem
3334 1456 3576 1519 ratione
3615 1474 3742 1519 non
3782 1475 3936 1518 con-

2432 1555 2746 1616 ceduntur
2775 1554 2932 1628 istie,
2966 1556 3146 1617 Pater
3183 1555 3348 1636 sapit
3379 1555 3560 1630 Filio,
3593 1555 3717 1628 vel,
3751 1555 3934 1636 Sapit

2430 1673 2468 1716 a
2505 1654 2686 1728 Filio,
2719 1654 2843 1727 vel,
2883 1653 3061 1734 Sapit
3101 1672 3216 1734 per
3258 1654 3511 1716 Filium.
3547 1653 3936 1716 Conceditur

2431 1759 2644 1813 tamen
2673 1752 2842 1833 quod
2883 1751 3060 1814 novit
3090 1752 3156 1813 in
3193 1751 3374 1826 Filio,
3407 1760 3471 1814 et
3500 1751 3722 1814 scitae
3753 1753 3934 1815 videt

823 1853 905 1914 ab
944 1871 1021 1916 eo
1064 1855 1232 1936 quod
1272 1861 1367 1916 est
1413 1853 1476 1915 in
1526 1854 1685 1936 ipso,
1719 1871 1845 1915 non
1890 1871 2004 1933 per
2040 1851 2104 1913 id
2147 1852 2319 1933 quod
2358 1851 2403 1913 B
2432 1857 2662 1912 cuncta
2700 1849 2766 1911 in
2807 1849 2984 1912 Filio.
3021 1851 3196 1912 Unde
3234 1850 3482 1931 antiqui
3514 1850 3802 1913 doctores
3841 1850 3931 1912 is-

824 1960 921 2014 est
962 1960 1071 2015 aut
1116 1959 1327 2015 manat
1363 1952 1443 2014 ab
1480 1971 1574 2015 eo.
1618 1951 1937 2033 Quidquid
1978 1957 2190 2012 autem
2237 1951 2317 2012 si-

822 2051 1167 2132 gnificatur
1195 2069 1333 2113 esse
1376 2052 1441 2112 in
1480 2051 1697 2132 aliquo
1737 2069 1850 2132 per
1894 2050 2153 2112 modum
2191 2048 2318 2112 for-

826 2169 944 2212 mae
987 2150 1088 2212 vel
1132 2149 1565 2212 substantialis
1610 2148 1712 2210 vel
1759 2146 2192 2220 accidentalis,
2236 2147 2317 2208 si-

822 2248 1166 2330 gnificatur
1196 2256 1267 2309 ut
1297 2248 1687 2330 principium
1716 2245 1991 2327 alicujus
2023 2247 2091 2308 in
2123 2245 2265 2328 ipso
2299 2264 2312 2308 :

822 2348 1123 2431 quoniam
1156 2346 1359 2410 forma
1389 2348 1495 2409 dat
1523 2365 1684 2421 esse,
1704 2353 1765 2408 et
1795 2353 1892 2408 est
1924 2344 2315 2426 principium

822 2447 1206 2528 operationis
1260 2446 1326 2506 in
1376 2463 1453 2508 eo
1502 2445 1567 2506 in
1621 2463 1749 2526 quo
1794 2451 1909 2506 est.
1960 2443 2157 2505 Filius
2211 2461 2315 2505 ve-

820 2563 893 2608 ro
926 2553 1217 2627 respectu
1257 2545 1453 2607 Patris
1494 2544 1738 2606 nullam
1780 2543 1971 2605 habet
2004 2542 2313 2605 rationem

821 2643 1122 2726 principii
1158 2661 1172 2706 ε
1209 2643 1350 2705 ideo
1380 2643 1557 2705 Pater
1587 2661 1713 2705 non
1744 2649 1837 2704 est
1870 2641 2123 2723 sapiens
2154 2641 2315 2702 Filio
2345 2707 2364 2719 ,

817 2749 927 2805 aut
973 2741 1287 2823 sapientia
1342 2741 1574 2822 genita.
1627 2740 1912 2822 Denique
1970 2739 2313 2820 dupliciter

817 2840 1052 2903 dicitur
1110 2840 1343 2921 aliquis
1390 2839 1608 2901 videre
1658 2846 1767 2900 aut
1816 2855 2194 2918 cognoscere
2245 2837 2310 2899 in

816 2938 959 3000 alio,
994 2938 1227 3012 Prim0,
1261 2938 1427 2999 sicut
1466 2937 1531 2998 in
1572 2954 1698 3018 quo
1739 2935 1973 3017 accipit
2012 2935 2314 3015 cognitio·

2430 1948 2556 2010 tius
2602 1947 2768 2011 villae
2811 1949 2996 2030 (puta
3043 1947 3346 2029 Parisius)
3387 1949 3706 2022 dixerunt,
3753 1950 3928 2031 quod

2429 2066 2628 2129 quum
2675 2047 2930 2121 dicitur,
2965 2047 3142 2108 Pater
3181 2047 3399 2109 omnia
3441 2047 3620 2109 novit
3657 2047 3724 2108 in
3765 2046 3930 2110 Filio

2429 2164 2540 2207 seu
2573 2145 2639 2207 in
2669 2145 2898 2219 Verb0,
2932 2145 3380 2208 determinatio
3420 2145 3560 2219 ista,
3596 2145 3660 2207 in
3691 2145 3924 2218 Verb0,

2429 2250 2636 2325 potest
2679 2242 2902 2306 referri
2946 2244 3024 2305 ad
3070 2243 3339 2305 verbum
3389 2243 3531 2318 hoc,
3573 2244 3770 2318 novit,
3811 2252 3928 2307 aut

2427 2341 2569 2415 scit,
2603 2360 2680 2402 ex
2721 2349 2900 2422 parte
2937 2341 3220 2414 scientiS,
3252 2348 3316 2403 et
3350 2340 3437 2403 ita
3467 2349 3564 2403 est
3597 2340 3787 2420 falsa3
3817 2343 3926 2404 vel

2426 2459 2503 2501 ex
2545 2448 2722 2522 parte
2752 2457 2972 2502 eorum
3005 2440 3084 2501 de
3113 2439 3349 2522 quibus
3387 2447 3592 2502 exstat
3631 2440 3924 2514 scientia,

2426 2557 2568 2620 quae
2627 2545 2776 2600 sunt
2835 2537 3100 2600 materia
3154 2546 3334 2600 actus
3389 2537 3594 2611 verbi,
3655 2537 3720 2600 in
3777 2558 3926 2620 quae

2427 2637 2650 2699 transit
2700 2656 2714 2700 t
2768 2644 2830 2699 et
2880 2637 2967 2698 ita
3013 2643 3112 2698 est
3157 2655 3328 2710 vera,
3369 2637 3674 2719 quoniam
3723 2636 3926 2699 Filius

2425 2734 2816 2816 principium
2863 2741 2958 2796 est
3006 2734 3336 2808 scitorum]
3379 2751 3506 2796 non
3555 2735 3754 2798 Patris
3801 2735 3926 2797 sci-

2423 2833 2609 2895 entiS.

2501 2932 2690 2994 Porro
2720 2931 2772 2992 si
2816 2939 3154 3012 quaeratur,
3187 2951 3267 2993 an
3308 2933 3487 2994 Pater
3527 2932 3704 2994 novit
3741 2951 3810 2995 se
3851 2932 3922 2994 in

818 3055 964 3098 nem
1000 3056 1015 3100 ε
1050 3035 1216 3097 sicut
1252 3035 1607 3116 discipulus
1650 3035 1713 3096 in
1757 3033 1953 3096 verbo
1998 3033 2304 3114 magistri.
2348 3032 2392 3096 C
2421 3030 2628 3093 Verbo
2676 3037 2784 3092 aut
2822 3030 3018 3109 Filio;
3060 3031 3314 3093 videtur
3362 3031 3532 3111 quod
3581 3030 3675 3093 sic
3713 3051 3728 3094 :
3765 3033 3924 3113 quia

796 3135 893 3209 ,Et
926 3136 1010 3198 ita
1041 3136 1221 3198 Pater
1258 3153 1377 3196 nec
1416 3134 1594 3197 novit
1621 3152 1739 3196 nec
1770 3134 1944 3197 videt
1975 3138 2204 3194 cuncta
2243 3133 2308 3194 in

818 3234 993 3296 Filio.
1030 3233 1341 3305 Secundo,
1376 3233 1539 3294 sicut
1569 3234 1633 3294 in
1666 3249 1793 3313 quo
1824 3250 1958 3293 rem
1990 3231 2306 3311 cognitam

816 3333 1099 3393 intuetur
1127 3339 1234 3393 aut
1266 3337 1774 3413 repraesentatam
1808 3330 2120 3411 conspicit
2149 3348 2162 3393 :
2199 3330 2311 3391 sic·

813 3438 885 3492 ut
927 3428 1275 3493 aedificator
1313 3429 1487 3491 videt
1534 3435 1733 3490 artem
1784 3447 1963 3490 suam
2010 3427 2075 3489 in
2119 3427 2308 3490 domo

814 3548 1004 3611 quam
1052 3527 1397 3609 prudenter
1436 3525 1809 3599 construxit,
1844 3532 1908 3587 et
1951 3524 2118 3587 sicut
2160 3526 2306 3607 quis

812 3627 984 3689 videt
1030 3627 1094 3688 in
1139 3626 1454 3707 scriptura
1497 3625 1645 3686 libri
1683 3624 1853 3705 quod
1892 3624 2028 3685 scit.
2074 3624 2305 3704 Sicque

810 3727 988 3788 Pater
1036 3732 1265 3787 cuncta
1312 3725 1485 3785 videt
1532 3724 1598 3785 in
1647 3722 1826 3795 Filio,
1882 3722 1947 3783 in
1996 3740 2123 3805 quo
2170 3740 2305 3784 om-

2422 3130 2488 3192 in
2539 3148 2614 3192 eo
2663 3130 2831 3210 quod
2881 3137 2978 3191 est
3024 3129 3568 3193 manifestativum
3615 3130 3916 3211 alicujuS,

2420 3229 2704 3291 noscitur
2763 3228 2825 3289 id
2879 3228 3047 3310 quod
3109 3228 3551 3290 manifestatur
3608 3229 3674 3290 in
3733 3229 3844 3292 illo
3896 3250 3914 3293 :

2419 3328 2528 3389 sed
2573 3326 2850 3389 Verbum
2894 3333 3203 3389 aeternum
3246 3335 3341 3389 est
3383 3328 3664 3409 perfecte
3715 3327 3916 3390 mani-

2418 3424 2783 3487 festativum
2842 3425 3041 3487 Patris
3099 3425 3389 3487 dicentis.
3452 3461 3535 3472 —
3587 3426 3684 3489 Ad
3741 3430 3915 3509 quod

2419 3531 2574 3606 puto
2613 3523 2976 3597 dicendum,
3012 3523 3186 3585 illam
3228 3541 3352 3585 non
3393 3543 3532 3588 esse
3571 3527 3917 3589 conceden-

2417 3621 2583 3683 dam.
2620 3620 2816 3682 Filius
2846 3620 3018 3683 enim
3061 3638 3188 3683 non
3229 3629 3436 3702 potest
3463 3641 3602 3685 esse
3641 3624 3804 3687 ratio
3839 3633 3916 3687 ut

2416 3720 2593 3781 Pater
2625 3725 2980 3799 cognoscat,
3005 3718 3300 3799 quamvis
3331 3719 3415 3780 sit
3443 3720 3604 3783 ratio
3634 3728 3704 3783 ut
3732 3722 3914 3785 Pater

811 3824 991 3885 nium
1038 3840 1248 3884 rerum
1296 3820 1569 3882 rationes
1612 3818 2038 3901 resplendent.
2074 3854 2151 3864 —
2183 3819 2303 3881 Sed
2417 3823 2832 3897 cognoscatur
2889 3815 2969 3877 ab
3025 3816 3263 3898 aliquo,
3325 3819 3678 3881 secundum
3736 3822 3910 3902 quod

811 3921 1007 4003 quaeri
1050 3927 1279 4003 potest,
1322 3939 1401 3981 an
1449 3919 1629 3980 Pater
1672 3936 1738 3979 se
1781 3918 1993 4000 ipsum
2038 3917 2103 3978 in
2145 3917 2302 3979 Filio
2413 3914 2502 3977 ait
2545 3934 2559 3978 z
2601 3915 2800 3986 Pater,
2844 3914 3243 3977 manifestavi
3295 3934 3526 3979 nomen
3573 3925 3752 3980 tuum
3796 3920 3910 3982 ho-
3937 3945 4290 4003 amana,

809 4020 1041 4093 videat,
1074 4039 1155 4081 an
1186 4019 1379 4081 etiam
1411 4016 1622 4080 videat
1652 4035 1718 4078 se
1747 4016 1927 4077 Pater
1966 4016 2031 4077 in
2063 4024 2303 4077 creatu·
2416 4012 2717 4075 minibus,
2774 4012 2850 4074 Et
2896 4032 3011 4094 per
3067 4013 3188 4075 hoc
3247 4014 3516 4076 solvitur
3573 4034 3911 4097 argumen-
3939 4012 3991 4053 ⁶·

808 4118 917 4180 ris.
955 4118 1047 4179 Ad
1095 4118 1215 4179 hoc
1262 4116 1459 4197 aliqui
1506 4115 1747 4188 dicunt,
1790 4115 1959 4197 quod
2009 4114 2302 4195 quamvis
2414 4120 2574 4185 tum,
2626 4111 2930 4194 quoniam
2979 4111 3176 4173 Filius
3226 4130 3352 4174 non
3403 4112 3497 4175 sic
3547 4115 3915 4178 manifestat

808 4218 986 4279 Pater
1024 4216 1089 4277 in
1124 4214 1332 4276 Verbo
1371 4230 1487 4275 suo
1528 4219 1763 4275 aeterno
1803 4212 2013 4274 videat
2058 4220 2300 4274 creatu·
2335 4215 2384 4276 D
2414 4216 2484 4271 ut
2533 4210 2638 4271 det
2686 4209 2849 4271 Patri
2899 4208 3213 4283 notitiam,
3256 4211 3366 4272 sed
3418 4211 3630 4292 potius
3673 4213 3910 4295 accipi-

810 4333 965 4386 ram‚
985 4332 1111 4374 non
1143 4318 1355 4374 tamen
1387 4330 1453 4373 se
1486 4310 1717 4392 ipsum.
1741 4310 1860 4373 Sed
1891 4330 2092 4391 quum
2121 4311 2302 4373 Pater

811 4409 1275 4493 perfectissime
1315 4415 1803 4489 repraesentetur
1840 4415 2029 4488 atque
2060 4407 2302 4469 reluce-

808 4516 873 4571 at
923 4508 986 4570 in
1047 4506 1206 4569 Filio
1254 4524 1390 4579 sue,
1444 4513 1743 4587 tanquam
1805 4506 1869 4567 in
1920 4506 2192 4567 naturali
2240 4514 2304 4567 et

811 4606 1093 4689 perfecta
1142 4604 1415 4686 imagine
1457 4612 1521 4666 et
1570 4603 1636 4665 in
1686 4622 1817 4665 suae
1864 4603 2125 4685 speculo
2173 4622 2302 4665 ma-

806 4704 1076 4787 jestatiS,
1111 4720 1237 4765 non
1268 4702 1455 4765 video
1485 4720 1741 4762 causam
1778 4719 1893 4762 cur
1932 4718 2057 4762 non
2089 4702 2302 4783 potius

808 4804 1021 4865 videat
1077 4820 1145 4864 se
1204 4801 1417 4882 ipsum
1476 4799 1543 4860 in
1604 4798 1762 4861 Filio
1818 4817 2011 4879 quam
2070 4805 2296 4861 creata.

809 4900 969 4963 Hine
1010 4916 1263 4981 quoque
1305 4895 1761 4958 inconveniens
1802 4913 1929 4957 non
1972 4903 2167 4958 estut
2196 4896 2301 4958 Pa-

809 5007 906 5061 ter
956 4998 1144 5060 modo
1202 4994 1505 5077 praedicto
1554 4993 1803 5054 dicatur
1851 5012 1917 5055 se
1968 4992 2184 5055 videre
2237 4993 2302 5055 in

812 5096 1137 5169 creaturis,
1173 5094 1239 5155 in
1270 5100 1581 5174 quantum
1613 5091 1680 5153 in
1711 5091 1867 5172 ipsis
1900 5110 2013 5173 per
2043 5093 2303 5154 modum

817 5194 1111 5276 imaginis
1157 5198 1267 5255 aut
1306 5189 1559 5271 vestigii
1613 5198 2116 5271 repraesentatur.
2161 5190 2305 5253 Haec

815 5293 1085 5356 Thomas
1127 5291 1196 5352 in
1234 5289 1501 5372 Scripto.

2412 4310 2577 4371 endo
2615 4327 2653 4369 a
2694 4308 2872 4369 Patre
2915 4314 2986 4368 ut
3032 4307 3178 4369 aliis
3229 4308 3612 4373 manifestet.
3643 4348 3726 4357 —
3763 4313 3910 4375 Haec

2411 4405 2726 4468 Albertus.

2491 4505 2724 4566 Verum
2767 4503 2833 4564 in
2873 4504 2992 4565 hoc
3023 4504 3276 4567 videtur
3313 4513 3613 4586 praetacta
3648 4525 3910 4589 respon·

2412 4602 2507 4664 sio
2537 4602 2794 4664 Thomae
2823 4601 3034 4665 verior
3063 4620 3222 4675 esse,
3257 4622 3398 4686 quse
3435 4603 3525 4666 ait
3553 4606 3722 4685 quod
3762 4624 3909 4687 pro-

2414 4698 2646 4780 positio
2693 4698 2813 4759 ista
2855 4698 2938 4759 sit
2980 4717 3151 4773 vera,
3184 4699 3364 4761 Pater
3409 4702 3586 4764 novit
3627 4711 3691 4764 et
3733 4703 3910 4767 videt

2413 4804 2476 4859 et
2524 4797 2645 4858 scit
2701 4814 2768 4857 se
2828 4796 2894 4857 in
2944 4796 3172 4871 Verbo,
3225 4798 3390 4859 sicut
3449 4818 3620 4862 nunc
3678 4802 3906 4883 patuit.

2411 4894 2652 4975 Nempe
2703 4893 2756 4955 si
2806 4894 2949 4956 ideo
2993 4913 3143 4956 vera
3189 4912 3314 4957 non
3363 4905 3552 4970 esset,
3603 4900 3910 4980 quoniam

2414 4992 2612 5054 Filius
2655 5010 2782 5055 non
2826 5000 2922 5054 est
2965 4994 3128 5055 Patri
3173 4994 3332 5056 ratio
3373 4999 3796 5076 cognoscendi
3839 5020 3914 5063 se

2414 5091 2649 5173 ipsum,
2693 5109 2810 5153 nec
2855 5110 3078 5153 verum
3122 5100 3309 5166 esset,
3343 5094 3521 5157 Pater
3561 5096 3732 5158 videt
3773 5116 3914 5161 om·

2417 5189 2543 5263 nia,
2597 5197 2750 5270 puta
2799 5196 3029 5263 creata,
3081 5189 3146 5251 in
3197 5191 3356 5254 Filio
3401 5200 3467 5255 et
3515 5192 3582 5255 in
3627 5194 3840 5259 Verbo
3895 5218 3912 5263 ε

2421 5287 2726 5369 quoniam
2763 5286 2960 5349 Filius
3001 5304 3128 5350 non
3159 5296 3254 5351 est
3284 5289 3448 5352 Patri
3487 5290 3648 5356 ratio
3685 5311 3920 5377 cogno-
