4359 6250
1427 501 1628 554 uranx
1670 500 1964 554 permina
2009 506 2110 555 nm
2151 509 2244 556 srr
2288 503 2555 559 mmmm
3424 481 3547 558 579

439 675 868 756 perfectiones
925 677 990 739 in
1048 695 1116 738 se
1174 676 1460 738 includit.
1525 679 1666 740 Haec
1725 687 1938 741 autem
1969 681 2020 742 A
2051 681 2132 742 do
2169 700 2245 744 ea
2282 701 2425 764 quae
2464 700 2590 744 non
2630 691 2779 745 sunt
2817 691 3117 765 tanquam
3152 682 3300 758 sint,
3334 683 3417 745 sit
3451 683 3545 744 in·
3570 701 3834 754 Romamn.

435 773 600 835 ratio
630 792 760 836 non
792 775 1115 837 concludit
1147 795 1161 838 ε
1198 776 1347 857 quia
1378 795 1578 857 quum
1609 795 1842 856 genera
1876 785 1940 840 et

432 872 684 952 speeies
735 873 981 934 entium
1025 873 1152 934 sint
1195 872 1394 936 finitae
1445 873 1833 955 perfectione
1876 882 1940 936 et

429 987 726 1042 numero,
753 987 830 1030 ex
861 971 980 1032 hoe
1010 971 1181 1052 quod
1212 971 1428 1033 divina
1461 972 1741 1052 potentia
1771 979 1938 1034 tran·

429 1067 682 1128 scendit
719 1068 936 1129 omnia
974 1066 1104 1142 illa,
1147 1087 1274 1131 non
1316 1068 1606 1150 sequitur
1644 1071 1811 1151 quod
1857 1070 1937 1131 sit

429 1164 712 1238 infinita,
745 1166 855 1228 sed
895 1167 1064 1247 quod
1099 1167 1183 1228 sit
1215 1167 1418 1247 major
1446 1167 1746 1229 omnibus
1787 1168 1933 1229 illis.

513 1261 606 1324 Ad
667 1263 838 1345 quod
894 1265 1060 1338 dico,
1112 1265 1282 1346 quod
1342 1266 1502 1327 ratio
1562 1265 1692 1339 illa,
1745 1285 1937 1347 quam

431 1360 808 1433 Alexander,
849 1362 1142 1436 ThomaS‚
1184 1362 1504 1436 Alber‘tuS,
1547 1365 1939 1426 Bonaventu-

433 1477 526 1530 ra,
586 1458 918 1532 HenricuS,
981 1460 1222 1535 Petrus,
1282 1461 1655 1535 RicharduS,
1711 1470 1774 1523 et
1831 1462 1938 1524 alii

435 1557 626 1617 multi
660 1556 992 1631 inducunt,
1019 1557 1420 1621 sufficienter
1451 1561 1713 1622 omnino
1744 1569 1805 1622 et
1835 1579 1942 1621 ne-

433 1654 710 1716 cessarie
753 1655 979 1736 prohat
1019 1659 1442 1738 propositum,
1489 1659 1840 1739 praesertim
1886 1659 1939 1720 si

435 1753 682 1834 integre
741 1763 1131 1836 proponatur
1187 1763 1250 1817 et
1299 1764 1468 1818 recte
1530 1756 1934 1836 intelligatur.

2048 777 2251 842 finitae
2296 781 2612 861 potentiae,
2648 782 2814 863 quod
2859 781 2976 844 soli
3015 780 3543 863 superbenedicto

2048 895 2120 937 ac
2152 879 2870 959 superpraestantissimo
2901 879 3199 942 convenit
3227 880 3355 941 Deo
3382 897 3397 942 z
3432 899 3546 941 un·

2049 974 2127 1035 de
2159 982 2405 1037 constat
2434 977 2600 1057 quod
2644 975 2899 1038 infinita
2938 977 3020 1038 sit
3059 977 3200 1057 ejus
3238 977 3539 1058 potentia.

2129 1073 2395 1154 Insuper
2424 1073 2580 1135 dicit
2609 1074 3149 1155 DuranduS,quod
3178 1075 3547 1138 Aristoteles

2049 1178 2271 1232 octavo
2309 1171 2716 1253 physicorum
2761 1172 2988 1254 probat
3033 1174 3231 1234 Deum
3276 1191 3415 1235 esse
3458 1173 3551 1234 in-

2049 1266 2251 1332 finitae
2283 1269 2580 1350 potentiae
2610 1289 2722 1332 seu
2755 1269 3032 1344 virtutis,
3065 1270 3363 1351 quoniam
3397 1278 3553 1332 tem·

2050 1385 2203 1448 pore
2253 1365 2509 1429 infinito
2558 1375 2773 1430 movet
2818 1366 3076 1440 coelnm,
3127 1375 3191 1428 et
3239 1367 3551 1429 infinities

2051 1463 2501 1527 circumvolvit
2566 1465 2744 1528 illud.
2815 1467 2891 1527 Et
2953 1466 3127 1528 addit
3191 1466 3548 1540 DuranduS,

2053 1562 2221 1642 quod
2263 1562 2421 1624 ratio
2464 1562 2573 1625 illa
2616 1562 2707 1624 nil
2754 1564 2940 1636 valet,
2977 1582 3177 1644 quum
3223 1570 3285 1625 et.
3324 1561 3555 1624 intelli-

2051 1661 2265 1741 gentia
2320 1679 2582 1722 movens
2631 1661 2849 1723 orbem
2916 1661 3308 1734 inferiorem,
3359 1661 3551 1723 etiam

2056 1756 2313 1819 infinito
2344 1765 2629 1839 tempore
2671 1766 2921 1821 moveat
2957 1757 3163 1831 illum,
3199 1758 3552 1820 secundum

433 1851 646 1924 Quum
677 1852 850 1913 enim
885 1852 1176 1915 ultimata
1205 1854 1616 1915 constitutiva
1646 1853 1942 1917 differen-
1979 1853 2026 1915 B
2055 1855 2533 1937 Philosophum,
2568 1874 2695 1918 non
2740 1863 2951 1918 tamen
2997 1857 3077 1919 ob
3122 1855 3242 1919 hoc
3286 1854 3556 1918 infinitae

433 1948 524 2009 tia
571 1949 902 2012 contrahat
947 1958 1138 2033 atque
1187 1951 1566 2014 determinet
1613 1971 1814 2032 genus
1862 1953 1940 2014 ad

435 2054 686 2108 certum
747 2048 1039 2128 gradum,
1099 2049 1389 2111 ordinem
1454 2057 1516 2111 et
1577 2068 1940 2113 mensuram

434 2143 873 2226 perfectioniS,
893 2146 956 2208 id
989 2147 1066 2208 de
1097 2147 1472 2209 necessitate
1505 2148 1601 2209 inf
1605 2148 1776 2212 initae
1808 2167 1946 2230 per-

435 2243 738 2306 fectionis
770 2244 1082 2319 consistit,
1107 2245 1295 2325 cujus
1329 2253 1554 2308 natura
1582 2247 1659 2308 ad
1693 2246 1943 2309 nullum

435 2341 733 2421 gradum,
793 2343 1084 2405 ordinem
1142 2351 1251 2405 aut
1308 2363 1674 2406 mensuram
1739 2345 1946 2426 perfe-

437 2439 672 2500 ctionis
723 2447 1004 2502 arctatur
1052 2448 1161 2503 aut
1209 2441 1521 2503 limitatur
1573 2459 1586 2502 ε
1641 2442 1944 2523 quoniam

439 2537 506 2598 in
551 2555 620 2599 se
665 2545 952 2620 separate
1001 2538 1753 2622 incommiscibiliterque
1804 2538 1950 2602 sub-

439 2635 634 2709 sistit,
685 2643 990 2718 tanquam
1041 2657 1154 2700 ens
1203 2636 1769 2720 imparticipatum,
1822 2657 1948 2701 non

441 2742 801 2816 receptum,
835 2744 898 2797 et
926 2735 1214 2798 absolute
1246 2735 1623 2818 perfectum.
1649 2736 1774 2799 Nee
1810 2737 1950 2798 ideo

441 2833 712 2914 praeeise
741 2833 978 2894 dicitur
1007 2833 1363 2907 infinitum,
1398 2835 1549 2915 quia
1577 2835 1824 2896 excedit
1859 2834 1950 2896 in-

441 2931 776 3013 cluditque
826 2931 1043 2994 omnia
1090 2932 1200 2993 illa
1248 2932 1454 3003 finita,
1497 2933 1606 2994 sed
1651 2933 1802 3013 quia
1848 2953 1950 2995 su-

2056 1960 2352 2015 censetur
2380 1954 2653 2016 virtutis.
2686 1955 2806 2016 Sed
2838 1973 3167 2016 summum
3200 1953 3383 2015 illum
3416 1953 3557 2034 phi-

2056 2051 2393 2132 losophum
2447 2053 2533 2114 ita
2582 2060 2867 2126 tractare,
2918 2071 3045 2114 non
3093 2051 3346 2114 videtur
3394 2050 3557 2112 bene

2056 2167 2317 2227 sonare3
2360 2169 2475 2212 nec
2517 2158 2613 2212 est
2649 2149 2999 2212 verisimile
3041 2149 3211 2232 quod
3249 2156 3377 2211 tam
3419 2166 3560 2230 pro-

2056 2247 2241 2310 fundi
2278 2247 2517 2328 ingenii
2559 2247 2977 2330 philosophus
3010 2256 3137 2310 tam
3178 2245 3561 2328 simpliciter

2056 2343 2485 2424 argumentari
2550 2344 2913 2418 intenderit,
2980 2345 3088 2406 sed
3152 2343 3305 2425 quid
3365 2343 3557 2404 altius

2059 2443 2468 2523 praetendisse
2512 2440 2781 2504 videtur.

2139 2540 2297 2602 Hinc
2340 2540 2509 2601 circa
2555 2541 2675 2602 hoc
2718 2538 2943 2602 scribit
2983 2539 3290 2620 AEgidius,
3333 2557 3557 2602 verum

2060 2657 2198 2700 esse
2237 2639 2406 2719 quod
2450 2637 2608 2700 ratio
2646 2637 2757 2700 illa
2797 2637 3159 2720 Philosophi
3204 2637 3557 2700 secundum

2063 2737 2231 2816 quod
2279 2734 2621 2817 superficie
2666 2743 2850 2797 tenus
2894 2743 3093 2810 sonat,
3136 2753 3263 2799 non
3305 2734 3563 2798 convin-

2061 2834 2169 2907 cit,
2236 2853 2434 2914 quum
2499 2834 2850 2896 secundum
2913 2834 3212 2896 eumdem
3278 2832 3559 2915 philosor

2064 2933 2288 3015 phum,
2324 2932 2417 2994 sol
2463 2938 2745 3014 tempore
2789 2930 3045 2994 infinito
3086 2940 3247 3012 agat,
3289 2937 3558 3003 moveat,

441 3029 920 3110 pereminenter
958 3038 1023 3092 et
1060 3030 1643 3112 incomparabiliter
1681 3049 1756 3092 ea
1790 3038 1951 3092 tran·
1989 3028 2032 3091 C
2063 3031 2285 3093 alteret
2315 3030 2435 3093 ista
2465 3029 2787 3104 inferiora,
2822 3049 2949 3092 non
2983 3038 3193 3092 tamen
3224 3037 3319 3092 est
3350 3029 3564 3091 infini-

439 3129 694 3192 scendit
734 3137 926 3211 atque
968 3130 1259 3204 includit,
1297 3138 1597 3211 tanquam
1644 3149 1845 3211 purus
1888 3137 1950 3192 et

441 3226 970 3309 simplicissimus
1014 3235 1192 3290 actus
1237 3247 1251 3291 ε
1295 3228 1832 3309 quemadmodum
1873 3247 1950 3290 ex

443 3326 565 3389 hoc
612 3326 786 3407 quod
831 3325 1252 3407 intelligentia
1293 3324 1485 3388 etiam
1533 3345 1789 3388 summa
1839 3325 1950 3388 ali-

444 3424 602 3505 quid
637 3424 1120 3505 potentialitatis
1155 3423 1345 3485 habet
1374 3424 1752 3497 admixtum,
1786 3424 1952 3485 Deus

445 3540 600 3584 vero
631 3520 794 3583 nihil
829 3521 1310 3603 potentialitatis
1349 3520 1706 3583 admixtum
1739 3521 1949 3593 habet,

447 3620 811 3682 necessario
858 3619 1147 3702 sequitur
1197 3618 1364 3701 quod
1424 3619 1591 3681 Deus
1647 3618 1732 3680 sit
1776 3628 1954 3682 actus

449 3738 676 3802 puruS,
725 3726 788 3781 et
837 3736 950 3799 per
998 3736 1395 3800 consequens
1447 3716 1957 3799 incomparabili-

452 3823 548 3879 ter
595 3814 1286 3897 interminabiliterque
1345 3814 1765 3895 intelligentia
1823 3814 1952 3891 illa,

452 3914 586 3977 imo
625 3922 691 3975 et
727 3912 905 3975 omni
946 3922 1253 3986 creatura,
1287 3911 1646 3994 perfectior.
1685 3913 1857 3975 Unde
1895 3920 1958 3975 et

450 4012 752 4093 quamvis
784 4018 911 4073 tota
941 4018 1228 4073 creatura
1269 4011 1352 4072 sit
1391 4010 1599 4085 finita,
1634 4018 1847 4073 tamen
1880 4030 1957 4073 ex

448 4111 592 4191 eJus
639 4109 1146 4171 consideratione
1195 4109 1691 4172 demonstrative
1736 4110 1959 4190 proba-

2064 3138 2142 3192 tae
2183 3130 2459 3203 virtutis,
2495 3129 2647 3210 quia
2686 3130 3039 3191 secundum
3083 3128 3561 3211 Philosophum,

2066 3228 2130 3290 in
2178 3246 2443 3309 corpore
2494 3227 2680 3290 finito
2723 3247 2860 3290 esse
2904 3246 3029 3290 non
3074 3228 3241 3290 valet
3283 3226 3567 3310 potentia

2069 3325 2342 3389 infinita.
2396 3326 2596 3388 Motor
2642 3344 2895 3408 quoque
2957 3325 3067 3407 qui
3126 3326 3193 3387 in
3254 3325 3567 3388 movendo

2068 3443 2197 3486 non
2239 3423 2559 3505 fatigatur,
2600 3424 2821 3486 eadem
2869 3424 3101 3486 virtute
3144 3430 3205 3485 et
3253 3442 3432 3505 aeque
3480 3422 3568 3484 l'a-

2070 3521 2278 3583 ciliter
2309 3530 2518 3583 movet
2552 3539 2665 3602 per
2693 3520 2862 3583 diem
2896 3519 3063 3582 sicut
3093 3539 3207 3602 per
3235 3521 3479 3592 horam,
3504 3527 3569 3582 et

2069 3638 2183 3701 per
2222 3638 2461 3681 annum
2508 3618 2674 3680 sicut
2711 3637 2826 3699 per
2862 3618 3056 3691 diem,
3092 3618 3312 3699 sicque
3356 3636 3569 3680 ascen-

2070 3718 2276 3779 dendo
2316 3718 2393 3779 ad
2438 3724 2691 3798 tempus
2735 3715 3224 3798 quantumlibet.
3268 3716 3415 3778 Ideo
3454 3715 3567 3783 ali,-

2071 3815 2225 3897 quid
2284 3816 2430 3897 plus
2479 3823 2575 3877 est
2621 3813 3229 3894 subintelligendum
3286 3832 3360 3876 ac
3419 3832 3566 3895 sup-

2070 3913 2399 3996 plendum,
2436 3912 2601 3995 quod
2648 3920 2710 3973 et
2749 3910 2884 3993 ipse
2926 3911 3345 3993 Philosophus
3387 3910 3563 3985 alibi,

2071 4013 2204 4075 imo
2232 4020 2295 4074 et
2325 4019 2547 4097 octavo
2576 4008 3007 4093 Physicorum,
3027 4009 3329 4083 insinuat,
3350 4017 3567 4091 utpote

2074 4111 2241 4191 quod
2292 4112 2455 4172 Deus
2503 4117 2597 4171 est
2646 4116 2850 4170 motor
2896 4125 3023 4170 non
3082 4114 3313 4181 mo‘tuS,
3365 4126 3567 4189 quum

449 4216 578 4281 tur,
610 4207 786 4289 quod
826 4208 992 4269 Deus
1037 4207 1130 4268 sit
1160 4205 1699 4289 perfectionaliter
1744 4207 1960 4269 infini-
1992 4212 2041 4273 D
2072 4208 2155 4270 sit
2214 4217 2419 4271 motor
2477 4207 2725 4289 primus
2776 4224 2789 4267 :
2843 4206 2985 4267 ideo
3042 4205 3299 4288 propria
3356 4213 3571 4268 movet

451 4314 577 4381 tus,
613 4312 678 4367 et
709 4305 1024 4367 intensive
1063 4304 1318 4366 infinite
1359 4304 1700 4386 perfectus.
1735 4340 1816 4351 --
1844 4306 1964 4367 Du-

451 4404 693 4467 randus
727 4420 982 4484 quoque
1015 4420 1140 4464 non
1173 4402 1395 4464 recitat
1429 4403 1736 4465 rationem
1774 4403 1960 4466 istam

451 4504 792 4566 doctorum
841 4517 855 4562 ε
908 4501 1077 4582 quod
1125 4501 1372 4571 scilicet
1417 4502 1634 4563 divina
1681 4503 1964 4584 potentia

455 4620 660 4684 quum
696 4598 950 4661 realiter
977 4598 1060 4659 sit
1090 4599 1228 4680 ipsa
1257 4598 1476 4661 divina
1507 4594 1801 4674 essentia,
1836 4618 1961 4663 non

456 4708 554 4762 est
597 4698 819 4760 minus
863 4696 1118 4758 infinita
1165 4716 1358 4778 quam
1404 4697 1621 4758 divina
1666 4699 1962 4772 essentia,

459 4816 606 4881 quae
634 4796 798 4859 ratio
820 4794 1174 4857 certissime
1204 4802 1386 4876 atque
1418 4794 1764 4857 clarissime
1797 4814 1968 4858 mon-

463 4904 618 4959 strat
651 4895 1004 4971 intentum3
1037 4892 1213 4965 item,
1245 4892 1414 4973 quod
1447 4893 1702 4974 propria
1732 4894 1967 4955 virtute

465 4991 886 5077 imperialiter
944 4990 1241 5053 universa
1298 5009 1532 5065 creare,
1593 4999 1848 5053 naturas
1905 4999 1969 5054 et

464 5092 758 5155 ordinem
788 5088 1233 5151 universorum
1266 5107 1344 5150 ex
1374 5086 1550 5150 fonte
1581 5088 1854 5169 propriae
1884 5108 1970 5151 sa·

467 5189 724 5273 pientiae
756 5186 1108 5259 instituere,
1131 5192 1194 5247 et
1224 5204 1418 5268 super
1447 5186 1771 5267 regionem
1805 5186 1969 5249 nihi-

468 5290 513 5353 li
544 5290 723 5353 velut
763 5288 1105 5370 imperium
1145 5287 1409 5369 plenum
1452 5286 1706 5361 habere,
1741 5305 1964 5349 vocan-

2072 4308 2328 4379 virtute‚
2380 4313 2441 4367 et
2499 4304 2692 4367 ceteri
2752 4312 3027 4367 motores
3085 4304 3373 4367 coelestes
3428 4303 3571 4384 ejus

2075 4411 2334 4467 movent
2392 4404 2646 4476 virtute,
2697 4410 2887 4484 atque
2946 4401 3148 4485 ipsius
3208 4402 3572 4465 innituntur

2075 4501 2371 4585 potentiae
2414 4509 2715 4582 tanquam
2754 4500 2977 4582 primae
3015 4508 3079 4562 et
3116 4499 3568 4583 independenti

2076 4598 2316 4661 virtuti.
2339 4634 2420 4644 —
2445 4599 2533 4660 Ex
2563 4598 2799 4680 quibus
2830 4606 2999 4679 patet
3030 4598 3451 4679 propositum,
3477 4618 3569 4660 ra-

2073 4697 2291 4778 tioque
2326 4696 2687 4777 Philosophi
2729 4696 2820 4757 sic
2862 4694 3183 4757 intellecta
3219 4696 3559 4758 convincit.

2155 4794 2440 4876 Denique
2487 4813 2612 4856 non
2656 4800 2750 4855 est
2791 4800 3035 4854 certum
3085 4793 3204 4856 hoc
3247 4791 3445 4855 fuisse
3485 4794 3564 4855 de

2079 4901 2291 4954 mente
2347 4890 2730 4972 Philosophi,
2781 4891 2951 4972 quod
3005 4891 3172 4952 Deus
3229 4891 3312 4952 sit
3361 4899 3567 4953 motor

2079 4991 2223 5055 coeli
2272 4999 2573 5072 tanquam
2624 5008 2812 5051 causa
2859 4989 3230 5051 immediata
3270 4989 3568 5052 effectiva

2081 5098 2291 5152 motus
2340 5087 2615 5152 coelestis
2660 5106 2675 5150 z
2731 5087 2859 5149 imo
2908 5086 3120 5167 magni
3167 5087 3565 5169 Peripatetici

2079 5189 2263 5251 aliter
2308 5186 2611 5257 sentiunt,
2654 5192 2715 5247 et
2759 5184 2945 5247 multi
2995 5183 3321 5248 christiani
3367 5185 3568 5267 philo-

2081 5286 2265 5368 sophi
2305 5284 2432 5347 illis
2476 5283 2901 5357 consentiunt,
2940 5289 3357 5364 protestantes
3395 5284 3567 5364 quod
