4359 6250
131 3548 184 3591 Ιι.
210 3564 287 3601 m..
314 3556 379 3595 ΙΙ.

128 3746 225 3791 Ibid-
236 3752 376 3799 mio.

162 3945 284 3989 Cant.
300 3961 379 3997 vu,

1008 513 1093 560 AN
1135 514 1331 560 PATFJR
1372 515 1447 559 m·
1486 514 1680 559 FILIUS
1723 514 1795 559 st:
1836 513 2081 560 mvlcssn
2125 512 2412 559 DILIGANT
2453 513 2687 558 SPIRITU
2730 512 2960 558 SANc‘ro

3411 491 3524 554 341

434 680 591 743 bum
638 680 943 757 activum,
986 682 1096 744 sed
1144 689 1483 760 neutrum3
1524 689 1587 743 et
1634 680 1925 743 arborem
1955 679 2006 742 A
2035 715 2116 724 —
2142 681 2376 742 Verum
2411 679 2529 743 ista
2557 681 2890 744 solvuntur
2919 679 3208 742 faciliter.
3231 671 3530 752 Quamvis

432 778 665 842 florere
707 780 999 854 floribuS,
1041 798 1167 842 non
1210 779 1535 860 significat
1578 779 1929 842 formaliter

431 879 783 960 producere
830 880 1021 942 flores
1064 899 1078 943 ε
1123 880 1255 941 imo
1302 879 1356 940 si
1406 887 1749 961 poneretur
1790 895 1927 940 ver-

428 973 585 1038 bum
648 977 953 1050 activum,
1011 977 1303 1050 dicend0,
1364 975 1570 1039 Arbor
1625 974 1929 1038 florificat

428 1071 723 1150 floribus,
768 1083 937 1138 esset
982 1074 1158 1138 falsa.

506 1172 627 1234 Sed
678 1174 1007 1255 responsio
1050 1174 1303 1237 Thomae
1352 1193 1424 1235 ac
1472 1173 1926 1236 Bonaventurae

424 1271 756 1352 Hugonem
816 1273 1243 1354 sequentium,
1295 1273 1544 1354 planior
1591 1273 1923 1353 aptiorque

422 1368 699 1431 videtur.
748 1369 879 1432 Nec
926 1369 1231 1433 habitudo
1278 1370 1387 1432 illa
1433 1371 1512 1433 ad
1561 1378 1769 1432 creata
1815 1376 1925 1430 aut

424 1467 752 1542 creabilia‚
795 1487 937 1549 quae
984 1486 1110 1531 non
1158 1477 1255 1530 est
1295 1469 1418 1531 nisi
1468 1469 1690 1531 relatio
1738 1468 1921 1530 ratio-

423 1565 549 1638 niS,
570 1566 844 1648 impedit
871 1567 1028 1650 quin
1059 1567 1323 1648 diligere
1353 1566 1641 1629 absolute
1673 1566 1925 1648 loquen-

420 1665 505 1727 do
534 1672 827 1727 sumatur
855 1666 1275 1740 notionaliter,
1291 1666 1443 1728 dum
1476 1666 1923 1739 dicitur,Pater

416 1771 479 1824 et
528 1763 731 1825 Filius
773 1763 1051 1845 diligunt
1090 1782 1156 1826 se
1201 1764 1441 1845 Spiritu
1484 1763 1730 1826 Sancto.
1764 1763 1919 1826 Nam

2036 778 2210 840 enim
2261 779 2604 860 paternitas
2648 787 2719 841 ut
2766 786 2862 840 est
2907 778 3129 841 relatio
3177 778 3529 840 secundum

2036 878 2347 940 rationem
2405 886 2469 938 et
2515 879 2802 941 ordinem
2864 877 3260 958 intelligendi
3317 893 3532 938 conse-

2037 995 2240 1059 quens
2287 984 2499 1039 actum
2549 977 2994 1059 generationis,
3043 994 3169 1039 non
3219 976 3302 1038 sit
3346 993 3532 1056 gene-

2038 1075 2302 1137 rationis
2363 1075 2791 1158 principium;
2843 1083 3052 1137 tamen
3102 1074 3169 1135 in
3217 1081 3528 1156 quantum

2035 1181 2131 1235 est
2163 1174 2516 1256 proprietas
2548 1173 2958 1237 constitutiva
2993 1190 3278 1254 personae
3308 1170 3525 1244 Patris,

2035 1278 2129 1332 est
2170 1272 2350 1352 quasi
2399 1271 2571 1353 prior
2611 1279 2801 1353 atque
2840 1270 3235 1351 principium
3275 1287 3530 1349 genera-

2038 1369 2250 1442 tionis,
2295 1377 2482 1452 prout
2525 1369 2912 1431 declaratum
2958 1375 3053 1430 est
3097 1387 3306 1449 supra.
3342 1367 3528 1430 Simi-

2037 1468 2202 1542 liter,
2245 1487 2444 1551 quum
2486 1468 2642 1529 dicit
2684 1468 2953 1530 Thomas
2999 1485 3281 1530 amorem
3331 1466 3529 1530 notio-

2036 1566 2265 1628 naliter
2311 1574 2660 1648 sumptum,
2699 1566 3062 1646 significare
3105 1567 3206 1628 vel
3253 1565 3525 1629 formam

2036 1685 2177 1746 quae
2217 1672 2314 1726 est
2352 1665 2741 1747 principium
2786 1673 2987 1738 actus,
3022 1664 3319 1726 videlicet
3359 1682 3527 1727 com-

2036 1781 2298 1825 munem
2338 1763 2770 1844 spirationem,
2815 1763 2915 1824 vel
2965 1771 3178 1825 actum
3222 1782 3334 1825 seu
3377 1763 3528 1825 acti-

416 1869 480 1922 et
544 1861 807 1942 quidam
867 1862 1153 1924 doctores
1211 1860 1457 1944 praefati
1518 1861 1821 1924 fatentur·
1855 1862 1919 1922 in
1958 1861 2005 1924 B
2034 1879 2223 1924 onem
2286 1862 2730 1942 procedentem
2798 1861 3071 1936 realiter,
3139 1880 3252 1944 per
3313 1861 3524 1944 ipsum

414 1959 629 2022 Verbo
679 1968 743 2022 et
790 1961 855 2022 in
916 1978 1129 2023 amore
1189 1960 1497 2022 insinuari
1559 1968 1918 2042 respectum

414 2059 767 2140 quemdam
797 2059 876 2121 ad
908 2066 1226 2120 creaturas
1261 2077 1274 2120 z
1309 2059 1419 2140 qui
1463 2059 1667 2122 nihilo
1710 2059 1921 2120 minus

412 2163 855 2238 protestantur
897 2157 1167 2220 verbum
1214 2157 1395 2231 illud,
1430 2158 1717 2238 diligere,
1753 2156 1919 2218 sumi

412 2254 830 2317 notionaliter
870 2255 937 2316 in
980 2263 1277 2336 praetacta
1322 2255 1659 2318 locutione.
1691 2290 1774 2301 —
1804 2255 1921 2316 Ex-

414 2353 710 2434 emplum
754 2371 1009 2435 quoque
1060 2353 1241 2427 illud,
1276 2353 1479 2416 Arbor
1523 2353 1710 2417 floret
1748 2353 1920 2416 flori·

416 2451 563 2523 buS,
598 2469 636 2512 a
667 2451 905 2513 Thoma
934 2459 999 2512 et
1027 2451 1339 2515 Richardo
1368 2452 1730 2535 specialiter
1760 2453 1923 2533 posi-

412 2558 580 2624 tum,
606 2549 859 2612 videtur
888 2550 1151 2612 omnino
1181 2550 1585 2613 conveniens,
1622 2551 1920 2624 Quamvis

412 2649 593 2710 enim
639 2646 869 2712 florere
909 2648 991 2710 sit
1030 2647 1297 2711 verbum
1344 2657 1641 2710 neutrum
1687 2649 1752 2710 in
1793 2668 1923 2712 mo-

411 2746 497 2809 do
528 2744 967 2826 significandi,
1000 2753 1213 2808 tamen
1251 2746 1462 2828 reipsa
1497 2746 1685 2809 arbor
1714 2766 1780 2808 se
1813 2747 1919 2810 ba-

412 2843 525 2905 bet
556 2862 675 2925 per
706 2845 966 2906 modum
998 2844 1266 2907 causalis
1298 2844 1601 2926 principii
1632 2853 1920 2926 respectu

414 2943 683 3017 florum,
746 2943 1047 3006 foliorum
1107 2951 1171 3005 et
1232 2942 1581 3017 fructuum,
1644 2943 1755 3026 qui
1815 2964 1919 3007 na-

2032 1969 2244 2023 actum
2276 1959 2572 2040 intelligit
2602 1960 2906 2041 Spiritum
2939 1961 3236 2022 Sanctum
3265 1979 3375 2022 seu
3408 1960 3530 2042 spi-

2032 2065 2240 2120 ratum
2283 2076 2585 2132 amorem,
2621 2059 2729 2140 qui
2774 2065 2870 2120 est
2912 2058 3065 2141 quid
3111 2057 3527 2121 constitutum

2031 2175 2145 2239 per
2194 2163 2408 2218 actum
2457 2157 2816 2219 dilectionis
2875 2155 3299 2219 essentialiter
3355 2175 3526 2219 sum-

2031 2261 2169 2338 ptae,
2196 2262 2264 2314 ut
2296 2255 2517 2337 patuit.
2543 2255 2688 2317 Ideo
2719 2253 3130 2336 reprehensio
3161 2254 3269 2338 illa
3297 2256 3524 2336 AEgidii

2032 2353 2286 2414 videtur
2347 2352 2797 2433 multiplicatio
2851 2352 3192 2414 verborum
3255 2352 3522 2428 inutilis,

2030 2459 2093 2512 et
2126 2451 2263 2532 ipse
2294 2449 2577 2531 AEgidius
2615 2449 2824 2510 eidem
2864 2449 3166 2530 positioni
3211 2451 3527 2512 consentit

2032 2550 2385 2612 secundum
2445 2548 2613 2631 quod
2670 2549 2848 2629 Hugo
2905 2566 3046 2609 eam
3105 2549 3519 2631 deprompsit.

2030 2649 2157 2711 Nec
2206 2648 2517 2731 sequitur,
2568 2647 2744 2709 Pater
2805 2654 3028 2728 potens
3081 2655 3178 2709 est
3224 2665 3523 2728 generare

2030 2754 2275 2818 natura,
2309 2764 2458 2826 ergo
2497 2763 2624 2808 non
2673 2745 3048 2827 paternitate
3093 2753 3282 2827 prout
3324 2754 3526 2829 pater-

2031 2845 2194 2908 nitas
2225 2852 2322 2907 est
2351 2844 2761 2906 constitutiva
2791 2843 3142 2926 proprietas
3171 2864 3185 2908 ε
3221 2845 3352 2907 imo
3381 2845 3524 2908 dico

2030 2945 2200 3026 quod
2238 2944 2417 3005 Pater
2456 2951 2680 3024 potens
2716 2950 2812 3004 est
2847 2961 3147 3024 generare
3179 2941 3429 3019 natura,
3462 2952 3526 3006 et

410 3049 688 3105 scuntur
716 3061 793 3104 ex
825 3042 1380 3125 arbore,quamvis
1410 3043 1489 3104 ad
1518 3043 1747 3105 horum
1780 3062 1919 3125 pro·
1956 3042 1999 3105 C
2032 3042 2358 3104 intellectu
2401 3060 2513 3103 seu
2553 3040 2827 3103 fecunda
2867 3042 3194 3116 memoria,
3227 3049 3289 3105 et
3319 3050 3524 3124 pater-

411 3142 789 3203 ductionem
831 3148 1212 3203 concurrant
1241 3148 1305 3203 et
1339 3140 1463 3203 alia
1504 3141 1709 3204 activa
1749 3142 1919 3224 prin-

412 3240 589 3321 cipia
652 3256 669 3301 z
736 3240 1273 3320 quemadmodum
1337 3240 1529 3302 etiam
1596 3248 1761 3302 terra
1822 3248 1918 3302 est

415 3338 673 3400 causale
714 3338 1108 3419 principium
1147 3338 1317 3401 bladi
1355 3347 1420 3401 et
1446 3338 1805 3419 graminum
1844 3358 1917 3400 ac

416 3444 606 3499 terrae
636 3438 1060 3511 nascentium,
1085 3437 1251 3499 sicut
1283 3437 1347 3499 in
1376 3437 1535 3500 Isaia
1564 3437 1731 3499 fatur
1763 3437 1920 3499 Scri-

418 3543 611 3617 ptura
663 3552 677 3595 z
730 3535 921 3597 Terra
980 3535 1221 3617 profert
1274 3554 1535 3616 germen
1594 3555 1805 3611 suum,
1856 3543 1921 3597 et

414 3634 642 3696 hortus
692 3652 911 3695 semen
970 3653 1158 3695 suum
1215 3634 1562 3715 germinat3
1612 3634 1914 3716 itemque,

414 3732 601 3793 Sicut
629 3731 961 3793 descendit
992 3732 1197 3794 imber
1228 3733 1305 3794 de
1336 3732 1517 3805 coe10‚
1551 3740 1615 3794 et
1645 3732 1919 3794 inebriat

413 3839 653 3893 terram
685 3838 750 3891 et
777 3830 1133 3910 germinare
1163 3850 1303 3892 eam
1336 3830 1517 3909 facit3
1544 3830 1608 3891 in
1642 3830 1915 3894 Canticis

412 3948 699 4013 quoque,
732 3929 1075 3991 Videamus
1115 3930 1170 3991 si
1210 3929 1431 3993 floruit
1467 3930 1676 4003 vinea,
1709 3931 1760 3993 si
1803 3930 1917 3993 flo-

412 4048 519 4091 res
563 4027 813 4089 fructus
855 4027 1234 4109 parturiunt.

496 4124 815 4206 AmpliuS,
838 4124 1123 4205 AEgidius
1154 4125 1324 4187 circa
1355 4125 1489 4187 haec
1520 4125 1745 4187 scribit
1775 4144 1915 4207 pro-

2029 3141 2247 3215 nitate,
2281 3148 2470 3222 prout
2498 3140 2633 3203 haec
2672 3160 2864 3222 supra
2892 3158 3191 3224 expressa
3229 3150 3395 3203 sunt.
3428 3142 3524 3203 Id-

2030 3240 2201 3303 circo
2231 3247 2394 3301 stare
2427 3256 2553 3301 non
2585 3238 2752 3301 valet
2781 3240 2950 3321 quod
2981 3240 3264 3322 AEgidius
3302 3240 3524 3303 scribit

2029 3357 2436 3401 communem
2480 3337 2894 3419 spirationem
2937 3356 3065 3401 non
3107 3357 3245 3401 esse
3289 3339 3524 3421 princi-

2030 3438 2212 3519 pium
2261 3434 2685 3517 processionis
2735 3435 3010 3516 Spiritus
3059 3436 3305 3514 Sancti3
3347 3444 3410 3497 et
3452 3436 3520 3497 in

2030 3536 2149 3597 hoc
2209 3550 2334 3596 non
2395 3533 2603 3595 solum
2661 3533 3038 3595 contradicit
3083 3534 3357 3609 Thomae,
3409 3535 3518 3595 sed

2028 3634 2222 3695 etiam
2270 3632 2548 3705 Alberto,
2591 3630 2899 3705 Udalrico,
2945 3630 3274 3705 Richardo‚
3316 3632 3515 3708 Petr0,

2028 3750 2102 3793 ac
2135 3732 2278 3793 aliis
2319 3730 2561 3804 multis,
2595 3736 2664 3791 ut
2696 3736 2940 3791 constat
2969 3748 3047 3791 ex
3085 3730 3513 3812 praeinductis.

2108 3931 2290 3993 Nunc
2319 3928 2688 4010 diligentius
2725 3928 3200 4009 inquirendum,
3227 3930 3322 3990 An
3352 3930 3517 3991 Deus

2027 4030 2209 4091 Pater
2253 4027 2474 4108 diligat
2521 4027 2935 4107 semetipsum
2986 4026 3224 4107 Spiritu
3268 4027 3514 4090 Sancto.

2027 4128 2118 4189 Ad
2151 4126 2318 4209 quod
2352 4126 2644 4207 quamvis
2677 4125 2863 4188 modo
2895 4143 3270 4207 responsum
3302 4125 3404 4199 sit,
3439 4133 3522 4187 ta·

410 4224 567 4297 lixe,
600 4222 1113 4304 positionemque
1156 4223 1377 4285 recitat
1413 4222 1689 4297 Thomae,
1722 4233 1785 4287 et
1820 4244 1914 4287 as·
1945 4226 1994 4287 D
2027 4245 2172 4288 men
2218 4225 2296 4286 de
2340 4224 2459 4286 hoc
2502 4223 2758 4305 plenius
2803 4224 2974 4305 loqui
3021 4231 3286 4306 oportet.

406 4320 573 4384 serit
615 4339 758 4382 eam
804 4320 869 4381 in
916 4320 1165 4384 duobus
1209 4321 1486 4384 deficere
1532 4340 1545 4383 :
1592 4324 1802 4404 primo
1847 4323 1913 4384 in

404 4420 533 4483 hoc
578 4418 750 4499 quod
796 4417 952 4480 dicit
998 4419 1443 4500 paternitatem
1488 4438 1625 4481 esse
1677 4420 1912 4501 princi-

406 4518 597 4602 pium
626 4517 1056 4599 generationis
1085 4516 1252 4590 Filii,
1284 4526 1473 4599 atque
1505 4535 1911 4581 communem

404 4618 829 4700 spirationem
870 4634 1006 4678 esse
1050 4615 1442 4698 principium
1488 4618 1913 4697 processionis

406 4716 692 4797 Spiritus
754 4714 988 4788 Sancti,
1042 4713 1341 4795 quoniam
1404 4715 1585 4777 Pater
1638 4733 1765 4778 non
1817 4724 1913 4777 est

406 4822 641 4898 potens
688 4830 993 4893 generare
1042 4813 1439 4893 paternitate,
1492 4814 1603 4875 sed
1651 4821 1910 4891 natura3

404 4912 719 4985 secundO,
753 4910 819 4972 in
868 4911 987 4973 hoc
1032 4911 1201 4993 quod
1246 4910 1515 4974 Thomas
1560 4912 1649 4973 ait
1694 4912 1914 4974 ablati-

406 5030 570 5073 vum
618 5007 905 5072 construi
946 5008 1011 5071 in
1060 5009 1434 5071 habitudine
1477 5018 1677 5085 actus,
1714 5031 1913 5093 quum

407 5108 676 5182 dicitur,
710 5109 891 5170 Pater
918 5115 983 5170 et
1023 5108 1219 5170 Filius
1258 5108 1532 5190 diligunt
1570 5128 1636 5171 se
1676 5109 1914 5191 Spiritu

410 5208 673 5280 Sancto,
729 5225 931 5287 quum
992 5213 1203 5268 tamen
1254 5207 1568 5270 ablativus
1618 5207 1725 5269 ille
1772 5225 1917 5269 con-

412 5312 709 5369 struatur
750 5305 818 5367 in
859 5303 1233 5367 habitudine
1274 5306 1599 5369 constituti
1638 5326 1716 5369 ex
1752 5313 1914 5368 actu.

2104 4325 2320 4404 Itaque
2351 4323 2426 4383 ad
2459 4322 2578 4383 hoc
2609 4323 2948 4402 respondet
2977 4322 3082 4384 hic
3114 4330 3370 4385 sanctus
3401 4324 3519 4387 Do-

2025 4428 2180 4495 ctor,
2216 4420 2383 4503 quod
2432 4421 2598 4482 sicut
2638 4421 2817 4482 Pater
2858 4440 2976 4483 nec
3015 4440 3082 4483 se
3125 4440 3243 4483 nec
3285 4422 3517 4485 Filium

2025 4520 2234 4600 diligit
2281 4519 2524 4600 Spiritu
2573 4520 2822 4595 Sancto,
2864 4520 2942 4581 de
2992 4520 3314 4582 essentiali
3363 4522 3518 4583 dile-

2026 4618 2235 4681 ctione
2297 4618 2647 4699 loquendo;
2697 4616 2786 4681 ita
2843 4618 3010 4680 sicut
3067 4626 3234 4681 amat
3285 4620 3516 4681 Filium

2025 4718 2268 4799 Spiritu
2299 4717 2547 4791 Sancto,
2573 4718 2665 4778 sic
2697 4725 2758 4778 et
2789 4736 2854 4779 se
2887 4717 3099 4799 ipsum
3133 4718 3356 4780 eodem
3390 4718 3520 4799 Spi-

2025 4816 2150 4877 ritu
2193 4814 2423 4895 diligit,
2459 4814 2776 4896 loquendo
2813 4816 2891 4877 de
2934 4815 3272 4878 dilectione
3319 4815 3519 4878 notio-

2026 4913 2153 4976 nali
2190 4931 2204 4975 :
2241 4913 2391 4994 quia
2420 4913 2684 4994 diligere
2721 4913 3125 4976 notionaliter
3155 4914 3316 4974 nihil
3347 4914 3519 4976 aliud

2026 5013 2181 5074 dicit
2234 5031 2424 5095 quam
2476 5030 2612 5073 esse
2665 5012 3055 5094 principium
3102 5012 3336 5074 amoris
3385 5031 3524 5094 per-

2028 5111 2285 5185 sonaliS,
2348 5110 2457 5192 qui
2516 5118 2612 5172 est
2672 5110 2945 5191 Spiritus
3006 5111 3270 5172 Sanctus
3334 5131 3347 5174 :
3411 5114 3522 5195 qui

2030 5227 2210 5271 amor
2241 5208 2391 5292 quia
2430 5208 2829 5288 significatur
2864 5226 2977 5291 per
3012 5209 3270 5269 modum
3305 5226 3523 5290 opera·

2034 5308 2248 5382 tioniS,
2268 5307 2634 5369 denominat
2662 5308 2924 5383 Patrem,
2949 5326 2986 5370 a
3015 5326 3144 5390 quo
3173 5315 3282 5371 est.
3299 5309 3528 5383 Quum-
