4359 6250
120 773 267 814 Ionan.
288 776 359 820 ι,3.

104 3426 199 3473 nid.
210 3443 299 3479 ιη’,
312 3432 359 3471 6.

104 3628 363 3677 Panum&

1306 486 1391 531 AN
1430 485 1873 532 Arrnornurto
1908 483 2232 530 AUGUSTINI
2275 485 2368 531 SIT
2399 485 2558 530 APTA

3365 464 3480 528 321

390 653 809 736 propriatum,
844 657 954 718 sed
1006 655 1335 738 proprium
1382 655 1547 728 Filii,
1576 655 1757 736 juxta
1808 654 1879 715 il·
1910 655 1959 717 Α
1990 655 2340 728 intellectu,
2374 663 2436 716 et
2472 663 2542 717 ut
2580 662 2673 717 est
2711 656 2775 716 in
2817 674 2902 717 re.
2937 655 3480 728 Quemadmodum

386 751 494 814 lud
514 753 777 816 Joannis
803 771 818 814 :
849 753 1074 816 Omnia
1106 772 1217 835 per
1248 753 1463 836 ipsum
1495 753 1661 814 facta
1690 760 1876 814 sunt:

383 867 509 911 non
570 853 741 932 quod
802 851 997 913 Filius
1057 852 1139 913 sit
1198 851 1716 924 instrumentum,
1770 851 1878 913 sed

382 948 689 1028 quoniam
726 956 823 1011 est
863 949 1257 1032 principium
1298 950 1375 1010 de
1410 949 1747 1030 principio.
1781 948 1881 1009 In-

378 1047 633 1108 terdum
674 1065 825 1110 vero
854 1066 980 1124 per
1008 1067 1197 1127 quem
1235 1047 1523 1128 designat
1560 1047 1879 1109 habitudi-

376 1161 524 1205 nem
548 1143 773 1208 formae
802 1163 916 1226 per
944 1165 1136 1228 quam
1166 1163 1359 1226 agens
1386 1153 1683 1228 operatur
1717 1163 1731 1206 :
1765 1145 1880 1207 sic-

376 1249 447 1303 ut
472 1242 709 1305 artifex
737 1252 1035 1326 operatur
1062 1263 1176 1326 per
1205 1251 1406 1306 artem
1435 1264 1629 1307 suam.
1648 1245 1877 1326 Sicque

376 1342 543 1403 sicut
594 1342 907 1424 sapientia
952 1351 1015 1405 et
1063 1362 1186 1418 ars,
1239 1343 1326 1405 ita
1365 1363 1492 1421 per
1538 1364 1723 1423 quem
1772 1363 1880 1425 ap-

376 1441 745 1522 propriatur
776 1441 952 1504 Filio.
988 1443 1132 1505 Haec
1160 1449 1377 1504 autem
1410 1442 1776 1524 praepositio
1806 1445 1878 1501 in

378 1539 637 1620 proprie
680 1539 935 1602 denotat
979 1539 1423 1602 habitudinem
1466 1539 1872 1602 continentis.

378 1637 547 1698 Deus
590 1655 743 1701 vero
780 1638 1063 1702 eontinet
1107 1657 1207 1701 res
1249 1639 1608 1721 dupliciter.
1642 1639 1873 1714 Primo,

376 1735 736 1798 secundum
766 1755 985 1799 earum
1017 1736 1494 1811 similitudineS,
1524 1739 1876 1800 secundum

1988 770 2137 833 ergo
2168 753 2528 816 intellectus
2563 762 2626 814 et
2655 773 2755 816 res
2794 753 3175 836 simpliciter
3203 761 3478 834 sumpta,

1989 858 2137 913 sunt
2175 852 2558 925 essentialia,
2591 871 2718 914 non
2756 852 3132 933 personalia,
3169 852 3254 913 ita
3287 860 3348 913 et
3381 870 3485 912 ve-

1989 949 2160 1011 ritas.
2196 949 2496 1013 Definitio
2531 968 2782 1033 quoque
2811 950 3147 1030 Augustini
3187 956 3484 1032 praetacta

1987 1048 2173 1109 datur
2203 1049 2281 1109 de
2311 1048 2575 1110 veritate
2607 1056 2794 1129 prout
2824 1048 2982 1110 Filio
3013 1048 3476 1130 appropriatur.

1987 1147 2065 1207 At
2107 1163 2259 1208 vero
2303 1145 2466 1207 liber
2507 1146 2652 1208 vitae
2701 1146 2766 1208 in
2811 1154 2983 1209 recto
3031 1145 3330 1228 importat
3369 1161 3480 1206 no·

1987 1245 2217 1318 titiam,
2269 1243 2337 1305 in
2390 1244 2651 1326 obliquo
2698 1245 2916 1319 vitam,
2969 1244 3268 1326 quoniam
3320 1243 3482 1305 liber

1987 1343 2133 1405 vitae
2181 1351 2280 1406 est
2320 1343 2545 1405 notitia
2585 1361 2806 1406 eorum
2852 1343 2962 1424 qui
3007 1342 3287 1404 habituri
3333 1348 3480 1403 sunt

1988 1441 2184 1503 vitam
2215 1448 2515 1504 aeternam
2552 1459 2566 1503 ε
2600 1450 2664 1503 et
2693 1443 2786 1503 sic
2818 1441 2974 1504 Filio
3008 1440 3476 1523 appropriatur,

1986 1540 2282 1622 quamvis
2314 1540 2446 1602 vita
2474 1541 2922 1623 approprietur
2957 1540 3220 1622 Spiritui
3254 1540 3482 1602 Sancto

1990 1638 2055 1699 in
2105 1647 2416 1720 quantum
2464 1645 2561 1701 est
2611 1657 2806 1701 amor.
2863 1639 3013 1701 Esse
3065 1647 3277 1700 autem
3329 1638 3482 1700 scri-

1989 1746 2195 1819 ptum,
2229 1755 2356 1799 non
2387 1746 2483 1799 est
2511 1739 2589 1799 de
2619 1737 2862 1800 ratione
2897 1737 3042 1799 libri
3075 1737 3140 1798 in
3173 1744 3480 1818 quantum

377 1833 547 1914 quod
588 1834 806 1896 omnia
842 1834 1251 1896 eontinentur
1296 1835 1361 1897 in
1408 1835 1673 1898 scientia
1712 1835 1821 1897 Dei
1857 1852 1872 1896 t
1913 1838 1960 1900 B
1988 1844 2084 1898 est
2132 1836 2317 1910 liber,
2369 1837 2480 1898 sed
2538 1836 2606 1897 in
2653 1844 2963 1917 quantum
3021 1843 3117 1898 est
3165 1836 3483 1917 quoddam

378 1931 603 2012 sicque
640 1933 813 2013 quod
849 1932 1086 1994 dicitur
1126 1934 1202 1993 in
1240 1935 1403 2010 ip30,
1433 1933 1879 2016 appropriatur

378 2029 561 2102 Filio,
599 2030 710 2112 qui
740 2037 837 2093 est
875 2049 977 2093 ars
1009 2030 1363 2094 rationibus
1403 2031 1609 2113 plena.
1645 2031 1880 2093 Secun-

378 2128 482 2202 do,
516 2129 585 2190 in
626 2137 935 2210 quantum
977 2138 1310 2192 conservat
1346 2148 1452 2192 eas
1493 2129 1559 2191 in
1598 2147 1736 2192 esse
1767 2148 1881 2190 sua

380 2225 934 2308 bonitate,easque
966 2227 1149 2308 regit,
1167 2229 1246 2290 ad
1276 2227 1475 2290 finem
1508 2227 1885 2290 convenien-

380 2333 509 2388 tem
548 2325 881 2406 dirigendo
916 2344 931 2388 :
969 2335 1034 2388 et
1071 2326 1161 2389 ita
1194 2326 1257 2410 ly
1291 2329 1363 2388 in
1398 2347 1523 2407 quo
1555 2326 1883 2408 appropri-

377 2431 523 2485 atur
558 2423 828 2505 Spiritui
862 2423 1117 2499 Sancte,
1154 2425 1320 2488 sicut
1352 2432 1415 2487 et
1448 2424 1719 2487 bonitas.
1754 2423 1882 2486 Nec

378 2529 633 2604 oportet
662 2523 833 2603 quod
862 2522 1163 2586 habitudo
1190 2542 1396 2586 causae
1426 2523 1662 2597 finalia,
1681 2541 1885 2604 quam-

381 2620 481 2682 vis
523 2620 610 2681 sit
648 2620 859 2702 prima
902 2639 1259 2704 causarum,
1292 2621 1741 2704 approprietur
1781 2622 1885 2683 Pa-

382 2719 467 2780 tri
503 2734 518 2779 :
552 2718 708 2800 quia
736 2736 1024 2800 personae
1053 2719 1309 2794 divinae,
1342 2737 1612 2802 quarum
1652 2720 1886 2802 princi-

387 2817 571 2898 pium
610 2825 707 2878 est
751 2818 951 2892 Pater,
984 2835 1113 2880 non
1152 2819 1505 2899 procedunt
1541 2819 1620 2880 ad
1657 2816 1881 2892 finem,

386 2934 593 2997 quum
640 2915 945 2997 quaelibet
991 2934 1211 2978 earum
1265 2916 1348 2978 sit
1398 2916 1661 2978 ultimus
1710 2915 1884 2989 finis,

1987 1934 2401 1997 artificiatum
2431 1952 2444 1996 ε
2477 1934 2628 1996 hinc
2660 1934 2821 1997 liber
2851 1934 2997 1997 vitae
3027 1952 3154 1997 non
3187 1934 3486 2016 importat

1988 2033 2323 2113 originem,
2377 2052 2494 2095 nec
2542 2040 2639 2095 est
2686 2051 2919 2096 nomen
2971 2033 3320 2115 personale,
3374 2034 3483 2095 sed

1988 2132 2468 2214 appropriatum
2499 2150 2805 2214 personae,
2839 2132 3139 2195 videlicet
3169 2132 3345 2194 Filio.
3371 2132 3488 2194 No-

1990 2249 2139 2292 men
2169 2247 2320 2292 vero
2349 2229 2491 2305 hoc,
2526 2231 2644 2304 Qui
2676 2237 2792 2304 est,
2825 2230 3272 2312 appropriatur
3303 2229 3482 2304 Filio,

1991 2346 2119 2391 non
2149 2329 2502 2391 secundum
2536 2328 2858 2410 propriam
2891 2328 3222 2401 rationem,
3255 2329 3365 2390 sed
3399 2347 3489 2390 ra-

1992 2427 2162 2489 tione
2219 2426 2527 2508 adjuncti,
2581 2427 2646 2488 in
2707 2434 3017 2508 quantum
3067 2426 3364 2488 videlicet
3421 2427 3488 2488 in

1995 2526 2313 2589 locutione
2363 2526 2474 2588 Dei
2525 2526 2601 2588 ad
2653 2526 2905 2608 Moysen
2961 2524 3490 2607 praefigurabatur

1994 2624 2286 2687 liberatio
2314 2624 2564 2705 generis
2594 2623 2856 2686 humani
2890 2623 3054 2684 facta
3089 2641 3203 2705 per
3233 2622 3483 2684 Filium.

1994 2758 2075 2766 —
2115 2723 2258 2784 Haec
2301 2721 2570 2786 Thomas
2615 2721 2682 2782 in
2725 2721 3004 2783 Summa.

2075 2818 2360 2901 Denique
2405 2819 2632 2882 Doctor
2674 2820 2939 2881 devotus
2985 2818 3051 2879 in
3088 2816 3490 2898 Breviloquio

1994 2923 2184 3000 atque
2256 2917 2634 2999 compendio
2712 2934 2827 2979 suo
2890 2934 2903 2978 :
2973 2917 3060 2979 De
3129 2915 3489 2997 pluralitate

388 3014 503 3075 sed
552 3014 827 3075 naturali
885 3014 1312 3096 processione,
1361 3033 1503 3096 quae
1563 3013 1763 3094 magis
1808 3014 1888 3075 ad
1920 3017 1963 3079 C
1994 3015 2264 3097 (inquit)
2307 3016 2858 3097 appropriatorum
2909 3016 3092 3077 docet
3141 3013 3486 3094 Scriptura,

388 3112 706 3175 rationem
748 3112 1057 3175 naturalis
1102 3112 1399 3194 potentiae
1443 3110 1761 3194 pertinere
1800 3110 1890 3174 vi-

387 3210 595 3273 detur.

468 3308 789 3391 Amplius,
821 3308 1056 3371 veritas
1096 3308 1422 3371 invenitur
1464 3307 1623 3370 Filio
1662 3325 1889 3389 appro-

390 3406 613 3489 priari,
654 3406 768 3488 qui
813 3407 907 3468 ait
948 3424 963 3468 t
1006 3406 1138 3488 Ego
1186 3426 1330 3468 sum
1379 3406 1503 3480 via,
1546 3406 1778 3468 veritas
1828 3411 1892 3468 et

390 3505 542 3567 vita.
578 3504 891 3567 Similiter
919 3504 1083 3567 liber
1111 3504 1279 3579 vitae,
1310 3506 1491 3586 juxta
1532 3504 1691 3567 illud
1731 3503 1892 3566 Psal-

392 3604 483 3665 mi
519 3620 535 3665 :
567 3604 641 3665 In
690 3603 900 3685 capite
950 3602 1097 3664 libri
1144 3603 1455 3685 scriptum
1505 3611 1602 3665 est
1644 3603 1721 3664 de
1764 3621 1885 3663 me.

388 3702 683 3781 (Glossat
718 3702 785 3764 ld
814 3709 913 3763 est
939 3703 1109 3784 apud
1144 3703 1412 3775 Patrem,
1435 3701 1548 3783 qui
1576 3708 1673 3763 est
1702 3707 1893 3782 caput

392 3802 661 3881 meum.)
689 3800 1015 3874 Similiter,
1038 3801 1155 3874 Qui
1184 3808 1296 3862 est.
1325 3800 1483 3863 Nam
1513 3818 1705 3881 super
1734 3799 1892 3862 illud

134 3938 166 3965 ε.
236 3938 277 3974 v,
334 3953 347 3963 .
389 3901 589 3975 Isaiae,
631 3900 796 3961 Ecce
841 3917 957 3980 ego
998 3900 1077 3962 ad
1116 3906 1360 3981 gentes,
1406 3898 1684 3980 loquitur
1722 3898 1893 3961 Glos-

134 4126 277 4169 exod.
298 4139 361 4175 ιιι,

106 4194 161 4232 ss.

388 4019 460 4063 sa
494 4016 509 4061 :
542 3998 745 4061 Filius
785 3997 1089 4079 loquitur,
1120 3997 1233 4079 qui
1273 3996 1432 4059 dixit
1469 3997 1546 4059 ad
1585 3996 1836 4079 Moysen
1873 4014 1887 4058 ε

390 4098 525 4179 Ego
571 4114 721 4158 sum
768 4096 882 4177 qui
931 4114 1093 4158 sum.
1147 4095 1224 4156 Et
1272 4094 1578 4177 quaeritur
1625 4092 1729 4156 an'
1764 4095 1893 4157 sint

2000 3114 2168 3196 quod
2219 3114 2512 3196 quamvis
2571 3113 2787 3176 omnia
2843 3111 3207 3176 essentialia
3252 3110 3489 3174 divinis

2000 3212 2288 3294 personis
2323 3211 2652 3293 aequaliter
2678 3230 2753 3273 ac
2777 3211 3236 3274 indifferenter
3267 3227 3491 3272 conve-

1999 3308 2416 3383 niant,nihilo
2448 3310 2661 3372 minus
2691 3310 2856 3372 Patri
2885 3308 3331 3391 appropriatur
3359 3308 3494 3370 uni-

1999 3416 2115 3483 tas»,
2166 3408 2326 3470 Filio
2372 3408 2719 3490 aequalitas,
2773 3408 3037 3489 Spiritui
3099 3408 3328 3470 Sancto
3386 3406 3491 3469 bo-

2000 3507 2183 3568 nitas.
2219 3506 2296 3567 Et
2331 3506 2513 3586 juxta
2548 3506 2713 3567 hanc
2753 3507 3031 3567 sumitur
3061 3503 3493 3586 appropriatio

2002 3604 2110 3665 illa
2135 3604 2356 3666 Hilarii
2391 3622 2406 3665 t
2438 3604 2775 3666 AEternitas
2805 3611 2901 3665 est
2930 3604 2994 3664 in
3026 3604 3224 3676 Patre,
3247 3601 3492 3683 species

2001 3704 2067 3764 in
2108 3702 2406 3783 imagine,
2440 3720 2592 3764 usus
2633 3702 2698 3763 in
2741 3719 3023 3764 munere.
3060 3701 3181 3763 Sed
3219 3706 3282 3761 et
3313 3699 3496 3779 juxta

2000 3802 2164 3864 hanc
2204 3801 2479 3863 sumitur
2516 3800 2947 3882 appropriatio
2986 3798 3191 3874 tertia,
3225 3798 3489 3870 scilicet,

2001 3900 2068 3961 in
2117 3900 2296 3962 Patre
2345 3906 2441 3960 est
2495 3900 2654 3961 ratio
2703 3897 3156 3981 principiandi,
3208 3896 3272 3957 in
3335 3895 3495 3957 Filio

2002 3999 2161 4061 ratio
2205 3996 2630 4079 exemplandi,
2664 3996 2730 4058 in
2775 3996 3015 4078 Spiritu
3061 3996 3288 4058 Sancto
3333 3993 3494 4055 ratio

2001 4094 2292 4157 finiendi.
2325 4094 2510 4155 Juxta
2546 4112 2740 4174 quam
2778 4092 3053 4153 sumitur
3093 4098 3335 4172 quarta,
3369 4108 3496 4171 qua

391 4196 673 4278 propria,
706 4213 787 4256 an
839 4194 1261 4276 appropriata.
1297 4193 1373 4255 Et
1414 4201 1675 4274 apparet
1721 4193 1890 4275 quod
1921 4201 1971 4263 D
2000 4194 2163 4255 Patri
2194 4190 2675 4272 omnipotentia,
2696 4190 2853 4252 Filio
2883 4188 3499 4269 omniscientia,Spi-

392 4292 671 4377 propria.
724 4291 969 4355 Veritas
1016 4310 1317 4373 namque,
1370 4292 1722 4353 secundum
1770 4292 1892 4354 Au-

388 4390 724 4472 gustinum
774 4390 843 4451 in
890 4390 1055 4453 libro
1102 4391 1181 4452 de
1223 4389 1385 4451 Vera
1433 4388 1761 4469 religione,
1794 4396 1891 4452 est

389 4506 646 4551 summa
684 4487 1040 4550 similitudo
1085 4486 1387 4568 principii
1428 4486 1671 4569 absque
1710 4486 1893 4549 dissi-

392 4585 761 4649 militudine
804 4586 980 4648 omni
1013 4603 1028 4647 :
1060 4584 1230 4667 quod
1268 4584 1521 4647 videtur
1560 4584 1889 4667 proprium

390 4684 570 4746 Filio.
606 4682 800 4745 Liber
828 4701 1081 4766 quoque
1120 4683 1267 4746 vitae
1306 4682 1631 4764 significat
1667 4701 1781 4745 ens
1809 4682 1891 4744 ab

388 4782 519 4845 alio
550 4799 565 4845 :
598 4780 811 4844 omnis
839 4782 1077 4843 etenim
1117 4780 1278 4843 liber
1306 4781 1388 4843 ab
1426 4780 1643 4863 aliquo
1672 4780 1893 4843 scribi-

390 4888 517 4942 tur.
550 4879 631 4942 Et
658 4879 755 4941 sic
784 4878 1037 4941 videtur
1066 4880 1401 4961 proprium
1437 4879 1598 4942 Filio
1631 4878 1892 4941 habenti

392 4977 813 5061 principium.
866 5012 948 5022 —
997 4977 1372 5051 Dicendum,
1436 4977 1606 5060 quod
1661 4977 1893 5039 veritas

390 5096 599 5160 quum
626 5076 707 5139 ad
739 5076 1137 5139 intellectum
1175 5076 1509 5158 pertineat,
1542 5082 1640 5138 est
1674 5092 1897 5157 appro-

2002 4291 2152 4353 ritui
2196 4291 2423 4353 Sancto
2466 4286 2908 4351 benevolentia
2947 4286 3414 4369 appropriatur.

2082 4390 2226 4451 Haec
2277 4395 2491 4450 autem
2550 4388 2851 4449 dicuntur
2897 4385 3317 4468 appropriari,
3372 4403 3500 4448 non

1999 4488 2169 4568 quod
2202 4486 2458 4568 propria
2486 4485 2880 4566 fiant‚quum
2913 4502 3166 4566 semper
3195 4483 3500 4546 exsistant

2002 4584 2388 4657 communia,
2441 4582 2551 4645 sed
2603 4583 2907 4664 quoniam
2966 4581 3212 4645 ducunt
3266 4581 3344 4644 ad
3404 4582 3502 4644 in-

2001 4680 2420 4762 telligentiam
2458 4679 2878 4761 notitiamque
2918 4680 3322 4761 propriorum
3359 4697 3501 4760 per-

2002 4798 2302 4844 sonarum
2362 4778 2666 4860 ipsarum.
2720 4778 2925 4851 Quum
2981 4777 3156 4839 enim
3215 4777 3496 4859 primum

2002 4877 2395 4962 principium
2426 4876 2902 4939 nobilissimum
2932 4868 3504 4957 perfectissimum·

2003 4995 2127 5059 que
2171 4974 2495 5048 consistat,
2528 4974 2944 5037 nobilissimae
2983 4991 3056 5035 ac
3098 4973 3506 5054 generalissi-

2006 5094 2124 5138 mae
2154 5072 2550 5136 conditiones
2581 5073 2746 5134 entis
2786 5071 3192 5152 reperiuntur
3225 5070 3291 5131 in
3327 5088 3404 5133 eo
3438 5070 3504 5133 in

386 5176 698 5260 priatum,
734 5192 863 5238 non
894 5175 1227 5257 proprium
1254 5174 1419 5237 Filii.
1450 5174 1693 5236 Veritas
1723 5174 1897 5236 enim
2006 5189 2276 5236 summo.
2311 5171 2417 5233 11ae
2444 5178 2658 5232 autem
2699 5175 2867 5241 sunt,
2902 5186 3124 5241 unum,
3155 5186 3402 5241 verum,
3441 5176 3505 5229 et

389 5273 841 5338 consideratur
886 5273 1250 5357 dupliciter,
1299 5280 1519 5355 utpote
1569 5279 1642 5334 ut
1687 5280 1783 5335 est
1831 5273 1897 5335 in
2008 5270 2251 5334 bonum
2299 5286 2314 5330 ε
2365 5286 2506 5349 quae
2553 5266 2936 5329 contrahunt
2982 5282 3096 5326 ens
3145 5266 3500 5328 secundum

655 5409 723 5461 T.
759 5408 841 5460 20.
3196 5398 3255 5451 21
