4359 6250
177 1563 278 1606 Jer.
307 1578 336 1613 1..

721 492 810 538 AN
849 491 1039 538 mxu
1079 490 1498 538 cAPAcn‘A'reu
1541 489 1619 536 Ac
1661 489 2120 536 msrosmomffl
2161 491 2553 536 Nummum!
2595 492 2849 538 canius
2891 491 3279 537 maurinum
3469 469 3549 532 23

461 661 780 742 dependet
823 681 901 726 ex
945 663 1152 724 causis
1195 661 1464 734 duabus,
1501 662 1795 724 videlicet
1834 661 1960 722 Deo
1991 659 2041 722 A
2072 667 2227 722 turae
2256 660 2358 721 vel
2390 661 2680 740 passione
2712 669 2821 722 aut
2851 661 3308 723 consuetudine
3340 678 3551 742 prava.

462 759 798 833 influente,
849 771 915 824 et
962 761 1249 841 subjecto
1310 760 1674 842 recipiente.
1729 759 1819 821 Ex
1867 758 1960 819 eis

461 876 609 938 ergo
640 861 964 940 pensanda
993 867 1110 930 est,
1145 860 1232 921 ita
1261 858 1429 940 quod
1463 858 1772 937 contingit
1803 857 1960 918 eari-

461 965 656 1018 tatem
700 975 830 1018 non
873 958 1202 1039 aequaliter
1240 957 1375 1019 dari
1411 976 1425 1019 ε
1460 975 1588 1019 uno
1631 957 1840 1029 modo,
1883 975 1960 1017 ex

463 1065 639 1136 parte
671 1056 804 1130 Dei,
839 1057 1169 1138 supposita
1207 1058 1399 1118 etiam
1439 1055 1665 1137 aequali
1697 1055 1962 1136 disposi-

461 1155 634 1216 tione
673 1154 966 1234 subjeeti.
1003 1154 1545 1229 Quemadmodum
1581 1154 1754 1214 enim
1796 1154 1959 1214 Deus

461 1271 540 1314 ex
589 1251 990 1334 beneplacito
1045 1270 1160 1315 suo
1217 1251 1576 1315 sanctificat
1632 1270 1832 1312 unum
1895 1252 1958 1313 in

461 1359 665 1424 utero,
700 1368 828 1413 non
868 1351 1088 1424 alium,
1121 1353 1214 1413 sic
1257 1368 1461 1413 unum
1499 1349 1858 1412 sanctificat
1894 1350 1957 1411 in

461 1457 646 1510 utero
685 1449 886 1529 magis
919 1468 1112 1531 quam
1148 1449 1369 1522 alium,
1405 1456 1475 1510 ut
1506 1456 1678 1529 patet
1717 1448 1782 1508 in
1818 1447 1960 1509 bea-

391 1595 404 1608 .
459 1547 710 1610 tissima
756 1549 1014 1628 Virgine
1072 1557 1134 1610 et
1182 1549 1489 1627 Ieremia3
1537 1565 1655 1609 nec
1714 1548 1780 1609 in
1839 1548 1957 1609 hoc

459 1646 614 1708 facit
644 1646 904 1726 injuste,
939 1647 1089 1730 quia
1131 1656 1474 1728 utrumque
1502 1647 1632 1726 agit
1659 1647 1951 1727 gratuite.

453 1744 598 1806 Alio
631 1744 818 1806 modo
851 1745 1161 1826 contingit
1189 1745 1518 1807 caritatem
1561 1744 1957 1826 inaequaliter

2070 758 2179 820 Est
2216 766 2428 820 tamen
2472 760 2850 840 quandoque
2894 760 3247 822 secundum
3295 760 3560 840 gradum

2069 857 2472 920 difficultatis
2529 859 2711 920 istius
2769 860 2999 939 gradus
3050 859 3211 922 datae
3262 860 3562 933 caritatiS,

2069 956 2324 1038 quando
2365 956 2664 1018 videlicet
2707 965 2915 1018 cetera
2963 966 3112 1018 sunt
3154 958 3416 1019 omnino
3462 977 3566 1038 pa-

2071 1055 2162 1115 ria
2209 1072 2221 1114 :
2269 1063 2419 1116 tune
2463 1055 2636 1116 enim
2687 1072 2813 1116 non
2854 1055 3107 1116 videtur
3147 1063 3408 1117 conatus
3451 1055 3569 1117 dif-

2071 1153 2305 1214 ficilior
2356 1154 2421 1214 in
2473 1171 2600 1214 uno
2650 1172 2844 1235 quam
2892 1154 3037 1228 ali0,
3090 1154 3213 1216 nisi
3262 1154 3563 1235 quoniam

2068 1259 2246 1312 actus
2290 1252 2368 1312 ad
2416 1270 2605 1332 quem
2656 1259 2751 1312 est.
2802 1259 3062 1314 conatus
3111 1260 3313 1314 exstat
3363 1252 3564 1333 perfe-

2069 1349 2246 1411 ctior.
2280 1385 2360 1394 —
2390 1350 2510 1410 Iste
2540 1367 2691 1412 vero
2732 1359 2993 1412 conatus
3034 1351 3314 1412 creditur
3352 1350 3417 1412 in
3455 1369 3562 1411 an-

2066 1447 2225 1528 gelis
2288 1448 2605 1509 exstitisse
2668 1448 3021 1510 secundum
3085 1449 3559 1529 proportionem

2067 1547 2417 1608 naturalem
2461 1564 2703 1608 eorum.
2749 1547 2825 1608 Et
2862 1547 3155 1628 quamvis
3203 1547 3393 1608 homo
3432 1564 3557 1609 non

2067 1652 2275 1726 potest
2312 1644 2544 1706 habere
2585 1654 2880 1707 conatum
2921 1664 3119 1706 unum
3161 1653 3289 1707 tam
3330 1644 3558 1708 fortem

2067 1750 2139 1804 ut
2168 1743 2429 1825 aequalis
2469 1744 2553 1804 sit
2582 1745 2835 1805 conatui
2876 1744 2969 1804 illi
3007 1744 3315 1824 angelicO,
3347 1752 3561 1805 tamen

451 1843 614 1916 dari,
651 1851 912 1924 propter
954 1843 1445 1925 inaequalitatem
1487 1861 1564 1904 ex
1604 1850 1782 1924 parte
1812 1842 1956 1904 sub-
1994 1842 2041 1903 B
2071 1859 2184 1922 per
2245 1841 2459 1921 plures
2519 1850 2779 1903 conatus
2828 1851 2891 1903 et
2936 1850 3113 1904 actus
3170 1850 3359 1923 atque
3420 1860 3561 1924 pro-

448 1941 627 2020 jecti.
676 1941 823 2013 Quae
874 1941 1267 2023 inaequalitas
1318 1949 1525 2022 potest
1571 1941 1810 2004 attendi
1855 1941 1955 2002 vel

455 2057 652 2119 penes
686 2047 977 2100 naturam
1011 2039 1248 2101 nudam
1283 2039 1580 2118 subjecti,
1615 2046 1676 2100 et
1705 2039 1797 2100 sie
1829 2056 1956 2100 non

449 2137 642 2196 datur
690 2136 919 2197 caritas
969 2137 1322 2197 seeundum
1381 2136 1768 2197 naturalium
1820 2153 1960 2217 pro-

451 2233 814 2315 portionem
859 2255 873 2297 :
917 2235 1156 2316 alioqui
1209 2235 1274 2296 in
1322 2235 1547 2315 angelo
1594 2242 1658 2296 ct
1701 2235 1957 2296 homine

451 2350 582 2395 non
626 2341 842 2414 posset
870 2352 1008 2394 esse
1040 2351 1155 2414 par
1180 2334 1402 2414 gratia,
1437 2352 1554 2394 nec
1586 2333 1651 2395 in
1689 2333 1958 2395 homini-

454 2431 576 2493 bus
615 2430 854 2512 dispar.
885 2431 1029 2493 Alio
1065 2432 1254 2494 modo
1295 2432 1645 2494 attenditur
1686 2432 1960 2513 inaequa-

455 2529 598 2591 litas
647 2549 726 2591 ex
781 2538 960 2611 parte
1018 2531 1457 2612 dispositionis
1512 2529 1787 2610 subjecti
1847 2547 1960 2610 per

453 2628 575 2690 hoc
623 2629 796 2710 quod
846 2629 1038 2691 homo
1088 2629 1294 2690 reddit
1341 2647 1410 2690 se
1461 2629 1823 2710 aliqualiter
1869 2629 1959 2690 di-

449 2745 654 2806 gnum
696 2726 920 2807 gratia,
962 2727 1188 2789 saltem
1229 2727 1307 2789 de
1353 2745 1634 2807 congruo
1670 2747 1683 2790 :
1717 2736 1780 2788 et
1824 2727 1958 2789 haec

450 2825 790 2906 dispositio
829 2833 925 2887 est
968 2834 1228 2888 conatus
1269 2827 1346 2888 ad
1380 2825 1645 2898 bonum,
1679 2825 1830 2906 quia
1867 2844 1960 2886 se-

451 2923 738 2984 cundum
782 2924 1229 3005 Augustinum‚
1273 2925 1381 3006 qui
1425 2924 1664 2986 creavit
1710 2933 1770 2986 te
1821 2923 1958 2985 sine

2071 1939 2298 2012 fec‘tuS,
2352 1947 2559 2020 potest
2614 1940 2923 2020 attingere
2978 1941 3055 2002 ad
3113 1948 3351 2003 tantam
3411 1941 3564 2002 eari-

2069 2037 2263 2098 tatem
2315 2056 2428 2098 seu
2478 2037 2785 2118 majorem
2834 2057 3027 2120 quam
3086 2038 3367 2118 angelus,
3420 2039 3565 2101 Haee

2070 2135 2423 2197 DuranduS.

2149 2233 2383 2294 Verum
2430 2233 2597 2315 quod
2644 2233 2975 2294 Dur-andus
3023 2233 3305 2295 affirmat
3348 2235 3565 2296 carita-

2069 2338 2197 2392 tem
2257 2330 2615 2412 dependere
2672 2348 2799 2393 non
2858 2332 3064 2393 solum
3118 2351 3197 2394 ex
3253 2333 3401 2406 De0‚
3454 2333 3562 2394 sed

2067 2429 2259 2490 etiam
2292 2447 2367 2490 ex
2400 2429 2710 2510 subject0,
2730 2430 2983 2492 videtur
3011 2430 3091 2491 ab
3125 2431 3402 2493 inductis
3431 2450 3565 2492 ver-

2069 2525 2167 2588 bis
2213 2527 2467 2589 Thomae
2515 2528 2893 2590 discordare.
2936 2529 3029 2590 Ad
3071 2529 3240 2609 quod
3283 2529 3408 2590 dici
3454 2547 3562 2610 po-

2071 2632 2213 2698 test,
2247 2627 2417 2708 quod
2456 2627 2809 2687 secundum
2839 2627 3167 2701 Thomam,
3203 2628 3429 2688 caritas
3460 2628 3564 2688 de-

2069 2724 2304 2806 pendet
2358 2742 2435 2784 ex
2494 2724 2627 2787 solo
2686 2725 2813 2786 Deo
2868 2725 3207 2804 effective3
3258 2726 3562 2788 inhaesive

2068 2840 2219 2885 vero
2249 2829 2314 2883 et
2340 2823 2734 2903 dispositive,
2769 2843 2882 2885 seu
2911 2824 3103 2886 etiam
3135 2825 3341 2906 quoad
3381 2843 3562 2887 suam

2069 2920 2615 2983 conservationem
2657 2920 2721 2981 in
2754 2939 2913 2994 esse,
2945 2939 2983 2982 a
3012 2921 3300 3002 subjecto
3330 2923 3565 3004 aliqua-

449 3029 536 3094 te,
565 3039 691 3084 non
720 3021 1105 3102 justificabit
1138 3030 1194 3084 te
1227 3023 1364 3084 sine
1395 3031 1478 3096 te,
1504 3023 1568 3084 id
1601 3030 1716 3094 est,
1741 3022 1864 3083 nisi
1900 3028 1960 3082 te
1995 3022 2038 3084 C
2072 3018 2214 3080 liter
2243 3026 2339 3078 est
2369 3018 2733 3098 dependens
2770 3035 2783 3079 :
2814 3018 3115 3099 quoniam
3145 3020 3268 3082 nisi
3299 3021 3565 3101 gratiam

448 3120 530 3183 ad
564 3119 810 3184 bonum
839 3129 1236 3203 cooperante.
1262 3157 1341 3166 —
1368 3121 1445 3183 Et
1469 3121 1546 3183 de
1581 3121 1700 3183 isto
1731 3128 1959 3183 conatu

449 3226 548 3281 est
578 3218 935 3281 difficultas
977 3218 1318 3299 praecipua,
1352 3238 1432 3280 an
1472 3219 1826 3280 secundum
1861 3235 1962 3280 co-

449 3326 678 3379 natum
713 3316 1022 3397 majorem
1044 3316 1146 3378 vel
1181 3316 1491 3378 minorem
1523 3316 1708 3378 detur
1733 3316 1958 3377 caritas

453 3414 660 3495 major
691 3415 794 3477 vel
839 3415 1062 3476 minor.
1101 3414 1176 3475 Et
1216 3415 1753 3497 respondendum,
1789 3414 1957 3495 quod

451 3521 720 3575 conatus
763 3521 970 3593 potest
997 3530 1137 3574 esse
1177 3513 1382 3593 major
1410 3513 1754 3594 dupliciter
1785 3530 1799 3574 ε
1835 3513 1958 3594 pri-

454 3629 581 3684 m0,
628 3618 888 3692 propter
935 3609 1425 3689 difficultatem3
1471 3611 1771 3683 secundo,
1815 3629 1956 3693 pro-

451 3719 595 3792 pte-r
627 3710 1074 3771 intensionem.
1093 3709 1157 3771 Si
1187 3710 1436 3772 dicatur
1466 3710 1670 3789 major
1701 3718 1958 3792 propter

449 3808 904 3879 intensionem,
939 3807 1090 3889 quia
1120 3807 1419 3869 videlicet
1448 3808 1567 3869 iste
1606 3807 1832 3887 majori
1866 3808 1955 3869 af-

448 3906 728 3970 fectione
769 3904 973 3968 fertur
1020 3907 1084 3967 in
1135 3906 1336 3968 Deum
1385 3914 1574 3988 atque
1627 3906 1956 3969 intensiori

447 4005 872 4068 detestatione
913 4004 981 4065 in
1023 4013 1356 4085 peccatum
1387 4024 1579 4088 quam
1619 4004 1781 4067 alius
1817 4024 1830 4069 :
1865 4006 1957 4067 sic

448 4100 883 4165 infallibiliter
931 4101 1284 4163 seeundum
1337 4102 1812 4184 proportionem
1856 4119 1956 4162 co-

2069 3114 2333 3189 habens,
2368 3134 2405 3176 a
2444 3115 2695 3179 mortali
2740 3115 3120 3180 abstinuerit
3165 3118 3375 3200 culpa,
3408 3118 3567 3181 desi-

2068 3214 2162 3276 nit
2203 3214 2405 3294 gratia
2446 3233 2559 3275 seu
2601 3214 2829 3277 caritas
2875 3234 3013 3278 esse
3055 3216 3120 3277 in
3164 3216 3321 3299 ipso.

2147 3411 2337 3473 Porro
2378 3410 2445 3473 in
2486 3411 2735 3493 Seripto
2786 3413 3122 3493 respondet
3171 3413 3438 3476 Thomas
3485 3415 3562 3476 ad

2068 3509 2351 3591 primum
2386 3527 2399 3569 :
2433 3509 2647 3571 Virtus
2692 3510 3059 3591 recipientis
3110 3512 3564 3575 consideranda

2065 3617 2162 3670 est
2211 3625 2337 3669 non
2399 3608 2605 3670 solum
2659 3609 3011 3670 secundum
3064 3618 3353 3672 naturam
3404 3613 3560 3675 reci-

2066 3707 2323 3789 pientiS,
2385 3707 2495 3768 sed
2553 3706 2745 3767 etiam
2794 3708 3146 3769 secundum
3206 3709 3563 3791 dispositio-

2066 3824 2213 3867 nem
2256 3812 2518 3867 conatus
2560 3806 3003 3867 advenientem
3045 3813 3307 3881 naturae,
3341 3826 3561 3888 quem-

2066 3904 2413 3965 admodum
2479 3912 2542 3981 et
2612 3904 2677 3966 in
2746 3902 2969 3966 formis
3036 3904 3561 3967 substantialibus

2068 4004 2444 4084 praeparatio
2476 4003 2757 4065 materiae
2794 4003 3141 4065 attenditur
3168 4012 3232 4065 et
3257 4004 3439 4085 juxta
3466 4023 3564 4065 ac-

2068 4101 2413 4163 cidentales
2452 4101 2900 4182 dispositiones
2946 4102 3226 4164 materiae
3267 4120 3565 4183 superve-

449 4207 640 4263 natus
691 4200 1054 4261 infunditur
1095 4200 1344 4273 caritaS‚
1387 4200 1689 4281 quoniam
1740 4200 1958 4261 imme·
1987 4204 2036 4265 D
2067 4200 2335 4261 nientes.
2370 4235 2451 4243 —
2489 4200 2604 4261 Per
2650 4200 2819 4280 quod
2872 4206 3042 4281 patet
3091 4199 3323 4262 solutio
3372 4202 3560 4262 tertii.

449 4299 624 4361 diata
654 4298 988 4380 dispositio
1021 4297 1364 4359 voluntatis
1398 4298 1477 4359 ad
1517 4297 1955 4377 recipiendum

449 4398 807 4469 caritatem,
831 4404 928 4457 est
957 4413 1136 4457 amor
1165 4395 1318 4458 boni
1349 4403 1412 4457 et
1442 4396 1776 4458 detestatio
1808 4397 1957 4457 mali

450 4502 646 4578 prout
686 4514 764 4557 ex
813 4494 1208 4556 naturalibus
1257 4494 1401 4556 fieri
1454 4503 1679 4577 potest.
1724 4496 1956 4557 Verum

447 4594 505 4655 si
549 4601 814 4656 conatus
857 4593 1107 4654 dicatur
1146 4593 1351 4673 maior
1391 4601 1651 4675 propter
1680 4593 1958 4655 difficul-

449 4700 673 4761 tatem,
698 4691 792 4751 sic
823 4691 1180 4752 secundum
1212 4699 1508 4753 conatum
1547 4709 1674 4753 non
1705 4709 1958 4771 semper

449 4788 785 4851 confertur
815 4788 1066 4861 caritaS,
1091 4789 1277 4849 datur
1306 4797 1519 4850 tamen
1551 4789 1949 4870 quandoque.

451 4888 730 4951 Gonatus
781 4904 1060 4967 namque
1102 4885 1435 4948 difficilior
1483 4905 1610 4949 non
1659 4895 1755 4949 est
1797 4906 1956 4949 sem-

453 5004 574 5067 per
605 4984 932 5047 intensior.
969 4984 1131 5064 Ergo
1161 4985 1514 5047 secundum
1545 4985 1810 5066 gradum
1843 4985 1958 5047 dif-

453 5082 767 5145 ficultatis
829 5082 895 5143 in
954 5091 1206 5155 conatu,
1260 5100 1388 5144 non
1447 5091 1542 5144 est
1601 5084 1832 5163 gradus
1892 5085 1958 5145 in

455 5180 784 5243 infusione
817 5180 1116 5241 caritatis,
1143 5181 1307 5243 Talis
1341 5181 1581 5263 quippe
1611 5181 1961 5243 difficultas

459 5277 850 5360 quandoque
886 5278 1196 5358 contingit
1215 5297 1302 5351 ,ex
1342 5278 1826 5361 indispositione
1857 5299 1962 5341 na-

2065 4334 2144 4343 —-
2173 4299 2267 4361 Ad
2312 4298 2665 4360 secundum
2698 4315 2848 4359 vero
2888 4298 3254 4372 dicendum,
3289 4301 3457 4380 quod
3501 4300 3566 4360 in

2065 4398 2308 4479 angelis
2369 4415 2495 4459 non
2550 4397 2674 4458 fuit
2723 4396 3098 4459 sensualitas
3160 4398 3355 4458 menti
3407 4398 3568 4460 reni-

2067 4504 2205 4557 tens
2259 4515 2272 4558 :
2330 4496 2473 4557 ideo
2519 4495 2701 4575 juxta
2750 4495 3032 4575 vigorem
3082 4502 3147 4556 et
3193 4495 3565 4576 dignitatem

2063 4594 2451 4655 naturalium
2490 4611 2751 4655 suorum
2786 4593 3135 4655 creduntur
3165 4612 3231 4655 se
3264 4602 3393 4658 toto
3423 4613 3565 4676 pos-

2064 4710 2130 4753 se
2190 4691 2576 4753 convertisse
2628 4692 2704 4753 ad
2755 4692 3137 4767 Creatorem,
3186 4700 3250 4754 et
3294 4693 3563 4774 gratiam

2064 4808 2177 4851 seu
2211 4789 2477 4870 gloriam
2517 4790 2841 4869 accepisse
2871 4789 2951 4851 ab
2985 4791 3144 4871 ipso.
3178 4826 3257 4836 —-—
3285 4791 3379 4853 Ad
3422 4792 3565 4853 ulti-

2068 4905 2244 4948 mum
2285 4887 2723 4967 respondetur,
2757 4887 2925 4967 quod
2966 4904 3093 4948 non
3137 4896 3233 4948 est
3274 4907 3389 4970 per
3428 4906 3561 4952 om-

2066 4986 2171 5047 nia
2216 4985 2425 5047 simile
2462 5004 2475 5047 :
2510 4985 2813 5066 quoniam
2852 4985 3053 5064 gratia
3094 4995 3189 5046 est
3231 4986 3564 5068 dispositio

2068 5091 2308 5146 naturae
2337 5083 2414 5145 ad
2454 5082 2743 5163 gloriam,
2778 5083 2920 5144 ideo
2949 5100 3076 5144 non
3118 5084 3464 5163 requiritur
3493 5094 3564 5148 ut

2072 5182 2453 5244 interveniat
2490 5181 2615 5242 alia
2652 5181 2989 5262 dispositio
3030 5182 3239 5243 media
3272 5182 3437 5245 inter
3465 5203 3565 5245 ca-

2073 5281 2326 5343 ritatem
2385 5289 2446 5343 et
2500 5279 2792 5361 gloriam,
2846 5280 2971 5343 nisi
3029 5279 3243 5343 forsan
3302 5300 3430 5345 non
3488 5284 3570 5345 sit
