4359 6250
846 466 963 530 196
1755 481 1929 527 mmm
1970 481 1992 526 1
2034 478 2514 526 SENTENTIARUM.
2561 495 2642 505 —
2683 477 2834 522 msr.
2881 477 3028 522 xxvl

846 658 1143 722 Sanctus,
1196 659 1285 721 Εἴθ
1329 660 1429 722 est
1473 657 1813 741 proprium
1865 656 2073 720 solius
2128 654 2368 732 Patris,
2419 670 2552 716 non
2603 652 2760 732 quia
2813 668 2947 714 non
2995 652 3095 714 est
3149 650 3342 713 natus
3388 648 3552 730 ipse,
3603 646 3720 712 sed
3763 646 3949 727 quod

845 795 1053 841 unum
1100 777 1347 840 Filium
1385 776 1647 858 genuit3
1689 775 2159 856 propriumque
2199 774 2298 835 est
2344 771 2551 834 solius
2587 770 2765 849 Filii,
2798 786 2932 831 non
2978 769 3134 848 quia
3183 769 3324 848 ipse
3361 784 3492 829 non
3539 765 3788 847 genuit,
3829 764 3948 826 sed

847 894 1002 976 quia
1062 893 1142 956 de
1196 894 1412 956 Patris
1468 891 1752 956 essentia
1808 891 2002 953 natus
2063 891 2202 969 est3
2258 887 2601 969 proprium
2650 902 2803 949 vero
2852 884 3138 966 Spiritus
3186 883 3407 948 Sancti
3453 883 3574 962 est,
3615 898 3748 944 non
3789 880 3953 960 quia

845 1026 965 1072 nec
1015 1010 1209 1071 natus
1267 1009 1366 1071 est
1418 1009 1558 1088 ipse
1613 1023 1735 1070 nec
1791 1005 2041 1087 genuit,
2088 1005 2204 1068 sed
2256 1003 2414 1085 quia
2472 1003 2654 1065 solus
2711 1001 2792 1063 de
2842 1000 3036 1062 Patre
3082 998 3385 1078 Filioque
3422 996 3737 1078 procedit.
3779 996 3954 1058 Ecce

845 1123 1130 1187 breviter
1166 1123 1526 1204 assignavit
1566 1124 1699 1186 tres
1745 1121 2176 1203 proprietates
2223 1120 2425 1183 trium
2470 1134 2924 1199 personarum,
2971 1132 3250 1197 quarum
3301 1132 3434 1177 una
3471 1131 3605 1177 non
3646 1115 3747 1176 est
3791 1112 3948 1174 alia.

846 1240 989 1303 Hoc
1028 1241 1204 1303 enim
1243 1239 1660 1320 significavit,
1702 1255 1909 1319 quum
1948 1237 2119 1299 dixit
2154 1255 2167 1296 :
2203 1236 2408 1298 Aliud
2445 1236 2544 1298 est
2581 1233 2886 1314 genuisse
2924 1249 3123 1313 quam
3161 1232 3391 1294 natum
3429 1247 3594 1309 esse,
3635 1229 3952 1308 aliudque

845 1356 1217 1436 procedere,
1258 1356 1326 1418 id
1363 1356 1484 1435 est,
1526 1355 1656 1417 alia
1700 1354 2065 1435 proprietas
2112 1353 2253 1415 sive
2293 1351 2476 1413 notio
2528 1353 2627 1413 est
2673 1348 3028 1430 generatio,
3071 1349 3136 1409 et
3171 1346 3300 1409 alia
3336 1345 3670 1423 nativitas,
3713 1345 3777 1407 et
3817 1341 3954 1405 alia

843 1472 1175 1552 processio
1212 1491 1225 1531 :
1267 1488 1415 1551 quae
1463 1470 1611 1533 aliis
1658 1469 2039 1533 nominibus
2079 1470 2409 1547 dicuntur,
2447 1466 2825 1547 paternitaS,
2858 1464 3114 1542 filiatio,
3148 1462 3442 1543 spiratio.
3475 1461 3615 1524 Has
3652 1459 3954 1540 proprie-

846 1589 1011 1651 tates
1055 1588 1398 1668 designant
1447 1587 1719 1650 nomina
1769 1602 2224 1666 personarum,
2257 1584 2508 1646 scilicet
2557 1583 2772 1660 Pater,
2815 1581 3048 1656 Filius,
3090 1579 3375 1659 Spiritus
3417 1578 3696 1642 Sanctus
3737 1595 3752 1637 :
3797 1591 3954 1656 quae

844 1704 1117 1767 relativa
1152 1705 1309 1768 sunt
1344 1706 1409 1767 et
1444 1704 1527 1766 ad
1564 1721 1635 1767 se
1678 1703 1961 1765 invicem
2000 1702 2330 1780 dicuntur,
2374 1700 2531 1781 quia
2582 1699 2815 1760 notant
2856 1697 3206 1761 relationes
3253 1713 3402 1776 quae
3439 1711 3572 1757 non
3615 1696 3770 1758 sunt
3805 1693 3953 1756 Deo

844 1818 1297 1899 accidentaleS,
1330 1819 1448 1882 sed
1475 1819 1543 1881 in
1574 1819 1737 1898 ipsis
1767 1817 2065 1898 personis
2094 1817 2175 1879 ab
2206 1817 2447 1880 aeterno
2487 1814 2642 1877 sunt
2671 1811 3194 1889 immutabiliter,
3228 1812 3303 1873 ut
3330 1827 3464 1873 non
3496 1811 3693 1872 modo
3728 1808 3960 1888 appel-

840 1935 1118 1998 lationes
1178 1935 1311 1998 sint
1357 1935 1670 2015 relativae,
1729 1934 1845 1996 sed
1892 1933 2091 1996 etiam
2139 1931 2490 1995 relationes
2539 1931 2678 1993 sive
2725 1929 3028 1991 notiones
3080 1927 3147 1988 in
3203 1925 3400 1989 rebus
3449 1926 3640 2006 ipsis,
3695 1925 3958 1988 scilicet

843 2051 915 2114 in
960 2051 1262 2132 personis
1310 2051 1465 2114 sint.

846 2271 918 2334 C.
958 2277 1156 2340 Quod
1188 2289 1338 2337 non
1376 2277 1628 2338 omnia
1669 2288 1829 2350 quae
1865 2277 1952 2335 de
1992 2275 2133 2334 Deo
2175 2271 2549 2344 dicuntur,
2591 2272 2988 2332 secundum
3023 2271 3522 2333 substantiam
3563 2271 3958 2346 dicuntur,-

862 2453 871 2460 .
978 2394 1314 2467 Quaedam
1368 2393 1569 2454 enim
1615 2395 2013 2453 secundum
2063 2389 2517 2450 relationem
2575 2387 2947 2459 dicuntur,
2997 2388 3186 2448 nihil
3241 2386 3493 2449 tamen
3550 2390 3958 2448 secundum

980 2510 1343 2571 accidens.

976 2709 1298 2783 Quocirca
1332 2708 1673 2772 sciendum
1712 2709 1833 2786 est,
1866 2724 1999 2770 non
2038 2723 2234 2770 omne
2272 2706 2449 2787 quod
2487 2705 2727 2768 dicitur
2763 2706 2844 2768 de
2881 2705 3046 2782 Deo,
3079 2706 3210 2769 dici
3249 2707 3612 2770 secundum
3651 2706 3963 2770 substan-

763 2847 771 2854 ·
847 2827 1033 2906 tiam,
1067 2827 1223 2907 quia
1251 2824 1555 2906 quaedam
1592 2824 1901 2887 dicuntur
1928 2823 2292 2887 secundum
2323 2822 2708 2886 relationem
2744 2842 2757 2882 ε
2791 2839 2938 2903 quae
2976 2839 3108 2885 non
3148 2825 3248 2886 est
3273 2822 3596 2902 accidens,
3629 2823 3786 2904 quia
3821 2839 3960 2886 non

556 2959 718 3032 Apgne
731 2959 823 3032 '⁹5³‘
849 2944 949 3005 est
1006 2941 1365 3004 mutabilis.
1416 2941 1602 3003 Unde
1654 2941 2067 3020 Augustinus
2124 2941 2193 3001 in
2241 2939 2472 3021 quinto
2533 2938 2700 3001 libro
2751 2939 2832 3002 de
2879 2914 3196 3002 rl'rinitate
3244 2941 3336 3003 ait
3387 2961 3400 3000 :
3447 2939 3631 3002 Nihil
3687 2940 3757 3002 in
3815 2940 3958 3002 Deo

556 3021 821 3134 2:²1⁸?th
849 3057 1213 3123 secundum
1251 3057 1551 3120 accidens
1588 3055 1850 3137 dicitur,
1885 3057 2040 3138 quia
2077 3056 2244 3119 nihil
2289 3055 2349 3118 ei
2393 3055 2649 3118 accidit.
2684 3056 2819 3119 Nec
2857 3057 3078 3119 tamen
3122 3073 3316 3119 omne
3353 3057 3532 3138 quod
3561 3056 3823 3135 dicitur,
3857 3073 3964 3119 se-

852 3176 1143 3267 cundum
1182 3174 1618 3265 substantiam
1657 3174 1737 3237 de
1785 3175 1925 3238 Deo
1962 3174 2225 3237 dicitur.
2261 3174 2336 3237 In
2375 3174 2570 3236 rebus
2617 3174 2850 3236 creatis
2888 3175 3083 3253 atque
3132 3173 3560 3236 mutabilibus
3597 3174 3774 3254 quod
3823 3191 3960 3236 non

852 3292 1214 3359 secundum
1252 3290 1688 3354 substantiam
1726 3289 1990 3370 dicitur,
2030 3292 2233 3353 restat
2267 3290 2344 3352 ut
2379 3290 2742 3353 secundum
2780 3290 3080 3353 accidens
3117 3290 3392 3353 dicatur.
3435 3289 3510 3352 In
3551 3290 3691 3353 Deo
3733 3292 3960 3355 autem

851 3407 1019 3470 nihil
1061 3407 1330 3488 quidem
1368 3407 1731 3470 secundum
1773 3407 2073 3469 accidens
2116 3407 2379 3487 dicitur,
2423 3406 2579 3488 quia
2613 3405 2780 3468 nihil
2825 3406 2894 3467 in
2931 3423 3007 3469 eo
3046 3405 3361 3469 mutabile
3401 3408 3498 3469 est
3540 3408 3654 3469 aut
3695 3407 3962 3471 amissi-

850 3524 1003 3587 bile.
1039 3524 1175 3587 Nec
1219 3525 1442 3587 tamen
1484 3539 1678 3586 omne
1714 3524 1892 3604 quod
1928 3524 2168 3586 dicitur
2207 3524 2286 3588 de
2324 3523 2488 3603 De0,
2531 3523 2895 3586 secundum
2932 3521 3368 3585 substantiam
3405 3522 3666 3586 dicitur.
3700 3524 3963 3587 Dicitur

851 3640 1028 3704 enim
1058 3639 1141 3703 ad
1169 3640 1443 3721 aliquid,
1476 3639 1650 3702 sicut
1684 3640 1879 3703 Pater
1911 3640 1993 3702 ad
2024 3640 2292 3719 Filium,
2328 3642 2392 3703 et
2423 3638 2632 3702 Filius
2661 3638 2744 3701 ad
2772 3639 3036 3701 Patrem
3073 3658 3086 3697 :
3123 3638 3302 3718 quod
3331 3654 3464 3701 non
3501 3639 3601 3701 est
3627 3638 3956 3719 accidenS,

851 3756 1007 3837 quia
1050 3758 1113 3819 et
1154 3755 1265 3819 ille
1303 3773 1563 3837 semper
1604 3756 1704 3819 est
1739 3756 1956 3835 Pater,
1991 3757 2056 3819 et
2094 3756 2206 3819 ille
2246 3773 2507 3837 semper
2544 3756 2643 3818 est
2678 3754 2912 3833 Filius,
2956 3755 3020 3817 et
3059 3754 3152 3816 ita
3189 3770 3469 3834 semper,
3505 3754 3662 3834 quia
3697 3772 3962 3835 semper

849 3873 1044 3935 natus
1092 3873 1191 3935 est
1225 3872 1460 3952 Filius,
1502 3888 1621 3935 nec
1658 3872 1856 3951 coepit
1900 3888 2195 3952 unquam
2247 3889 2389 3935 esse
2439 3870 2676 3934 Filius,
2717 3870 2910 3943 Quod
2954 3870 3013 3933 si
3061 3869 3413 3949 aliquando
3463 3887 3606 3933 esse
3653 3871 3962 3951 coepisset

851 3990 965 4052 aut
993 3989 1345 4070 aliquando
1383 3989 1709 4051 desineret
1745 4005 1886 4051 esse
1914 3987 2150 4067 Filius,
2184 3987 2547 4052 secundum
2585 3986 2884 4049 accidens
2921 3985 3264 4049 diceretur.
3299 3986 3383 4047 Et
3412 3986 3569 4066 quia
3596 3986 3792 4049 Pater
3826 4003 3964 4050 non

852 4105 1091 4167 dicitur
1126 4104 1322 4167 Pater
1358 4104 1488 4167 nisi
1527 4121 1609 4167 ex
1656 4121 1731 4166 eo
1782 4104 1959 4184 quod
2008 4105 2108 4167 est
2142 4105 2203 4168 ei
2251 4104 2486 4182 Filius,
2531 4104 2596 4165 et
2637 4102 2847 4165 Filius
2888 4119 3022 4165 non
3064 4101 3305 4163 dicitur
3341 4100 3552 4165 Filius
3587 4102 3719 4165 nisi
3761 4120 3845 4166 ex
3883 4120 3962 4166 eo

853 4218 1031 4300 quod
1068 4218 1266 4281 habet
1294 4218 1559 4281 Patrem
1594 4238 1607 4278 ε
1641 4235 1775 4280 non
1813 4217 2175 4280 secundum
2215 4216 2650 4280 substantiam
2690 4216 2831 4279 haec
2867 4216 3198 4294 dicuntur,
3230 4216 3346 4279 sed
3383 4216 3466 4277 ad
3502 4216 3787 4280 invicem
3837 4217 3966 4280 ista

853 4334 1197 4415 dicuntur3
1255 4351 1468 4413 neque
1520 4336 1740 4396 tamen
1793 4333 2155 4396 secundum
2205 4332 2527 4412 accidens,
2580 4333 2736 4413 quia
2785 4334 2850 4395 et
2903 4332 3082 4413 quod
3135 4331 3376 4395 dicitur
3419 4332 3615 4395 Pater
3660 4335 3722 4396 et
3783 4335 3966 4415 quod

854 4448 1095 4512 dicitur
1136 4448 1370 4528 Filius,
1413 4450 1732 4511 aeternum
1773 4450 1969 4529 atque
2013 4447 2551 4511 incommutabile
2596 4450 2694 4511 est
2737 4448 2853 4511 eis.
2888 4449 3054 4510 Ecce
3092 4448 3314 4527 aperte
3353 4448 3457 4511 his
3494 4448 3711 4512 verbis
3743 4452 3966 4513 osten-

856 4564 1055 4645 ditur,
1090 4564 1393 4645 quaedam
1432 4564 1562 4627 dici
1600 4565 1679 4627 de
1717 4565 1856 4627 Deo
1895 4564 2259 4627 secundum
2297 4563 2756 4643 substantiam,
2798 4564 3102 4644 quaedam
3141 4564 3502 4627 secundum
3549 4564 3960 4645 relationem,

855 4680 1022 4743 nihil
1064 4682 1287 4743 tamen
1324 4679 1687 4743 secundum
1726 4679 2046 4743 accidens.
2081 4679 2464 4742 ostenditur
2493 4680 2690 4741 etiam
2729 4679 3094 4760 proprietas
3121 4679 3337 4742 Patris
3375 4696 3515 4742 esse
3553 4680 3732 4760 quod
3767 4680 3968 4743 habet

853 4797 1125 4877 Filium,
1166 4799 1232 4861 et
1281 4795 1647 4877 proprietas
1698 4796 1875 4875 Filii,
1911 4796 2088 4875 quod
2139 4794 2336 4858 habet
2380 4796 2666 4859 Patrem.
2711 4796 2995 4877 Ideoque
3044 4813 3251 4876 quum
3307 4796 3479 4859 dixit
3532 4798 3852 4860 aeternum
3900 4800 3967 4860 et

852 4911 1391 4977 incommutabile
1431 4930 1573 4975 esse
1611 4912 1788 4992 quod
1823 4913 2019 4975 Pater
2054 4911 2296 4974 dicitur
2325 4915 2389 4975 et
2427 4913 2605 4994 quod
2641 4912 2852 4975 Filius
2890 4913 3152 4990 dicitur,
3186 4914 3279 4975 ita
3317 4913 3598 4995 intelligi
3633 4914 3866 4993 voluit,
3896 4914 3967 4976 id

851 5031 973 5110 est,
1006 5030 1373 5112 proprietas
1411 5047 1543 5109 qua
1578 5029 1773 5092 Pater
1804 5032 1903 5093 est
1938 5030 2154 5108 Pater,
2191 5031 2256 5092 et
2281 5030 2648 5110 proprietas
2688 5047 2819 5110 qua
2846 5028 3056 5091 Filius
3095 5031 3195 5092 est
3223 5029 3456 5109 Filius,
3489 5032 3732 5094 aeterna
3769 5033 3870 5094 est
3899 5032 3969 5095 et

851 5145 1435 5225 incommutabilis,
1478 5145 1635 5227 quia
1678 5148 1742 5208 et
1788 5145 1983 5208 Pater
2026 5162 2287 5225 semper
2329 5147 2428 5208 est
2462 5145 2679 5223 Pater,
2723 5146 2787 5207 et
2829 5145 3040 5207 Filius
3086 5162 3346 5226 semper
3391 5145 3624 5210 Filius.
3670 5147 3858 5211 Unde
3901 5149 3969 5210 et

851 5262 1145 5325 Hilarius
1192 5262 1624 5343 proprietates
1674 5279 2103 5342 personarum
2148 5262 2514 5342 assignans,
2551 5262 2618 5323 in
2665 5261 3056 5324 duodecimo
3106 5262 3274 5325 libro
3322 5262 3403 5325 de
3450 5262 3767 5327 Trinitate
3815 5265 3960 5327 ait:
