4359 6250
1083 512 1168 560 AN
1212 511 1488 560 scu-:mm
1531 509 1632 559 met
1676 513 1770 559 SIT
1810 513 2006 560 CAUSA
2048 513 2276 571 nutum,
2310 515 2423 560 vm.
2463 513 2813 562 Ecortvmtso

397 679 520 742 dici
531 687 634 742 tur
671 683 955 764 praesciri
1000 700 1014 745 :

397 799 466 842 sa
503 799 619 842 scu
659 782 818 844 ratio
848 801 1044 865 quare
1085 791 1378 864 respectu
1409 784 1610 865 ipsius
1650 784 1897 846 dicatur

399 879 822 960 praescientia,
865 881 973 942 sed
1020 899 1145 944 non
1191 881 1332 963 ejus
1377 883 1544 964 quod
1595 891 1686 944 est
1739 901 1894 964 prae-

396 977 682 1040 scientia.
707 979 817 1041 Vel
849 980 1216 1054 dicendum,
1240 982 1408 1062 quod
1439 981 1736 1062 Origenes
1767 1000 1891 1045 non

397 1077 578 1156 ponit
624 1078 924 1152 activam,
978 1079 1086 1141 sed
1137 1080 1454 1162 passivam
1509 1098 1522 1142 :
1578 1080 1718 1142 ideo
1766 1099 1891 1142 non

394 1183 487 1236 est
539 1177 1044 1250 concedendum,
1095 1178 1244 1260 quia
1294 1178 1580 1241 futurum
1631 1187 1747 1253 est,
1803 1179 1893 1241 id-

394 1273 568 1337 circo
611 1275 730 1337 seit
781 1277 947 1338 Deus
994 1277 1191 1356 illud3
1241 1279 1375 1352 scd,
1428 1278 1570 1340 ideo
1613 1278 1812 1340 scitur
1857 1297 1892 1339 a

394 1373 522 1435 Deo
567 1391 581 1435 :
629 1375 722 1436 sic
769 1375 942 1437 enim
989 1383 1242 1439 notatur
1285 1396 1474 1442 causa
1516 1376 1892 1459 aptitudinis

392 1474 468 1534 ad
519 1472 855 1536 sciendum
902 1493 980 1535 ex
1025 1482 1202 1556 parte
1248 1475 1534 1545 scibilis:
1578 1476 1642 1536 in
1687 1475 1892 1536 activa

391 1589 542 1634 vero
574 1572 776 1652 magis
807 1580 1130 1635 notaretur
1159 1593 1346 1634 causa
1378 1581 1668 1655 respectu
1699 1574 1892 1635 alieu-

388 1670 492 1750 jus
535 1671 602 1732 in
643 1670 904 1732 sciente.
937 1707 1019 1716 —
1047 1671 1361 1752 Amplius,
1397 1691 1496 1734 res
1538 1671 1752 1734 futura
1789 1671 1890 1734 be·

391 1788 470 1831 ne
513 1769 755 1831 dicitur
794 1788 985 1832 causa
1027 1770 1441 1852 praescientiae
1486 1771 1549 1831 in
1594 1771 1884 1844 dicendo,

3374 494 3496 560 475

1059 683 1225 746 unde
1265 682 1576 759 futurum,
1623 691 1720 746 est
1759 703 1897 746 cau·
1926 683 1976 745 A
2005 701 2196 746 causa
2238 684 2599 747 futurorum
2644 685 2980 759 malorum,
3026 684 3193 748 sicut
3233 703 3351 748 nec
3393 704 3495 747 ars

2005 800 2193 844 causa
2236 791 2329 845 est
2372 783 2513 846 vitii
2556 793 2773 847 eontra
2814 791 3037 858 artem,
3070 783 3237 866 quod
3281 789 3493 846 tamen

2004 898 2104 942 ars
2135 882 2390 962 praescit
2416 890 2481 945 ct
2512 883 2785 964 corrigit.
2819 919 2900 928 —-
2930 883 2994 945 Si
3024 891 3237 945 autem
3276 881 3369 944 sic
3399 899 3495 943 ar-

2002 987 2233 1059 guatur
2266 1000 2281 1044 z
2315 982 2481 1044 Deus
2512 982 2763 1064 praescit
2804 983 2945 1055 hoc,
2978 999 3129 1063 ergo
3167 982 3243 1042 de
3282 999 3497 1042 neces-

2003 1077 2187 1140 sitate
2228 1079 2389 1158 erit3
2422 1080 2585 1154 dicO,
2628 1081 2796 1162 quod
2835 1080 3143 1163 sequitur,
3180 1079 3496 1162 loquendo

2003 1177 2080 1238 de
2120 1178 2495 1240 necessitate
2538 1179 3029 1260 consequentiae,
3071 1186 3132 1240 et
3172 1179 3313 1252 hoc,
3356 1195 3497 1260 pro-

2002 1283 2144 1357 pter
2184 1277 2474 1340 ordinem
2520 1277 2933 1359 praescientiae
2976 1277 3049 1339 ad
3096 1277 3492 1360 praescitum3

2001 1374 2110 1435 sed
2143 1392 2269 1436 non
2302 1375 2612 1456 sequitur,
2646 1374 2965 1457 loquendo
3002 1376 3079 1438 de
3120 1375 3494 1436 necessitate

1999 1473 2447 1554 consequentis
2490 1492 2601 1536 seu
2647 1475 2760 1547 rei,
2802 1494 2919 1538 nec
2964 1475 3029 1537 in
3072 1475 3261 1547 bon0,
3308 1473 3493 1553 cujus

1999 1572 2397 1652 praescientia
2436 1591 2625 1635 causa
2662 1580 2778 1646 est,
2814 1593 3020 1655 neque
3059 1573 3125 1635 in
3165 1573 3354 1645 malo,
3386 1592 3496 1634 cu-

1995 1668 2101 1748 jus
2145 1688 2273 1732 non
2322 1679 2418 1732 est
2465 1689 2672 1732 causa.
2721 1672 2807 1734 De-
2854 1672 2974 1734 hoc
3022 1677 3229 1734 tamen
3277 1679 3494 1752 postea

2002 1768 2203 1848 magis
2260 1769 2525 1831 dicetur.
2588 1770 2680 1832 Ad
2738 1771 3177 1833 auctoritatem
3237 1787 3491 1852 quoque

392 1868 509 1929 hoc
548 1876 670 1942 est,
711 1886 907 1948 quare
946 1869 1194 1930 dicatur
1229 1876 1293 1929 et
1331 1868 1697 1930 nominetur
1737 1889 1888 1950 prae-
1925 1870 1972 1932 B
2001 1866 2288 1947 Origenis
2329 1867 2695 1942 dicendum,
2728 1869 2897 1950 quod
2936 1886 3059 1931 non
3092 1869 3365 1930 intendit
3404 1868 3491 1931 lo-

391 1967 676 2028 scientia.
711 1967 854 2028 Haec
891 1967 1262 2029 Alexander.
1296 2002 1376 2011 -—
1404 1967 1667 2028 Videtur
1694 1968 1884 2030 etiam

392 2083 576 2147 posse
619 2065 773 2138 dici,
814 2065 983 2147 quod
1029 2085 1130 2128 res
1175 2064 1388 2128 futura
1429 2074 1526 2128 est
1570 2084 1780 2140 causa,
1823 2066 1886 2129 id

391 2172 484 2226 est
513 2164 793 2244 signum,
829 2164 996 2245 quod
1040 2165 1374 2246 praescitur
1399 2183 1436 2226 a
1465 2166 1593 2227 Deo
1627 2184 1640 2228 :
1675 2173 1737 2227 et
1767 2165 1886 2226 hoc

391 2269 483 2324 est
523 2281 718 2324 causa
745 2281 782 2324 a
813 2263 1170 2344 posteriori,
1203 2270 1261 2324 et
1295 2271 1603 2344 quantum
1639 2264 1712 2325 ad
1749 2281 1880 2325 nos,

468 2362 660 2424 Porro
706 2361 787 2422 ab
839 2361 956 2422 hac
1017 2361 1426 2443 responsione
1475 2362 1729 2423 videtur
1773 2362 1886 2424 ali-

389 2459 664 2542 qualiter
704 2459 1066 2522 discordare
1110 2459 1439 2540 responsio
1482 2458 1746 2532 Alberti,
1793 2460 1884 2522 di—

390 2558 631 2622 centis:
657 2557 1058 2621 Praescientia
1087 2557 1197 2619 Dei
1229 2557 1394 2619 sicut
1423 2565 1485 2619 et
1513 2558 1654 2638 ejus
1685 2559 1886 2620 scien-

389 2656 496 2730 tia,
543 2675 734 2718 causa
783 2663 879 2718 est
922 2657 1342 2742 quarumdam
1389 2675 1598 2718 rerum
1643 2657 1884 2718 sutura-

391 2775 554 2829 rum,
601 2763 664 2817 et
707 2755 1128 2837 quarumdam
1172 2772 1300 2816 non
1342 2763 1439 2816 est
1489 2773 1697 2816 causa.
1745 2755 1880 2817 Non

385 2855 558 2916 enim
605 2854 813 2935 placet
855 2853 1088 2916 solutio
1129 2854 1574 2936 quorumdam,
1621 2855 1883 2916 dicenti—

385 2971 494 3014 um
541 2953 713 3034 quod
755 2951 1022 3014 scientia
1064 2953 1174 3014 Dei
1220 2971 1348 3015 non
1395 2958 1492 3014 est.
1536 2971 1725 3014 causa
1769 2953 1880 3014 ali-

2000 1966 2108 2047 qui
2143 1967 2220 2028 de
2251 1985 2439 2028 causa
2472 1967 2584 2040 rei,
2618 1968 2728 2028 sed
2770 1968 2846 2028 de
2882 1986 3071 2029 causa
3106 1985 3494 2049 conseque-n—

1998 2064 2102 2126 tiae
2149 2082 2162 2126 :
2214 2065 2323 2126 illa
2366 2084 2643 2147 namque
2692 2066 2967 2128 sumitur
3008 2066 3087 2127 ab
3132 2065 3369 2128 effectu
3413 2067 3491 2128 ad

1998 2182 2255 2225 eausam
2294 2172 2355 2226 et
2396 2182 2760 2227 econverso.
2807 2165 3075 2226 Excellit
3118 2173 3333 2227 autem
3376 2163 3495 2226 sci-

1997 2260 2166 2323 entia
2196 2262 2430 2324 summi
2464 2261 2720 2343 opificis
2750 2261 3081 2325 scientiam
3112 2263 3370 2324 humani
3400 2282 3495 2324 ar-

1998 2359 2215 2432 tificis,
2258 2360 2367 2441 qui
2409 2359 2559 2422 licet
2602 2360 3053 2442 praeeoncipiat
3093 2360 3365 2423 formam
3407 2368 3494 2423 to-

1997 2457 2124 2519 tius
2153 2458 2363 2539 operis
2395 2459 2516 2532 sui,
2550 2477 2663 2521 nec
2695 2459 2965 2541 accipiat
2996 2477 3135 2522 eam
3164 2478 3243 2521 ex
3272 2478 3486 2541 opere,

1995 2563 2271 2618 attamen
2322 2557 2522 2619 multa
2573 2556 2862 2619 incidunt
2914 2557 3083 2620 circa
3130 2575 3322 2639 opera
3376 2577 3491 2620 sua

1995 2673 2071 2715 ex
2118 2654 2395 2716 fractura
2446 2655 3015 2719 instrumentorum
3061 2664 3123 2718 et
3168 2656 3489 2738 inaequali-

1995 2760 2119 2815 tate
2151 2754 2452 2827 materiae,
2486 2774 2628 2835 quae
2659 2754 2797 2836 ipse
2828 2771 2952 2817 non
2993 2763 3199 2838 potest
3240 2755 3490 2836 praesei-

1995 2870 2082 2925 re,
2117 2871 2235 2914 nec
2277 2852 2440 2914 valet
2480 2872 2555 2915 ea
2594 2871 2973 2934 cognoscere
3012 2853 3134 2916 nisi
3177 2872 3291 2936 per
3332 2852 3486 2916 effe-

1992 2958 2187 3013 ctum.
2242 2952 2541 3015 Summus
2599 2971 2750 3016 vero
2807 2951 3033 3014 artifex
3092 2971 3219 3015 non
3279 2953 3485 3016 solum

382 3070 656 3135 quorum
711 3071 724 3113 :
777 3051 929 3134 quia
985 3050 1248 3113 scientia
1307 3050 1416 3113 Dei
1478 3059 1682 3133 potest
1741 3069 1880 3113 esse
1917 3051 1960 3114 C
1993 3051 2244 3131 praescit
2300 3067 2491 3112 omne
2550 3051 2720 3133 quod
2780 3050 2933 3113 facit
2990 3059 3055 3114 et.
3111 3050 3321 3127 faciet,
3375 3052 3484 3114 sed

380 3151 642 3233 duplex,
696 3149 1016 3223 videlicet,
1074 3150 1386 3232 simplicis
1444 3150 1880 3230 intelligentia*

379 3256 442 3312 et
471 3248 968 3330 approbationis
1003 3249 1160 3311 Nam
1191 3247 1464 3330 simplex
1497 3249 1720 3311 notitia
1751 3268 1874 3313 non

378 3348 536 3410 dicit
565 3348 856 3410 ordinem
885 3347 964 3408 ad
995 3345 1284 3409 futurum
1323 3347 1677 3410 secundum
1708 3349 1876 3429 quod

377 3455 475 3508 est
505 3447 585 3509 de
615 3446 717 3507 his
749 3464 890 3527 quae
920 3452 1182 3527 possunt
1215 3464 1353 3507 esse
1385 3452 1448 3507 et
1480 3464 1601 3508 non
1637 3455 1825 3508 erunt
1859 3464 1872 3509 :

379 3544 620 3608 idcirco
664 3550 956 3625 respectu
1002 3543 1256 3606 illorum
1299 3561 1427 3605 non
1473 3552 1681 3625 potest
1726 3564 1879 3627 prae-

378 3644 648 3706 scientia
683 3642 830 3704 dici.
866 3641 979 3703 Hic
1018 3648 1232 3703 autem
1265 3642 1408 3723 plus
1439 3643 1765 3724 quaeritur,
1798 3663 1876 3706 an

377 3740 782 3825 praescientia
829 3740 938 3802 Dei
999 3740 1082 3801 sit
1138 3758 1328 3801 causa
1387 3758 1622 3815 rerum,
1685 3759 1876 3823 quam

377 3847 595 3902 utrum
641 3837 926 3900 scientia.
974 3838 1133 3899 Hinc
1178 3837 1335 3899 mihi
1378 3847 1662 3919 apparet,
1708 3841 1875 3921 quod

377 3937 804 4021 quorumdam
845 3938 928 3999 sit
969 3955 1180 4009 causa,
1223 3937 1645 4017 quorumdam
1687 3957 1814 4001 non
1860 3958 1874 4001 :

375 4037 455 4099 ad
501 4035 716 4100 omnia
765 4043 976 4097 tamen
1028 4033 1214 4096 habet
1265 4035 1553 4097 ordinem
1601 4043 1880 4099 anteces-

378 4134 576 4197 sionis
623 4152 699 4196 ac
749 4132 1172 4205 certitudinis,
1218 4138 1286 4193 ut
1333 4132 1594 4215 patebit.
1637 4133 1878 4217 Nempe

1989 3149 2180 3210 etiam
2223 3150 2475 3230 praescit
2513 3149 2827 3231 quidquid
2857 3150 2951 3213 illi
2992 3150 3242 3213 eveniet-
3278 3170 3356 3213 ex
3394 3170 3488 3213 se-

1990 3247 2343 3308 cundarum
2377 3246 2629 3309 defectu
2662 3267 3020 3322 causarum,
3056 3268 3196 3330 quae
3224 3268 3486 3331 operan-

1992 3351 2094 3406 tur
2141 3344 2262 3407 sub
2318 3362 2441 3409 eo:
2495 3345 2650 3407 alias
2701 3346 3073 3427 imperfecta
3122 3356 3286 3410 esset
3344 3348 3483 3428 ejus

1991 3442 2277 3505 scient-ia.
2325 3445 2468 3507 Haec
2510 3444 2827 3507 AlbcrtuS.

2072 3542 2423 3605 Concordat
2462 3543 2790 3605 Udalricus
2833 3544 2899 3605 in
2938 3544 3200 3606 Summa
3237 3564 3371 3619 sua,
3416 3546 3486 3607 li-

1992 3640 2108 3702 bro
2145 3642 2426 3704 secundo
2461 3660 2475 3704 ε
2510 3641 2787 3703 Scientia
2816 3642 3081 3724 (inquit)
3111 3643 3219 3705 Dei
3262 3661 3485 3705 secun-

1991 3739 2144 3800 dum
2190 3739 2498 3801 rationem
2544 3758 2672 3801 suae
2713 3739 3059 3821 prioritatis
3098 3741 3175 3803 ad
3215 3740 3486 3804 effectus

1991 3845 2051 3899 et
2081 3837 2160 3898 ad
2191 3855 2413 3899 omnes
2445 3837 2727 3899 desectus
2759 3838 3130 3913 incidentes,
3155 3839 3487 3922 praescien-

1990 3936 2078 3998 tia
2108 3954 2220 3997 seu
2254 3935 2668 4017 praevidentia
2696 3936 3067 4018 appellatur.
3090 3938 3249 4011 Iden,
3270 3958 3486 4020 quam-

1990 4034 2088 4097 vis
2133 4033 2569 4115 significatum
2614 4034 2807 4114 hujus
2850 4035 3151 4110 nominis,
3194 4036 3482 4112 scientia,

1991 4132 2075 4194 sit
2123 4140 2455 4207 aeternum,
2509 4152 2625 4195 nec
2672 4154 2709 4196 a
2758 4141 3044 4196 creatura
3094 4136 3481 4218 dependenS,

379 4242 450 4295 ut
492 4233 776 4316 loquitur
803 4231 1216 4311 AugustinuS,
1251 4230 1550 4293 Omnium
1591 4252 1731 4314 quae
1773 4252 1877 4295 na·
1909 4239 1959 4300 D
1989 4238 2267 4293 attamen
2304 4232 2544 4294 ratione
2576 4240 2926 4295 connotatae
2954 4234 3484 4316 prioritatis,quae

377 4331 669 4394 tut-aliter
698 4338 868 4403 sunt,
901 4336 962 4391 et
996 4336 1286 4391 naturam
1319 4337 1716 4403 conservant,
1751 4349 1876 4393 non

376 4430 626 4503 vitiant,
675 4428 1076 4511 praescientia
1120 4427 1230 4489 Dei
1279 4436 1376 4489 est
1423 4446 1614 4490 eausa
1661 4448 1878 4511 opera-

373 4530 547 4608 tiva3
582 4527 897 4589 malorum
929 4544 1082 4589 vero
1121 4544 1248 4589 non
1286 4534 1383 4589 est
1421 4545 1630 4599 causa,
1664 4534 1876 4589 tamen

378 4627 756 4711 praeordinat
785 4644 859 4687 ac
889 4623 1194 4707 praevidet
1222 4643 1315 4686 ea.
1351 4625 1470 4688 Sed
1504 4626 1620 4688 hoc
1653 4644 1874 4688 verum

375 4733 494 4798 est,
540 4723 711 4807 quod
763 4721 1192 4784 necessarium
1239 4729 1300 4783 et
1352 4721 1724 4803 contingens
1768 4723 1875 4784 ab-

375 4823 658 4886 solutum
705 4839 832 4884 non
876 4826 1172 4881 causatur
1213 4838 1288 4881 ex
1335 4819 1464 4892 illa,
1511 4820 1618 4882 sed
1665 4822 1874 4902 potius

375 4943 453 4985 ex
495 4920 806 5004 proximis
847 4919 1079 4992 causiS,
1113 4938 1382 5001 quarum
1425 4919 1874 5000 dispositiones

376 5020 670 5103 sequitur
715 5017 1009 5090 effectus„
1060 5016 1210 5100 quia
1257 5017 1679 5079 essentialiter
1727 5026 1875 5079 sunt-

378 5119 444 5180 in
501 5118 762 5180 el'sectu.
813 5151 894 5161 -—
941 5115 1004 5177 Si
1057 5133 1207 5177 vero
1266 5122 1604 5196 quaeratur,
1659 5124 1871 5178 utrum

377 5214 779 5298 praescientia
811 5212 1254 5275 universaliter
1284 5231 1473 5274 causa
1511 5212 1594 5273 sit
1633 5212 1874 5277 futuro-

379 5330 571 5393 rum3
625 5311 770 5373 dico
826 5310 995 5393 quod
1047 5326 1194 5383 non,
1246 5311 1547 5390 quoniam
1599 5329 1724 5374 non
1775 5321 1870 5375 est

1989 4329 2252 4392 relativa
2293 4330 2527 4392 dicitur
2564 4331 2641 4393 ad
2685 4332 3021 4413 posteriuS,
3056 4334 3293 4395 dieitur
3331 4334 3486 4397 rela-

1988 4428 2116 4490 tive
2155 4429 2233 4490 ad
2275 4437 2627 4491 creaturam
2664 4449 2677 4494 :
2711 4430 2855 4493 ideo
2884 4431 2936 4493 si
2970 4432 3161 4495 nullae
3192 4453 3291 4496 res
3332 4433 3485 4495 fuis-

1987 4534 2128 4589 sent
2159 4526 2410 4600 l'uturae,
2444 4546 2571 4590 non
2601 4528 2829 4591 suisset
2860 4530 2923 4591 in
2954 4549 3031 4593 eo
3061 4532 3479 4613 pra-scientia,

1987 4626 2096 4687 sed
2155 4625 2441 4688 scientia.
2502 4626 2630 4689 Nec
2692 4635 2901 4690 tamen
2960 4628 3110 4691 hinc
3169 4630 3478 4711 sequitur,

1987 4724 2155 4806 quod
2200 4724 2465 4786 scientia
2509 4724 2620 4785 Dei.
2665 4726 2746 4787 sit
2790 4745 2935 4788 cum
2987 4734 3273 4809 tempore
3317 4729 3482 4791 sieut

1987 4830 2203 4883 nostra
2236 4838 2250 4883 ε
2285 4822 2436 4903 quia
2469 4840 2667 4902 quum
2707 4823 2941 4885 dicitur
2979 4824 3143 4885 Deus
3185 4825 3348 4889 scire
3383 4826 3479 4888 l'u-

1987 4928 2148 4993 tura,
2198 4928 2449 5002 tempus
2496 4920 2754 5001 ponitur
2802 4920 2890 4982 ibi
2941 4931 3011 4983 ut
3060 4923 3338 4985 condit-io
3387 4926 3477 4987 rei

1985 5018 2180 5091 scine,
2236 5036 2359 5081 non
2410 5018 2669 5081 scientis
2719 5037 2836 5080 nec
2893 5020 3124 5083 divinae
3172 5021 3472 5085 scientiae.

1984 5117 2142 5179 Hinc
2204 5117 2367 5179 Deus
2424 5118 2647 5179 eodem
2710 5117 2897 5180 modo
2962 5118 3280 5199 cognoscit
3342 5138 3477 5182 rem

1983 5235 2181 5297 quum
2229 5223 2345 5286 est,
2392 5216 2555 5275 sicut
2600 5214 2918 5296 praescivit
2962 5215 3259 5279 futuram.
3302 5218 3474 5281 Idem

1983 5312 2267 5393 intellige
2316 5312 2381 5374 in
2431 5312 2850 5394 providentia,
2901 5315 3474 5396 praedestinatione,
