4359 6250
595 500 893 555 omnum
934 500 1126 546 cmx
1171 499 1308 544 sm’r
1350 499 1413 545 m
1455 499 1572 546 nno
1615 499 1934 546 mam-rna
1975 499 2172 554 noun
2216 499 2609 558 exosum-na,
2651 499 2725 544 m·
2765 499 2910 554 oum
2951 501 3042 545 srr
3084 499 3229 546 max
3338 481 3459 544 399

177 687 348 734 mam,
377 677 472 732 tur
519 689 634 753 per
681 671 838 733 illud
885 670 1143 733 Ioannis
1178 687 1192 732 t
1227 669 1401 743 Quod
1451 668 1689 732 factum
1739 675 1856 742 est,
1889 667 1935 731 A
1969 667 2383 750 principium,
2417 668 2527 750 qui
2565 675 2889 750 respectus
2931 666 3337 750 plurificatur
3364 685 3459 728 se-

147 754 174 798 3,
188 753 218 792 4.

375 769 432 830 in
473 768 612 852 ipso
651 770 782 832 vita
819 777 970 832 erat.
1011 769 1256 831 Dicitur
1295 777 1508 831 autem
1555 769 1693 830 idea
1738 768 1858 830 for-

375 886 502 946 ma3
535 877 598 929 et
626 869 976 930 secundum
1017 868 1360 941 Platonem,
1395 867 1600 930 forma
1626 866 1860 928 dicitur

369 968 542 1048 quasi
599 965 756 1029 foris
817 985 1079 1029 manens
1137 985 1250 1048 per
1307 967 1772 1049 separationem
1823 984 1858 1026 a

371 1065 646 1138 materia,
683 1066 746 1128 in
796 1085 922 1148 qua
965 1083 1093 1128 non
1142 1065 1331 1128 habet
1380 1083 1518 1128 esse
1563 1065 1684 1126 nisi
1728 1082 1857 1124 ma-

369 1163 598 1238 teriale,
632 1182 759 1226 non
791 1183 944 1228 vero
972 1164 1238 1227 formale
1272 1182 1285 1226 :
1323 1165 1490 1226 unde
1518 1171 1581 1226 et
1621 1163 1854 1225 formas

368 1261 428 1321 in
459 1263 719 1324 materia
749 1262 1124 1324 exsistentes
1155 1261 1313 1324 dixit
1346 1279 1470 1324 non
1504 1279 1642 1323 esse
1674 1278 1852 1322 veras

368 1357 616 1434 formaS,
657 1360 770 1422 sed
813 1379 1108 1422 verarum
1149 1359 1497 1422 formarum
1544 1357 1852 1440 imagines

368 1466 644 1520 causatas
673 1458 755 1520 ab
789 1459 934 1521 illis.
971 1459 1202 1540 Sicque
1233 1459 1372 1521 idea
1413 1457 1668 1540 proprie
1698 1457 1856 1519 dicit

371 1557 705 1636 practicam
754 1556 1025 1619 formam
1061 1575 1075 1619 :
1109 1565 1170 1620 et
1213 1557 1506 1639 quamvis
1553 1557 1714 1618 Deus
1759 1573 1858 1616 co-

365 1661 616 1732 gnoscat
648 1673 746 1716 res
779 1661 908 1717 tam
938 1654 1215 1737 practica
1243 1674 1436 1736 quam
1467 1654 1858 1736 speculativa

367 1752 740 1832 cognitione,
783 1761 994 1816 tamen
1047 1754 1200 1816 ideae
1250 1753 1506 1835 proprie
1555 1753 1859 1814 dicuntur

1968 765 2249 826 cundum
2312 766 2787 828 multitudinem
2851 765 3377 847 principiatorum
3442 781 3457 826 t

1967 882 2110 944 quae
2159 863 2488 946 pluralitas
2538 872 2633 926 est
2680 872 2925 926 tantum
2978 863 3319 926 multitudo
3370 882 3462 924 ra—

1970 961 2160 1024 tionis
2220 970 2282 1024 et
2342 963 2808 1044 consignificati
2866 983 2944 1024 ex
2994 961 3462 1044 significatione

1968 1060 2156 1122 realis
2199 1061 2523 1124 relationis
2565 1061 2836 1124 aliorum
2878 1062 2956 1123 ad
3002 1062 3232 1144 ipsum.

2048 1159 2328 1232 Qualiter
2366 1167 2580 1221 autem
2627 1179 2754 1222 una
2796 1169 2859 1222 et
2902 1160 3173 1242 simplex
3218 1160 3326 1222 Dei
3372 1179 3466 1222 es-

1969 1256 2174 1318 sentia
2215 1257 2415 1338 possit
2457 1277 2596 1320 esse
2643 1258 2784 1320 idea
2822 1267 2884 1320 et
2934 1258 3261 1340 exemplar
3302 1258 3464 1319 mul-

1970 1360 2176 1417 torum
2217 1374 2288 1417 ac
2319 1356 2741 1430 diversorum,
2774 1357 2833 1418 S.
2871 1357 3207 1440 Dionysius
3238 1358 3463 1440 quinto

1967 1453 2249 1534 capitulo
2307 1455 2384 1516 de
2444 1455 2689 1517 Divinis
2753 1455 3123 1517 nominibus
3188 1455 3464 1518 ostendit

1970 1572 2082 1634 per
2130 1553 2331 1616 multa
2378 1555 2686 1636 exempla.
2740 1555 3021 1617 Primum
3070 1563 3163 1617 est
3216 1555 3280 1616 in
3331 1555 3467 1616 uni-

1967 1659 2114 1725 tate,
2159 1652 2225 1714 in
2274 1672 2402 1734 qua
2448 1653 2657 1715 omnis
2706 1672 3011 1715 numerus
3062 1653 3466 1716 uniformiter

1970 1751 2353 1830 praeexsistit
2400 1758 2463 1812 et
2511 1752 2769 1830 unitur3
2801 1759 2864 1813 et
2910 1753 2977 1814 in
3025 1759 3335 1834 quantum
3382 1751 3463 1814 ab

367 1851 711 1913 secundum
761 1851 1051 1914 notitiam
1103 1853 1466 1933 practicam.
1501 1852 1661 1914 Ideae
1705 1869 1855 1932 ergo
1891 1851 1938 1915 B
1971 1847 2108 1928 ipsa
2168 1849 2477 1931 procedit,
2538 1857 2786 1912 tantum
2846 1851 3219 1912 distrahitur
3276 1859 3339 1912 et
3400 1851 3465 1912 in

365 1956 505 2009 sunt
535 1950 831 2030 practicae
863 1969 1074 2012 rerum
1117 1951 1390 2012 rationes
1423 1950 1488 2011 in
1528 1949 1853 2012 intellectu

363 2046 596 2120 divin0,
630 2049 697 2109 in
728 2067 858 2130 quo
887 2057 1031 2110 sunt
1067 2049 1173 2111 lux
1209 2067 1222 2111 :
1257 2069 1399 2131 quae
1431 2049 1539 2111 lux
1569 2057 1661 2112 est
1697 2068 1855 2130 pura

363 2153 420 2206 et
468 2146 674 2226 prima
730 2146 1082 2209 formarum
1140 2148 1430 2210 omnium
1489 2147 1731 2225 forma3
1787 2148 1852 2208 in

363 2263 482 2324 qua
522 2245 666 2306 luce
703 2253 800 2307 est
839 2247 1151 2328 quidquid
1195 2245 1604 2329 perfectionis
1647 2253 1741 2308 est
1787 2246 1851 2307 in

363 2343 686 2416 creaturiS‚
711 2363 904 2425 quam
937 2363 1128 2406 unam
1159 2353 1221 2406 et
1257 2345 1619 2426 simplicem
1650 2343 1855 2406 diver-

364 2459 442 2502 sae
490 2460 704 2504 rerum
757 2441 1180 2524 perfectiones
1231 2443 1655 2505 diversimode
1707 2442 1853 2503 imi-

367 2545 573 2600 tantur
609 2539 1067 2622 participando.
1104 2541 1263 2603 Hinc
1305 2541 1413 2602 lux
1452 2540 1564 2602 illa
1600 2549 1696 2602 est
1726 2540 1852 2622 pri-

365 2651 460 2697 ma
489 2637 780 2699 omnium
821 2657 1035 2700 rerum
1078 2638 1252 2716 idea;
1285 2645 1349 2701 et
1386 2638 1606 2701 formae
1637 2657 1851 2701 rerum

365 2734 424 2796 in
466 2735 602 2817 ipsa
641 2743 811 2810 sunt,
846 2755 974 2799 non
1013 2755 1129 2819 per
1170 2737 1629 2811 inhaerentiam,
1665 2744 1733 2799 ut
1766 2737 1856 2799 di-

362 2853 554 2898 versae
603 2835 684 2896 ab
731 2855 826 2911 ea,
868 2855 987 2898 nec
1035 2835 1563 2918 compositionem
1612 2835 1856 2897 faciunt

361 2951 503 2995 cum
549 2934 772 2996 eadem
821 2951 836 2994 :
887 2934 1015 2996 imo
1053 2940 1204 2996 sunt
1243 2934 1332 2996 ibi
1384 2953 1497 3016 per
1540 2933 1854 2996 omnimo-

1971 1945 2450 2009 multitudinem
2480 1948 2707 2028 agitur.
2744 1949 3105 2010 Secundum
3144 1956 3260 2022 est,
3294 1949 3462 2030 quod

1965 2052 2257 2106 centrum
2305 2046 2497 2108 habet
2548 2047 2613 2108 in
2672 2066 2739 2108 se
2798 2047 3205 2110 uniformiter
3265 2047 3463 2109 lineas

1963 2144 2291 2206 universas
2325 2165 2465 2226 quae
2493 2145 2575 2207 ab
2606 2146 2743 2227 ipso
2772 2147 2851 2208 ad
2882 2146 3462 2209 circumferentiam

1963 2240 2387 2317 deducuntur,
2436 2262 2511 2305 ac
2559 2251 2799 2325 quanto
2848 2252 2998 2307 sunt
3051 2252 3270 2307 centro
3321 2262 3463 2326 pro·

1965 2340 2360 2422 pinquioreS,
2414 2349 2586 2405 tanto
2645 2343 2787 2424 plus
2845 2351 2908 2405 et
2959 2343 3124 2406 inter
3170 2361 3236 2406 se
3285 2350 3349 2405 et
3398 2344 3462 2404 in

1965 2447 2186 2502 centro
2235 2441 2593 2520 uniuntur3
2634 2450 2696 2504 et
2743 2451 2980 2524 quanto
3029 2443 3173 2526 plus
3222 2443 3460 2505 distant

1965 2556 2002 2598 a
2051 2545 2289 2611 centr0‚
2340 2547 2516 2602 tanto
2564 2540 2709 2622 plus
2759 2541 3135 2623 elongantur
3181 2541 3373 2604 etiam
3426 2560 3463 2602 a

1969 2654 2054 2697 se.
2099 2636 2382 2699 Tertium
2420 2646 2536 2712 est,
2571 2639 2739 2720 quod
2781 2639 2846 2702 in
2886 2640 3062 2701 omni
3104 2647 3328 2702 natura
3376 2646 3466 2703 to-

1969 2740 2204 2807 torum,
2251 2734 2313 2796 id
2362 2743 2458 2797 est
2511 2735 2575 2796 in
2625 2743 2849 2797 natura
2897 2736 3241 2799 universali
3287 2743 3351 2798 et
3389 2736 3465 2816 ,in

1966 2832 2201 2893 virtute
2229 2852 2301 2895 ac
2335 2843 2511 2896 motu
2546 2840 2861 2897 motorum
2893 2835 3248 2898 coelestium
3272 2841 3463 2916 atque

1969 2930 2333 3006 mobilium,
2366 2931 2638 2995 rationes
2679 2933 2905 3026 omnis⁸
2930 2933 3330 3014 particularis
3360 2953 3466 2995 na-

362 3031 501 3093 dam
531 3031 1011 3113 simplicitatem
1041 3040 1230 3114 atque
1262 3032 1672 3095 identitatem.
1697 3033 1858 3094 Hinc
1893 3037 1936 3100 G
1966 3036 2124 3092 'turae
2163 3029 2357 3092 unitae
2396 3037 2565 3118 sugit,
2599 3037 2661 3092 et
2702 3031 3056 3093 secundum
3096 3048 3465 3113 processum

365 3130 464 3193 lux
508 3132 616 3193 illa
655 3140 754 3193 est
792 3133 1008 3195 divina
1047 3132 1338 3195 essentia.
1375 3133 1494 3196 Sed
1527 3132 1679 3214 quia
1716 3132 1858 3194 idea

364 3248 550 3311 super
591 3231 934 3293 essentiam
982 3230 1156 3293 addit
1205 3230 1512 3293 rationem
1562 3230 1858 3313 practicae

363 3326 580 3391 formae
627 3336 692 3390 et
740 3328 1144 3411 exemplariS,
1195 3348 1389 3410 quam
1447 3348 1548 3391 res
1597 3328 1858 3391 diversi-

367 3427 547 3489 mode
608 3426 973 3505 imitantur3
1025 3426 1168 3489 ideo
1227 3434 1484 3509 propter
1541 3427 1856 3489 diversam

367 3525 598 3587 realem
629 3524 1002 3587 relationem
1041 3543 1252 3587 rerum
1283 3525 1361 3587 ad
1397 3525 1622 3607 ipsam,
1656 3526 1860 3587 diver-

366 3641 462 3684 sas
503 3623 860 3705 accipimus
902 3623 1238 3686 relationes
1283 3624 1543 3686 rationis
1586 3625 1654 3686 in
1697 3624 1854 3706 ipsa,

365 3722 716 3784 secundum
746 3740 904 3803 quas
937 3721 1024 3784 ita
1053 3729 1148 3783 est
1178 3722 1538 3784 communis
1567 3722 1710 3785 idea
1738 3740 1864 3785 om-

364 3822 564 3895 nium,
600 3823 768 3905 quod
813 3822 1084 3903 singulis
1121 3830 1218 3884 est
1256 3822 1532 3904 propria.
1569 3822 1743 3884 Unde
1780 3822 1857 3884 ad

141 3928 293 3985 11:⁶21„
307 3942 341 3979 ³.
365 3920 652 3985 llebraeos
695 3919 926 4001 legitur
959 3938 972 3982 :
1008 3920 1156 3982 Fide
1197 3920 1616 4001 intelligimus
1647 3926 1858 4002 aptata

360 4036 495 4080 esse
545 4018 799 4092 saecula,
847 4025 916 4079 ut
960 4036 1038 4079 ex
1089 4017 1528 4079 invisibilibus
1580 4016 1861 4079 visibilia

363 4114 610 4179 fierent.
663 4116 778 4180 Ubi
829 4135 943 4199 per
993 4115 1366 4189 invisibilia,
1415 4116 1861 4197 intelliguntur

1967 3126 2046 3189 ab
2081 3127 2219 3209 ipsa
2246 3128 2780 3191 diversificantur.
2807 3130 3113 3203 Quartum
3145 3138 3261 3204 est,
3298 3130 3466 3213 quod

1970 3226 2034 3287 in
2083 3226 2298 3289 anima
2343 3235 2494 3288 sunt
2533 3228 2938 3290 uniformiter
2982 3246 3203 3291 omnes
3252 3238 3470 3310 poten-

1973 3325 2074 3387 tiae
2115 3325 2351 3407 quibus
2391 3326 2682 3407 providet
2722 3327 2973 3409 corpori
3009 3344 3023 3387 ε
3065 3346 3207 3409 quae
3248 3346 3468 3389 secun-

1969 3426 2123 3486 dum
2167 3441 2537 3508 processum
2580 3424 2659 3487 ab
2701 3426 2935 3500 anima,
2973 3426 3039 3488 in
3082 3426 3332 3489 diversa
3373 3445 3467 3489 or-

1967 3542 2129 3603 gana
2168 3523 2694 3605 multiplicantur.
2729 3524 3031 3597 Quintum
3070 3532 3165 3585 est
3204 3525 3268 3585 in
3310 3526 3463 3599 sole,

1970 3622 2080 3702 qui
2120 3640 2248 3684 uno
2291 3622 2425 3684 solo
2470 3622 2712 3684 lumine
2755 3622 2883 3704 agit
2924 3630 2987 3684 et
3028 3630 3285 3702 generat
3328 3623 3463 3685 haec

1970 3729 2219 3782 'terrena
2254 3738 2268 3781 z
2303 3729 2561 3803 propter
2590 3721 2758 3802 quod
2792 3720 3200 3783 uniformiter
3228 3729 3289 3782 et
3324 3741 3467 3783 cau-

1970 3818 2187 3880 saliter
2214 3818 2534 3900 praehabet
2557 3838 2631 3880 ea
2657 3819 2721 3880 in
2746 3838 2833 3880 se.
2860 3819 2949 3881 Ex
2977 3818 3213 3901 quibus
3238 3820 3302 3881 B.
3329 3819 3469 3882 Dio·

1973 3918 2195 3999 nysius
2228 3917 2551 3980 concludit
2585 3936 2599 3980 :
2634 3918 2825 3998 Magis
2858 3918 2921 3979 in
2957 3936 3147 3979 causa
3176 3917 3465 3979 omnium

1969 4016 2358 4097 exemplaria
2379 4016 2837 4098 -praeexsistunt
2877 4016 3228 4078 secundum
3270 4034 3460 4078 unam

1971 4114 2647 4195 supersubstantialem
2694 4113 3073 4176 unitionem.

359 4215 754 4296 exemplares
815 4214 1176 4295 idealesque
1236 4214 1510 4276 rationes
1569 4214 1857 4276 omnium
1892 4225 1939 4286 D
2050 4213 2354 4275 Praeterea
2411 4214 2573 4275 hanc
2635 4213 2838 4275 ideam
2897 4213 3149 4274 diversa
3203 4214 3465 4276 nomina

363 4332 574 4375 rerum
603 4314 666 4375 in
704 4320 914 4375 mente
945 4312 1182 4385 divina,
1217 4332 1292 4375 ex
1325 4312 1560 4395 quibus
1591 4312 1862 4376 formata

363 4418 510 4473 sunt
545 4412 779 4474 omnia.
817 4411 962 4473 ldea
999 4411 1238 4493 quippe
1283 4412 1620 4492 tripliciter
1659 4412 1860 4473 consi-

363 4509 632 4572 deratur.
666 4511 900 4583 Primo,
934 4510 1286 4572 secundum
1319 4510 1383 4571 id
1412 4511 1582 4592 quod
1617 4518 1714 4571 est
1747 4528 1760 4571 :
1795 4517 1860 4571 et

364 4610 454 4669 sic
501 4618 598 4671 est
647 4629 774 4672 una
822 4628 896 4671 ac
946 4610 1218 4690 simplex
1268 4608 1377 4670 De‘i
1428 4609 1720 4671 essentia.
1757 4608 1859 4671 Se-

366 4709 592 4779 cundo,
624 4716 813 4790 prout
845 4715 939 4770 est
968 4707 1294 4787 objectum
1327 4708 1621 4789 practicae
1652 4708 1860 4789 cogni-

369 4806 556 4868 tionis
588 4824 603 4867 :
636 4806 858 4887 sicque
901 4824 1119 4868 rursus
1158 4814 1253 4867 est
1295 4826 1418 4867 una
1460 4806 1525 4868 in
1567 4808 1713 4880 Deo,
1748 4806 1858 4888 qui

369 4904 548 4985 plura
583 4906 743 4985 (imo
781 4912 846 4967 et
882 4903 1123 4983 omnia)
1163 4922 1290 4965 uno
1329 4911 1473 4965 actu
1514 4905 1855 4985 cognoscit.

367 5002 594 5077 Tertio,
647 5012 718 5065 ut
765 5011 864 5065 est
912 5022 1102 5065 causa
1151 5002 1532 5083 exemplaris
1587 5021 1601 5064 ε
1654 5012 1718 5066 et
1767 5004 1858 5065 sic

368 5102 696 5182 pluraliter
722 5101 1146 5183 significatur,
1181 5101 1484 5182 quoniam
1517 5120 1643 5164 non
1675 5102 1862 5183 signi-

370 5197 600 5261 ficatur
635 5200 990 5262 secundum
1031 5200 1094 5261 id
1134 5200 1303 5281 quod
1343 5208 1459 5274 est,
1494 5200 1604 5261 sed
1640 5220 1860 5263 secun-

370 5297 522 5358 dum
587 5304 946 5379 respectum
1007 5297 1086 5360 ad
1147 5316 1222 5360 ea
1277 5314 1550 5379 quorum
1613 5298 1859 5360 exsistit

1971 4319 2471 4392 consequuntur,
2524 4312 2674 4392 quia
2732 4319 2991 4373 vocatur
3049 4310 3207 4385 idea,
3260 4331 3469 4374 exem-

1971 4410 2129 4490 plar,
2184 4410 2363 4483 rati0,
2416 4410 2682 4490 specieS,
2743 4409 3129 4491 paradigma,
3185 4412 3464 4473 mundus

1969 4510 2369 4591 archetypus.
2418 4508 2692 4571 Vocatur
2733 4528 3009 4590 namque
3056 4508 3217 4580 idea,
3264 4510 3327 4571 id
3369 4518 3465 4571 est

1973 4607 2177 4687 prima
2210 4605 2413 4669 forma
2439 4606 2635 4688 (sicut
2666 4608 2772 4687 ὕλη
2806 4615 3068 4669 vocatur
3100 4607 3305 4689 prima
3338 4628 3465 4670 ma-

1971 4706 2175 4786 teria),
2221 4706 2372 4788 quia
2419 4706 2560 4769 idea
2606 4714 2703 4768 est
2749 4706 2952 4769 forma
2998 4707 3287 4768 omnium
3338 4706 3461 4769 for-

1971 4824 2242 4879 marum,
2303 4804 2489 4887 cujus
2558 4806 3040 4888 participatione
3107 4804 3457 4867 formalitas

1967 4903 2270 4966 omnibus
2308 4904 2401 4965 eis
2442 4905 2637 4981 inest3
2670 4903 3011 4985 exemplar,
3042 4902 3107 4963 in
3149 4910 3454 4983 quantum

1971 5003 2172 5084 ipsam
2206 5004 2420 5066 omnia
2448 5002 2779 5064 imitantur
2791 5019 2808 5080 ;
2842 5001 3021 5074 ratic,
3048 5002 3111 5062 in
3142 5009 3453 5082 quantum

1967 5110 2063 5163 est
2087 5101 2444 5165 similitudo
2469 5120 2683 5163 rerum
2711 5099 2775 5161 in
2803 5099 3162 5178 intellectu;
3185 5100 3453 5181 ερθθίθε,

1969 5202 2034 5263 in
2067 5208 2377 5283 quantum
2406 5207 2502 5261 est
2536 5198 2816 5261 medium
2859 5198 3318 5279 cognoscendi3
3352 5218 3457 5280 pa-

1967 5299 2271 5380 radigma,
2334 5298 2399 5359 in
2461 5305 2769 5379 quantum
2832 5296 3185 5359 secundum
3244 5315 3454 5381 respe-
