4359 6250
168 1465 322 1507 haam.

138 1535 172 1580 2,
187 1537 228 1574 ὁ.

1342 489 1518 536 1.th
1560 490 1581 535 1
1623 487 2104 538 SENTENTIARUH.
2150 510 2231 520 -
2271 491 2422 538 msr.
2469 491 2569 537 xu

3385 467 3506 536 527

399 659 500 722 die
529 658 782 740 judicii.
816 659 960 724 Haec
1003 660 1216 743 itaque
1247 662 1514 744 quaestio
1555 681 1679 726 non
1719 662 1901 726 intel·
1930 661 1981 725 A
2007 663 2211 743 gnitio
2244 681 2261 742 ;
2322 661 2789 746 praedestinatio
2848 668 3084 734 autem,
3146 680 3346 744 quum
3420 660 3503 722 sit

400 758 619 838 ligitur
661 759 740 820 de
787 758 950 821 libro
990 760 1136 821 vitae
1175 767 1432 842 sumpto
1470 761 1751 823 secundo
1793 768 1902 822 aut

399 857 588 920 tertio
637 857 849 933 modo,
887 859 998 920 sed
1041 858 1270 940 primo.
1305 895 1386 905 -
1422 860 1637 942 Itaque
1685 859 1903 921 adver-

395 956 688 1029 tendum,
731 956 900 1038 quod
951 957 1230 1038 cognitio
1277 958 1622 1040 dupliciter
1666 957 1902 1019 dicitur

399 1053 565 1116 liber
601 1054 770 1116 vitae.
805 1053 1038 1130 Primo,
1071 1056 1374 1138 quoniam
1422 1057 1558 1139 ipsa
1600 1057 1768 1119 actio
1812 1056 1903 1118 in-

399 1153 696 1215 tellectus
734 1161 829 1215 est
861 1154 992 1216 vita
1027 1161 1090 1216 et
1121 1155 1336 1217 vivere
1376 1156 1694 1237 quoddam
1732 1173 1745 1216 :
1780 1156 1900 1218 sic-

398 1272 525 1333 que
567 1252 786 1316 divina
829 1253 1108 1334 cognitio
1149 1254 1385 1316 dicitur
1431 1254 1594 1317 liber
1635 1255 1802 1328 vita»,
1837 1255 1900 1316 id

399 1357 496 1414 est
547 1349 714 1413 liber
761 1351 874 1432 qui
921 1359 1016 1413 est
1063 1352 1194 1414 vita
1245 1361 1536 1434 respectu
1585 1353 1896 1426 omnium,

345 1481 374 1515 ι,
402 1449 710 1530 quoniam
759 1450 976 1512 omnia
1018 1469 1160 1532 quae
1202 1458 1351 1512 sunt
1393 1450 1578 1524 facta,
1612 1460 1791 1514 erant
1838 1459 1902 1514 et

402 1555 552 1609 sunt
584 1547 716 1610 vita
748 1549 813 1610 in
847 1548 1004 1631 ipso.
1041 1550 1354 1623 Secundo,
1379 1550 1595 1612 divina
1625 1551 1902 1631 cognitio

399 1646 644 1708 dicitur
694 1647 855 1709 liber
903 1648 1049 1710 vitae
1099 1647 1166 1709 in
1215 1655 1525 1730 quantum
1579 1649 1900 1729 cognoscit

400 1762 508 1806 eos
557 1764 720 1826 quos
767 1745 1240 1827 praedestinavit
1278 1747 1358 1808 ad
1401 1747 1596 1809 vitam
1633 1765 1647 1809 ε
1679 1747 1902 1829 sicque

2011 762 2407 843 propositum
2455 761 2821 834 miserendi,
2863 761 3257 823 voluntatem
3309 759 3505 821 inclu-

2011 860 2119 922 dit.
2156 861 2467 936 Secundo,
2504 860 2654 943 quia
2690 859 3041 923 secundum
3087 859 3375 922 ordinem
3416 857 3506 918 in-

2009 959 2361 1040 telligendi,
2398 959 2559 1022 liber
2586 959 2733 1022 vitae
2765 959 3064 1042 praecedit
3101 957 3504 1040 praedestina·

2011 1058 2249 1120 tionem
2285 1076 2299 1120 ε
2335 1059 2485 1140 quia
2514 1059 2868 1124 secundum
2909 1057 3303 1120 intellectum
3336 1056 3503 1118 Deus

2009 1157 2189 1237 eligit
2236 1157 2437 1239 priuS,
2480 1166 2541 1220 et
2588 1157 2934 1220 electorum
2984 1156 3240 1219 firmam
3290 1156 3503 1238 cogni-

2010 1255 2249 1318 tionem
2299 1255 2509 1330 habet,
2555 1275 2629 1318 ac
2680 1256 3085 1338 postmodum
3128 1255 3220 1317 sic
3267 1255 3501 1317 electos

2009 1372 2081 1415 ac
2122 1353 2399 1416 firmiter
2430 1355 2715 1435 cognitos
2755 1355 2997 1416 salvare
3041 1354 3337 1436 proponit
3368 1353 3501 1415 sive

2001 1452 2435 1534 praedestinat.
2469 1452 2677 1516 Tertio
2712 1452 3026 1515 differunt
3059 1470 3251 1534 penes
3286 1469 3501 1513 causa-

2011 1550 2255 1614 litatem
2308 1569 2322 1613 :
2375 1570 2521 1613 nam
2582 1551 2745 1613 liber
2792 1551 2937 1614 vitae
2983 1568 3111 1613 non
3160 1558 3256 1611 est
3314 1568 3503 1611 causa

2012 1649 2379 1713 immediata
2417 1669 2611 1733 quare
2640 1650 2837 1732 aliqui
2868 1649 3329 1712 beatitudinem
3360 1667 3503 1710 con-

2011 1756 2378 1830 sequantur,
2414 1749 2521 1811 sed
2556 1749 2655 1811 vel
2686 1757 2781 1810 est
2810 1767 3001 1810 causa
3028 1748 3166 1810 sine
3196 1767 3321 1829 qua
3350 1765 3500 1821 non,

399 1843 464 1905 in
509 1842 680 1906 libro
709 1845 856 1907 vitae
897 1863 1024 1908 non
1063 1854 1212 1908 sunt
1252 1863 1474 1910 omnes
1511 1847 1756 1929 scripti,
1791 1847 1902 1909 sed
1935 1849 1980 1910 B
2013 1847 2110 1908 vel
2143 1865 2331 1908 causa
2364 1847 2679 1910 mediante
2711 1847 3070 1924 voluntate3
3104 1845 3507 1928 praedestina·

399 1944 608 2007 solum
656 1945 1104 2026 praedestinati.
1139 1945 1682 2019 Quemadmodum
1725 1947 1900 2009 enim

401 2061 508 2104 rex
541 2051 647 2105 aut
691 2043 820 2105 dux
851 2043 1167 2106 exercitus
1199 2045 1434 2106 milites
1467 2044 1758 2107 fortiores
1789 2045 1902 2106 eli-

398 2141 512 2223 git,
545 2150 740 2224 atque
773 2150 842 2203 ut
881 2161 989 2205 eos
1032 2143 1231 2224 magis
1271 2143 1638 2206 memoriter
1667 2152 1898 2217 teneat,

401 2240 721 2303 conscribi
771 2257 878 2302 eos
938 2240 1092 2303 facit
1150 2241 1212 2302 in
1267 2240 1452 2316 libro,
1503 2242 1902 2325 scriptosque

405 2337 600 2399 mittit
657 2339 736 2400 ad
793 2337 1076 2419 bellum3
1128 2339 1220 2400 sic
1269 2340 1435 2402 Deus
1482 2349 1627 2403 ante
1677 2341 1900 2403 mundi

401 2437 924 2499 constitutionem
967 2438 1158 2520 elegit
1194 2439 1432 2520 quibus
1471 2438 1760 2502 misereri
1797 2459 1902 2504 vo-

402 2534 594 2609 lebat,
646 2543 709 2597 et
767 2536 1070 2618 quoniam
1129 2553 1237 2600 eos
1290 2536 1568 2600 firmiter
1613 2547 1785 2601 tenet
1837 2548 1900 2601 et

397 2632 590 2696 habet
637 2635 704 2695 in
746 2653 862 2696 sua
905 2636 1290 2716 cognitione,
1322 2637 1558 2698 dicitur
1595 2655 1702 2700 eos
1749 2638 1900 2701 scri-

397 2732 603 2813 psisse
648 2733 713 2795 in
761 2732 926 2797 libro
969 2734 1133 2797 vitae.

475 2831 694 2912 ltaque
748 2831 910 2896 liber
950 2832 1098 2896 vitae
1145 2832 1367 2895 differt
1412 2853 1449 2896 a
1497 2833 1899 2915 praedestina-

2011 1944 2099 2006 tio
2137 1953 2373 2018 autem,
2415 1945 2745 2027 potissime
2790 1951 2975 2027 prout
3020 1944 3177 2007 dicit
3218 1944 3504 2027 proposi-

2012 2050 2146 2104 tum
2184 2044 2548 2117 miserendi,
2581 2051 2677 2107 est
2704 2043 3083 2125 simpliciter
3113 2062 3304 2106 causa
3331 2043 3501 2125 quod

2010 2141 2211 2223 aliqui
2260 2141 2623 2222 diriguntur
2656 2142 2734 2212 jn
2784 2143 2978 2205 vitam
3039 2149 3102 2205 et
3153 2142 3497 2205 salvantur.

2009 2241 2242 2313 Quarto
2290 2240 2622 2315 differunt,
2658 2242 2959 2324 quoniam
3015 2242 3231 2324 plures
3279 2242 3500 2324 scripti

2011 2346 2154 2401 sunt
2191 2339 2254 2401 in
2289 2339 2453 2402 libro
2483 2340 2627 2403 vitae
2655 2358 2845 2422 quam
2877 2340 3007 2402 sint
3037 2339 3499 2422 praedestinati:

2010 2438 2159 2520 quia
2226 2457 2352 2500 non
2416 2438 2620 2501 solum
2683 2439 2974 2520 adepturi
3038 2437 3327 2520 gloriam,
3391 2437 3501 2500 sed

2007 2537 2201 2599 etiam
2250 2536 2515 2619 gratiam
2564 2537 2875 2618 adepturi,
2910 2537 3202 2619 quamvis
3244 2556 3385 2600 eam
3430 2536 3505 2599 ri-

2009 2635 2237 2698 naliter
2284 2625 2729 2698 amissuri.'—
2771 2636 2915 2699 Haec
2952 2635 3259 2717 AEgidius.

2086 2733 2172 2795 De
2204 2734 2369 2804 libro
2400 2735 2661 2796 demum
2692 2734 2837 2796 vitae
2866 2734 3087 2797 scribit
3130 2734 3501 2816 plenissime

2004 2833 2373 2907 Alexander,
2392 2841 2455 2896 et
2486 2833 2719 2895 multas
2748 2833 2917 2895 circa
2946 2833 3065 2894 hoc
3098 2841 3311 2896 movet
3341 2852 3503 2915 quae·

395 2929 569 2991 tione
627 2929 692 2990 in
754 2937 1044 3011 quatuor.
1097 2930 1328 3005 Prim0,
1379 2931 1681 3013 quoniam
1736 2931 1896 2993 liber
2003 2931 2263 3004 stiones,
2283 2951 2424 3014 quae
2455 2930 2897 3014 opportuniori
2929 2932 3325 2994 reservanda)
3355 2938 3504 2993 sunt

397 3026 544 3090 vitae
582 3035 828 3110 spectat
862 3029 941 3090 ad
984 3027 1402 3104 intellectum,
1437 3048 1636 3110 quum
1676 3028 1758 3090 sit
1797 3047 1896 3091 co-
1923 3027 1966 3092 C
2011 3033 2166 3093 loco.
2626 3027 2629 3030 ’

1315 3444 2225 3563 DISTINCTIO
2336 3450 2597 3561 XLI

664 3795 748 3857 A.
809 3796 1070 3859 Utrum
1116 3798 1419 3872 aliquod
1463 3797 1564 3859 sit
1606 3795 1965 3858 meritum
2013 3793 2529 3856 obdurationis
2574 3791 2647 3853 et
2689 3795 3251 3858 misericordiae.

632 4024 664 4088 I
701 4026 922 4088 autem
962 4025 1324 4106 quaerimus
1361 4027 1672 4089 meritum
1711 4024 2161 4088 obdurationis
2200 4025 2265 4088 et
2302 4022 2769 4088 misericordiae
2813 4044 2829 4086 :
2870 4024 3323 4089 obdurationis
3369 4043 3509 4089 me-

427 4020 618 4328 S
659 4142 864 4205 ritum
902 4141 1314 4223 invenimu83
1355 4142 1820 4205 misericordiae
1851 4142 2072 4205 autem
2113 4141 2423 4205 meritum
2461 4157 2594 4203 non
2634 4140 3032 4221 invenimuS,
3064 4142 3221 4221 quia
3248 4141 3507 4206 nullum

660 4260 763 4322 est
809 4257 1274 4322 misericordiae
1323 4259 1658 4338 meritum,
1699 4276 1780 4321 ne
1835 4258 2045 4339 gratia
2091 4258 2463 4335 evacuetur,
2506 4256 2564 4319 si
2621 4273 2753 4319 non
2807 4257 3011 4337 gratis
3056 4257 3359 4337 donatur,
3392 4260 3509 4322 sed

401 4376 660 4439 meritis
710 4374 1024 4439 redditur.
1065 4375 1414 4439 Miseretur
1464 4376 1683 4456 itaque
1739 4375 2102 4456 secundum
2158 4373 2460 4455 gratiam,
2497 4390 2647 4454 quae
2698 4374 2903 4454 gratis
2957 4373 3185 4456 datur3
3231 4373 3509 4438 obdurat

400 4494 626 4556 autem
683 4492 1048 4555 secundum
1093 4492 1446 4571 judicium,
1492 4491 1670 4572 quod
1717 4490 1972 4554 meritis
2023 4490 2337 4555 redditur.
2382 4488 2567 4553 Unde
2623 4488 2817 4553 datur
2871 4489 3174 4571 intelligi,
3217 4492 3291 4553 ut
3334 4490 3507 4554 sicut
3566 4510 3783 4585 ‘Aug-na

401 4608 778 4690 reprobatio
817 4608 940 4671 Dei
977 4609 1076 4672 est
1114 4607 1288 4671 nolle
1323 4608 1644 4687 misereri,
1678 4608 1769 4669 ita
1799 4605 2141 4670 obduratio
2180 4604 2305 4668 Dei
2334 4605 2422 4668 sit
2456 4622 2591 4668 non
2630 4606 2949 4687 misereri,
2990 4608 3066 4670 ut
3101 4624 3233 4670 non
3270 4606 3352 4670 ab
3390 4606 3504 4669 illo
3530 4572 3798 4691 ῗῖξῗρὲῗζῗ

401 4725 732 4806 irrogetur
759 4724 1010 4805 aliquid
1048 4741 1179 4805 quo
1210 4725 1298 4788 sit
1333 4725 1534 4787 homo
1564 4723 1868 4802 deterior,
1903 4722 2019 4786 sed
2055 4723 2313 4784 tantum
2343 4738 2475 4802 quo
2506 4722 2595 4785 sit
2631 4722 2866 4786 melior
2901 4740 3033 4785 non
3063 4724 3383 4803 erogetur.
3416 4758 3505 4767 -
3532 4700 3571 4747 ²*
3593 4711 3637 4741 ¹¹·
3662 4702 3727 4741 ¹⁵·

399 4842 506 4904 Ex
547 4842 656 4903 his
689 4842 911 4923 aperte
950 4841 1337 4919 ostenditur,
1371 4840 1532 4921 quid
1568 4839 2108 4918 misericordiam,
2151 4838 2313 4919 quid
2355 4837 2855 4902 obdurationem
2892 4838 3289 4901 intellexerit
3328 4838 3507 4919 Apo·
3532 4861 3799 4913 ammas.

401 4957 660 5037 stolus;
693 4958 760 5020 et
804 4958 961 5037 quia
998 4956 1448 5020 misericordia
1484 4955 1741 5019 nullum
1780 4956 2055 5019 advocat
2097 4955 2433 5035 meritum,
2470 4954 2814 5017 obduratio
2852 4971 3006 5016 vero
3049 4971 3180 5016 non
3220 4954 3319 5017 est
3362 4955 3505 5019 sine

405 5074 668 5138 meritc.
709 5074 792 5136 Et
823 5072 1288 5137 misericordiae
1327 5072 1525 5136 verbo
1563 5073 1671 5136 hic
1708 5072 2028 5153 accipitur
2062 5071 2576 5153 praedestinatio,
2611 5072 2676 5133 et
2712 5070 3041 5152 praecipue
3082 5069 3507 5152 praedestina-

403 5191 610 5254 tionis
638 5190 950 5270 effectus;
991 5188 1444 5253 obdurationis
1480 5206 1658 5269 vem,
1691 5205 1823 5252 non
1861 5189 2006 5270 ipsa
2031 5189 2154 5252 Dei
2192 5190 2436 5252 aeterna
2465 5186 2859 5269 reprobatiO,
2882 5187 3039 5268 quia
3066 5186 3210 5266 ejus
3246 5187 3505 5251 nullum

407 5309 510 5372 est
545 5308 882 5387 meritum,
914 5306 1031 5371 sed
1067 5306 1292 5388 gratiae
1323 5306 1603 5388 privatio
1641 5306 1781 5368 sive
1809 5304 2191 5384 subtracti0‚
2213 5321 2361 5385 quae
2385 5304 2875 5387 quodammodo
2904 5306 3005 5367 est
3030 5303 3507 5386 reprobationis
