4359 6250
639 1497 711 1552 Cf.
741 1498 846 1541 dist.

582 1574 710 1612 xxxv,
739 1574 782 1616 q.
807 1565 846 1612 l,

583 1626 668 1667 etc.

871 500 991 568 422
1080 523 1086 531 ·

1480 520 1546 568 IN
1583 520 1804 566 LIBRUM
1848 520 1869 565 1
1911 518 2391 566 SENTENTIARUM.
2436 537 2517 550 --
2558 517 2709 565 msr.
2756 518 2986 582 xxxvl;
3030 519 3253 574 QUAEST.
3298 517 3360 564 lv

877 691 1228 754 secundum
1273 691 1582 754 rationem
1625 692 1702 753 ad
1747 690 1971 765 ideata,
2017 707 2144 752 non
2193 690 2369 753 attri-
2397 690 2446 754 A
2480 691 2831 752 secundum
2863 710 3025 766 eam,
3061 691 3226 753 Deus
3266 708 3392 753 non
3425 697 3833 771 cognosceret
3863 708 3967 751 na-

876 789 1053 862 buta,
1105 788 1230 850 nisi
1281 788 1444 852 sorte
1491 809 1566 852 ex
1618 789 2050 872 consequenti.
2097 825 2178 835 —
2226 789 2369 852 Haec

878 887 1245 950 Richardus.

955 1085 1126 1148 Ultra
1187 1093 1630 1168 proponuntur
1688 1085 1794 1147 hic
1852 1086 2233 1168 quaestiones
2292 1087 2368 1148 de

876 1184 1236 1264 cognitione
1277 1192 1339 1246 et
1379 1183 1646 1246 scientia
1674 1183 1808 1258 Dei,
1841 1192 1899 1245 et
1932 1184 2206 1265 qualiter
2236 1203 2367 1246 om-

875 1281 982 1342 nia
1015 1281 1308 1344 dicantur
1341 1301 1478 1344 esse
1518 1281 1582 1342 in
1618 1282 1764 1344 Deo.
1801 1282 1888 1344 De
1925 1282 2163 1364 quibus
2201 1303 2371 1364 quae-

875 1379 1190 1441 stionibus
1218 1379 1351 1460 jam
1382 1379 1550 1440 dicta
1587 1387 1736 1441 sunt
1767 1380 1986 1454 multa,
2020 1380 2317 1443 videlicet
2351 1399 2365 1443 τ

877 1477 1150 1559 qualiter
1196 1478 1362 1540 Deus
1410 1485 1638 1539 cuncta
1686 1479 1958 1560 positiva
2004 1479 2195 1541 etiam
2246 1480 2372 1541 sin-

875 1576 1120 1658 gularia
1147 1576 1628 1638 distinctissime
1657 1596 1730 1639 ac
1761 1576 2225 1659 perfectissime
2260 1596 2369 1640 no-

835 1737 840 1744 ,
875 1675 1017 1748 scit,
1050 1682 1114 1737 et
1153 1675 1426 1757 qualiter
1464 1675 1618 1736 sciat
1661 1675 1845 1748 mala,
1880 1683 1943 1736 et
1981 1676 2369 1758 privat-iones

873 1782 1064 1857 atque
1114 1773 1480 1854 negationes
1519 1792 1536 1852 3
1587 1775 2124 1855 quemadmodum
2173 1776 2365 1837 etiam

873 1873 1089 1934 omnia
1132 1873 1258 1933 sint
1303 1873 1368 1934 in
1408 1873 1535 1934 Deo
1575 1873 1740 1934 sicut
1782 1881 2107 1935 causatum
2149 1874 2213 1934 in
2254 1895 2367 1937 sua
2404 1876 2451 1938 B
2481 1879 2705 1960 probat
2754 1897 2868 1960 per
2914 1878 3070 1940 illud
3121 1879 3294 1941 lsaiae
3338 1899 3351 1942 :
3392 1879 3567 1941 Sicut
3617 1879 3976 1941 exaltantur
4024 1903 4084 1948 ιε.
4110 1905 4223 1950 ηε.

873 1989 1084 2045 causa,
1126 1977 1190 2032 et
1228 1970 1394 2032 sicut
1443 1971 1767 2052 cognitum
1815 1971 1878 2032 in
1923 1981 2365 2052 cognoscente,

873 2076 936 2130 et
962 2068 1122 2130 sicut
1159 2068 1366 2130 media
1393 2068 1459 2130 in
1485 2068 1712 2131 ultimo
1737 2069 2096 2151 fine,atque
2125 2079 2195 2132 ut
2226 2089 2370 2133 con-

873 2174 1196 2229 servatum
1245 2167 1311 2228 in
1363 2185 1551 2229 causa
1603 2174 2037 2242 conservante,
2088 2175 2146 2230 et
2204 2169 2370 2230 sicut

874 2265 1307 2347 exemplatum
1351 2264 1416 2325 in
1460 2283 1650 2327 causa
1696 2267 2040 2348 exemplari
2085 2267 2371 2330 idealiter

876 2365 1283 2447 producente.
1357 2364 1444 2426 De
1511 2363 1610 2426 his
1678 2371 1888 2427 autem
1957 2365 2090 2446 jam
2155 2365 2371 2447 aliqua

873 2463 1120 2524 addam.

954 2562 1170 2642 ltaque
1227 2560 1305 2622 de
1362 2561 1482 2640 hoc
1543 2561 1766 2623 scribit
1814 2562 2084 2624 Thomas
2129 2581 2141 2624 :
2184 2562 2370 2625 Com-

876 2667 1192 2722 mentator
1244 2659 1582 2722 undecimo
1623 2661 2066 2743 Metaphysicae
2117 2661 2371 2724 videtur

874 2776 1173 2838 expresse
1215 2777 1254 2820 a
1296 2758 1424 2821 Deo
1467 2777 1694 2838 negare
1737 2759 2219 2840 particularium
2265 2778 2371 2823 co-

873 2856 1250 2938 gnitionem,
1303 2856 1427 2918 nisi
1477 2855 1542 2918 in
1601 2864 1910 2938 quantum
1968 2865 2116 2920 sunt
2175 2859 2365 2921 entia.

875 2955 1198 3019 Avicenna
1257 2972 1406 3016 vero
1464 2963 1527 3016 et
1584 2954 1832 3036 Algazel
1894 2956 2136 3031 dicunt,
2202 2958 2371 3038 quod

2476 798 2707 864 turam,
2761 791 3213 872 proprietatem
3262 799 3323 853 et
3370 808 3629 853 omnem
3676 789 3968 852 acciden-

2476 889 2665 952 talem
2719 889 3205 972 dispositionem
3264 889 3687 970 singularium
3753 907 3967 951 rerum

2477 992 2793 1055 distincte.
2840 1029 2921 1038 —
2965 993 3126 1055 Hinc
3168 993 3300 1066 alii,
3344 1001 3415 1053 ut
3457 991 3657 1055 Rabbi
3702 993 3966 1075 Moyses,

2479 1099 2829 1173 posuerunt.
2850 1092 3019 1173 quod
3047 1091 3212 1153 Deus
3244 1089 3361 1153 scit
3392 1089 3741 1171 singularia
3770 1089 3973 1171 perfe-

2478 1189 2799 1268 ctissime3
2840 1197 2903 1251 et
2945 1189 3162 1252 omnia
3192 1189 3257 1252 in
3291 1189 3679 1252 contrarium
3720 1188 3975 1269 objecta

2477 1289 2753 1362 solvunt,
2815 1289 3085 1351 dicendo
3142 1289 3311 1370 quod
3383 1287 3649 1351 scientia
3705 1286 3819 1349 Dei
3877 1295 3974 1349 est

2476 1386 2801 1468 aequivoca
2840 1386 3123 1449 scientiae
3160 1394 3389 1449 nostrae
3432 1405 3445 1450 :
3488 1395 3825 1468 propterea
3862 1404 3975 1468 per

2479 1484 2873 1547 conditiones
2912 1484 3193 1546 scientiae
3235 1492 3465 1547 nostrae
3502 1484 3665 1546 nihil
3707 1501 3975 1564 arguere

2479 1601 2821 1664 possumus
2859 1583 2938 1645 de
2976 1583 3242 1646 scie-ntia
3282 1584 3414 1645 Dei.
3454 1585 3590 1646 lmo
3628 1583 3795 1646 sicut
3834 1602 3975 1645 esse

2478 1682 2612 1755 Dei,
2648 1681 2733 1743 ita
2770 1689 2834 1743 et
2874 1682 3139 1744 scientia
3176 1682 3317 1763 ejus
3357 1683 3611 1763 penitus
3650 1682 3837 1744 nobis
3880 1683 3975 1744 in-

2478 1779 3075 1861 comprehensibilis
3122 1788 3235 1842 est.
3280 1781 3454 1853 Quod
3494 1779 3690 1842 Rabbi
3728 1781 3974 1863 Moyses

2480 1977 2623 2039 coeli
2656 1996 2692 2040 a
2725 1985 2909 2050 terra,
2945 1976 3036 2039 sic
3066 1977 3351 2040 exaltatae
3382 1983 3529 2038 sunt
3562 1977 3974 2058 cogitationes

2480 2093 2637 2136 meae
2673 2094 2710 2136 a
2746 2074 3237 2154 cogitationibus
3276 2075 3522 2136 vestris.
3568 2074 3645 2136 Et
3680 2075 3977 2157 quamvis

2479 2171 2648 2233 istud
2698 2172 2779 2233 sit
2826 2190 3071 2244 verum,
3112 2179 3361 2253 oportet
3408 2179 3617 2235 tamen
3670 2173 3815 2254 plus
3864 2173 3977 2234 ali-

2481 2269 2633 2351 quid
2672 2270 2903 2332 addere
2938 2289 2951 2332 :
2986 2270 3136 2351 quia
3165 2270 3431 2333 scientia
3468 2278 3684 2333 nostra
3724 2291 3850 2334 non
3882 2279 3979 2333 est

2481 2367 2737 2449 penitus
2780 2367 3103 2449 aequivoca
3144 2369 3427 2432 scientiae
3470 2369 3604 2444 Dei,
3650 2371 3763 2432 sed
3802 2369 3975 2432 illam

2479 2466 2842 2548 aliqualiter
2872 2466 3178 2540 imitatur,
3204 2475 3267 2530 et
3296 2487 3410 2550 per
3439 2487 3575 2531 eam
3606 2469 3823 2552 aliquo
3854 2487 3981 2532 mo-

2482 2565 2561 2626 do
2602 2565 2981 2626 devenimus
3028 2566 3091 2627 in
3136 2565 3469 2629 scientiam
3517 2567 3649 2630 Dei.

2562 2663 2913 2726 Dicendum
2983 2671 3074 2725 est
3144 2683 3315 2746 erg0‚
3376 2665 3556 2747 juxta
3620 2667 3976 2730 doctrinam

2483 2761 2542 2824 S.
2596 2761 2879 2846 Dionysii
2932 2762 3205 2844 septimo
3258 2763 3537 2845 capitulo
3596 2766 3673 2828 de
3733 2764 3979 2827 Divinis

2482 2859 2877 2934 nominibuS,
2929 2862 3100 2943 quod
3159 2881 3359 2943 quum
3416 2864 3583 2925 Deus
3642 2873 3983 2944 cognoscat

2484 2977 2582 3020 res
2636 2977 2750 3040 per
2799 2977 2978 3021 suam
3030 2961 3396 3034 essentiam,
3450 2981 3591 3042 quae
3643 2980 3833 3024 causa
3886 2969 3982 3024 est

875 3055 1042 3116 Deus
1093 3053 1418 3135 cognoscit
1465 3052 1810 3134 singularia
1857 3054 2303 3118 universaliter
2356 3061 2449 3126 :C
2484 3076 2721 3131 rerum,
2777 3057 3000 3118 eodem
3056 3058 3245 3120 modo
3296 3059 3621 3141 cognoscit
3678 3079 3800 3132 reS,
3854 3078 3982 3143 quo

878 3155 1047 3235 quod
1081 3172 1194 3235 per
1225 3152 1591 3233 exemplum
1626 3153 1711 3214 ita
1750 3163 2094 3234 exponunt.
2131 3156 2193 3217 Si
2228 3156 2373 3237 quis

875 3253 1068 3315 sciret
1110 3270 1332 3315 omnes
1375 3251 1708 3313 distantias
1750 3252 2003 3315 orbium
2046 3273 2118 3316 ac
2161 3254 2376 3335 plane-

873 3360 1082 3413 tarum
1115 3359 1177 3413 et
1206 3358 1460 3432 'tempus
1493 3358 1780 3413 motuum
1813 3352 2204 3427 eorumdem,
2239 3352 2375 3435 ipse

879 3449 1256 3532 praevideret
1309 3466 1563 3510 omnem
1618 3448 1912 3531 eclipsim
1967 3470 2106 3531 quae
2162 3459 2377 3532 posset

878 3547 1244 3629 contingere
1287 3566 1300 3610 :
1343 3564 1470 3608 non
1518 3554 1728 3609 tamen
1780 3548 1970 3609 sciret
2017 3549 2179 3610 hanc
2227 3551 2375 3612 ecli-

879 3646 1046 3728 psim
1102 3646 1168 3708 in
1219 3654 1528 3727 quantum
1586 3653 1682 3707 est
1731 3647 1864 3709 haec
1919 3646 2200 3728 eclipsis,
2252 3649 2374 3710 nisi

879 3764 993 3827 per
1030 3744 1274 3826 aliquid
1313 3763 1350 3805 a
1387 3762 1578 3805 sensu
1621 3751 1998 3825 acceptum3
2033 3746 2142 3807 sed
2188 3746 2378 3808 sciret

879 3843 1171 3926 eclipsim
1223 3861 1361 3904 cras
1410 3842 1690 3905 futuram
1744 3843 2208 3917 universaliter,
2257 3844 2375 3907 hoc

879 3947 975 4002 est
1005 3940 1359 4002 secundum
1392 3958 1538 4001 suas
1571 3958 1790 4001 causas
1824 3940 2235 4003 universales.
2272 3941 2376 4003 Sic

878 4038 1123 4111 dicunt,
1151 4038 1319 4119 quod
1350 4057 1549 4120 quum
1582 4056 1804 4100 omnes
1835 4057 2040 4101 causae
2072 4040 2375 4102 reducan-

879 4146 984 4199 tur
1012 4136 1078 4198 in
1110 4137 1308 4198 Deum
1336 4136 1501 4198 sicut
1532 4136 1596 4198 in
1624 4136 1900 4218 primam
1929 4154 2210 4211 causam,
2239 4138 2376 4220 ipse

2484 3157 2673 3219 modo
2721 3156 3015 3238 praestitit
3062 3157 3153 3218 eis
3202 3176 3341 3220 esse
3384 3178 3398 3222 :
3440 3159 3584 3221 ideo
3633 3159 3687 3221 si
3736 3159 3981 3241 aliquid

2484 3262 2581 3317 est
2622 3255 2688 3315 in
2734 3254 2927 3315 rebus
2972 3254 3366 3335 incognitum
3412 3256 3562 3330 Deo,
3610 3256 3673 3319 id
3716 3275 3842 3320 non
3888 3266 3983 3319 est

2485 3360 2813 3433 operatum
2866 3370 2984 3414 nec
3044 3360 3369 3415 causatum
3420 3354 3501 3416 ab
3550 3372 3644 3416 ee.
3696 3390 3777 3401 -
3824 3355 3983 3417 Hinc

2486 3448 2835 3511 difficultas
2868 3450 2933 3511 in
2967 3450 3083 3511 hac
3116 3451 3379 3513 materia
3408 3452 3814 3533 contingebat
3846 3452 3989 3534 phi-

2488 3547 2767 3629 losophis
2800 3556 3059 3629 propter
3090 3550 3233 3611 du0.
3261 3550 3490 3623 Primo,
3514 3552 3817 3633 quoniam
3850 3552 3989 3633 qui-

2487 3648 2629 3709 dam
2676 3664 2896 3708 eorum
2941 3665 3066 3708 non
3108 3656 3457 3729 posuerunt
3493 3650 3693 3711 Deum
3734 3652 3986 3733 operari

2488 3746 2555 3806 in
2614 3744 2916 3808 omnibus
2974 3744 3164 3807 rebus
3224 3746 3607 3809 immediate.
3670 3748 3987 3821 Secundo,

2487 3844 2789 3925 quoniam
2836 3844 3097 3926 quidam
3140 3863 3217 3907 ex
3263 3845 3417 3926 ipsis
3460 3854 3813 3927 posuerunt
3860 3866 3991 3909 ma-

2486 3943 2710 4004 teriam
2772 3960 2898 4005 non
2958 3962 3099 4005 esse
3144 3962 3181 4005 a
3238 3944 3367 4006 Deo
3426 3944 3823 4025 productam,
3875 3946 3988 4007 sed

2489 4040 2703 4124 ipsum
2763 4042 3163 4105 solummodo
3220 4061 3405 4124 agere
3463 4043 3699 4107 formas
3758 4045 3989 4127 impri-

2486 4141 2717 4203 mendo
2756 4142 3035 4203 materiae
3071 4161 3084 4205 :
3118 4160 3445 4223 quumque
3478 4143 3739 4205 materia
3777 4143 3861 4205 sit
3896 4144 3993 4205 in-

881 4234 1320 4317 cognoscendo
1369 4254 1458 4309 se,
1509 4234 1830 4317 cognoscit
1881 4253 2106 4298 omnes
2155 4256 2377 4299 causas
2407 4241 2456 4302 D
2489 4237 2943 4301 dividuationis
2984 4240 3400 4321 principium,
3434 4258 3561 4302 non
3604 4240 3989 4304 invenerunt

879 4334 1210 4407 secundas,
1233 4353 1391 4416 quas
1415 4334 1872 4415 cognoscendo,
1898 4336 2223 4414 cognoscit
2246 4354 2378 4398 om-

881 4452 960 4493 ne
1001 4440 1328 4493 causatum
1371 4451 1447 4494 ex
1490 4431 1640 4505 illis,
1675 4450 1802 4494 non
1835 4440 2046 4495 tamen
2080 4434 2201 4495 nisi
2238 4435 2377 4496 uni-

877 4531 1210 4595 versaliter
1243 4550 1256 4594 ε
1291 4530 1377 4593 ita
1415 4531 1583 4611 quod
1625 4531 1976 4593 secundum
2019 4549 2148 4605 eOS,
2184 4533 2377 4595 deter-

882 4629 1148 4693 minatio
1193 4628 1302 4690 illa
1343 4636 1632 4690 sumatur
1672 4646 1750 4690 ex
1795 4638 1970 4710 parte
2014 4630 2274 4711 cogniti,
2317 4640 2377 4694 et

880 4748 1008 4792 non
1049 4728 1257 4791 solum
1296 4747 1373 4789 ex
1413 4735 1590 4809 parte
1631 4728 2110 4808 cognoscentis3
2144 4730 2295 4811 quia
2324 4731 2376 4792 si

883 4829 1090 4891 solum
1125 4846 1201 4889 ex
1239 4832 1414 4909 parte
1457 4826 1895 4907 cognoscentis
1936 4826 2044 4888 illa
2084 4828 2381 4889 determi-

883 4927 1055 4989 natio
1093 4924 1508 5007 acciperetur,
1544 4943 1767 4986 verum
1810 4924 2247 4987 indubitanter
2285 4945 2379 4988 es-

882 5034 978 5088 set
1020 5025 1189 5107 quod
1219 5025 1384 5086 Deus
1415 5023 1824 5105 particularia
1853 5042 1978 5085 non
2012 5024 2379 5105 particulari

881 5124 1146 5187 scientia
1185 5122 1527 5203 cognoscit.
1563 5120 1897 5202 Cognoscit
1939 5129 2150 5185 tamen
2194 5122 2382 5204 parti-

879 5221 1120 5283 cularia
1177 5219 1530 5282 secundum
1590 5218 2155 5300 particularitatem
2220 5220 2383 5300 ipso-

881 5338 1045 5380 rum.
1074 5318 1233 5381 Hinc
1265 5317 1373 5379 illa
1400 5316 1619 5399 opinio
1649 5315 2053 5379 insufficiens
2084 5325 2200 5392 est,
2231 5318 2381 5399 quia

2490 4336 2762 4419 qualiter
2820 4337 2985 4399 Deus
3044 4338 3391 4418 singularia
3446 4338 3601 4401 sciat
3661 4339 3984 4402 distinete.

2489 4436 2608 4497 Sed
2658 4434 2808 4515 quia
2854 4453 2970 4497 nos
3020 4436 3318 4517 ponimus
3368 4436 3567 4499 Deum
3619 4436 3991 4499 immediate

2487 4533 2735 4615 operari
2779 4533 2843 4594 in
2883 4532 3181 4595 omnibus
3222 4535 3435 4607 rebus,
3470 4535 3797 4597 materiam
3838 4554 3994 4617 quo·

2488 4650 2613 4713 que
2657 4649 2795 4693 esse
2842 4630 2923 4692 ab
2971 4648 3067 4705 eo,
3120 4631 3396 4693 fatemur
3442 4650 3588 4693 eum
3639 4652 3753 4715 per
3802 4652 3989 4695 suam

2488 4730 2830 4791 essentiam
2862 4736 3087 4791 cuncta
3117 4730 3414 4792 distincte
3445 4748 3840 4811 cognoscere,
3862 4751 3994 4793 ma-

2490 4826 2737 4889 terialia
2765 4834 2955 4909 atque
2987 4827 3279 4891 formalia
3308 4836 3369 4890 et
3402 4828 3819 4891 accidentalia
3850 4846 3991 4892 om-

2490 4926 2597 4987 nia
2638 4944 2651 4988 :
2691 4925 2866 4988 velut
2910 4926 2964 4987 si
3008 4925 3358 4988 aedificator
3400 4944 3513 5007 per
3552 4933 3751 4989 artem
3802 4946 3991 4991 suam

2491 5031 2703 5105 posset
2744 5030 2937 5084 totam
2973 5023 3322 5105 producere
3361 5024 3645 5095 domum,
3678 5042 3792 5105 per
3820 5043 3995 5086 eam-

2492 5121 2635 5182 dem
2689 5127 2889 5182 artem
2940 5139 3119 5181 suam
3170 5137 3549 5202 cognoscere
3610 5128 3819 5202 posset
3877 5122 3993 5184 do-

2494 5238 2669 5280 mum
2717 5219 2903 5280 istam
2947 5227 3006 5280 et
3056 5218 3229 5280 illam
3274 5238 3313 5281 a
3356 5238 3421 5281 se
3466 5218 3835 5299 productam
3876 5229 3995 5281 aut

2494 5316 2995 5399 producibilem3
3039 5317 3149 5379 sed
3192 5316 3345 5399 quia
3392 5336 3506 5399 per
3554 5325 3751 5379 artem
3802 5335 3994 5381 suam
