4359 6250
1276 505 1360 550 AN
1401 504 1643 549 vannum
1686 502 1939 550 Priorum
1982 502 2243 548 mcum
2285 503 2348 548 IN
2389 503 2614 548 nn'ims
3374 483 3492 547 257

389 689 511 752 pro
558 690 636 734 eo
687 673 858 754 quod
920 673 1277 736 intellectus
1336 674 1617 755 concipit
1670 689 1893 753 cogno-
1922 671 1973 733 A
2002 679 2064 732 et
2114 671 2203 733 rei
2257 673 2440 734 dictae
2489 673 2926 754 expressivum
2967 691 2981 734 :
3019 673 3170 754 quia
3217 691 3317 735 res
3365 690 3493 734 non

389 771 651 832 scendo.

136 878 279 954 opusc.
308 879 363 922 a·
475 868 781 930 Praeterea
825 870 1094 932 verbum
1143 869 1653 933 convenientiam
1704 868 1895 930 habet

121 943 293 986 §ahoe

322 949 359 988 ¹·
391 966 705 1045 majorem
753 987 901 1030 cum
943 988 1011 1030 re
1052 969 1222 1030 dicta
1262 987 1453 1050 quam
1496 987 1643 1030 cum
1683 967 1894 1028 dicen-

389 1071 477 1137 te,
511 1065 809 1146 quamvis
850 1067 931 1128 sit
967 1067 1030 1128 in
1071 1068 1324 1129 dicente
1366 1074 1433 1128 ut
1474 1067 1539 1128 in
1580 1066 1887 1146 subjecto.

390 1163 905 1246 Unumquodque
950 1165 1123 1226 enim
1166 1165 1245 1226 ab
1289 1165 1399 1227 illo
1436 1173 1727 1226 naturam
1768 1181 1896 1226 sor-

385 1260 571 1334 titur,
604 1280 641 1322 a
671 1281 799 1343 quo
828 1263 1111 1344 speciem
1148 1263 1399 1344 accipit.
1433 1263 1712 1324 Verbum
1742 1279 1893 1323 vero

386 1359 629 1440 accipit
670 1361 952 1440 speciem
982 1381 1019 1422 a
1050 1379 1117 1422 re
1159 1361 1347 1434 dicta,
1382 1379 1509 1422 non
1548 1379 1584 1422 a
1611 1360 1889 1440 dicente,

388 1457 515 1518 nisi
550 1457 764 1520 forsan
795 1459 1049 1540 quando
1078 1459 1226 1540 quis
1256 1459 1411 1521 dicit
1440 1478 1509 1521 se
1541 1460 1767 1539 ipsum.
1789 1458 1892 1519 Sic

387 1555 637 1638 quippe
696 1557 965 1618 verbum
1024 1557 1253 1638 lapidis
1311 1556 1531 1618 differt
1586 1557 1801 1638 specie
1856 1576 1893 1618 a

388 1653 593 1715 verbo
630 1653 851 1716 leonis.
888 1655 1167 1716 Verbum
1208 1655 1400 1717 etiam
1431 1674 1468 1716 a
1506 1655 1773 1716 diversis
1802 1655 1892 1716 di-

388 1759 571 1813 ctum
601 1752 681 1814 de
720 1752 942 1814 eadem
982 1772 1071 1825 re,
1106 1753 1273 1815 idem
1313 1760 1407 1814 est
1446 1753 1659 1834 specie
1693 1770 1707 1815 :
1742 1769 1893 1833 quo-

2004 770 2382 850 intelligitur
2431 771 2556 833 nisi
2603 771 2667 833 in
2712 790 2807 846 eo,
2842 772 3010 854 quod
3054 779 3149 833 est
3193 778 3492 852 tanquam

2003 869 2338 949 speculum
2371 869 2436 930 in
2468 887 2595 951 quo
2626 889 2724 931 res
2763 877 2859 931 est
2887 889 2960 932 ac
3002 870 3238 931 relucet
3270 877 3332 930 et
3363 888 3495 930 cer-

2003 967 2194 1028 nitur.
2230 968 2508 1030 Verbum
2559 968 2753 1048 igitur
2795 969 3002 1030 cordis
3051 976 3146 1030 est
3195 969 3494 1029 ultimum

2003 1065 2170 1146 quod
2223 1073 2429 1146 potest
2478 1067 2544 1126 in
2589 1085 2656 1127 se
2707 1066 3066 1128 intellectus
3115 1065 3398 1140 efficere,
3432 1074 3496 1128 et

2002 1162 2121 1224 hoc
2153 1170 2249 1224 est
2281 1165 2346 1224 in
2379 1181 2504 1244 quo
2534 1164 2854 1245 quidditas
2884 1165 2975 1225 rei
3005 1164 3330 1245 recipitur.
3359 1163 3494 1226 Imo

2004 1260 2215 1341 ipsum
2246 1270 2343 1323 est
2371 1262 2744 1343 quidditatis
2785 1262 3158 1336 similitudO,
3190 1263 3267 1324 ad
3299 1280 3491 1344 quam

2004 1359 2358 1440 intelligere
2407 1361 2782 1422 terminatur
2825 1378 2839 1421 t
2881 1361 2973 1422 sic
3016 1360 3254 1422 etenim
3303 1360 3492 1421 habet

2002 1458 2310 1520 rationem
2343 1459 2576 1538 objecti
2619 1459 2998 1522 intellectus.
3033 1459 3311 1521 Verbum
3341 1477 3491 1540 ergo
3519 1475 3701 1583 γοριιξοιιε.
3728 1477 3784 1583 2⁰

3556 1552 3604 1581 οι·
3663 1553 3728 1595 ‚c.
3771 1573 3783 1584 .

2001 1564 2097 1618 est
2127 1557 2194 1617 in
2226 1575 2353 1638 quo
2393 1557 2773 1638 intelligitur
2810 1558 3152 1639 quidditas,
3185 1558 3352 1619 sicut
3382 1558 3490 1619 lux

2000 1661 2097 1715 est
2137 1654 2203 1716 in
2245 1673 2370 1736 qua
2408 1655 2660 1716 videtur
2699 1656 2888 1718 color.
2925 1656 3179 1737 Species
3209 1674 3359 1718 vero
3395 1663 3492 1718 est

2005 1752 2067 1812 id
2118 1770 2246 1832 quo
2296 1752 2628 1833 perficitur
2676 1754 2814 1836 ipsa
2861 1755 3158 1834 cognitio,
3193 1755 3492 1836 quemad·

390 1851 563 1911 niam
594 1849 861 1912 effectus
892 1850 1157 1933 quilibet
1188 1851 1389 1931 magis
1420 1851 1717 1913 convenit
1748 1869 1892 1912 cum
1926 1849 1974 1911 B
2007 1851 2265 1912 modum
2307 1852 2553 1933 species
2594 1853 2820 1915 coloris
2862 1853 2926 1913 in
2963 1853 3105 1914 visu
3144 1853 3441 1915 exteriori
3477 1870 3491 1915 :

391 1948 717 2030 principio
748 1967 875 2030 quo
905 1968 1097 2030 agens
1127 1949 1279 2030 agit,
1313 1968 1505 2031 quam
1536 1968 1684 2011 cum
1713 1968 1895 2030 agen·

390 2055 475 2119 te,
530 2047 637 2107 cui
696 2047 902 2109 solum
960 2048 1353 2109 assimilatur
1402 2048 1644 2111 ratione
1693 2047 1892 2129 ipsius

388 2144 702 2226 principii
748 2145 899 2226 (hoc
947 2146 1119 2207 enim
1170 2154 1267 2208 est
1314 2147 1483 2228 quod
1542 2146 1894 2208 communi-

388 2251 575 2304 catur
602 2242 867 2305 effectui
900 2262 1015 2325 per
1042 2244 1358 2307 actionem
1387 2243 1689 2324 agentis);
1721 2244 1894 2306 simi-

389 2341 596 2403 litudo
652 2349 867 2404 autem
929 2342 1019 2403 rei
1080 2343 1283 2414 dictae,
1345 2350 1442 2404 est
1500 2342 1891 2423 principium

385 2457 519 2521 quo
557 2440 831 2503 verbum
871 2439 1156 2502 efficitur
1191 2458 1204 2502 :
1238 2460 1380 2521 quae
1418 2440 1611 2502 etiam
1653 2440 1718 2502 in
1760 2459 1894 2502 ver-

384 2538 472 2600 bo
519 2539 838 2620 reperitur
876 2559 913 2600 a
951 2539 1199 2601 dicente
1240 2539 1365 2600 sibi
1404 2541 1888 2601 communicata.

384 2637 550 2698 Hinc
610 2637 825 2718 ipsum
876 2637 1146 2699 verbum
1202 2639 1582 2720 quandoque
1633 2647 1895 2699 vocatur

386 2735 483 2796 rei
515 2734 896 2808 similitudo,
931 2736 1309 2817 quandoque
1340 2755 1490 2799 vero
1531 2737 1894 2799 nominatur

384 2833 663 2894 verbum
705 2835 821 2907 rei,
855 2834 1247 2915 ubicumque
1290 2854 1387 2896 res
1430 2835 1537 2897 illa
1573 2843 1683 2897 aut
1718 2835 1893 2897 simi-

388 2933 598 2994 litudo
644 2933 736 2994 rei
779 2932 1209 3013 exprimitur:
1243 2933 1376 2994 sive
1418 2933 1484 2994 in
1526 2941 1701 3015 parte
1744 2935 1895 2996 ima-

2003 1957 2067 2010 et
2110 1947 2274 2011 foret
2313 1949 2609 2024 similiu5‚
2644 1951 2698 2012 si
2741 1952 2848 2012 lux
2887 1969 2963 2012 ex
3010 1951 3223 2032 specie
3267 1951 3497 2014 coloris

2004 2055 2433 2127 generaretur,
2481 2049 2648 2110 sicut
2695 2049 2962 2112 verbum
3011 2069 3088 2110 ex
3137 2050 3369 2131 specie.
3419 2084 3500 2094 —

2003 2146 2146 2208 Haec
2186 2146 2472 2208 Thomas
2511 2147 2705 2228 Cujus
2751 2147 2945 2210 verba
2982 2147 3344 2228 aliqualiter
3381 2147 3499 2210 dif-

2004 2244 2207 2305 ficilia
2248 2252 2311 2306 et
2350 2245 2634 2306 obscura·
2663 2245 2980 2318 videntur,
3014 2253 3078 2307 et
3127 2246 3500 2326 impugnan-

2006 2350 2110 2404 tur
2158 2363 2195 2404 a
2245 2344 2429 2405 Scoto
2477 2351 2539 2404 et
2587 2343 2883 2406 Durando
2929 2363 3002 2406 ac
3051 2343 3193 2405 aliis
3255 2345 3492 2406 multis,

2085 2441 2302 2502 Petrus
2350 2459 2500 2502 vero
2548 2441 2642 2502 eis
2691 2441 3048 2504 consentire
3098 2442 3370 2514 videtur,
3405 2442 3497 2502 di-

2004 2540 2205 2602 cendo
2239 2557 2252 2600 :
2287 2539 2564 2601 Verbum
2596 2540 2850 2622 proprie
2880 2539 3116 2601 dicitur
3144 2540 3497 2602 similitudo

2003 2639 2216 2718 genita
2254 2638 2318 2699 in
2363 2645 2573 2700 mente
2611 2657 2647 2700 a
2691 2639 2902 2720 specie
2943 2639 3032 2699 rei
3079 2638 3144 2699 in
3190 2639 3498 2701 memoria

2004 2737 2390 2818 quiescente.
2448 2737 2522 2798 Et
2579 2737 2837 2817 ponitur
2885 2736 3078 2816 hujus
3128 2737 3494 2818 exemplum

2004 2834 2081 2895 de
2131 2836 2392 2914 speculo
2439 2835 2633 2897 colori
2684 2835 3025 2915 opposito:
3063 2835 3128 2896 in
3179 2852 3306 2916 quo
3355 2852 3497 2916 spe-

2005 2933 2150 2995 culo
2179 2952 2294 3013 per
2325 2933 2540 2995 lumen
2572 2932 2872 2995 sensibile
2903 2940 3239 3013 generatur
3269 2933 3497 2995 coloris

383 3031 697 3112 ginativa,
733 3031 900 3092 sicut
944 3030 1319 3112 phantasma
1360 3031 1753 3113 Carthaginis
1797 3040 1894 3094 est
1929 3036 1972 3097 C
2003 3030 2395 3109 similitudo;
2437 3039 2500 3092 et
2538 3031 2590 3092 si
2634 3031 2725 3092 illi
2768 3030 3030 3112 speculo
3071 3039 3500 3114 opponeretur

384 3128 664 3192 verbum
718 3128 1135 3209 CarthaginiS,
1189 3131 1544 3191 secundum
1602 3131 1895 3211 Augusti-

385 3244 589 3305 num3
622 3226 763 3289 sive
794 3226 858 3288 in
891 3226 1242 3301 intellectu,
1270 3228 1332 3289 in
1367 3246 1495 3309 quo
1526 3229 1683 3291 ratio
1714 3229 1891 3291 verbi

386 3326 723 3389 invenitur
754 3324 1246 3407 perfecte‚quod
1275 3326 1356 3388 ad
1386 3328 1728 3409 imaginem
1763 3346 1896 3408 per-

384 3426 555 3487 tinet
596 3423 948 3485 Trinitatis.

470 3524 693 3604 ltaque
743 3520 1015 3581 verbum
1075 3521 1435 3584 intellectus
1486 3523 1768 3584 nascitur
1816 3541 1893 3583 ex

384 3619 621 3682 notitia
681 3617 959 3698 alicujus
1020 3620 1085 3680 in
1144 3619 1452 3680 memoria
1507 3618 1889 3681 exsistentis,

384 3718 621 3798 Sicque
652 3717 895 3798 primus
929 3734 1262 3797 processus
1296 3717 1359 3778 in
1389 3716 1734 3797 gignitione
1766 3736 1898 3778 ver-

385 3815 481 3886 bi,
516 3823 612 3877 est
652 3815 811 3876 dum
852 3814 1210 3877 intellectus
1250 3815 1485 3897 accipit
1513 3834 1549 3876 a
1590 3816 1896 3878 memoria

382 3913 565 3995 quod
612 3932 651 3974 a
700 3912 1011 3974 memoria
1058 3911 1181 3973 sibi
1232 3912 1523 3984 offertur,
1577 3930 1709 3975 non
1754 3933 1893 3975 eam

382 4010 699 4092 spolians,
753 4010 865 4071 sed
918 4010 1404 4072 similitudinem
1454 4010 1656 4072 habiti
1708 4011 1773 4073 in
1822 4031 1896 4074 ea

380 4108 517 4170 sibi
549 4127 921 4188 assumens3
954 4117 1018 4171 et
1046 4110 1165 4172 hoc
1204 4117 1301 4171 est
1340 4110 1550 4172 simile
1591 4109 1682 4171 illi
1724 4112 1893 4192 quod

2003 3130 2336 3210 speculum
2379 3130 2574 3204 aliud,
2617 3129 2803 3191 fieret
2840 3132 3162 3211 generatio
3206 3130 3501 3193 similitu-

2003 3228 2169 3290 dinis
2215 3228 2443 3291 coloris
2486 3248 2522 3289 a
2563 3228 2824 3309 speculo
2868 3229 2932 3290 in
2976 3229 3330 3310 speculum.

2081 3326 2366 3409 Denique
2397 3327 2476 3388 ad
2506 3325 2992 3407 intelligendum
3025 3327 3298 3389 lucidius
3330 3345 3501 3389 men·

2004 3432 2129 3485 tem
2169 3425 2444 3498 Thomae,
2480 3422 2726 3486 confert
2764 3425 2935 3505 quod
2977 3424 3201 3486 scribit
3242 3424 3497 3487 Richar-

2003 3523 2119 3585 dus
2168 3541 2360 3603 supra
2408 3522 2816 3584 distinctione
2866 3522 3171 3584 vicesima
3218 3523 3496 3585 secunda

2004 3620 2069 3683 in
2136 3620 2546 3701 responsione
2614 3620 2983 3702 quaestionis
3051 3639 3177 3701 qua
3242 3620 3490 3701 quaerit‚

2002 3724 2218 3779 utrum
2259 3718 2520 3779 nomina
2558 3736 2671 3799 per
2709 3719 2886 3799 prius
2927 3717 3294 3798 significent
3333 3736 3490 3791 rem,

2002 3835 2196 3898 quam
2249 3823 2628 3898 conceptum
2680 3835 2872 3898 quem
2925 3815 3078 3877 facit
3134 3816 3494 3878 intellectus

2003 3915 2078 3976 de
2130 3934 2214 3977 re.
2263 3915 2380 3976 Ubi
2427 3914 2592 3976 inter
2634 3922 2842 3976 cetera
2887 3915 2975 3977 ait
3020 3932 3033 3975 :
3078 3914 3254 3977 Sicut
3297 3914 3364 3975 in
3406 3914 3497 3976 di-

2003 4014 2205 4075 cendo
2236 4032 2370 4075 rem
2412 4012 2802 4075 sensibiliter
2832 4020 3098 4094 possunt
3135 4012 3256 4074 tria
3295 4012 3500 4074 consi-

2004 4112 2232 4185 derari,
2285 4111 2602 4183 videlicet,
2656 4110 2830 4173 vocis
2888 4110 3203 4184 formati0,
3255 4118 3318 4173 et
3374 4128 3497 4172 vox

384 4208 457 4269 in
514 4208 826 4270 memoria
883 4209 1169 4271 habetur.
1223 4208 1469 4279 Adhuc.
1498 4217 1707 4271 tamen
1768 4228 1891 4272 non
1922 4210 1972 4271 D
2006 4209 2143 4290 ipsa
2172 4208 2462 4283 formata,
2496 4227 2569 4269 ac
2601 4228 2698 4271 res
2741 4228 2881 4290 quae
2905 4226 3024 4289 ,per
3055 4226 3276 4271 vocem
3308 4208 3499 4290 signi-

384 4306 584 4368 habet
635 4306 948 4369 rationem
994 4307 1171 4369 verbi
1222 4307 1607 4389 perfectam3
1640 4309 1749 4370 sed
1800 4308 1891 4370 lu-

386 4424 543 4466 men
594 4404 959 4467 intellectus
1006 4406 1250 4485 agentis
1294 4405 1563 4468 involvit
1611 4407 1891 4488 speciem

384 4520 589 4584 quam
618 4520 657 4564 a
696 4504 1134 4584 phantasmate
1172 4502 1503 4575 abstrahit,
1536 4512 1599 4566 et
1638 4505 1757 4566 hoc
1799 4506 1890 4567 lu-

384 4620 545 4664 men
596 4600 835 4683 accipit
894 4600 1254 4663 intellectus
1314 4601 1639 4683 possibilis
1698 4603 1889 4666 simul

386 4720 545 4763 cum
584 4702 801 4782 specie
833 4700 962 4775 illa,
995 4709 1059 4763 et
1098 4701 1217 4764 hoc
1259 4700 1476 4763 lumen
1509 4699 1894 4763 diffunditur

384 4818 597 4881 quum
641 4798 969 4878 objectum
1012 4798 1344 4874 formatur,
1377 4806 1441 4860 et
1487 4806 1702 4861 manet
1745 4818 1893 4860 cum

382 4896 651 4978 objecto
698 4896 971 4959 formato
1016 4915 1030 4959 ε
1078 4904 1141 4959 et
1190 4898 1311 4959 ista
1358 4897 1712 4960 similitudo
1760 4916 1895 4959 ver-

384 4994 555 5057 bum
602 5001 888 5067 vocatur,
932 5014 1132 5075 quum
1183 4996 1248 5056 in
1299 5016 1374 5057 ea
1423 4995 1742 5077 quidditas
1804 4996 1893 5057 rei

386 5092 797 5173 intelligitur.
833 5092 981 5165 Quae
1025 5093 1380 5156 similitudo
1424 5094 1486 5155 in
1528 5093 1661 5155 fine
1706 5095 1894 5156 relin-

382 5190 617 5272 quitur
667 5188 951 5271 perfecta
992 5198 1056 5252 et
1098 5191 1311 5271 genita
1358 5199 1548 5273 atque
1598 5210 1896 5273 expressa

380 5287 473 5350 ab
518 5286 870 5363 intellectu,
902 5308 1045 5372 quae
1083 5297 1181 5352 est
1208 5289 1477 5353 verbum
1516 5308 1887 5371 expressum

646 5421 711 5473 T.
748 5422 829 5475 20.

2004 4308 2265 4388 ficatur3
2292 4308 2385 4371 sic
2417 4308 2482 4369 in
2514 4308 2924 4391 intelligendo
2955 4308 3044 4370 rei
3077 4308 3497 4390 quidditatem

2004 4406 2124 4468 tria
2153 4406 2538 4468 considerari
2571 4414 2856 4488 possunt,
2893 4426 3034 4487 quae
3065 4413 3234 4479 sunt,
3268 4406 3498 4468 forma-

2005 4506 2092 4567 tio
2151 4505 2356 4587 ipsius
2415 4512 2780 4585 conceptuS‚
2833 4511 2896 4565 et
2955 4504 3090 4586 ipse
3150 4511 3495 4585 conceptus

2002 4604 2334 4678 formatuS,
2366 4623 2440 4666 ac
2480 4602 2798 4686 quidditas
2838 4602 2928 4663 rei
2969 4602 3268 4665 distincte
3311 4603 3494 4663 intel-

2004 4703 2184 4764 lecta.
2247 4702 2454 4775 Quum
2512 4700 2684 4762 enim
2749 4700 3108 4762 intellectus
3169 4699 3493 4781 possibilis

2004 4799 2218 4881 aliquo
2250 4800 2437 4861 modo
2470 4799 2532 4860 in
2564 4806 2778 4859 actum
2820 4798 3118 4860 reductus
3157 4806 3274 4872 est,
3310 4798 3395 4859 ita
3425 4805 3495 4858 ut

2006 4916 2139 4959 rem
2191 4898 2400 4980 primo
2445 4896 2814 4959 indistincte
2862 4904 2926 4957 et
2975 4895 3345 4977 imperfecte
3393 4914 3494 4958 co-

2003 5002 2282 5077 gnoscat,
2336 4995 2622 5077 procedit
2679 4993 3117 5076 principaliter
3164 5000 3374 5056 tamen
3429 4994 3494 5055 in

2003 5094 2240 5156 virtute
2289 5093 2649 5155 intellectus
2701 5092 2966 5172 agentiS‚
3017 5091 3379 5166 dividendo,
3433 5099 3497 5153 et

2003 5191 2436 5254 differentiam
2479 5190 2963 5253 convenientem
2999 5189 3090 5250 rei
3123 5188 3495 5272 imperfecte

2004 5290 2271 5371 cognitae
2316 5288 2695 5370 inquirendo
2742 5306 2815 5349 ac
2865 5289 3328 5369 componend0‚
3372 5288 3495 5351 dif-

3182 5421 3244 5473 17
