4359 6250
141 1482 288 1525 Ιοωυι,
309 1498 350 1534 v,

117 1548 156 1585 {⁹

146 1577 246 1650 leid.
267 1621 351 1659 vui,

884 507 972 553 AN
1015 509 1205 555 FILIUS
1249 508 1340 553 sl‘r
1381 506 1559 551 PATRI
1603 503 1874 559 AEQL'ALIS
1919 502 1982 548 IN
2025 502 2365 549 POTESTATE
2407 503 2479 546 ET
2521 504 2967 549 OMNIPOTENTIA

3364 481 3477 545 117

379 675 738 757 nipotentia
775 694 890 738 seu
933 683 1208 757 potestas
1251 676 1315 737 in
1347 674 1551 737 tribus
1594 672 1880 756 personis
1911 670 1963 731 A
1995 671 2303 733 rationem
2354 692 2479 735 non
2534 675 2709 755 ponit
2760 675 3000 756 aliquid
3052 674 3115 735 in
3168 672 3473 753 subjecto.

377 792 506 838 non
551 775 758 836 solum
799 774 1060 856 aequalis
1101 774 1204 847 sit,
1239 776 1348 835 sed
1379 774 1570 835 etiam
1612 788 1880 834 numero

379 892 528 949 una,
582 873 748 935 sicut
797 880 860 935 et
917 873 1268 936 divinitatis
1329 872 1660 955 plenitudo
1709 889 1882 932 vera-

377 990 504 1051 que
537 972 761 1047 deitaS,
786 990 928 1053 quae
960 989 1216 1035 omnem
1250 970 1758 1043 inferioritatem,
1794 969 1883 1030 in-

377 1070 809 1150 aequalitatem
861 1078 924 1132 et
980 1070 1467 1133 minorationem
1529 1068 1594 1131 in
1645 1067 1879 1130 divinis

377 1169 682 1231 excludit.

459 1268 766 1348 Arguitur
806 1276 1021 1329 tamen
1066 1268 1234 1350 quod
1277 1286 1424 1330 non.
1460 1266 1691 1339 Primo,
1730 1282 1882 1347 quo-

379 1366 556 1428 niam
607 1366 804 1428 Filius
852 1385 930 1429 ex
981 1386 1048 1428 se
1099 1366 1261 1429 nihil
1311 1372 1539 1448 potest,
1583 1363 1882 1445 quemad-

381 1466 647 1527 modum
692 1463 964 1546 ipsemet
1006 1472 1272 1527 testatur
1305 1481 1320 1526 t
1351 1464 1488 1527 Non
1536 1470 1742 1545 potest
1784 1462 1880 1523 Fi-

381 1565 508 1627 lius
537 1584 575 1627 a
606 1583 674 1627 se
714 1564 926 1626 faeere
965 1563 1353 1645 quidquam3
1385 1569 1449 1623 et
1487 1560 1662 1635 alibi,
1696 1561 1747 1624 Α
1779 1578 1880 1623 me

381 1663 524 1745 ipso
564 1663 732 1725 facio
771 1661 955 1724 nihil.
992 1662 1168 1723 Pater
1207 1668 1420 1723 autem
1451 1680 1530 1722 ex
1569 1678 1636 1723 se
1667 1659 1882 1722 omnia

379 1768 610 1844 potest.
645 1761 852 1835 Quum
884 1776 1034 1841 ergo
1064 1767 1194 1821 tam
1234 1759 1502 1821 diversae
1533 1758 1878 1840 proprieta-

1991 772 2251 851 Propter
2290 773 2458 853 quod
2498 772 2585 834 ait
2624 773 2898 847 Boetius,
2933 773 3102 854 quod
3146 772 3481 833 relationes

1991 869 2152 932 nihil
2214 871 2557 952 praedicant
2608 873 2683 933 de
2733 890 2808 934 eo
2857 873 2935 933 de
2984 888 3111 952 quo
3158 872 3476 933 dicuntur.

1991 969 2150 1031 Hinc
2184 968 2507 1031 invenitur
2540 970 2780 1052 aliquid
2824 970 3091 1032 relatum
3136 969 3200 1030 in
3232 986 3359 1051 quo
3386 977 3484 1030 est

1991 1076 2237 1130 tantum
2299 1068 2459 1130 ratio
2518 1069 2864 1142 relationiS,
2918 1077 2981 1130 et
3039 1086 3165 1131 non
3224 1068 3483 1149 ponitur

1989 1167 2234 1248 aliquid
2284 1167 2375 1228 ibi
2426 1169 2777 1230 seeundum
2830 1186 2965 1231 rem
3010 1188 3024 1232 :
3068 1168 3233 1230 sicut
3280 1186 3481 1249 quum

1989 1266 2213 1328 scibile
2245 1265 2518 1328 refertur
2546 1267 2623 1330 ad
2664 1268 3017 1329 scientiam.
3052 1267 3227 1341 Quod
3259 1284 3482 1329 verum

1989 1374 2086 1427 est
2128 1372 2257 1427 tam
2308 1365 2386 1426 de
2436 1366 2853 1428 relationibus
2903 1386 3044 1448 quae
3093 1367 3169 1428 de
3214 1365 3341 1427 Deo
3390 1366 3481 1427 di-

1992 1471 2247 1537 cuntur,
2298 1483 2491 1545 quam
2548 1464 2625 1526 de
2676 1464 2803 1525 illis
2861 1484 3002 1546 quae
3062 1464 3127 1526 in
3178 1464 3482 1526 creaturis

1991 1570 2159 1636 sunt,
2205 1563 2315 1625 sed
2365 1563 2790 1625 diversimode
2826 1563 3026 1645 :quia
3073 1562 3293 1625 relatio
3342 1582 3483 1644 quae

1991 1662 2057 1723 in
2090 1668 2377 1723 ereatura
2405 1669 2521 1735 est,
2556 1663 2747 1725 habet
2783 1662 2958 1725 aliud
2996 1680 3134 1725 esse
3169 1680 3361 1743 quam
3401 1661 3484 1724 sit

1990 1778 2128 1822 esse
2173 1760 2272 1821 sui
2319 1758 2590 1841 subjecti
2627 1780 2640 1822 :
2675 1762 2845 1823 unde
2887 1762 2982 1823 est
3025 1760 3266 1842 aliquid
3310 1759 3483 1822 aliud

377 1868 476 1923 tes
536 1858 868 1942 potestatis
929 1858 1312 1921 conveniant
1368 1856 1534 1920 Patri
1583 1863 1646 1919 et
1695 1856 1874 1931 Filio,
1915 1858 1962 1921 B
1989 1877 2028 1920 a
2075 1876 2193 1921 suo
2242 1858 2551 1939 subjecto.
2599 1859 2835 1921 Verum
2886 1859 2951 1920 in
3001 1859 3130 1921 Deo
3177 1856 3341 1920 nihil
3390 1866 3485 1920 est

374 1974 504 2019 non
559 1956 859 2019 videntur
919 1956 985 2017 in
1045 1960 1354 2037 potestate
1413 1953 1708 2035 aequaleS,
1761 1971 1878 2015 nec

375 2055 577 2117 Filius
608 2054 864 2117 videtur
901 2072 1039 2116 esse
1078 2053 1503 2135 omnipotens».
1537 2086 1617 2097 -
1647 2052 1880 2115 Secun-

373 2154 477 2227 do,
523 2154 591 2215 in
637 2152 968 2215 infinitum
1018 2151 1386 2233 praeclarius
1434 2158 1530 2213 est
1575 2151 1879 2232 produce-

370 2270 440 2314 re
487 2268 830 2335 personam
873 2258 1172 2313 aeternam
1215 2250 1594 2311 immensam
1635 2267 1884 2311 verum·

371 2370 502 2433 que
517 2352 964 2431 ·Deum,quam
996 2358 1371 2411 creaturam.
1391 2348 1511 2411 Sed
1543 2366 1658 2409 nec
1684 2347 1880 2410 Filius

373 2448 683 2531 produxit
725 2455 834 2510 aut
877 2448 1228 2529 producere
1275 2454 1480 2529 potest
1523 2446 1738 2508 filium
1779 2465 1880 2509 ve-

373 2566 522 2609 rum
564 2547 791 2620 Deum,
825 2546 994 2627 quod
1035 2544 1161 2626 egit
1200 2546 1414 2623 Pater3
1447 2563 1564 2607 nec
1606 2544 1879 2625 Spiritus

371 2646 650 2709 Sanctus
691 2662 1034 2727 personam
1075 2644 1356 2726 aliquam
1402 2645 1766 2706 increatam.

457 2744 584 2807 Sed
615 2744 752 2807 haec
779 2751 972 2825 atque
1003 2742 1240 2805 similia
1280 2750 1652 2824 argumenta
1689 2762 1880 2825 supra

371 2843 791 2906 distinetione
825 2842 1240 2905 nonadecima
1272 2840 1574 2904 diffusius
1609 2848 1759 2903 sunt
1790 2841 1880 2902 in-

373 2944 572 3005 ducta
613 2950 804 3023 atque
847 2940 1071 3003 soluta.
1106 2941 1556 3002 Verumtamen
1601 2939 1880 3001 breviter

371 3040 676 3125 ponenda
717 3047 814 3102 est
856 3040 962 3101 hic
1005 3040 1338 3102 doctorum
1379 3036 1728 3120 responsio.

453 3241 678 3322 Itaque
719 3238 991 3302 Thomas
1039 3238 1146 3300 hic
1197 3237 1420 3300 scribit
1463 3259 1476 3300 :
1522 3237 1878 3301 Conceden-

369 3340 534 3401 dum
577 3345 676 3400 est
717 3337 856 3398 sine
898 3336 1117 3410 dubie,
1162 3336 1394 3398 Filium
1437 3337 1547 3398 Dei
1592 3336 1880 3417 omnipo—

371 3445 620 3500 tentem
671 3454 810 3498 esse
857 3435 1026 3498 sicut
1073 3441 1136 3497 et
1187 3435 1494 3516 Spiritum
1554 3435 1876 3509 Sanctum,

363 3537 558 3617 juxta
587 3534 748 3596 illud
780 3534 846 3595 in
877 3533 1180 3616 Symbolo
1201 3550 1214 3594 :
1235 3532 1648 3614 Omnipotens
1678 3532 1876 3606 Pater,

369 3631 784 3712 omnipotens
848 3630 1068 3703 Filius,
1137 3629 1540 3711 omnipotens
1605 3628 1878 3710 Spiritus

369 3731 665 3792 Sanctus
702 3730 849 3792 Ideo
889 3729 969 3791 ad
1010 3728 1408 3791 intellectum
1453 3729 1682 3790 horum
1728 3747 1880 3808 pen-

369 3829 650 3891 sandum
716 3829 886 3909 quod
952 3828 1118 3889 Deus
1182 3827 1385 3888 fertur
1447 3827 1874 3907 omnipotenS,

369 3927 686 4009 quoniam
747 3925 962 3988 omnia
1019 3933 1248 4008 potest,
1301 3933 1364 3986 et
1411 3924 1725 4006 quidquid
1784 3931 1880 3984 est

369 4025 620 4106 aliquid
679 4023 784 4084 vel
843 4041 978 4096 enS,
1042 4029 1267 4105 potest.
1324 4022 1444 4084 Sed
1505 4023 1874 4096 notandum,

372 4123 556 4205 quod
619 4122 842 4184 relatio
899 4121 1025 4185 alio
1089 4121 1277 4183 modo
1340 4121 1576 4183 dicitur
1637 4120 1878 4203 aliquid

1991 1958 2162 2039 quod
2195 1956 2423 2019 habeat
2453 1957 2627 2020 aliud
2658 1977 2796 2020 esse
2825 1958 2907 2019 ab
2938 1957 3077 2039 ipso
3102 1974 3279 2020 :esse
3310 1956 3483 2019 enim

1990 2056 2319 2139 sapientise
2351 2056 2461 2119 Dei
2493 2064 2589 2119 est
2618 2057 2833 2138 ipsum
2863 2076 3002 2119 esse
3032 2055 3347 2131 divinum,
3366 2074 3484 2117 nee

1990 2155 2234 2237 aliquid
2292 2155 2773 2237 superadditum
2832 2155 2891 2217 ei
2924 2172 2940 2234 3
2992 2154 3290 2217 similiter
3344 2172 3485 2216 esse

1991 2253 2405 2336 paternitatis,
2441 2254 2617 2316 Unde
2646 2253 2869 2316 relatio
2898 2260 3208 2335 quantum
3238 2252 3315 2315 ad
3345 2270 3484 2315 esse

1989 2371 2201 2427 suum,
2236 2352 2589 2414 secundum
2621 2371 2813 2433 quem
2846 2352 3107 2414 modum
3140 2350 3347 2412 solum
3378 2351 3483 2412 de-

1989 2448 2176 2511 betur
2225 2450 2285 2511 ei
2336 2451 2505 2531 quod
2558 2450 2797 2532 aliquid
2857 2456 3069 2532 ponat,
3123 2456 3219 2511 est
3268 2448 3485 2511 divina

1989 2548 2299 2627 essentia;
2350 2549 2462 2611 sed
2512 2548 2864 2611 seeundum
2916 2548 3225 2610 rationem
3276 2565 3480 2622 suam,

1991 2666 2103 2728 per
2141 2666 2333 2729 quam
2377 2646 2569 2709 habet
2607 2646 2997 2727 distinguere
3038 2664 3231 2707 unam
3272 2663 3483 2727 perso-

1989 2764 2133 2807 nam
2176 2745 2258 2807 ab
2288 2745 2431 2819 alia,
2468 2762 2595 2807 non
2634 2744 2901 2806 debetur
2932 2744 2990 2806 ei
3031 2744 3202 2825 quod
3241 2743 3481 2825 aliquid

1989 2843 2175 2905 dicat.
2213 2843 2387 2905 Unde
2419 2842 2713 2925 quamvis
2742 2842 2920 2905 Pater
2952 2842 3178 2904 habeat
3209 2842 3483 2924 paterni-

1987 2948 2204 3015 tatem,
2238 2960 2427 3023 quam
2470 2941 2667 3003 Filius
2709 2958 2835 3003 non
2875 2940 3085 3017 habet,
3119 2948 3185 3003 et
3215 2942 3487 3023 paterni-

1915 3042 1958 3105 C
1990 3048 2080 3101 tas
2128 3041 2211 3101 sit
2253 3039 2518 3120 aliquid,
2553 3058 2680 3103 non
2725 3048 2939 3102 tamen
2982 3039 3273 3123 sequitur
3313 3042 3483 3123 quod

1987 3140 2166 3202 Pater
2215 3136 2443 3200 habeat
2492 3139 2835 3202 essentiam
2882 3139 3166 3222 aliquam
3216 3157 3341 3222 qua
3389 3158 3486 3202 ea-

1989 3244 2119 3300 reat
2170 3237 2388 3298 Filius.
2446 3237 2510 3300 Si
2562 3245 2775 3299 autem
2833 3238 3015 3300 Pater
3071 3236 3333 3300 haberet
3389 3257 3485 3300 sa-

1989 3335 2296 3418 pientiam
2348 3342 2411 3397 et
2461 3353 2589 3396 non
2649 3335 2868 3408 Filius,
2924 3336 3187 3398 haberet
3243 3337 3486 3419 aliquid

1988 3436 2167 3497 Pater
2211 3435 2380 3517 quod
2426 3451 2553 3496 non
2599 3433 2861 3497 haberet
2906 3435 3102 3497 Filius
3138 3455 3151 3498 ε
3197 3435 3348 3517 quia
3391 3455 3485 3496 sa-

1991 3533 2231 3616 pientia
2271 3533 2427 3595 dieit
2464 3532 2705 3615 aliquid
2738 3533 2804 3594 in
2836 3533 3121 3614 sapiente
3160 3533 3351 3594 etiam
3394 3552 3487 3596 se-

1989 3633 2273 3694 cundum
2333 3651 2512 3693 suam
2565 3632 2895 3694 rationem.
2953 3631 3261 3693 Similiter
3317 3633 3481 3704 ditm,

1989 3730 2158 3812 quod
2193 3749 2392 3812 quum
2418 3751 2738 3806 yenerare
2768 3730 2836 3791 in
2866 3730 3102 3792 divinis
3144 3731 3227 3791 sit
3266 3713 3486 3794 relatio

1990 3829 2303 3910 quaedam,
2366 3835 2429 3889 et
2488 3828 2570 3889 sit
2628 3827 2891 3909 aliquid,
2955 3827 3249 3909 quamvis
3307 3828 3486 3890 Pater

1991 3925 2191 4008 possit
2234 3943 2556 4006 generare,
2592 3941 2719 3986 non
2766 3924 2985 3999 Filius,
3026 3943 3151 3987 non
3197 3925 3487 4006 sequitur

1990 4024 2158 4106 quod
2190 4023 2432 4105 aliquid
2474 4023 2676 4103 possit
2703 4023 2881 4085 Pater
2912 4024 3080 4105 quod
3118 4041 3246 4086 non
3277 4031 3485 4106 potest

1990 4123 2223 4202 Filius3
2270 4123 2380 4184 sed
2426 4122 2587 4184 bene
2633 4130 3026 4204 sequeretur,
3070 4123 3124 4184 si
3167 4123 3346 4185 Pater
3390 4123 3484 4185 in-

373 4240 574 4304 quam
633 4220 760 4281 alia
817 4219 1005 4282 entia.
1060 4220 1129 4281 111
1187 4219 1330 4281 aliis
1389 4219 1561 4281 enim
1623 4218 1877 4280 entibus
1910 4225 1959 4286 D
1992 4221 2273 4300 telligere
2333 4227 2565 4301 posset,
2620 4238 2745 4282 non
2806 4220 3025 4294 Filius,
3080 4222 3249 4303 quod
3306 4222 3486 4284 Pater

375 4319 886 4400 unumquodque
928 4318 1164 4380 dicitur
1207 4337 1346 4380 esse
1392 4316 1757 4400 dupliciter,
1791 4317 1880 4379 vi-

371 4418 612 4480 delicet
657 4423 967 4498 quantum
1016 4416 1096 4477 ad
1144 4435 1332 4477 suum
1376 4435 1537 4488 esse,
1580 4423 1643 4477 et
1685 4435 1880 4497 quan-

373 4525 516 4578 tum
561 4515 639 4577 ad
681 4515 990 4577 rationem
1036 4533 1164 4576 suae
1205 4514 1578 4596 quidditatis
1612 4530 1625 4575 :
1659 4533 1879 4596 quem-

371 4615 725 4678 admodum
769 4611 1081 4695 sapientia
1121 4612 1470 4674 secundum
1513 4631 1650 4674 esse
1691 4631 1879 4674 suum

375 4713 564 4796 ponit
620 4711 866 4793 aliquid
927 4711 991 4772 in
1051 4711 1362 4791 subjecto,
1417 4720 1479 4772 et
1527 4711 1880 4773 secundum

375 4830 564 4874 suam
615 4811 927 4873 rationem
979 4809 1158 4890 ponit
1200 4809 1540 4891 quamdam
1591 4817 1880 4871 naturam

379 4912 448 4973 in
489 4928 724 4991 genere
766 4907 1110 4990 qualitatis,
1144 4908 1334 4970 Porro
1377 4908 1599 4970 relatio
1637 4916 1735 4970 est
1773 4909 1884 4970 ali—

382 5009 544 5091 quid
583 5007 938 5070 secundum
981 5024 1119 5067 esse
1161 5025 1348 5067 suum
1379 5006 1547 5086 quod
1589 5007 1778 5069 habet
1818 5007 1884 5068 in

381 5107 716 5188 subjecto;
770 5105 882 5167 sed
935 5105 1286 5166 secundum
1350 5104 1655 5166 rationem
1705 5125 1885 5167 suam

1989 4320 2230 4400 aliquid
2278 4326 2489 4400 posset
2527 4318 2698 4401 quod
2743 4337 2869 4381 non
2915 4319 3129 4381 Filius.
3167 4321 3353 4382 Sicut'
3380 4321 3485 4383 Pa-

1991 4426 2086 4480 ter
2127 4425 2225 4480 est
2271 4418 2471 4492 Pater,
2514 4423 2576 4478 et
2619 4436 2757 4478 esse
2806 4418 3050 4480 Patrem
3099 4426 3195 4480 est
3240 4418 3483 4501 aliquid

1991 4535 2150 4590 esse,
2185 4523 2248 4578 et
2290 4523 2498 4577 tamen
2531 4534 2732 4597 quum
2774 4515 2969 4578 Filius
3004 4533 3130 4579 non
3172 4517 3253 4578 sit
3280 4517 3480 4592 Pater,

1991 4614 2244 4676 nullum
2274 4633 2412 4675 esse
2452 4621 2547 4675 est
2576 4613 2773 4676 Patris
2806 4614 2975 4696 quod
3018 4631 3145 4676 non
3176 4615 3258 4676 sit
3288 4614 3429 4677 Filii
3465 4632 3479 4676 ε

1992 4711 2296 4795 quoniam
2345 4729 2533 4773 omne
2583 4730 2721 4773 esse
2772 4711 2837 4772 in
2889 4711 3148 4785 divinis,
3202 4720 3297 4774 est
3345 4731 3483 4774 esse

1993 4810 2334 4888 essentiae3
2386 4816 2450 4870 et
2502 4809 2800 4870 similiter
2853 4825 3041 4870 omne
3090 4813 3178 4869 ad
3224 4811 3485 4888 aliquid

1994 4918 2090 4973 est
2127 4908 2402 4972 essentia
2436 4907 2536 4970 vel
2578 4908 2929 4969 secundum
2974 4907 3281 4970 rationem
3320 4926 3480 4982 esse,

1995 5015 2104 5070 aut
2143 5007 2496 5069 secundum
2542 5005 2849 5066 rationem
2891 5003 3360 5066 attributorum.

2077 5107 2141 5168 Si
2191 5111 2403 5166 autem
2454 5103 2813 5184 objiciatur,
2856 5102 3024 5184 quod
3074 5103 3357 5184 potentia
3396 5104 3488 5166 di-

385 5225 517 5270 non
577 5203 770 5267 habet
829 5203 1000 5285 quod
1059 5202 1143 5264 sit
1200 5202 1462 5285 aliquid,
1514 5204 1622 5265 sed
1682 5204 1888 5266 solum
2001 5205 2165 5266 citur
2204 5202 2557 5265 seeundum
2588 5200 2888 5263 virtutem
2923 5201 2999 5262 ad
3030 5202 3483 5282 operationem,

393 5303 570 5387 quod
600 5303 680 5366 ad
711 5301 958 5384 aliquid
989 5300 1300 5363 referatur
1325 5319 1338 5362 ε
1368 5301 1510 5363 ideo
1539 5304 1892 5365 seeundum
2003 5302 2218 5383 aliqua
2260 5307 2473 5363 autem
2520 5297 2800 5380 operatio
2842 5299 2919 5360 ad
2964 5299 3490 5381 omnipotentiam
