4359 6250
881 451 998 514 160
1479 536 1482 539 ῃ
1518 470 1581 514 m
1622 469 1844 515 mnam(
1887 469 1906 513 1
1949 467 2430 513 sawrmrmnuu.
2475 483 2554 493 -
2595 466 2748 513 ms'r.
2794 466 2987 528 xx1113
3030 466 3252 523 QuAEsr.
3302 467 3345 511 11

875 637 1199 719 significat
1236 656 1376 719 quae
1415 643 1509 698 est
1551 636 1956 719 suppositum
1996 634 2130 697 sive
2172 634 2369 716 hypo·
2400 631 2449 693 A
2482 633 2774 695 essentiis
2836 632 3025 713 aliis;
3092 641 3309 716 postea
3371 652 3520 697 vero
3586 634 3981 715 significatio

875 736 1081 810 stasis,
1116 743 1179 797 et
1224 755 1370 797 cum
1413 734 1522 797 illa
1563 734 1847 815 implicat
1892 733 2367 815 proprietatem,

876 843 1298 917 connotatque
1330 834 1749 896 substantiam
1780 853 1922 915 quae
1961 841 2056 894 est
2087 851 2369 895 commu-

874 934 974 995 nis
1025 934 1316 996 essentia.
1363 933 1439 993 Et
1487 932 1789 1013 quoniam
1841 932 1907 993 in
1957 932 2193 993 divinis
2244 948 2370 992 non

873 1040 969 1093 est
997 1031 1440 1094 determinatio
1470 1030 1594 1091 nisi
1626 1050 1739 1111 per
1771 1031 2209 1112 proprietateS,
2229 1028 2391 1090 ideo·

873 1132 1030 1193 dicit
1070 1130 1160 1192 ibi
1201 1130 1604 1213 suppositum
1646 1130 2018 1192 distinctum
2059 1129 2193 1191 sola
2229 1145 2368 1209 pro-

876 1230 1142 1310 prietate
1172 1229 1250 1290 ad
1281 1228 1654 1308 dignitatem
1687 1228 2066 1310 pertinente,
2102 1245 2244 1308 quae
2275 1233 2370 1287 est

877 1327 1099 1389 relatio
1156 1326 1438 1408 originis.
1470 1328 1690 1390 ‚Porro
1750 1326 1955 1407 prima
2018 1324 2372 1386 substantia

877 1444 1004 1489 non
1047 1425 1352 1506 recipitur
1393 1425 1457 1486 in
1498 1424 1756 1498 diviniS,
1791 1424 2091 1505 quoniam
2135 1422 2273 1504 ipsa
2304 1422 2371 1483 in

878 1524 1181 1587 relatione
1239 1524 1472 1585 dicitur
1519 1523 1597 1584 ad
1656 1523 2022 1595 secundam,
2075 1540 2217 1603 quae
2275 1528 2370 1582 est

879 1623 1256 1697 universale,
1290 1623 1460 1704 quod
1501 1623 1853 1685 secundum
1889 1620 2364 1701 Philosophum,

876 1721 1039 1783 nihil
1068 1729 1165 1785 est
1193 1728 1303 1783 aut
1342 1720 1657 1803 posterius
1692 1728 1805 1783 est.
1842 1721 1910 1781 In
1953 1719 2187 1782 divinis
2219 1736 2370 1780 vero

2480 731 2620 809 ejus
2652 729 2775 792 fuit
2814 738 3075 803 mutata,
3109 732 3195 794 ita
3226 739 3297 794 ut
3329 732 3393 794 in
3436 732 3667 814 plurali
3704 751 3979 795 numero

2480 828 2802 909 significet
2832 830 3235 908 relationem3
3266 839 3456 913 atque
3486 831 3713 892 deinde
3742 851 3821 893 ex
3856 852 3979 893 usu

2482 928 2929 989 modernorum
2992 936 3263 990 tractum
3320 936 3417 989 est
3472 930 3550 990 ad
3610 929 3982 1010 significan-

2480 1026 2633 1087 dum
2683 1025 3056 1087 relationem
3106 1026 3297 1089 etiam
3349 1026 3413 1087 in
3464 1027 3789 1107 singulari.
3846 1028 3981 1089 Hoc

2479 1132 2691 1185 autem
2738 1124 3111 1186 rationabile
3158 1142 3283 1187 non
3329 1126 3603 1200 videtur,
3636 1127 3785 1207 quia
3836 1127 3981 1208 plu-

2481 1223 2610 1285 rale
2656 1241 2781 1285 non
2827 1231 2923 1285 est
2966 1224 3090 1285 nisi
3140 1225 3534 1305 geminatum
3588 1224 3907 1305 singulare
3960 1242 3977 1286 t

2481 1321 2649 1382 unde
2698 1322 2919 1383 eadem
2969 1329 3065 1383 est
3114 1321 3503 1403 significatio
3555 1322 3619 1384 in
3668 1323 3981 1406 singulari

2478 1426 2542 1481 et
2592 1420 2821 1500 plurali
2884 1419 3004 1483 sub
3055 1420 3651 1502 consignificatione
3702 1422 3975 1484 diversa.

2480 1518 2744 1599 Insuper
2785 1526 3029 1581 constat
3070 1520 3239 1602 quod
3282 1538 3433 1582 usus
3464 1520 3741 1582 variatus
3780 1519 3981 1601 signi-

2480 1614 2799 1679 ficationis
2844 1617 3123 1679 nominis
3170 1618 3364 1699 hujus
3408 1636 3535 1681 non
3585 1625 3681 1680 est
3730 1618 3981 1681 irratio-

2481 1714 2713 1777 nabilis
2758 1732 2773 1777 ε
2820 1723 3070 1797 oportet
3116 1734 3266 1796 ergo
3316 1717 3485 1799 quod
3537 1717 3602 1778 in
3652 1716 3981 1798 significa-

876 1820 1037 1882 nihil
1087 1829 1182 1882 est
1234 1820 1410 1902 prius
1459 1827 1569 1882 aut
1618 1819 1952 1902 posterius.
2002 1819 2144 1881 Haec
2190 1816 2369 1880 Udal-
2404 1812 2452 1875 B
2486 1811 2651 1875 tione
2711 1813 2990 1875 nominis
3054 1813 3247 1894 hujus
3309 1814 3552 1895 aliquid
3614 1814 3982 1876 attendatur

875 1937 1065 1980 ricus.

957 2017 1136 2079 Circa
1165 2016 1297 2079 haec
1337 2015 1561 2079 asserit
1590 2016 1859 2078 Thomas
1896 2032 1909 2076 ε
1943 2014 2187 2077 Nomen
2230 2034 2367 2097 per-

876 2134 1045 2178 sonae
1077 2115 1331 2197 proprie
1371 2114 1676 2196 competit
1705 2115 1854 2187 Deo‘,
1889 2131 2014 2176 non
2055 2120 2264 2175 tamen
2300 2120 2366 2175 ut

877 2213 1204 2287 creaturis,
1267 2214 1377 2275 sed
1445 2213 1632 2276 modo
1696 2211 2013 2275 nobiliori.
2077 2212 2368 2274 Salvatur

876 2314 1047 2374 enim
1089 2312 1247 2374 ratio
1290 2330 1574 2393 personae
1616 2311 1681 2373 in
1721 2310 1978 2385 diviniS,
2013 2311 2365 2372 secundum

875 2411 1045 2491 quod
1086 2428 1354 2492 persona
1391 2428 1502 2471 seu
1545 2410 1708 2471 Deus
1749 2408 1938 2470 habet
1976 2428 2114 2470 6556
2155 2427 2269 2489 per
2298 2426 2365 2470 se

875 2508 1228 2571 subsistens
1279 2509 1343 2569 in
1398 2515 1622 2571 natura
1679 2507 2114 2569 intellectuali.
2169 2542 2251 2552 ——
2299 2506 2363 2569 Si

869 2615 1084 2669 autem
1153 2606 1514 2687 objiciatur,
1576 2606 1726 2687 quia
1793 2624 2062 2687 persona
2129 2605 2365 2667 dicitur

869 2724 1012 2786 quae
1061 2704 1306 2767 substat
1353 2705 1544 2767 alicui
1592 2703 1986 2787 proprietati,
2039 2704 2207 2765 Deus
2255 2723 2363 2766 au-

868 2810 998 2864 tem
1029 2804 1190 2865 nulli
1221 2802 1466 2865 substat
1500 2820 1513 2864 :
1548 2803 1911 2875 dicendum,
1937 2802 2107 2883 quod
2139 2802 2204 2862 in
2236 2803 2363 2864 Deo

867 2901 1030 2961 nihil
1060 2903 1414 2963 secundum
1455 2920 1588 2963 rem
1622 2901 1881 2983 ponitur
1911 2900 2031 2962 sub
2070 2900 2216 2973 alio,
2252 2901 2361 2962 sed

2481 1911 2834 1973 secundum
2893 1912 3063 1993 quod
3112 1929 3187 1974 eo
3236 1912 3329 1974 sic
3378 1919 3443 1975 et
3490 1912 3584 1974 sic
3633 1929 3979 1993 possumus

2478 2010 2592 2072 uti.
2613 2010 2736 2072 Alii
2766 2011 3091 2091 assignant
3122 2010 3664 2092 multiplicitatem
3694 2011 3980 2073 nominis

2479 2108 2671 2189 hujus
2702 2117 2765 2170 et
2794 2109 3044 2171 diversa
3074 2108 3435 2190 significata
3476 2110 3699 2191 ipsiuS,
3736 2127 3862 2171 non
3895 2129 3979 2171 ex

2478 2205 2843 2267 diversitate
2878 2207 3204 2289 temporiS,
3240 2208 3351 2269 sed
3380 2226 3457 2269 ex
3490 2207 3749 2289 propria
3776 2207 3979 2287 signi-

2477 2303 2775 2368 ficatione
2807 2305 3105 2368 nominis.
3145 2306 3376 2367 Dicunt
3415 2325 3689 2387 namque
3724 2306 3979 2387 simpli-

2477 2402 2655 2477 citer,
2690 2404 2858 2485 quod
2906 2404 3225 2465 interdum
3273 2404 3561 2485 designat
3602 2405 3974 2477 essentiam,

2475 2502 2855 2583 quandoque
2886 2502 3299 2585 hypostasim,
3324 2503 3664 2585 aliquando
3692 2502 3983 2585 proprie—

2474 2605 2679 2674 tatem,
2696 2608 2763 2662 ut
2795 2600 2961 2663 infra
2990 2601 3281 2681 Magister
3310 2601 3541 2663 sentire
3573 2602 3833 2663 videtur.
3850 2602 3977 2664 Sed

2474 2699 2723 2760 nullum
2780 2700 3048 2763 istorum
3106 2700 3301 2761 trium
3352 2700 3605 2762 videtur
3653 2700 3976 2783 complete.

2473 2799 3014 2878 comprehendere
3066 2797 3605 2879 significationem
3660 2816 3973 2880 personae.

2473 2896 2606 2957 Imo
2637 2913 2905 2977 persona
2935 2895 3188 2957 videtur
3218 2896 3433 2959 omnia
3464 2896 3573 2957 illa
3604 2896 3975 2958 includere:

867 3007 1114 3062 tantum
1185 3001 1536 3062 secundum
1609 3001 1867 3062 modum
1938 2999 2356 3080 intelligendi,
2398 2993 2441 3057 C
2473 2993 2795 3074 significat
2832 2994 3005 3057 enim
3048 2993 3203 3076 quid
3244 2994 3599 3057 subsistens
3643 2995 3704 3056 in
3742 3002 3983 3056 natura

869 3099 1253 3180 prout'Deus
1284 3098 1661 3179 intelligitur
1691 3098 1872 3181 quasi
1905 3097 2199 3160 substans
2232 3116 2361 3161 suae

870 3198 1240 3278 proprietati
1275 3198 1588 3280 personali
1620 3205 1726 3259 aut
1757 3197 2100 3270 essentiali,
2135 3216 2359 3259 secun-

871 3295 1024 3356 dum
1055 3295 1224 3376 quod
1262 3295 1618 3376 appellatur
1647 3295 2036 3374 substantia3
2069 3295 2170 3357 vel
2213 3315 2364 3377 qua-

870 3393 923 3454 si
974 3394 1268 3457 substans
1311 3413 1426 3456 suo
1469 3413 1629 3469 csse,
1663 3395 2014 3456 secundum
2059 3395 2228 3476 quod
2272 3395 2361 3456 di-

870 3493 1036 3554 citur
1064 3493 1492 3556 subsistentia.
1505 3494 1798 3556 Attamen
1829 3494 1978 3575 quia
2006 3494 2359 3556 secundum

871 3611 1004 3654 rem
1038 3592 1198 3654 nihil
1230 3599 1326 3654 est
1365 3592 1454 3654 ibi
1495 3592 1615 3654 sub
1649 3592 1796 3665 alio,
1831 3592 1972 3654 ideo
2009 3591 2358 3654 Richardus

867 3691 945 3753 de
995 3692 1053 3753 S.
1089 3691 1338 3755 Victore
1388 3691 1606 3753 volens
1656 3690 1911 3772 proprie
1964 3689 2158 3772 loqui,
2204 3688 2358 3750 dicit

865 3791 1032 3871 quod
1074 3808 1359 3871 personae
1400 3790 1631 3852 divinae
1671 3807 1797 3851 non
1833 3789 2211 3862 subsistunt,
2246 3788 2357 3849 sed

862 3889 1197 3964 exsistunt,
1233 3891 1299 3951 in
1350 3896 1657 3971 quantum
1703 3887 2002 3950 videlicet
2044 3887 2355 3966 distingu-

862 3996 1058 4049 untur
1107 3988 1602 4070 proprietatibus
1659 3986 1947 4068 originiS‚
2001 3986 2353 4047 secundum

863 4105 1020 4167 quas
1064 4106 1192 4148 una
1232 4093 1327 4148 est
1371 4105 1448 4148 ex
1491 4086 1635 4159 alia,
1669 4085 1903 4168 quibus
1950 4102 2075 4146 non
2121 4102 2353 4165 suppo-

2475 3092 2909 3168 intellectuali,
2945 3092 3319 3154 distinctum
3361 3093 3575 3175 aliqua
3618 3092 3979 3175 proprieta-

2471 3199 2551 3253 te.
2593 3191 2715 3254 Alii
2760 3192 3084 3272 assignant
3134 3191 3674 3273 multiplicitatem
3720 3190 3981 3273 signifi-

2472 3289 2737 3353 cationis
2768 3309 3055 3372 personae
3084 3309 3161 3352 ex
3192 3289 3511 3371 adjuncto.
3532 3290 3765 3352 Dicunt
3792 3309 3983 3352 nam—

2469 3407 2594 3470 que
2625 3389 2794 3470 quod
2824 3389 3078 3470 quando
3109 3407 3221 3469 per
3252 3407 3319 3450 se
3350 3388 3645 3462 sumitur,
3679 3387 3981 3469 designat

2470 3487 2922 3567 substantiam3
2946 3487 3056 3548 sed
3085 3506 3162 3548 cx
3192 3485 3494 3567 adjuncto
3526 3486 3795 3548 termino
3828 3506 3981 3568 par-

2471 3586 2650 3648 titivo
2694 3592 2802 3647 aut
2843 3585 3177 3657 numerali,
3212 3584 3483 3646 trahitur
3522 3585 3600 3646 ad
3640 3585 3979 3665 significa·

2469 3685 2707 3747 tionem
2758 3684 3081 3746 relationis
3117 3702 3129 3744 :
3168 3692 3236 3745 ut
3284 3702 3484 3765 quum
3532 3683 3787 3757 dicitur,
3820 3684 3975 3748 duae

2469 3803 2775 3866 personae,
2811 3783 2933 3857 vel,
2973 3783 3097 3845 alia
3145 3800 3431 3863 persona.
3468 3783 3643 3856 Quod
3694 3801 3819 3844 non
3874 3783 3979 3845 vi-

2466 3883 2669 3956 detur,
2704 3882 3006 3965 quoniam
3045 3881 3305 3944 nomina
3343 3880 3773 3962 significantia
3810 3881 3973 3943 sub-

2466 3981 2762 4043 stantiam
2792 3981 3101 4054 absolute,
3124 3997 3250 4042 non
3283 3980 3604 4062 recipiunt
3632 3981 3821 4041 talem
3854 3981 3975 4042 ad-

2464 4082 2773 4143 ditionem
2808 4099 2821 4142 :
2855 4081 3009 4162 quia
3045 4098 3173 4142 non
3204 4079 3480 4141 dicimus
3520 4079 3735 4160 plures
3774 4079 3970 4154 DeOS‚

864 4192 1104 4246 nuntur
1135 4203 1248 4266 per
1281 4185 1539 4246 modum
1575 4184 1846 4265 subjecti
1883 4201 1896 4245 :
1933 4184 2074 4246 ideo
2104 4183 2353 4244 divinas
2386 4185 2433 4246 D
2464 4199 2580 4243 nec
2610 4180 2805 4241 alium
2834 4176 3579 4241 Deum.—Conformiter
3606 4177 3709 4260 qui
3742 4177 3979 4239 dicunt

865 4301 1165 4364 personas
1206 4302 1330 4346 non
1371 4283 1528 4345 dicit
1565 4301 1703 4344 esse
1744 4281 2207 4354 subsistentias,
2243 4280 2353 4343 sed

863 4380 1282 4443 exsistentiaS.

943 4479 1245 4542 Praeterea
1288 4480 1364 4541 de
1407 4478 1874 4561 significatione
1925 4496 2210 4559 personae
2258 4477 2352 4538 in-

865 4577 1118 4640 venitur
1149 4578 1482 4660 multiplex
1513 4579 1839 4641 doctorum
1869 4576 2199 4638 sententia.
2216 4576 2355 4649 Qui-

861 4677 1007 4740 dam
1065 4677 1302 4740 etenim
1353 4677 1574 4738 dicunt
1622 4677 1791 4758 quod
1841 4675 1922 4738 sit
1981 4675 2348 4750 univocum,

859 4777 966 4839 alii
1027 4777 1196 4859 quod
1249 4777 1666 4857 aequivocum.
1715 4775 2151 4857 AEquivocatio
2201 4793 2352 4836 vero

859 4876 1138 4938 nominis
1189 4875 1382 4956 hujus
1424 4895 1460 4936 a
1504 4875 1772 4936 diversis
1821 4873 2156 4955 tripliciter
2198 4873 2351 4935 assi-

856 4983 1102 5056 gnatur.
1156 4974 1313 5037 Nam
1374 4974 1634 5056 quidam
1688 4973 2014 5054 assignant
2069 4991 2207 5034 eam
2260 4991 2353 5034 se-

859 5075 1140 5136 cundum
1191 5072 1496 5155 temporis
1546 5072 2002 5146 diversitatem,
2047 5071 2133 5132 ita
2178 5070 2349 5151 quod

858 5181 1002 5234 ante
1034 5173 1478 5236 haereticorum
1510 5171 1992 5254 inquisitionem
2027 5167 2350 5250 significa-

819 5272 952 5360 ·vit
997 5271 1279 5333 divinam
1327 5271 1667 5335 essentiam
1728 5279 1798 5332 ut
1845 5265 2211 5332 distinctam
2270 5267 2350 5330 ab

2465 4280 2634 4360 quod
2666 4280 2748 4341 sit
2787 4297 3022 4341 nomen
3058 4277 3405 4339 univocum
3436 4276 3778 4338 variantur.
3812 4277 3975 4350 Qui-

2465 4379 2610 4440 dam
2666 4377 2902 4439 etenim
2956 4376 3197 4449 dicunt‚
3250 4375 3419 4457 quod
3479 4375 3547 4436 in
3600 4394 3713 4436 sua
3762 4374 3975 4455 signi-

2465 4476 2763 4541 ficatione
2821 4476 3059 4538 claudit
3119 4475 3466 4537 terminum
3524 4493 3745 4544 unum,
3802 4481 3975 4554 puta

2465 4574 2883 4637 substantiam
2928 4575 3029 4636 vel
3079 4573 3443 4654 subjectum
3479 4581 3589 4635 :et
3634 4571 3977 4653 significat

2464 4674 2881 4736 substantiam
2945 4690 3070 4735 non
3131 4691 3273 4754 quae
3334 4679 3429 4734 est
3487 4671 3779 4742 essentia,
3842 4673 3971 4734 sed

2463 4792 2605 4854 quae
2636 4773 2870 4834 dicitur
2900 4771 3257 4854 hypostasis
3290 4770 3387 4832 vel
3430 4769 3783 4832 substantia
3822 4770 3971 4852 pri-

2414 4952 2435 4962 ·
2466 4890 2584 4932 ma.
2628 4872 2748 4933 Sed
2800 4872 2918 4932 hoc
2970 4888 3095 4933 non
3144 4869 3397 4931 videtur
3446 4868 3767 4940 sufficere,
3801 4887 3977 4950 quo-

2463 4971 2635 5032 niam
2694 4955 2853 5031 nihil
2914 4968 3276 5031 absolutum
3328 4968 3394 5029 in
3441 4968 3679 5029 divinis
3730 4987 3975 5030 nume-

2463 5077 2684 5130 ratur:
2720 5069 2958 5130 idcirco
3008 5068 3060 5130 si
3114 5067 3291 5129 nullo
3341 5067 3528 5129 modo
3582 5066 3973 5132 relationem

2464 5169 2852 5250 importaret,
2894 5185 3019 5229 non
3070 5174 3282 5248 posset
3332 5165 3399 5227 in
3449 5165 3677 5247 plurali
3728 5166 3975 5246 praedi—

2464 5267 2611 5329 cari.
2631 5265 2755 5327 Alii
2780 5265 3022 5340 dicunt,
3041 5265 3209 5347 quod
3243 5264 3309 5325 in
3340 5283 3455 5326 sua
3483 5263 3977 5346 significatione
