4359 6250
526 1846 638 1889 Hier.
652 1845 695 1888 in
713 1845 795 1889 Ht-

523 1909 616 1952 hac.
631 1923 658 1960 ι,
674 1912 738 1953 u.

523 2317 542 2338 ·
557 2317 791 2372 potentiam

521 3132 656 3176 ICor.
675 3146 714 3175 ιι

520 3366 628 3423 Sap.
643 3369 786 3417 xima.

549 4060 722 4107 ΔΙαίὶΙι.
744 4075 788 4113 v,

520 4127 590 4168 45.

818 477 940 542 492
1719 501 1892 547 mmm
1933 502 1956 548 1
1997 501 2481 548 SENTENTlARUn.
2526 519 2607 531 -
2648 502 2801 549 msT.
2846 503 3037 549 xxx1x

819 673 997 737 enim
1040 675 1262 757 aliqua
1306 675 1640 758 incognita
1687 674 1898 740 facere
1941 677 2176 757 potest.
2221 677 2289 741 Si
2330 693 2485 742 vero
2527 676 2750 741 omnia
2797 677 3016 741 essent
3052 695 3201 759 quae
3240 677 3439 742 modo
3476 678 3655 756 sunt,
3695 678 3763 741 et
3800 676 3943 740 alia

818 791 1124 871 quaedam
1152 792 1393 856 faceret
1421 810 1568 873 quae
1599 810 1730 856 non
1767 795 1923 856 sunt
1957 811 2079 856 nec
2107 793 2321 874 erunt,
2354 794 2421 857 et
2448 793 2563 856 illa
2600 793 2823 858 omnia
2860 793 3092 875 sciret;
3130 812 3250 875 pro
3291 795 3467 857 certo
3506 793 3696 875 plura
3732 794 3942 858 sciret

818 925 1018 988 quam
1071 910 1268 973 modo
1320 910 1508 974 sciat.
1551 910 1687 973 Nec
1743 911 1962 974 tamen
2011 911 2156 992 ejus
2207 910 2481 974 scientia
2532 911 2757 992 augeri
2812 912 3031 993 potest
3071 931 3085 972 ε
3136 911 3294 992 quia
3339 911 3466 973 hoc
3512 912 3727 974 totum
3783 911 3939 974 fieri

705 1079 710 1087 .
819 1027 1064 1106 posset3
1115 1026 1231 1088 sed
1286 1027 1428 1089 sine
1487 1025 1924 1090 mutabilitate
1980 1027 2295 1091 scientiae.
2338 1027 2611 1090 Constat
2666 1045 2819 1108 ergo
2877 1027 3000 1090 Dei
3052 1027 3396 1091 scientiam
3454 1027 3724 1112 omnino
3782 1045 3940 1091 esse

793 1141 1328 1231 immutabilem,
1369 1160 1488 1207 nec
1533 1144 1755 1224 augeri
1803 1161 1998 1225 posse
2045 1143 2150 1207 vel
2197 1144 2433 1224 minui,
2475 1145 2592 1207 sed
2637 1145 2699 1208 ei
2744 1143 3061 1225 subJecta.

953 1383 1036 1446 D.
1067 1387 1264 1452 Quod
1299 1389 1592 1451 videtur
1621 1393 2017 1452 adversum
2057 1391 2174 1451 illi
2208 1389 2591 1452 sententiae
2627 1403 2771 1465 qua
2809 1403 3043 1462 supra
3084 1389 3359 1452 dictum
3397 1389 3529 1463 est,
3564 1391 3792 1451 Deum

1770 1518 2065 1577 semper
2101 1505 2172 1566 et
2208 1507 2435 1567 simul
2470 1507 2665 1567 scire
2704 1507 2983 1567 omnia.

954 1715 1036 1778 Ei
1075 1733 1228 1780 vero
1266 1717 1444 1798 quod
1492 1717 1883 1799 praedictum
1931 1720 2053 1798 est,
2093 1718 2346 1782 scilicet
2382 1718 2561 1799 quod
2596 1719 2778 1782 Deus
2814 1719 3038 1782 omnia
3082 1735 3342 1800 semper
3378 1719 3560 1783 videt
3594 1720 3661 1783 et
3694 1718 3935 1798 simul,

822 1830 1081 1894 videtur
1136 1831 1401 1897 obviare
1458 1834 1634 1914 quod
1699 1835 1792 1898 ait
1846 1835 2296 1915 Hieronymus
2353 1835 2420 1896 in
2477 1834 2889 1916 expositione
2935 1834 3243 1898 Habacuc
3294 1855 3309 1895 ε
3361 1834 3741 1898 Absurdum
3796 1837 3935 1916 est,

821 1947 1060 2030 inquit,
1094 1950 1176 2013 ad
1205 1950 1331 2013 hoc
1359 1950 1677 2015 deducere
1715 1952 1837 2016 Dei
1878 1951 2315 2033 majestatem,
2348 1953 2422 2015 ut
2458 1953 2624 2016 sciat
2650 1970 2768 2034 per
2804 1953 3139 2016 momenta
3177 1952 3460 2034 singula,
3492 1953 3657 2033 quot
3682 1952 3939 2017 culices

820 2067 1173 2130 nascantur
1220 2069 1464 2148 quotve
1511 2069 1899 2149 moriantur,
1940 2070 2142 2149 quota
2199 2069 2494 2150 pulicum
2553 2070 2618 2132 et
2674 2085 3052 2132 muscarum
3112 2069 3200 2131 sit
3255 2069 3637 2149 multitudo,
3680 2071 3939 2150 quotve

818 2182 1034 2264 pisces
1079 2183 1305 2246 natent
1353 2184 1422 2246 in
1473 2185 1686 2264 aquiS‚
1729 2185 1794 2247 et
1839 2184 2105 2248 similia.
2157 2185 2306 2248 Non
2357 2185 2568 2248 simus
2623 2185 2759 2247 tam
2809 2182 2974 2248 fatui
3020 2184 3393 2248 adulatores
3442 2185 3589 2265 Dei,
3634 2186 3710 2248 ut
3762 2187 3941 2249 dum

818 2299 1301 2381 providentiam
1324 2295 1348 2320 *
1387 2300 1531 2381 ejus
1561 2301 1758 2364 etiam
1797 2302 1881 2364 ad
1917 2303 2052 2364 ima
2089 2301 2515 2381 retrudimus,
2548 2302 2615 2364 in
2657 2319 2778 2365 nos
2808 2302 2991 2382 ipsos
3019 2301 3324 2382 injuriosi
3362 2301 3598 2383 simuS,
3624 2302 3939 2366 eamdem

817 2415 1366 2479 irrationabilium
1425 2419 1490 2480 et
1542 2418 2033 2481 rationabilium
2099 2419 2580 2498 providentiam
2638 2437 2781 2482 esse
2844 2419 3160 2482 dicentes.
3212 2418 3339 2481 Hic
3396 2418 3656 2483 videtur
3707 2419 3938 2484 dicere

816 2533 1287 2614 HieronymuS,
1347 2535 1523 2616 quod
1587 2536 1769 2600 Deus
1825 2534 2093 2598 illorum
2161 2536 2591 2599 minimorum
2649 2535 2994 2600 scientiam
3052 2535 3193 2598 sive
3250 2535 3732 2617 providentiam
3788 2555 3939 2602 non

814 2650 1070 2714 habeat.
1107 2650 1299 2724 Quod
1337 2651 1394 2714 si
1431 2653 1557 2715 hoc
1596 2652 1716 2732 est,
1749 2654 1906 2716 tunc
1943 2670 2076 2715 non
2114 2651 2339 2715 omnia
2374 2651 2575 2716 simul
2613 2652 2738 2715 scit
2775 2652 2839 2715 et
2868 2669 3150 2733 semper.
3178 2653 3282 2716 Ex
3311 2651 3425 2714 tali
3464 2652 3685 2734 itaque
3724 2672 3941 2718 sensu

814 2767 981 2831 illud
1019 2768 1269 2832 dictum
1309 2787 1450 2833 esse
1487 2771 1891 2850 noverimuS,
1925 2770 1999 2833 ut
2035 2771 2249 2834 Deum
2290 2769 2405 2832 illa
2441 2770 2813 2833 alternatim
2850 2768 2955 2834 vel
2992 2769 3438 2851 particulatim
3477 2769 3644 2833 scire
3688 2775 3939 2856 neget3

817 2901 937 2947 nec
985 2901 1102 2965 per
1153 2885 1412 2948 diversa
1467 2887 1843 2968 temporum
1893 2888 2229 2949 momenta
2276 2886 2372 2949 sic
2418 2886 2532 2948 illa
2581 2886 2911 2966 cognovit,
2962 2885 3135 2949 sicut
3189 2903 3306 2967 per
3351 2887 3535 2948 varia
3588 2891 3943 2952 momenta
4018 2940 4039 2953 .

817 2998 1084 3063 illorum
1122 3002 1427 3080 quaedam
1475 3003 1810 3083 deficiunt,
1852 3003 2155 3083 quaedam
2204 3003 2548 3084 incipiunt.
2590 3003 2821 3082 Neque
2860 3002 2993 3066 illis
3038 3003 3317 3083 aliisque
3364 3002 3940 3068 irrationabilibus

719 3164 730 3185 ,
773 3115 910 3179 ,ita
945 3117 1268 3199 providet,
1311 3120 1871 3199 quemadmodum
1918 3118 2438 3184 rationabilibus.
2470 3119 2813 3201 Numquid
2861 3120 3062 3199 enim,
3103 3120 3179 3184 ut
3214 3118 3305 3182 ait
3342 3118 3725 3202 ApostoluS,
3767 3139 3942 3186 cura

819 3233 920 3296 est
955 3234 1095 3296 Deo
1124 3234 1205 3297 de
1244 3233 1455 3298 bobus
1479 3236 1509 3298 Τ
1545 3238 1630 3299 Et
1657 3237 1830 3299 sicut
1857 3254 1990 3299 non
2020 3238 2119 3299 est
2148 3253 2305 3299 cura
2342 3236 2481 3299 Deo
2520 3236 2601 3299 de
2639 3234 2875 3315 bobuS,
2917 3237 3009 3297 ita
3045 3252 3163 3298 nec
3201 3235 3282 3298 de
3320 3235 3470 3298 aliis
3508 3235 3941 3301 irrationabi-

818 3349 1016 3413 libus.
1050 3350 1228 3414 Dicit
1264 3352 1486 3415 tamen
1528 3352 1884 3433 Scriptura,
1928 3353 2083 3434 quia
2132 3352 2260 3433 ipsi
2300 3354 2401 3416 est
2445 3370 2601 3415 cura
2636 3352 2717 3415 de
2756 3351 3087 3415 omnibus
3129 3352 3621 3416 Providentiam
3665 3370 3818 3435 ergo
3864 3356 3942 3417 et

816 3484 1042 3529 curam
1079 3467 1538 3531 universaliter
1572 3468 1654 3531 de
1697 3469 1951 3533 cunctis
1987 3486 2134 3549 quae
2180 3468 2495 3548 condidit,
2536 3468 2754 3548 habet,
2794 3470 2870 3530 ut
2906 3467 3143 3531 habeat
3176 3468 3697 3548 unumquodque
3742 3473 3941 3550 quod

816 3582 942 3646 sibi
982 3583 1255 3647 debetur
1292 3585 1356 3647 et
1399 3584 1725 3649 convenit.
1769 3586 1895 3649 Sed
1943 3585 2296 3667 specialem
2344 3584 2825 3666 providentiam
2873 3586 3069 3664 atque
3106 3602 3329 3647 curam
3369 3584 3568 3648 habet
3602 3585 3683 3649 de
3719 3586 3941 3650 ratio-

815 3699 1170 3781 nabilibuS,
1227 3699 1470 3781 quibus
1524 3704 1850 3782 praecepta
1904 3701 2197 3781 tradidit,
2255 3702 2480 3782 eisque
2538 3702 2710 3765 recte
2766 3701 3031 3765 vivendi
3091 3700 3300 3781 legem
3367 3701 3789 3782 praescripsit,
3850 3721 3938 3767 ac

817 3817 1088 3898 praemia
1127 3818 1455 3899 promisit.
1487 3819 1674 3881 Hanc
1711 3818 2190 3900 providentiam
2234 3818 2297 3882 et
2334 3835 2557 3881 curam
2595 3817 2676 3881 de
2714 3817 3273 3881 irrationabilibus
3308 3834 3440 3880 non
3478 3817 3675 3881 habet
3714 3838 3730 3880 x
3772 3819 3935 3884 ideo

802 3932 977 3996 'dicit
1007 3932 1390 4015 Apostolus,
1415 3934 1571 4014 quia
1607 3952 1740 3997 non
1776 3936 1877 3999 est
1903 3952 2058 3998 cura
2096 3936 2236 3999 Deo
2274 3935 2355 3998 de
2384 3933 2617 3998 bobus.
2642 3934 2955 3997 Providet
2990 3934 3210 3997 tamen
3246 3932 3579 4014 omnibuS,
3608 3936 3674 3998 et
3708 3938 3931 4017 curat,

820 4050 889 4113 id
947 4050 1046 4113 est
1099 4049 1441 4131 gubernat,
1485 4052 1730 4131 omnia,
1783 4050 1897 4132 qui
1963 4051 2272 4115 omnibus
2332 4051 2541 4114 solem
2601 4068 2799 4114 suum
2860 4050 3015 4113 facit
3080 4050 3261 4129 oriri,
3319 4051 3384 4113 et
3438 4050 3733 4131 pluviam
3779 4052 3929 4117 dat.

819 4165 957 4230 Scit
995 4166 1213 4246 itaque
1251 4166 1432 4229 Deus
1469 4169 1714 4246 quanta
1756 4168 1843 4231 sit
1880 4167 2237 4231 multitudo
2273 4168 2595 4249 pulicum,
2638 4166 2948 4247 culicum,
2990 4184 3365 4230 muscarum
3406 4167 3471 4229 et
3506 4167 3813 4247 piscium,
3860 4172 3939 4233 et

820 4285 983 4363 quot
1044 4284 1394 4345 nascantur
1447 4284 1691 4363 quotve
1740 4285 2147 4365 moriantur3
2197 4284 2311 4347 sed
2359 4300 2491 4346 non
2544 4284 2669 4347 scit
2713 4283 2838 4346 hoc
2890 4300 3007 4365 per
3056 4285 3395 4346 momenta
3448 4283 3729 4364 singula,
3780 4283 3932 4349 imo

817 4399 1019 4461 simul
1058 4400 1123 4461 et
1159 4399 1363 4462 semel
1403 4402 1645 4463 omnia.
1677 4402 1907 4482 Neque
1945 4402 2036 4464 ita
2072 4402 2219 4481 scit,
2261 4402 2337 4464 ut
2372 4401 2671 4465 eamdem
2709 4400 2945 4464 habeat
2981 4400 3462 4481 providentiam
3504 4400 3935 4465 irrationabi-

817 4515 984 4578 lium
1034 4517 1098 4579 et
1143 4515 1658 4597 rationabilium,
1700 4517 1768 4580 id
1820 4520 1940 4597 est,
1995 4520 2068 4581 ut
2119 4518 2351 4581 eodem
2405 4518 2669 4598 penitus
2720 4517 2916 4581 modo
2967 4517 3310 4599 provideat
3358 4516 3933 4583 irrationabilibus

627 4658 687 4751 οἱ.
713 4657 742 4688 0
774 4676 785 4687 .
817 4631 883 4695 et
938 4630 1458 4695 rationabilibus,
1518 4632 2046 4697 Rationabilibus
2101 4635 2279 4697 enim
2334 4634 2659 4715 praecepta
2714 4633 2916 4714 dedit,
2972 4632 3036 4696 et
3085 4632 3354 4715 angelos
3407 4633 3492 4696 ad
3545 4632 3929 4699 custodiam

818 4748 1165 4830 delegavit.

1703 4974 1780 5037 E.
1829 4977 2088 5039 Brevis
2130 4990 2425 5040 summa
2468 4976 3028 5051 praedictorum.

947 5196 1161 5260 Simul
1208 5197 1428 5277 itaque
1476 5199 1540 5261 et
1577 5196 2078 5262 immutabiliter
2123 5198 2250 5263 scit
2293 5199 2474 5262 Deus
2520 5198 2744 5261 omnia
2787 5217 2935 5279 quae
2982 5199 3247 5262 fuerunt
3288 5200 3352 5261 et
3396 5198 3551 5261 sunt
3593 5199 3659 5261 et
3694 5202 3927 5283 erunt,

814 5313 952 5376 tam
999 5311 1172 5376 bona
1217 5330 1418 5394 quam
1465 5314 1673 5396 mala3
1713 5316 1976 5397 praescit
2022 5332 2285 5398 quoque
2332 5315 2555 5379 omnia
2602 5315 2846 5395 futura,
2886 5316 3023 5379 tam
3068 5314 3241 5379 bona
3285 5331 3486 5396 quam
3532 5315 3731 5379 mala.
