<?xml version="1.0" encoding="UTF-8"?>
<!DOCTYPE html PUBLIC "-//W3C//DTD XHTML 1.0 Transitional//EN"
    "http://www.w3.org/TR/xhtml1/DTD/xhtml1-transitional.dtd">
<html xmlns="http://www.w3.org/1999/xhtml" xml:lang="en" lang="en">
 <head>
  <title>
</title>
<meta http-equiv="Content-Type" content="text/html;charset=utf-8" />
  <meta name='ocr-system' content='tesseract 3.04.00' />
  <meta name='ocr-capabilities' content='ocr_page ocr_carea ocr_par ocr_line ocrx_word'/>
</head>
<body>
  <div class='ocr_page' id='page_1' title='image "./doctorisecstati11unkngoog_0426.png"; bbox 0 0 4359 6250; ppageno 0'>
   <div class='ocr_carea' id='block_1_1' title="bbox 886 460 1005 525">
    <p class='ocr_par' dir='ltr' id='par_1_1' title="bbox 886 460 1005 525">
     <span class='ocr_line' id='line_1_1' title="bbox 886 460 1005 525; baseline -0.008 0"><span class='ocrx_word' id='word_1_1' title='bbox 886 460 1005 525; x_wconf 79' lang='lat'><strong>414</strong></span> 
     </span>
    </p>
   </div>
   <div class='ocr_carea' id='block_1_2' title="bbox 1506 474 3375 538">
    <p class='ocr_par' dir='ltr' id='par_1_2' title="bbox 1506 474 3375 538">
     <span class='ocr_line' id='line_1_2' title="bbox 1506 474 3375 538; baseline -0.002 -13"><span class='ocrx_word' id='word_1_2' title='bbox 1506 480 1569 526; x_wconf 83' lang='lat' dir='ltr'><strong>IN</strong></span> <span class='ocrx_word' id='word_1_3' title='bbox 1611 479 1832 525; x_wconf 79' lang='lat' dir='ltr'>LIBRUM</span> <span class='ocrx_word' id='word_1_4' title='bbox 1875 479 1894 524; x_wconf 93' lang='lat'>1</span> <span class='ocrx_word' id='word_1_5' title='bbox 1937 475 2421 524; x_wconf 71' lang='lat' dir='ltr'><strong>SENTENTIARUM.</strong></span> <span class='ocrx_word' id='word_1_6' title='bbox 2468 493 2549 503; x_wconf 90' lang='grc'><strong>-·</strong></span> <span class='ocrx_word' id='word_1_7' title='bbox 2587 475 2741 522; x_wconf 80' lang='lat' dir='ltr'><strong>msT.</strong></span> <span class='ocrx_word' id='word_1_8' title='bbox 2788 476 3017 538; x_wconf 81' lang='lat' dir='ltr'><strong>xxxvl,</strong></span> <span class='ocrx_word' id='word_1_9' title='bbox 3001 474 3015 490; x_wconf 81' lang='lat'>⁸</span> <span class='ocrx_word' id='word_1_10' title='bbox 3059 477 3283 532; x_wconf 78' lang='lat' dir='ltr'><strong>QUAEST.</strong></span> <span class='ocrx_word' id='word_1_11' title='bbox 3330 475 3375 522; x_wconf 81' lang='lat'><strong>11</strong></span> 
     </span>
    </p>
   </div>
   <div class='ocr_carea' id='block_1_3' title="bbox 887 642 3987 758">
    <p class='ocr_par' dir='ltr' id='par_1_3' title="bbox 887 642 3987 758">
     <span class='ocr_line' id='line_1_3' title="bbox 887 642 3987 758; baseline -0.002 -45"><span class='ocrx_word' id='word_1_12' title='bbox 887 651 1134 732; x_wconf 90' lang='lat' dir='ltr'><strong>species</strong></span> <span class='ocrx_word' id='word_1_13' title='bbox 1167 668 1494 731; x_wconf 88' lang='lat' dir='ltr'><strong>nunquam</strong></span> <span class='ocrx_word' id='word_1_14' title='bbox 1535 647 1768 710; x_wconf 84' lang='lat' dir='ltr'><strong>sitnisi</strong></span> <span class='ocrx_word' id='word_1_15' title='bbox 1811 647 1876 709; x_wconf 90' lang='lat' dir='ltr'><strong>in</strong></span> <span class='ocrx_word' id='word_1_16' title='bbox 1907 647 2122 758; x_wconf 44' lang='lat' dir='ltr'><strong>aliqu-o</strong></span> <span class='ocrx_word' id='word_1_17' title='bbox 2159 643 2387 706; x_wconf 91' lang='lat' dir='ltr'><strong>indivi-</strong></span> <span class='ocrx_word' id='word_1_18' title='bbox 2414 642 2513 705; x_wconf 91' lang='lat' dir='ltr'><strong>A</strong></span> <span class='ocrx_word' id='word_1_19' title='bbox 2497 663 2561 704; x_wconf 81' lang='lat' dir='ltr'><strong>in</strong></span> <span class='ocrx_word' id='word_1_20' title='bbox 2622 643 2731 706; x_wconf 88' lang='lat' dir='ltr'><strong>illa</strong></span> <span class='ocrx_word' id='word_1_21' title='bbox 2788 643 3151 708; x_wconf 73' lang='lat' dir='ltr'>sinceritate</span> <span class='ocrx_word' id='word_1_22' title='bbox 3200 646 3433 708; x_wconf 84' lang='lat' dir='ltr'><strong>vivere</strong></span> <span class='ocrx_word' id='word_1_23' title='bbox 3488 646 3563 708; x_wconf 85' lang='lat' dir='ltr'><strong>Et</strong></span> <span class='ocrx_word' id='word_1_24' title='bbox 3612 646 3713 708; x_wconf 91' lang='lat' dir='ltr'><strong>his</strong></span> <span class='ocrx_word' id='word_1_25' title='bbox 3772 645 3987 708; x_wconf 88' lang='lat' dir='ltr'><strong>Petrus</strong></span> 
     </span>
    </p>
   </div>
   <div class='ocr_carea' id='block_1_4' title="bbox 887 746 2389 1818">
    <p class='ocr_par' dir='ltr' id='par_1_4' title="bbox 887 746 2388 1208">
     <span class='ocr_line' id='line_1_4' title="bbox 889 746 2388 830; baseline -0.004 -19"><span class='ocrx_word' id='word_1_26' title='bbox 889 750 1016 811; x_wconf 92' lang='lat' dir='ltr'><strong>duo</strong></span> <span class='ocrx_word' id='word_1_27' title='bbox 1057 749 1224 830; x_wconf 88' lang='lat' dir='ltr'><strong>(esse</strong></span> <span class='ocrx_word' id='word_1_28' title='bbox 1273 749 1444 810; x_wconf 92' lang='lat' dir='ltr'><strong>enim</strong></span> <span class='ocrx_word' id='word_1_29' title='bbox 1493 755 1556 809; x_wconf 88' lang='lat' dir='ltr'><strong>et</strong></span> <span class='ocrx_word' id='word_1_30' title='bbox 1603 747 1770 822; x_wconf 85' lang='lat' dir='ltr'><strong>fieri,</strong></span> <span class='ocrx_word' id='word_1_31' title='bbox 1807 746 2095 827; x_wconf 87' lang='lat' dir='ltr'><strong>generari</strong></span> <span class='ocrx_word' id='word_1_32' title='bbox 2145 753 2207 806; x_wconf 88' lang='lat' dir='ltr'><strong>et</strong></span> <span class='ocrx_word' id='word_1_33' title='bbox 2257 762 2388 806; x_wconf 89' lang='lat' dir='ltr'><strong>cor-</strong></span> 
     </span>
     <span class='ocr_line' id='line_1_5' title="bbox 887 845 2386 957; baseline -0.003 -48"><span class='ocrx_word' id='word_1_34' title='bbox 887 848 1124 930; x_wconf 87' lang='lat' dir='ltr'><strong>rumpi,</strong></span> <span class='ocrx_word' id='word_1_35' title='bbox 1160 855 1308 909; x_wconf 89' lang='lat' dir='ltr'><strong>sunt</strong></span> <span class='ocrx_word' id='word_1_36' title='bbox 1348 846 1846 957; x_wconf 83' lang='lat' dir='ltr'><strong>suppositorum,</strong></span> <span class='ocrx_word' id='word_1_37' title='bbox 1890 864 2016 908; x_wconf 92' lang='lat' dir='ltr'><strong>non</strong></span> <span class='ocrx_word' id='word_1_38' title='bbox 2063 845 2386 906; x_wconf 89' lang='lat' dir='ltr'><strong>universa-</strong></span> 
     </span>
     <span class='ocr_line' id='line_1_6' title="bbox 888 943 2387 1028; baseline -0.004 -19"><span class='ocrx_word' id='word_1_39' title='bbox 888 947 1072 1028; x_wconf 91' lang='lat' dir='ltr'><strong>lium)</strong></span> <span class='ocrx_word' id='word_1_40' title='bbox 1092 965 1105 1008; x_wconf 94' lang='lat'>:</span> <span class='ocrx_word' id='word_1_41' title='bbox 1127 947 1346 1027; x_wconf 91' lang='lat' dir='ltr'><strong>sicque</strong></span> <span class='ocrx_word' id='word_1_42' title='bbox 1377 946 1557 1027; x_wconf 89' lang='lat' dir='ltr'><strong>sequi</strong></span> <span class='ocrx_word' id='word_1_43' title='bbox 1587 944 1926 1019; x_wconf 88' lang='lat' dir='ltr'><strong>videretur,</strong></span> <span class='ocrx_word' id='word_1_44' title='bbox 1943 944 2109 1025; x_wconf 92' lang='lat' dir='ltr'><strong>quod</strong></span> <span class='ocrx_word' id='word_1_45' title='bbox 2141 943 2387 1024; x_wconf 90' lang='lat' dir='ltr'><strong>species</strong></span> 
     </span>
     <span class='ocr_line' id='line_1_7' title="bbox 889 1042 2386 1124; baseline -0.005 -15"><span class='ocrx_word' id='word_1_46' title='bbox 889 1064 1017 1109; x_wconf 91' lang='lat' dir='ltr'><strong>non</strong></span> <span class='ocrx_word' id='word_1_47' title='bbox 1059 1045 1319 1108; x_wconf 87' lang='lat' dir='ltr'><strong>haberet</strong></span> <span class='ocrx_word' id='word_1_48' title='bbox 1359 1044 1566 1106; x_wconf 87' lang='lat' dir='ltr'><strong>ideam</strong></span> <span class='ocrx_word' id='word_1_49' title='bbox 1605 1044 1796 1105; x_wconf 90' lang='lat' dir='ltr'><strong>aliam</strong></span> <span class='ocrx_word' id='word_1_50' title='bbox 1836 1063 1872 1104; x_wconf 86' lang='lat' dir='ltr'><strong>a</strong></span> <span class='ocrx_word' id='word_1_51' title='bbox 1907 1042 2386 1124; x_wconf 86' lang='lat' dir='ltr'><strong>suppositorum</strong></span> 
     </span>
     <span class='ocr_line' id='line_1_8' title="bbox 891 1146 1069 1208; baseline 0 0"><span class='ocrx_word' id='word_1_52' title='bbox 891 1146 1069 1208; x_wconf 83' lang='lat' dir='ltr'><strong>ideis.</strong></span> 
     </span>
    </p>

    <p class='ocr_par' dir='ltr' id='par_1_5' title="bbox 887 1239 2389 1818">
     <span class='ocr_line' id='line_1_9' title="bbox 969 1239 2388 1326; baseline -0.004 -20"><span class='ocrx_word' id='word_1_53' title='bbox 969 1247 1236 1326; x_wconf 88' lang='lat' dir='ltr'><strong>Insuper</strong></span> <span class='ocrx_word' id='word_1_54' title='bbox 1264 1245 1483 1306; x_wconf 88' lang='lat' dir='ltr'><strong>Petrus</strong></span> <span class='ocrx_word' id='word_1_55' title='bbox 1516 1242 1684 1305; x_wconf 86' lang='lat' dir='ltr'><strong>circa</strong></span> <span class='ocrx_word' id='word_1_56' title='bbox 1713 1243 1848 1305; x_wconf 77' lang='lat' dir='ltr'><strong>haec</strong></span> <span class='ocrx_word' id='word_1_57' title='bbox 1880 1242 2080 1305; x_wconf 87' lang='lat' dir='ltr'><strong>multa</strong></span> <span class='ocrx_word' id='word_1_58' title='bbox 2114 1239 2388 1303; x_wconf 75' lang='lat' dir='ltr'><strong>conscii-</strong></span> 
     </span>
     <span class='ocr_line' id='line_1_10' title="bbox 889 1340 2387 1425; baseline -0.003 -21"><span class='ocrx_word' id='word_1_59' title='bbox 889 1343 984 1404; x_wconf 87' lang='lat' dir='ltr'><strong>bit</strong></span> <span class='ocrx_word' id='word_1_60' title='bbox 1043 1363 1183 1425; x_wconf 81' lang='lat' dir='ltr'><strong>quae</strong></span> <span class='ocrx_word' id='word_1_61' title='bbox 1231 1363 1347 1424; x_wconf 91' lang='lat' dir='ltr'><strong>pro</strong></span> <span class='ocrx_word' id='word_1_62' title='bbox 1406 1361 1634 1424; x_wconf 84' lang='lat' dir='ltr'><strong>magna</strong></span> <span class='ocrx_word' id='word_1_63' title='bbox 1693 1350 1867 1424; x_wconf 89' lang='lat' dir='ltr'><strong>parte</strong></span> <span class='ocrx_word' id='word_1_64' title='bbox 1926 1340 2387 1403; x_wconf 73' lang='lat' dir='ltr'><strong>sententialiter</strong></span> 
     </span>
     <span class='ocr_line' id='line_1_11' title="bbox 887 1439 2387 1522; baseline -0.002 -20"><span class='ocrx_word' id='word_1_65' title='bbox 887 1448 1136 1502; x_wconf 85' lang='lat' dir='ltr'><strong>exstant</strong></span> <span class='ocrx_word' id='word_1_66' title='bbox 1188 1441 1570 1522; x_wconf 83' lang='lat' dir='ltr'><strong>praehabita3</strong></span> <span class='ocrx_word' id='word_1_67' title='bbox 1602 1447 1664 1503; x_wconf 91' lang='lat' dir='ltr'><strong>et</strong></span> <span class='ocrx_word' id='word_1_68' title='bbox 1714 1440 1960 1522; x_wconf 81' lang='lat' dir='ltr'><strong>quaerit,</strong></span> <span class='ocrx_word' id='word_1_69' title='bbox 2001 1439 2065 1500; x_wconf 88' lang='lat' dir='ltr'><strong>in</strong></span> <span class='ocrx_word' id='word_1_70' title='bbox 2115 1455 2243 1520; x_wconf 90' lang='lat' dir='ltr'><strong>quo</strong></span> <span class='ocrx_word' id='word_1_71' title='bbox 2292 1445 2387 1500; x_wconf 83' lang='lat' dir='ltr'><strong>est</strong></span> 
     </span>
     <span class='ocr_line' id='line_1_12' title="bbox 891 1536 2387 1621; baseline -0.003 -19"><span class='ocrx_word' id='word_1_72' title='bbox 891 1540 1009 1602; x_wconf 90' lang='lat' dir='ltr'><strong>ista</strong></span> <span class='ocrx_word' id='word_1_73' title='bbox 1041 1539 1368 1621; x_wconf 84' lang='lat' dir='ltr'><strong>pluralitas</strong></span> <span class='ocrx_word' id='word_1_74' title='bbox 1400 1540 1702 1602; x_wconf 88' lang='lat' dir='ltr'><strong>idealium</strong></span> <span class='ocrx_word' id='word_1_75' title='bbox 1736 1539 2071 1601; x_wconf 89' lang='lat' dir='ltr'><strong>rationum.</strong></span> <span class='ocrx_word' id='word_1_76' title='bbox 2093 1538 2185 1599; x_wconf 87' lang='lat' dir='ltr'><strong>Ad</strong></span> <span class='ocrx_word' id='word_1_77' title='bbox 2218 1536 2387 1619; x_wconf 91' lang='lat' dir='ltr'><strong>quod</strong></span> 
     </span>
     <span class='ocr_line' id='line_1_13' title="bbox 890 1637 2389 1720; baseline -0.003 -20"><span class='ocrx_word' id='word_1_78' title='bbox 890 1639 1227 1720; x_wconf 82' lang='lat' dir='ltr'><strong>respondet</strong></span> <span class='ocrx_word' id='word_1_79' title='bbox 1262 1657 1275 1700; x_wconf 93' lang='lat'>:</span> <span class='ocrx_word' id='word_1_80' title='bbox 1311 1639 1473 1700; x_wconf 92' lang='lat' dir='ltr'><strong>Modi</strong></span> <span class='ocrx_word' id='word_1_81' title='bbox 1507 1638 1798 1700; x_wconf 87' lang='lat' dir='ltr'><strong>imitandi</strong></span> <span class='ocrx_word' id='word_1_82' title='bbox 1830 1637 2217 1699; x_wconf 87' lang='lat' dir='ltr'><strong>considerari</strong></span> <span class='ocrx_word' id='word_1_83' title='bbox 2250 1653 2389 1716; x_wconf 91' lang='lat' dir='ltr'><strong>pos-</strong></span> 
     </span>
     <span class='ocr_line' id='line_1_14' title="bbox 888 1733 2383 1818; baseline -0.003 -20"><span class='ocrx_word' id='word_1_84' title='bbox 888 1744 1037 1798; x_wconf 90' lang='lat' dir='ltr'><strong>sunt</strong></span> <span class='ocrx_word' id='word_1_85' title='bbox 1071 1737 1422 1818; x_wconf 82' lang='lat' dir='ltr'><strong>tripliciter.</strong></span> <span class='ocrx_word' id='word_1_86' title='bbox 1458 1736 1688 1810; x_wconf 87' lang='lat' dir='ltr'><strong>Primo,</strong></span> <span class='ocrx_word' id='word_1_87' title='bbox 1722 1745 1793 1798; x_wconf 92' lang='lat' dir='ltr'><strong>ut</strong></span> <span class='ocrx_word' id='word_1_88' title='bbox 1823 1735 2108 1797; x_wconf 87' lang='lat' dir='ltr'><strong>absolute</strong></span> <span class='ocrx_word' id='word_1_89' title='bbox 2141 1741 2289 1796; x_wconf 86' lang='lat' dir='ltr'><strong>sunt</strong></span> <span class='ocrx_word' id='word_1_90' title='bbox 2320 1733 2383 1794; x_wconf 90' lang='lat' dir='ltr'><strong>in</strong></span> 
     </span>
    </p>
   </div>
   <div class='ocr_carea' id='block_1_5' title="bbox 2495 744 3997 1815">
    <p class='ocr_par' dir='ltr' id='par_1_6' title="bbox 2495 744 2850 806">
     <span class='ocr_line' id='line_1_15' title="bbox 2495 744 2850 806; baseline 0.006 -2"><span class='ocrx_word' id='word_1_91' title='bbox 2495 744 2850 806; x_wconf 90' lang='lat' dir='ltr'><strong>concordat.</strong></span> 
     </span>
    </p>

    <p class='ocr_par' dir='ltr' id='par_1_7' title="bbox 2497 844 3997 1815">
     <span class='ocr_line' id='line_1_16' title="bbox 2576 844 3993 927; baseline 0 -21"><span class='ocrx_word' id='word_1_92' title='bbox 2576 844 2924 906; x_wconf 86' lang='lat' dir='ltr'><strong>Richardus</strong></span> <span class='ocrx_word' id='word_1_93' title='bbox 2975 863 3228 927; x_wconf 90' lang='lat' dir='ltr'><strong>quoque</strong></span> <span class='ocrx_word' id='word_1_94' title='bbox 3278 845 3429 908; x_wconf 87' lang='lat' dir='ltr'><strong>satis</strong></span> <span class='ocrx_word' id='word_1_95' title='bbox 3480 846 3867 908; x_wconf 89' lang='lat' dir='ltr'><strong>concordare</strong></span> <span class='ocrx_word' id='word_1_96' title='bbox 3908 845 3993 906; x_wconf 83' lang='lat' dir='ltr'><strong>vi-</strong></span> 
     </span>
     <span class='ocr_line' id='line_1_17' title="bbox 2497 942 3994 1023; baseline 0.001 -20"><span class='ocrx_word' id='word_1_97' title='bbox 2497 942 2731 1004; x_wconf 84' lang='lat' dir='ltr'><strong>det‘ur</strong></span> <span class='ocrx_word' id='word_1_98' title='bbox 2708 963 2839 1023; x_wconf 80' lang='lat' dir='ltr'><strong>Jam</strong></span> <span class='ocrx_word' id='word_1_99' title='bbox 2873 943 3083 1018; x_wconf 84' lang='lat' dir='ltr'><strong>dictis,</strong></span> <span class='ocrx_word' id='word_1_100' title='bbox 3118 944 3281 1006; x_wconf 86' lang='lat' dir='ltr'><strong>inter</strong></span> <span class='ocrx_word' id='word_1_101' title='bbox 3310 953 3519 1007; x_wconf 88' lang='lat' dir='ltr'><strong>cetera</strong></span> <span class='ocrx_word' id='word_1_102' title='bbox 3556 945 3829 1006; x_wconf 88' lang='lat' dir='ltr'><strong>dicens:</strong></span> <span class='ocrx_word' id='word_1_103' title='bbox 3862 944 3994 1007; x_wconf 87' lang='lat' dir='ltr'><strong>Plu-</strong></span> 
     </span>
     <span class='ocr_line' id='line_1_18' title="bbox 2499 1041 3993 1126; baseline 0.001 -23.021"><span class='ocrx_word' id='word_1_104' title='bbox 2499 1041 2711 1104; x_wconf 91' lang='lat' dir='ltr'><strong>ralitas</strong></span> <span class='ocrx_word' id='word_1_105' title='bbox 2763 1043 3047 1105; x_wconf 89' lang='lat' dir='ltr'><strong>idearum</strong></span> <span class='ocrx_word' id='word_1_106' title='bbox 3100 1044 3165 1106; x_wconf 92' lang='lat' dir='ltr'><strong>in</strong></span> <span class='ocrx_word' id='word_1_107' title='bbox 3208 1044 3336 1106; x_wconf 90' lang='lat' dir='ltr'><strong>Deo</strong></span> <span class='ocrx_word' id='word_1_108' title='bbox 3377 1051 3473 1106; x_wconf 90' lang='lat' dir='ltr'><strong>est</strong></span> <span class='ocrx_word' id='word_1_109' title='bbox 3512 1063 3626 1126; x_wconf 89' lang='lat' dir='ltr'><strong>per</strong></span> <span class='ocrx_word' id='word_1_110' title='bbox 3663 1044 3787 1106; x_wconf 89' lang='lat' dir='ltr'><strong>hoc</strong></span> <span class='ocrx_word' id='word_1_111' title='bbox 3827 1043 3993 1125; x_wconf 89' lang='lat' dir='ltr'><strong>quod</strong></span> 
     </span>
     <span class='ocr_line' id='line_1_19' title="bbox 2497 1141 3995 1223; baseline 0 -21"><span class='ocrx_word' id='word_1_112' title='bbox 2497 1141 2753 1203; x_wconf 91' lang='lat' dir='ltr'><strong>divinus</strong></span> <span class='ocrx_word' id='word_1_113' title='bbox 2804 1141 3165 1204; x_wconf 85' lang='lat' dir='ltr'><strong>intellectus</strong></span> <span class='ocrx_word' id='word_1_114' title='bbox 3218 1141 3516 1223; x_wconf 84' lang='lat' dir='ltr'><strong>intelligit</strong></span> <span class='ocrx_word' id='word_1_115' title='bbox 3556 1161 3739 1204; x_wconf 88' lang='lat' dir='ltr'><strong>suam</strong></span> <span class='ocrx_word' id='word_1_116' title='bbox 3788 1161 3995 1205; x_wconf 83' lang='lat' dir='ltr'><strong>essen·</strong></span> 
     </span>
     <span class='ocr_line' id='line_1_20' title="bbox 2499 1240 3995 1323; baseline 0.002 -23"><span class='ocrx_word' id='word_1_117' title='bbox 2499 1241 2651 1302; x_wconf 88' lang='lat' dir='ltr'><strong>tiam</strong></span> <span class='ocrx_word' id='word_1_118' title='bbox 2706 1248 2778 1301; x_wconf 85' lang='lat' dir='ltr'><strong>ut</strong></span> <span class='ocrx_word' id='word_1_119' title='bbox 2826 1240 3218 1302; x_wconf 84' lang='lat' dir='ltr'><strong>diversarum</strong></span> <span class='ocrx_word' id='word_1_120' title='bbox 3280 1249 3711 1303; x_wconf 90' lang='lat' dir='ltr'><strong>creaturarum</strong></span> <span class='ocrx_word' id='word_1_121' title='bbox 3770 1259 3995 1323; x_wconf 82' lang='lat' dir='ltr'><strong>reprae-</strong></span> 
     </span>
     <span class='ocr_line' id='line_1_21' title="bbox 2498 1339 3995 1412; baseline 0 -12"><span class='ocrx_word' id='word_1_122' title='bbox 2498 1339 2898 1412; x_wconf 83' lang='lat' dir='ltr'><strong>sentativam,</strong></span> <span class='ocrx_word' id='word_1_123' title='bbox 2932 1347 2995 1401; x_wconf 91' lang='lat' dir='ltr'><strong>et.</strong></span> <span class='ocrx_word' id='word_1_124' title='bbox 3038 1346 3109 1400; x_wconf 84' lang='lat' dir='ltr'><strong>ut</strong></span> <span class='ocrx_word' id='word_1_125' title='bbox 3150 1340 3232 1401; x_wconf 89' lang='lat' dir='ltr'><strong>ab</strong></span> <span class='ocrx_word' id='word_1_126' title='bbox 3276 1339 3367 1401; x_wconf 90' lang='lat' dir='ltr'><strong>eis</strong></span> <span class='ocrx_word' id='word_1_127' title='bbox 3414 1339 3816 1402; x_wconf 85' lang='lat' dir='ltr'><strong>imitabilem.</strong></span> <span class='ocrx_word' id='word_1_128' title='bbox 3860 1340 3995 1402; x_wconf 88' lang='lat' dir='ltr'><strong>Sin-</strong></span> 
     </span>
     <span class='ocr_line' id='line_1_22' title="bbox 2498 1437 3997 1519; baseline -0.001 -20"><span class='ocrx_word' id='word_1_129' title='bbox 2498 1437 3016 1518; x_wconf 86' lang='lat' dir='ltr'><strong>gularium-vero</strong></span> <span class='ocrx_word' id='word_1_130' title='bbox 3075 1437 3332 1519; x_wconf 91' lang='lat' dir='ltr'><strong>quidam</strong></span> <span class='ocrx_word' id='word_1_131' title='bbox 3394 1439 3615 1501; x_wconf 85' lang='lat' dir='ltr'><strong>dicunt.</strong></span> <span class='ocrx_word' id='word_1_132' title='bbox 3672 1456 3800 1501; x_wconf 89' lang='lat' dir='ltr'><strong>non</strong></span> <span class='ocrx_word' id='word_1_133' title='bbox 3858 1457 3997 1500; x_wconf 88' lang='lat' dir='ltr'><strong>esse</strong></span> 
     </span>
     <span class='ocr_line' id='line_1_23' title="bbox 2501 1536 3997 1618; baseline 0 -20"><span class='ocrx_word' id='word_1_134' title='bbox 2501 1536 2672 1598; x_wconf 84' lang='lat' dir='ltr'><strong>ideas</strong></span> <span class='ocrx_word' id='word_1_135' title='bbox 2716 1537 2779 1597; x_wconf 90' lang='lat' dir='ltr'><strong>in</strong></span> <span class='ocrx_word' id='word_1_136' title='bbox 2811 1536 2959 1605; x_wconf 90' lang='lat' dir='ltr'><strong>Deo,</strong></span> <span class='ocrx_word' id='word_1_137' title='bbox 2994 1537 3145 1617; x_wconf 90' lang='lat' dir='ltr'><strong>quia</strong></span> <span class='ocrx_word' id='word_1_138' title='bbox 3176 1555 3291 1618; x_wconf 86' lang='lat' dir='ltr'><strong>per</strong></span> <span class='ocrx_word' id='word_1_139' title='bbox 3320 1537 3524 1598; x_wconf 89' lang='lat' dir='ltr'><strong>ideam</strong></span> <span class='ocrx_word' id='word_1_140' title='bbox 3564 1537 3805 1618; x_wconf 89' lang='lat' dir='ltr'><strong>speciei</strong></span> <span class='ocrx_word' id='word_1_141' title='bbox 3846 1536 3997 1598; x_wconf 88' lang='lat' dir='ltr'><strong>satis</strong></span> 
     </span>
     <span class='ocr_line' id='line_1_24' title="bbox 2499 1635 3995 1718; baseline 0.001 -22"><span class='ocrx_word' id='word_1_142' title='bbox 2499 1643 2864 1697; x_wconf 88' lang='lat' dir='ltr'><strong>noscuntur.</strong></span> <span class='ocrx_word' id='word_1_143' title='bbox 2902 1635 3021 1698; x_wconf 89' lang='lat' dir='ltr'><strong>Sed</strong></span> <span class='ocrx_word' id='word_1_144' title='bbox 3054 1635 3172 1698; x_wconf 92' lang='lat' dir='ltr'><strong>hoc</strong></span> <span class='ocrx_word' id='word_1_145' title='bbox 3204 1653 3329 1697; x_wconf 91' lang='lat' dir='ltr'><strong>non</strong></span> <span class='ocrx_word' id='word_1_146' title='bbox 3362 1636 3614 1697; x_wconf 87' lang='lat' dir='ltr'><strong>videtur</strong></span> <span class='ocrx_word' id='word_1_147' title='bbox 3644 1653 3659 1697; x_wconf 91' lang='lat'><strong>:</strong></span> <span class='ocrx_word' id='word_1_148' title='bbox 3693 1635 3995 1718; x_wconf 87' lang='lat' dir='ltr'><strong>quoniam</strong></span> 
     </span>
     <span class='ocr_line' id='line_1_25' title="bbox 2499 1733 3997 1815; baseline 0 -21"><span class='ocrx_word' id='word_1_149' title='bbox 2499 1734 2665 1794; x_wconf 90' lang='lat' dir='ltr'><strong>sicut</strong></span> <span class='ocrx_word' id='word_1_150' title='bbox 2705 1734 2836 1813; x_wconf 88' lang='lat' dir='ltr'><strong>jam</strong></span> <span class='ocrx_word' id='word_1_151' title='bbox 2883 1734 3125 1796; x_wconf 90' lang='lat' dir='ltr'><strong>dictum</strong></span> <span class='ocrx_word' id='word_1_152' title='bbox 3169 1742 3287 1806; x_wconf 88' lang='lat' dir='ltr'><strong>est,</strong></span> <span class='ocrx_word' id='word_1_153' title='bbox 3332 1733 3659 1815; x_wconf 84' lang='lat' dir='ltr'><strong>pluralitas</strong></span> <span class='ocrx_word' id='word_1_154' title='bbox 3710 1733 3997 1796; x_wconf 86' lang='lat' dir='ltr'><strong>idearum</strong></span> 
     </span>
    </p>
   </div>
   <div class='ocr_carea' id='block_1_6' title="bbox 887 1829 3997 1914">
    <p class='ocr_par' dir='ltr' id='par_1_8' title="bbox 887 1829 3997 1914">
     <span class='ocr_line' id='line_1_26' title="bbox 887 1829 3997 1914; baseline -0.001 -18"><span class='ocrx_word' id='word_1_155' title='bbox 887 1844 1110 1897; x_wconf 87' lang='lat' dir='ltr'><strong>natura</strong></span> <span class='ocrx_word' id='word_1_156' title='bbox 1147 1835 1364 1898; x_wconf 87' lang='lat' dir='ltr'><strong>divina</strong></span> <span class='ocrx_word' id='word_1_157' title='bbox 1409 1835 1704 1897; x_wconf 88' lang='lat' dir='ltr'><strong>imitabili</strong></span> <span class='ocrx_word' id='word_1_158' title='bbox 1742 1853 1756 1896; x_wconf 82' lang='lat' dir='ltr'><strong>t</strong></span> <span class='ocrx_word' id='word_1_159' title='bbox 1790 1843 1852 1896; x_wconf 87' lang='lat' dir='ltr'><strong>et</strong></span> <span class='ocrx_word' id='word_1_160' title='bbox 1897 1835 1984 1896; x_wconf 90' lang='lat' dir='ltr'><strong>ita</strong></span> <span class='ocrx_word' id='word_1_161' title='bbox 2022 1833 2386 1896; x_wconf 88' lang='lat' dir='ltr'><strong>nullatenus</strong></span> <span class='ocrx_word' id='word_1_162' title='bbox 2423 1829 2471 1892; x_wconf 92' lang='grc' dir='ltr'>Β</span> <span class='ocrx_word' id='word_1_163' title='bbox 2502 1831 2563 1893; x_wconf 92' lang='lat' dir='ltr'><strong>in</strong></span> <span class='ocrx_word' id='word_1_164' title='bbox 2599 1832 2726 1894; x_wconf 89' lang='lat' dir='ltr'><strong>Deo</strong></span> <span class='ocrx_word' id='word_1_165' title='bbox 2756 1841 2852 1894; x_wconf 83' lang='lat' dir='ltr'><strong>est</strong></span> <span class='ocrx_word' id='word_1_166' title='bbox 2881 1851 2957 1894; x_wconf 83' lang='lat' dir='ltr'><strong>ex</strong></span> <span class='ocrx_word' id='word_1_167' title='bbox 2987 1833 3107 1894; x_wconf 92' lang='lat' dir='ltr'><strong>hoc</strong></span> <span class='ocrx_word' id='word_1_168' title='bbox 3138 1833 3306 1914; x_wconf 90' lang='lat' dir='ltr'><strong>quod</strong></span> <span class='ocrx_word' id='word_1_169' title='bbox 3348 1831 3709 1894; x_wconf 89' lang='lat' dir='ltr'><strong>intellectus</strong></span> <span class='ocrx_word' id='word_1_170' title='bbox 3740 1832 3997 1894; x_wconf 87' lang='lat' dir='ltr'><strong>divinus</strong></span> 
     </span>
    </p>
   </div>
   <div class='ocr_carea' id='block_1_7' title="bbox 885 1932 2386 2981">
    <p class='ocr_par' dir='ltr' id='par_1_9' title="bbox 885 1932 2386 2981">
     <span class='ocr_line' id='line_1_27' title="bbox 886 1932 2382 2015; baseline -0.002 -20"><span class='ocrx_word' id='word_1_171' title='bbox 886 1934 1381 2015; x_wconf 85' lang='lat' dir='ltr'><strong>distinguuntur.</strong></span> <span class='ocrx_word' id='word_1_172' title='bbox 1419 1934 1729 2008; x_wconf 85' lang='lat' dir='ltr'><strong>SecundO,</strong></span> <span class='ocrx_word' id='word_1_173' title='bbox 1765 1941 1835 1994; x_wconf 89' lang='lat' dir='ltr'><strong>ut</strong></span> <span class='ocrx_word' id='word_1_174' title='bbox 1864 1941 2013 1996; x_wconf 89' lang='lat' dir='ltr'><strong>sunt</strong></span> <span class='ocrx_word' id='word_1_175' title='bbox 2045 1933 2108 1994; x_wconf 93' lang='lat' dir='ltr'><strong>in</strong></span> <span class='ocrx_word' id='word_1_176' title='bbox 2140 1932 2331 1993; x_wconf 92' lang='lat' dir='ltr'><strong>rebus</strong></span> <span class='ocrx_word' id='word_1_177' title='bbox 2369 1949 2382 1992; x_wconf 91' lang='lat'>:</span> 
     </span>
     <span class='ocr_line' id='line_1_28' title="bbox 887 2032 2379 2112; baseline -0.002 -18"><span class='ocrx_word' id='word_1_178' title='bbox 887 2040 950 2094; x_wconf 88' lang='lat' dir='ltr'><strong>et</strong></span> <span class='ocrx_word' id='word_1_179' title='bbox 981 2033 1067 2094; x_wconf 84' lang='lat' dir='ltr'><strong>ita</strong></span> <span class='ocrx_word' id='word_1_180' title='bbox 1097 2033 1350 2094; x_wconf 83' lang='lat' dir='ltr'><strong>realiter</strong></span> <span class='ocrx_word' id='word_1_181' title='bbox 1378 2032 1689 2095; x_wconf 76' lang='lat' dir='ltr'><strong>differunt</strong></span> <span class='ocrx_word' id='word_1_182' title='bbox 1720 2033 1785 2094; x_wconf 90' lang='lat' dir='ltr'><strong>in</strong></span> <span class='ocrx_word' id='word_1_183' title='bbox 1817 2032 2008 2094; x_wconf 91' lang='lat' dir='ltr'><strong>rebus</strong></span> <span class='ocrx_word' id='word_1_184' title='bbox 2039 2050 2180 2112; x_wconf 80' lang='lat' dir='ltr'><strong>quae</strong></span> <span class='ocrx_word' id='word_1_185' title='bbox 2212 2038 2379 2092; x_wconf 87' lang='lat' dir='ltr'><strong>sunt.</strong></span> 
     </span>
     <span class='ocr_line' id='line_1_29' title="bbox 887 2129 2386 2212; baseline -0.003 -19"><span class='ocrx_word' id='word_1_186' title='bbox 887 2131 1117 2205; x_wconf 87' lang='lat' dir='ltr'><strong>Tertio,</strong></span> <span class='ocrx_word' id='word_1_187' title='bbox 1151 2139 1217 2192; x_wconf 90' lang='lat' dir='ltr'><strong>ut</strong></span> <span class='ocrx_word' id='word_1_188' title='bbox 1249 2138 1396 2194; x_wconf 91' lang='lat' dir='ltr'><strong>sunt</strong></span> <span class='ocrx_word' id='word_1_189' title='bbox 1429 2132 1492 2192; x_wconf 91' lang='lat' dir='ltr'><strong>in</strong></span> <span class='ocrx_word' id='word_1_190' title='bbox 1527 2130 1853 2193; x_wconf 86' lang='lat' dir='ltr'><strong>intellectu</strong></span> <span class='ocrx_word' id='word_1_191' title='bbox 1885 2129 2241 2212; x_wconf 86' lang='lat' dir='ltr'><strong>accipiente</strong></span> <span class='ocrx_word' id='word_1_192' title='bbox 2272 2147 2386 2210; x_wconf 90' lang='lat' dir='ltr'><strong>per</strong></span> 
     </span>
     <span class='ocr_line' id='line_1_30' title="bbox 891 2227 2383 2313; baseline -0.002 -22"><span class='ocrx_word' id='word_1_193' title='bbox 891 2230 1149 2292; x_wconf 90' lang='lat' dir='ltr'><strong>modum</strong></span> <span class='ocrx_word' id='word_1_194' title='bbox 1208 2231 1589 2313; x_wconf 87' lang='lat' dir='ltr'><strong>exemplaris</strong></span> <span class='ocrx_word' id='word_1_195' title='bbox 1650 2231 1715 2292; x_wconf 92' lang='lat' dir='ltr'><strong>in</strong></span> <span class='ocrx_word' id='word_1_196' title='bbox 1776 2229 2247 2311; x_wconf 86' lang='lat' dir='ltr'><strong>comparatione</strong></span> <span class='ocrx_word' id='word_1_197' title='bbox 2306 2227 2383 2289; x_wconf 92' lang='lat' dir='ltr'><strong>ad</strong></span> 
     </span>
     <span class='ocr_line' id='line_1_31' title="bbox 889 2327 2384 2410; baseline -0.002 -21"><span class='ocrx_word' id='word_1_198' title='bbox 889 2329 1107 2391; x_wconf 90' lang='lat' dir='ltr'><strong>modos</strong></span> <span class='ocrx_word' id='word_1_199' title='bbox 1158 2330 1248 2391; x_wconf 90' lang='lat' dir='ltr'><strong>rei</strong></span> <span class='ocrx_word' id='word_1_200' title='bbox 1301 2329 1547 2393; x_wconf 80' lang='lat' dir='ltr'><strong>futuros</strong></span> <span class='ocrx_word' id='word_1_201' title='bbox 1597 2348 1610 2391; x_wconf 93' lang='lat'>:</span> <span class='ocrx_word' id='word_1_202' title='bbox 1659 2330 1878 2410; x_wconf 90' lang='lat' dir='ltr'><strong>sicque</strong></span> <span class='ocrx_word' id='word_1_203' title='bbox 1928 2327 2239 2390; x_wconf 74' lang='lat' dir='ltr'><strong>differunt</strong></span> <span class='ocrx_word' id='word_1_204' title='bbox 2289 2345 2384 2387; x_wconf 85' lang='lat' dir='ltr'><strong>ra-</strong></span> 
     </span>
     <span class='ocr_line' id='line_1_32' title="bbox 886 2425 2383 2510; baseline -0.003 -21"><span class='ocrx_word' id='word_1_205' title='bbox 886 2427 1093 2506; x_wconf 84' lang='lat' dir='ltr'><strong>tione3</strong></span> <span class='ocrx_word' id='word_1_206' title='bbox 1137 2435 1200 2488; x_wconf 91' lang='lat' dir='ltr'><strong>et</strong></span> <span class='ocrx_word' id='word_1_207' title='bbox 1242 2427 1329 2489; x_wconf 90' lang='lat' dir='ltr'><strong>ita</strong></span> <span class='ocrx_word' id='word_1_208' title='bbox 1382 2428 1949 2510; x_wconf 86' lang='lat' dir='ltr'><strong>apprehenduntur</strong></span> <span class='ocrx_word' id='word_1_209' title='bbox 1996 2445 2124 2488; x_wconf 91' lang='lat' dir='ltr'><strong>non</strong></span> <span class='ocrx_word' id='word_1_210' title='bbox 2174 2425 2383 2487; x_wconf 89' lang='lat' dir='ltr'><strong>solum</strong></span> 
     </span>
     <span class='ocr_line' id='line_1_33' title="bbox 885 2524 2385 2607; baseline -0.001 -21"><span class='ocrx_word' id='word_1_211' title='bbox 885 2524 966 2586; x_wconf 88' lang='lat' dir='ltr'><strong>ab</strong></span> <span class='ocrx_word' id='word_1_212' title='bbox 1008 2524 1334 2587; x_wconf 86' lang='lat' dir='ltr'><strong>intellectu</strong></span> <span class='ocrx_word' id='word_1_213' title='bbox 1374 2526 1652 2588; x_wconf 89' lang='lat' dir='ltr'><strong>humano</strong></span> <span class='ocrx_word' id='word_1_214' title='bbox 1690 2545 1768 2587; x_wconf 88' lang='lat' dir='ltr'><strong>ex</strong></span> <span class='ocrx_word' id='word_1_215' title='bbox 1804 2534 2110 2607; x_wconf 90' lang='lat' dir='ltr'><strong>tempore,</strong></span> <span class='ocrx_word' id='word_1_216' title='bbox 2136 2524 2236 2586; x_wconf 92' lang='lat' dir='ltr'><strong>vel</strong></span> <span class='ocrx_word' id='word_1_217' title='bbox 2280 2543 2385 2584; x_wconf 85' lang='lat' dir='ltr'><strong>an·</strong></span> 
     </span>
     <span class='ocr_line' id='line_1_34' title="bbox 885 2620 2383 2703; baseline -0.001 -19"><span class='ocrx_word' id='word_1_218' title='bbox 885 2623 1088 2703; x_wconf 87' lang='lat' dir='ltr'><strong>gelico</strong></span> <span class='ocrx_word' id='word_1_219' title='bbox 1126 2642 1204 2684; x_wconf 87' lang='lat' dir='ltr'><strong>ex</strong></span> <span class='ocrx_word' id='word_1_220' title='bbox 1235 2641 1390 2698; x_wconf 85' lang='lat' dir='ltr'><strong>aev0,</strong></span> <span class='ocrx_word' id='word_1_221' title='bbox 1423 2624 1531 2685; x_wconf 90' lang='lat' dir='ltr'><strong>sed</strong></span> <span class='ocrx_word' id='word_1_222' title='bbox 1574 2624 1763 2685; x_wconf 88' lang='lat' dir='ltr'><strong>etiam</strong></span> <span class='ocrx_word' id='word_1_223' title='bbox 1805 2623 1885 2685; x_wconf 91' lang='lat' dir='ltr'><strong>ab</strong></span> <span class='ocrx_word' id='word_1_224' title='bbox 1928 2622 2254 2684; x_wconf 89' lang='lat' dir='ltr'><strong>intellectu</strong></span> <span class='ocrx_word' id='word_1_225' title='bbox 2290 2620 2383 2682; x_wconf 88' lang='lat' dir='ltr'><strong>di-</strong></span> 
     </span>
     <span class='ocr_line' id='line_1_35' title="bbox 887 2720 2385 2785; baseline -0.001 -3"><span class='ocrx_word' id='word_1_226' title='bbox 887 2721 1036 2783; x_wconf 83' lang='lat' dir='ltr'><strong>vino</strong></span> <span class='ocrx_word' id='word_1_227' title='bbox 1083 2721 1163 2783; x_wconf 93' lang='lat' dir='ltr'><strong>ab</strong></span> <span class='ocrx_word' id='word_1_228' title='bbox 1213 2730 1447 2784; x_wconf 81' lang='lat' dir='ltr'><strong>aeterno</strong></span> <span class='ocrx_word' id='word_1_229' title='bbox 1487 2739 1500 2782; x_wconf 91' lang='lat'>:</span> <span class='ocrx_word' id='word_1_230' title='bbox 1546 2722 1688 2783; x_wconf 91' lang='lat' dir='ltr'><strong>ideo</strong></span> <span class='ocrx_word' id='word_1_231' title='bbox 1737 2741 1862 2785; x_wconf 90' lang='lat' dir='ltr'><strong>non</strong></span> <span class='ocrx_word' id='word_1_232' title='bbox 1911 2729 2060 2783; x_wconf 91' lang='lat' dir='ltr'><strong>sunt</strong></span> <span class='ocrx_word' id='word_1_233' title='bbox 2109 2720 2271 2782; x_wconf 90' lang='lat' dir='ltr'><strong>cassi</strong></span> <span class='ocrx_word' id='word_1_234' title='bbox 2322 2728 2385 2782; x_wconf 86' lang='lat' dir='ltr'><strong>et</strong></span> 
     </span>
     <span class='ocr_line' id='line_1_36' title="bbox 885 2819 2383 2902; baseline -0.001 -22"><span class='ocrx_word' id='word_1_235' title='bbox 885 2820 1054 2893; x_wconf 87' lang='lat' dir='ltr'><strong>vani,</strong></span> <span class='ocrx_word' id='word_1_236' title='bbox 1090 2821 1240 2902; x_wconf 88' lang='lat' dir='ltr'><strong>quia</strong></span> <span class='ocrx_word' id='word_1_237' title='bbox 1289 2820 1636 2882; x_wconf 79' lang='lat' dir='ltr'><strong>fundantur</strong></span> <span class='ocrx_word' id='word_1_238' title='bbox 1685 2840 1876 2902; x_wconf 90' lang='lat' dir='ltr'><strong>super</strong></span> <span class='ocrx_word' id='word_1_239' title='bbox 1923 2819 2383 2902; x_wconf 79' lang='lat' dir='ltr'><strong>perfectionem</strong></span> 
     </span>
     <span class='ocr_line' id='line_1_37' title="bbox 887 2917 2386 2981; baseline 0.001 -3"><span class='ocrx_word' id='word_1_240' title='bbox 887 2919 1269 2980; x_wconf 89' lang='lat' dir='ltr'><strong>immensam</strong></span> <span class='ocrx_word' id='word_1_241' title='bbox 1327 2919 1557 2981; x_wconf 67' lang='lat' dir='ltr'><strong>divina&gt;</strong></span> <span class='ocrx_word' id='word_1_242' title='bbox 1616 2927 1856 2981; x_wconf 82' lang='lat' dir='ltr'><strong>naturae</strong></span> <span class='ocrx_word' id='word_1_243' title='bbox 1909 2917 2386 2980; x_wconf 84' lang='lat' dir='ltr'><strong>multiformiter</strong></span> 
     </span>
    </p>
   </div>
   <div class='ocr_carea' id='block_1_8' title="bbox 2495 1929 4003 2997">
    <p class='ocr_par' dir='ltr' id='par_1_10' title="bbox 2495 1929 4003 2997">
     <span class='ocr_line' id='line_1_38' title="bbox 2499 1929 3995 2011; baseline 0.001 -20"><span class='ocrx_word' id='word_1_244' title='bbox 2499 1929 2796 2011; x_wconf 84' lang='lat' dir='ltr'><strong>intelligit</strong></span> <span class='ocrx_word' id='word_1_245' title='bbox 2851 1950 3031 1992; x_wconf 87' lang='lat' dir='ltr'><strong>suam</strong></span> <span class='ocrx_word' id='word_1_246' title='bbox 3092 1930 3431 1993; x_wconf 85' lang='lat' dir='ltr'><strong>essentiam</strong></span> <span class='ocrx_word' id='word_1_247' title='bbox 3484 1938 3553 1992; x_wconf 88' lang='lat' dir='ltr'><strong>ut</strong></span> <span class='ocrx_word' id='word_1_248' title='bbox 3600 1931 3995 1992; x_wconf 88' lang='lat' dir='ltr'><strong>diversarum</strong></span> 
     </span>
     <span class='ocr_line' id='line_1_39' title="bbox 2498 2028 3995 2110; baseline 0 -20"><span class='ocrx_word' id='word_1_249' title='bbox 2498 2037 2929 2090; x_wconf 87' lang='lat' dir='ltr'><strong>creaturarum</strong></span> <span class='ocrx_word' id='word_1_250' title='bbox 2982 2028 3588 2110; x_wconf 85' lang='lat' dir='ltr'><strong>repraesentativam‚</strong></span> <span class='ocrx_word' id='word_1_251' title='bbox 3633 2037 3696 2091; x_wconf 90' lang='lat' dir='ltr'><strong>et</strong></span> <span class='ocrx_word' id='word_1_252' title='bbox 3738 2036 3810 2090; x_wconf 89' lang='lat' dir='ltr'><strong>ut</strong></span> <span class='ocrx_word' id='word_1_253' title='bbox 3854 2029 3995 2090; x_wconf 91' lang='lat' dir='ltr'><strong>imi-</strong></span> 
     </span>
     <span class='ocr_line' id='line_1_40' title="bbox 2500 2127 3999 2207; baseline 0.002 -21"><span class='ocrx_word' id='word_1_254' title='bbox 2500 2134 2689 2188; x_wconf 87' lang='lat' dir='ltr'><strong>tatam</strong></span> <span class='ocrx_word' id='word_1_255' title='bbox 2732 2127 2831 2188; x_wconf 92' lang='lat' dir='ltr'><strong>vel</strong></span> <span class='ocrx_word' id='word_1_256' title='bbox 2882 2127 3254 2189; x_wconf 88' lang='lat' dir='ltr'><strong>imitandam</strong></span> <span class='ocrx_word' id='word_1_257' title='bbox 3304 2127 3384 2189; x_wconf 93' lang='lat' dir='ltr'><strong>ab</strong></span> <span class='ocrx_word' id='word_1_258' title='bbox 3433 2127 3545 2188; x_wconf 85' lang='lat' dir='ltr'><strong>eiS.</strong></span> <span class='ocrx_word' id='word_1_259' title='bbox 3591 2127 3799 2200; x_wconf 87' lang='lat' dir='ltr'><strong>Quum</strong></span> <span class='ocrx_word' id='word_1_260' title='bbox 3846 2145 3999 2207; x_wconf 80' lang='lat' dir='ltr'><strong>ergo</strong></span> 
     </span>
     <span class='ocr_line' id='line_1_41' title="bbox 2497 2225 3997 2306; baseline 0 -20"><span class='ocrx_word' id='word_1_261' title='bbox 2497 2225 2662 2287; x_wconf 89' lang='lat' dir='ltr'><strong>Deus</strong></span> <span class='ocrx_word' id='word_1_262' title='bbox 2712 2225 3022 2306; x_wconf 83' lang='lat' dir='ltr'><strong>intelligat</strong></span> <span class='ocrx_word' id='word_1_263' title='bbox 3070 2245 3250 2287; x_wconf 89' lang='lat' dir='ltr'><strong>suam</strong></span> <span class='ocrx_word' id='word_1_264' title='bbox 3299 2226 3636 2288; x_wconf 89' lang='lat' dir='ltr'><strong>essentiam</strong></span> <span class='ocrx_word' id='word_1_265' title='bbox 3690 2244 3817 2288; x_wconf 90' lang='lat' dir='ltr'><strong>non</strong></span> <span class='ocrx_word' id='word_1_266' title='bbox 3860 2233 3997 2287; x_wconf 86' lang='lat' dir='ltr'><strong>tan-</strong></span> 
     </span>
     <span class='ocr_line' id='line_1_42' title="bbox 2496 2323 3998 2405; baseline 0 -21"><span class='ocrx_word' id='word_1_267' title='bbox 2496 2331 2632 2384; x_wconf 85' lang='lat' dir='ltr'><strong>tum</strong></span> <span class='ocrx_word' id='word_1_268' title='bbox 2674 2331 2745 2384; x_wconf 87' lang='lat' dir='ltr'><strong>ut</strong></span> <span class='ocrx_word' id='word_1_269' title='bbox 2783 2324 3140 2405; x_wconf 89' lang='lat' dir='ltr'><strong>specierum</strong></span> <span class='ocrx_word' id='word_1_270' title='bbox 3183 2325 3292 2386; x_wconf 91' lang='lat' dir='ltr'><strong>sed</strong></span> <span class='ocrx_word' id='word_1_271' title='bbox 3333 2323 3527 2386; x_wconf 88' lang='lat' dir='ltr'><strong>etiam</strong></span> <span class='ocrx_word' id='word_1_272' title='bbox 3566 2331 3636 2386; x_wconf 92' lang='lat' dir='ltr'><strong>ut</strong></span> <span class='ocrx_word' id='word_1_273' title='bbox 3679 2323 3998 2385; x_wconf 87' lang='lat' dir='ltr'><strong>individu-</strong></span> 
     </span>
     <span class='ocr_line' id='line_1_43' title="bbox 2495 2421 3997 2504; baseline 0 -20"><span class='ocrx_word' id='word_1_274' title='bbox 2495 2440 2679 2484; x_wconf 92' lang='lat' dir='ltr'><strong>orum</strong></span> <span class='ocrx_word' id='word_1_275' title='bbox 2740 2422 3343 2504; x_wconf 84' lang='lat' dir='ltr'><strong>repraesentativam,</strong></span> <span class='ocrx_word' id='word_1_276' title='bbox 3396 2430 3458 2484; x_wconf 88' lang='lat' dir='ltr'><strong>et</strong></span> <span class='ocrx_word' id='word_1_277' title='bbox 3508 2421 3821 2484; x_wconf 86' lang='lat' dir='ltr'><strong>imitatam</strong></span> <span class='ocrx_word' id='word_1_278' title='bbox 3884 2440 3997 2484; x_wconf 89' lang='lat' dir='ltr'><strong>seu</strong></span> 
     </span>
     <span class='ocr_line' id='line_1_44' title="bbox 2497 2519 4001 2603; baseline 0.001 -23"><span class='ocrx_word' id='word_1_279' title='bbox 2497 2519 2870 2582; x_wconf 88' lang='lat' dir='ltr'><strong>imitandam</strong></span> <span class='ocrx_word' id='word_1_280' title='bbox 2912 2520 2992 2581; x_wconf 91' lang='lat' dir='ltr'><strong>ab</strong></span> <span class='ocrx_word' id='word_1_281' title='bbox 3040 2521 3155 2594; x_wconf 84' lang='lat' dir='ltr'><strong>eiS‚</strong></span> <span class='ocrx_word' id='word_1_282' title='bbox 3198 2521 3487 2603; x_wconf 85' lang='lat' dir='ltr'><strong>sequitur</strong></span> <span class='ocrx_word' id='word_1_283' title='bbox 3535 2520 3704 2602; x_wconf 88' lang='lat' dir='ltr'><strong>quod</strong></span> <span class='ocrx_word' id='word_1_284' title='bbox 3753 2520 3821 2582; x_wconf 91' lang='lat' dir='ltr'><strong>in</strong></span> <span class='ocrx_word' id='word_1_285' title='bbox 3872 2521 4001 2582; x_wconf 89' lang='lat' dir='ltr'><strong>Deo</strong></span> 
     </span>
     <span class='ocr_line' id='line_1_45' title="bbox 2497 2617 3999 2701; baseline 0 -21"><span class='ocrx_word' id='word_1_286' title='bbox 2497 2637 2623 2681; x_wconf 90' lang='lat' dir='ltr'><strong>non</strong></span> <span class='ocrx_word' id='word_1_287' title='bbox 2674 2618 2881 2681; x_wconf 90' lang='lat' dir='ltr'><strong>solum</strong></span> <span class='ocrx_word' id='word_1_288' title='bbox 2930 2618 3011 2680; x_wconf 86' lang='lat' dir='ltr'><strong>sit</strong></span> <span class='ocrx_word' id='word_1_289' title='bbox 3061 2617 3390 2701; x_wconf 85' lang='lat' dir='ltr'><strong>pluralitas</strong></span> <span class='ocrx_word' id='word_1_290' title='bbox 3450 2620 3733 2682; x_wconf 88' lang='lat' dir='ltr'><strong>idearum</strong></span> <span class='ocrx_word' id='word_1_291' title='bbox 3786 2636 3999 2681; x_wconf 87' lang='lat' dir='ltr'><strong>corre-</strong></span> 
     </span>
     <span class='ocr_line' id='line_1_46' title="bbox 2496 2717 3998 2800; baseline 0 -22"><span class='ocrx_word' id='word_1_292' title='bbox 2496 2717 2814 2799; x_wconf 81' lang='lat' dir='ltr'><strong>spondens</strong></span> <span class='ocrx_word' id='word_1_293' title='bbox 2857 2717 3202 2798; x_wconf 85' lang='lat' dir='ltr'><strong>pluralitati</strong></span> <span class='ocrx_word' id='word_1_294' title='bbox 3244 2718 3626 2800; x_wconf 88' lang='lat' dir='ltr'><strong>specierum,</strong></span> <span class='ocrx_word' id='word_1_295' title='bbox 3661 2718 3770 2779; x_wconf 89' lang='lat' dir='ltr'><strong>sed</strong></span> <span class='ocrx_word' id='word_1_296' title='bbox 3803 2718 3998 2779; x_wconf 82' lang='lat' dir='ltr'><strong>etiam</strong></span> 
     </span>
     <span class='ocr_line' id='line_1_47' title="bbox 2496 2815 4003 2898; baseline 0.001 -21"><span class='ocrx_word' id='word_1_297' title='bbox 2496 2816 2579 2878; x_wconf 93' lang='lat' dir='ltr'><strong>sit</strong></span> <span class='ocrx_word' id='word_1_298' title='bbox 2620 2815 2707 2877; x_wconf 92' lang='lat' dir='ltr'><strong>ibi</strong></span> <span class='ocrx_word' id='word_1_299' title='bbox 2750 2815 3079 2897; x_wconf 89' lang='lat' dir='ltr'><strong>pluralitas</strong></span> <span class='ocrx_word' id='word_1_300' title='bbox 3123 2816 3409 2878; x_wconf 91' lang='lat' dir='ltr'><strong>idearum</strong></span> <span class='ocrx_word' id='word_1_301' title='bbox 3460 2818 3813 2879; x_wconf 89' lang='lat' dir='ltr'><strong>secundum</strong></span> <span class='ocrx_word' id='word_1_302' title='bbox 3860 2816 4003 2898; x_wconf 88' lang='lat' dir='ltr'><strong>plu-</strong></span> 
     </span>
     <span class='ocr_line' id='line_1_48' title="bbox 2496 2914 4001 2997; baseline 0.003 -23"><span class='ocrx_word' id='word_1_303' title='bbox 2496 2914 2809 2976; x_wconf 87' lang='lat' dir='ltr'><strong>ralitatem</strong></span> <span class='ocrx_word' id='word_1_304' title='bbox 2855 2914 3331 2977; x_wconf 87' lang='lat' dir='ltr'><strong>individuorum</strong></span> <span class='ocrx_word' id='word_1_305' title='bbox 3377 2915 3713 2988; x_wconf 82' lang='lat' dir='ltr'><strong>factorum,</strong></span> <span class='ocrx_word' id='word_1_306' title='bbox 3746 2923 3809 2976; x_wconf 91' lang='lat' dir='ltr'><strong>et</strong></span> <span class='ocrx_word' id='word_1_307' title='bbox 3852 2935 4001 2997; x_wconf 81' lang='lat' dir='ltr'><strong>quae·</strong></span> 
     </span>
    </p>
   </div>
   <div class='ocr_carea' id='block_1_9' title="bbox 890 3011 4003 3098">
    <p class='ocr_par' dir='ltr' id='par_1_11' title="bbox 890 3011 4003 3098">
     <span class='ocr_line' id='line_1_49' title="bbox 890 3011 4003 3098; baseline -0.001 -21"><span class='ocrx_word' id='word_1_308' title='bbox 890 3017 1241 3079; x_wconf 87' lang='lat' dir='ltr'><strong>imitabilis.</strong></span> <span class='ocrx_word' id='word_1_309' title='bbox 1276 3053 1357 3062; x_wconf 89' lang='grc'><strong>--</strong></span> <span class='ocrx_word' id='word_1_310' title='bbox 1386 3017 1573 3080; x_wconf 90' lang='lat' dir='ltr'><strong>Porro</strong></span> <span class='ocrx_word' id='word_1_311' title='bbox 1623 3017 1764 3079; x_wconf 90' lang='lat' dir='ltr'><strong>idea</strong></span> <span class='ocrx_word' id='word_1_312' title='bbox 1813 3017 1878 3078; x_wconf 92' lang='lat' dir='ltr'><strong>in</strong></span> <span class='ocrx_word' id='word_1_313' title='bbox 1928 3017 2056 3079; x_wconf 93' lang='lat' dir='ltr'><strong>Deo</strong></span> <span class='ocrx_word' id='word_1_314' title='bbox 2104 3015 2387 3098; x_wconf 85' lang='lat' dir='ltr'><strong>perfecta</strong></span> <span class='ocrx_word' id='word_1_315' title='bbox 2423 3014 2466 3076; x_wconf 91' lang='lat' dir='ltr'>C</span> <span class='ocrx_word' id='word_1_316' title='bbox 2502 3011 2686 3086; x_wconf 77' lang='lat' dir='ltr'><strong>siunt,</strong></span> <span class='ocrx_word' id='word_1_317' title='bbox 2729 3032 2801 3074; x_wconf 91' lang='lat' dir='ltr'><strong>ac</strong></span> <span class='ocrx_word' id='word_1_318' title='bbox 2850 3012 3306 3075; x_wconf 78' lang='lat' dir='ltr'><strong>faciendorum.</strong></span> <span class='ocrx_word' id='word_1_319' title='bbox 3355 3014 3513 3077; x_wconf 83' lang='lat' dir='ltr'><strong>Ideae</strong></span> <span class='ocrx_word' id='word_1_320' title='bbox 3563 3031 3818 3096; x_wconf 87' lang='lat' dir='ltr'><strong>quoque</strong></span> <span class='ocrx_word' id='word_1_321' title='bbox 3868 3032 4003 3076; x_wconf 88' lang='lat' dir='ltr'><strong>non</strong></span> 
     </span>
    </p>
   </div>
   <div class='ocr_carea' id='block_1_10' title="bbox 888 3115 2389 4182">
    <p class='ocr_par' dir='ltr' id='par_1_12' title="bbox 888 3115 2389 3886">
     <span class='ocr_line' id='line_1_50' title="bbox 888 3115 2385 3198; baseline 0 -21"><span class='ocrx_word' id='word_1_322' title='bbox 888 3124 1031 3177; x_wconf 85' lang='lat' dir='ltr'><strong>est:</strong></span> <span class='ocrx_word' id='word_1_323' title='bbox 1068 3135 1260 3197; x_wconf 89' lang='lat' dir='ltr'><strong>quam</strong></span> <span class='ocrx_word' id='word_1_324' title='bbox 1303 3115 1516 3198; x_wconf 88' lang='lat' dir='ltr'><strong>aliqua</strong></span> <span class='ocrx_word' id='word_1_325' title='bbox 1560 3115 1840 3198; x_wconf 84' lang='lat' dir='ltr'><strong>perfecte</strong></span> <span class='ocrx_word' id='word_1_326' title='bbox 1887 3115 1950 3178; x_wconf 90' lang='lat' dir='ltr'><strong>in</strong></span> <span class='ocrx_word' id='word_1_327' title='bbox 1995 3133 2111 3177; x_wconf 90' lang='lat' dir='ltr'><strong>suo</strong></span> <span class='ocrx_word' id='word_1_328' title='bbox 2154 3134 2385 3196; x_wconf 89' lang='lat' dir='ltr'><strong>genere</strong></span> 
     </span>
     <span class='ocr_line' id='line_1_51' title="bbox 891 3213 2386 3295; baseline 0.001 -21"><span class='ocrx_word' id='word_1_329' title='bbox 891 3213 1244 3287; x_wconf 85' lang='lat' dir='ltr'><strong>imitantur,</strong></span> <span class='ocrx_word' id='word_1_330' title='bbox 1279 3214 1492 3295; x_wconf 85' lang='lat' dir='ltr'><strong>aliqua</strong></span> <span class='ocrx_word' id='word_1_331' title='bbox 1523 3214 1915 3295; x_wconf 81' lang='lat' dir='ltr'><strong>imperfecte.</strong></span> <span class='ocrx_word' id='word_1_332' title='bbox 1951 3214 2096 3275; x_wconf 90' lang='lat' dir='ltr'><strong>Ideo</strong></span> <span class='ocrx_word' id='word_1_333' title='bbox 2136 3232 2213 3275; x_wconf 83' lang='lat' dir='ltr'><strong>ex</strong></span> <span class='ocrx_word' id='word_1_334' title='bbox 2248 3233 2386 3294; x_wconf 90' lang='lat' dir='ltr'><strong>par-</strong></span> 
     </span>
     <span class='ocr_line' id='line_1_52' title="bbox 888 3311 2386 3395; baseline -0.001 -22"><span class='ocrx_word' id='word_1_335' title='bbox 888 3320 950 3373; x_wconf 90' lang='lat' dir='ltr'><strong>te</strong></span> <span class='ocrx_word' id='word_1_336' title='bbox 983 3312 1094 3374; x_wconf 91' lang='lat' dir='ltr'><strong>Dei</strong></span> <span class='ocrx_word' id='word_1_337' title='bbox 1125 3312 1332 3374; x_wconf 90' lang='lat' dir='ltr'><strong>omnis</strong></span> <span class='ocrx_word' id='word_1_338' title='bbox 1365 3312 1504 3373; x_wconf 90' lang='lat' dir='ltr'><strong>idea</strong></span> <span class='ocrx_word' id='word_1_339' title='bbox 1531 3312 1814 3393; x_wconf 79' lang='lat' dir='ltr'><strong>perfecta</strong></span> <span class='ocrx_word' id='word_1_340' title='bbox 1848 3321 1964 3386; x_wconf 90' lang='lat' dir='ltr'><strong>est,</strong></span> <span class='ocrx_word' id='word_1_341' title='bbox 2001 3311 2386 3395; x_wconf 85' lang='lat' dir='ltr'><strong>perfectissi-</strong></span> 
     </span>
     <span class='ocr_line' id='line_1_53' title="bbox 891 3409 2383 3492; baseline 0 -21"><span class='ocrx_word' id='word_1_342' title='bbox 891 3430 992 3473; x_wconf 90' lang='lat' dir='ltr'><strong>me</strong></span> <span class='ocrx_word' id='word_1_343' title='bbox 1033 3418 1494 3492; x_wconf 82' lang='lat' dir='ltr'><strong>repraesentans</strong></span> <span class='ocrx_word' id='word_1_344' title='bbox 1534 3410 1726 3471; x_wconf 90' lang='lat' dir='ltr'><strong>etiam</strong></span> <span class='ocrx_word' id='word_1_345' title='bbox 1759 3410 1929 3473; x_wconf 87' lang='lat' dir='ltr'><strong>entia</strong></span> <span class='ocrx_word' id='word_1_346' title='bbox 1971 3409 2383 3492; x_wconf 83' lang='lat' dir='ltr'><strong>imperfecta3</strong></span> 
     </span>
     <span class='ocr_line' id='line_1_54' title="bbox 889 3508 2389 3591; baseline 0 -20"><span class='ocrx_word' id='word_1_347' title='bbox 889 3509 999 3571; x_wconf 91' lang='lat' dir='ltr'><strong>sed</strong></span> <span class='ocrx_word' id='word_1_348' title='bbox 1029 3528 1108 3571; x_wconf 83' lang='lat' dir='ltr'><strong>ex</strong></span> <span class='ocrx_word' id='word_1_349' title='bbox 1149 3516 1323 3591; x_wconf 89' lang='lat' dir='ltr'><strong>parte</strong></span> <span class='ocrx_word' id='word_1_350' title='bbox 1366 3517 1820 3583; x_wconf 85' lang='lat' dir='ltr'><strong>creaturarum,</strong></span> <span class='ocrx_word' id='word_1_351' title='bbox 1853 3509 2142 3590; x_wconf 84' lang='lat' dir='ltr'><strong>quaedam</strong></span> <span class='ocrx_word' id='word_1_352' title='bbox 2184 3508 2389 3590; x_wconf 86' lang='lat' dir='ltr'><strong>perfe-</strong></span> 
     </span>
     <span class='ocr_line' id='line_1_55' title="bbox 890 3607 2389 3690; baseline -0.001 -21"><span class='ocrx_word' id='word_1_353' title='bbox 890 3608 1076 3682; x_wconf 82' lang='lat' dir='ltr'><strong>ctiuS,</strong></span> <span class='ocrx_word' id='word_1_354' title='bbox 1130 3609 1418 3689; x_wconf 79' lang='lat' dir='ltr'><strong>quaedam</strong></span> <span class='ocrx_word' id='word_1_355' title='bbox 1479 3608 1716 3671; x_wconf 90' lang='lat' dir='ltr'><strong>minus·</strong></span> <span class='ocrx_word' id='word_1_356' title='bbox 1751 3608 2029 3690; x_wconf 86' lang='lat' dir='ltr'><strong>perfecte</strong></span> <span class='ocrx_word' id='word_1_357' title='bbox 2087 3607 2389 3669; x_wconf 91' lang='lat' dir='ltr'><strong>dicuntur</strong></span> 
     </span>
     <span class='ocr_line' id='line_1_56' title="bbox 890 3703 2386 3788; baseline -0.001 -20"><span class='ocrx_word' id='word_1_358' title='bbox 890 3706 1123 3768; x_wconf 86' lang='lat' dir='ltr'><strong>habere</strong></span> <span class='ocrx_word' id='word_1_359' title='bbox 1166 3706 1372 3768; x_wconf 86' lang='lat' dir='ltr'><strong>ideam</strong></span> <span class='ocrx_word' id='word_1_360' title='bbox 1413 3706 1479 3767; x_wconf 93' lang='lat' dir='ltr'><strong>in</strong></span> <span class='ocrx_word' id='word_1_361' title='bbox 1517 3706 1664 3769; x_wconf 91' lang='lat' dir='ltr'><strong>Deo.</strong></span> <span class='ocrx_word' id='word_1_362' title='bbox 1700 3706 1948 3786; x_wconf 89' lang='lat' dir='ltr'><strong>(Cetera</strong></span> <span class='ocrx_word' id='word_1_363' title='bbox 1987 3712 2054 3767; x_wconf 93' lang='lat' dir='ltr'><strong>ut</strong></span> <span class='ocrx_word' id='word_1_364' title='bbox 2093 3724 2287 3788; x_wconf 87' lang='lat' dir='ltr'><strong>supra</strong></span> <span class='ocrx_word' id='word_1_365' title='bbox 2320 3703 2386 3766; x_wconf 89' lang='lat' dir='ltr'><strong>in</strong></span> 
     </span>
     <span class='ocr_line' id='line_1_57' title="bbox 891 3804 1645 3886; baseline 0 -19"><span class='ocrx_word' id='word_1_366' title='bbox 891 3805 1179 3886; x_wconf 89' lang='lat' dir='ltr'><strong>Thoma.)</strong></span> <span class='ocrx_word' id='word_1_367' title='bbox 1219 3804 1363 3867; x_wconf 78' lang='lat' dir='ltr'><strong>Haec</strong></span> <span class='ocrx_word' id='word_1_368' title='bbox 1407 3805 1645 3867; x_wconf 86' lang='lat' dir='ltr'><strong>Petrus.</strong></span> 
     </span>
    </p>

    <p class='ocr_par' dir='ltr' id='par_1_13' title="bbox 889 3903 2388 4182">
     <span class='ocr_line' id='line_1_58' title="bbox 958 3903 2387 3966; baseline 0 -1"><span class='ocrx_word' id='word_1_369' title='bbox 958 3903 1326 3966; x_wconf 82' lang='lat' dir='ltr'><strong>Praehabitis</strong></span> <span class='ocrx_word' id='word_1_370' title='bbox 1357 3911 1572 3965; x_wconf 86' lang='lat' dir='ltr'><strong>autem</strong></span> <span class='ocrx_word' id='word_1_371' title='bbox 1603 3904 1956 3965; x_wconf 89' lang='lat' dir='ltr'><strong>secundum</strong></span> <span class='ocrx_word' id='word_1_372' title='bbox 1988 3903 2293 3965; x_wconf 85' lang='lat' dir='ltr'><strong>Thomam</strong></span> <span class='ocrx_word' id='word_1_373' title='bbox 2324 3910 2387 3965; x_wconf 87' lang='lat' dir='ltr'><strong>et</strong></span> 
     </span>
     <span class='ocr_line' id='line_1_59' title="bbox 889 4001 2386 4084; baseline -0.001 -19"><span class='ocrx_word' id='word_1_374' title='bbox 889 4002 1222 4065; x_wconf 89' lang='lat' dir='ltr'><strong>Albertum</strong></span> <span class='ocrx_word' id='word_1_375' title='bbox 1263 4021 1391 4065; x_wconf 90' lang='lat' dir='ltr'><strong>non</strong></span> <span class='ocrx_word' id='word_1_376' title='bbox 1431 4002 1648 4065; x_wconf 86' lang='lat' dir='ltr'><strong>obviat</strong></span> <span class='ocrx_word' id='word_1_377' title='bbox 1685 4003 1858 4084; x_wconf 86' lang='lat' dir='ltr'><strong>quod</strong></span> <span class='ocrx_word' id='word_1_378' title='bbox 1899 4002 1961 4063; x_wconf 91' lang='lat' dir='ltr'><strong>in</strong></span> <span class='ocrx_word' id='word_1_379' title='bbox 2003 4001 2271 4084; x_wconf 88' lang='lat' dir='ltr'><strong>epistola</strong></span> <span class='ocrx_word' id='word_1_380' title='bbox 2310 4001 2386 4063; x_wconf 92' lang='lat' dir='ltr'><strong>ad</strong></span> 
     </span>
     <span class='ocr_line' id='line_1_60' title="bbox 891 4099 2388 4182; baseline -0.003 -19"><span class='ocrx_word' id='word_1_381' title='bbox 891 4101 1267 4164; x_wconf 87' lang='lat' dir='ltr'><strong>Nebridium</strong></span> <span class='ocrx_word' id='word_1_382' title='bbox 1299 4100 1580 4182; x_wconf 88' lang='lat' dir='ltr'><strong>loquitur</strong></span> <span class='ocrx_word' id='word_1_383' title='bbox 1610 4100 2000 4181; x_wconf 87' lang='lat' dir='ltr'><strong>Augustinus</strong></span> <span class='ocrx_word' id='word_1_384' title='bbox 2028 4120 2041 4163; x_wconf 75' lang='grc' dir='ltr'>ε</span> <span class='ocrx_word' id='word_1_385' title='bbox 2067 4100 2220 4161; x_wconf 90' lang='lat' dir='ltr'><strong>Dico</strong></span> <span class='ocrx_word' id='word_1_386' title='bbox 2251 4099 2388 4181; x_wconf 90' lang='lat' dir='ltr'><strong>qui-</strong></span> 
     </span>
    </p>
   </div>
   <div class='ocr_carea' id='block_1_11' title="bbox 2496 3111 4011 4182">
    <p class='ocr_par' dir='ltr' id='par_1_14' title="bbox 2496 3111 4007 3886">
     <span class='ocr_line' id='line_1_61' title="bbox 2497 3111 3999 3196; baseline 0 -21"><span class='ocrx_word' id='word_1_387' title='bbox 2497 3111 2703 3175; x_wconf 92' lang='lat' dir='ltr'><strong>solum</strong></span> <span class='ocrx_word' id='word_1_388' title='bbox 2736 3120 2883 3176; x_wconf 85' lang='lat' dir='ltr'><strong>sunt</strong></span> <span class='ocrx_word' id='word_1_389' title='bbox 2914 3130 3127 3175; x_wconf 87' lang='lat' dir='ltr'><strong>rerum</strong></span> <span class='ocrx_word' id='word_1_390' title='bbox 3158 3112 3601 3175; x_wconf 82' lang='lat' dir='ltr'><strong>exsistentium</strong></span> <span class='ocrx_word' id='word_1_391' title='bbox 3634 3133 3749 3196; x_wconf 85' lang='lat' dir='ltr'><strong>per</strong></span> <span class='ocrx_word' id='word_1_392' title='bbox 3778 3113 3999 3187; x_wconf 85' lang='lat' dir='ltr'><strong>se‚sed</strong></span> 
     </span>
     <span class='ocr_line' id='line_1_62' title="bbox 2496 3211 4001 3295; baseline 0 -22"><span class='ocrx_word' id='word_1_393' title='bbox 2496 3211 2689 3273; x_wconf 89' lang='lat' dir='ltr'><strong>etiam</strong></span> <span class='ocrx_word' id='word_1_394' title='bbox 2721 3212 3068 3292; x_wconf 87' lang='lat' dir='ltr'><strong>cujuslibet</strong></span> <span class='ocrx_word' id='word_1_395' title='bbox 3098 3220 3423 3287; x_wconf 57' lang='lat' dir='ltr'><strong>creaturae,</strong></span> <span class='ocrx_word' id='word_1_396' title='bbox 3456 3231 3878 3295; x_wconf 85' lang='lat' dir='ltr'><strong>quaecnmque</strong></span> <span class='ocrx_word' id='word_1_397' title='bbox 3914 3212 4001 3275; x_wconf 88' lang='lat' dir='ltr'><strong>sit</strong></span> 
     </span>
     <span class='ocr_line' id='line_1_63' title="bbox 2498 3308 4003 3374; baseline 0.002 -5"><span class='ocrx_word' id='word_1_398' title='bbox 2498 3308 2626 3370; x_wconf 92' lang='lat' dir='ltr'><strong>illa.</strong></span> <span class='ocrx_word' id='word_1_399' title='bbox 2680 3309 2854 3371; x_wconf 90' lang='lat' dir='ltr'><strong>Unde</strong></span> <span class='ocrx_word' id='word_1_400' title='bbox 2902 3310 3057 3373; x_wconf 84' lang='lat' dir='ltr'><strong>ideae</strong></span> <span class='ocrx_word' id='word_1_401' title='bbox 3108 3328 3235 3373; x_wconf 91' lang='lat' dir='ltr'><strong>non</strong></span> <span class='ocrx_word' id='word_1_402' title='bbox 3287 3319 3533 3374; x_wconf 86' lang='lat' dir='ltr'><strong>tantum</strong></span> <span class='ocrx_word' id='word_1_403' title='bbox 3582 3318 3731 3374; x_wconf 84' lang='lat' dir='ltr'><strong>sunt</strong></span> <span class='ocrx_word' id='word_1_404' title='bbox 3780 3329 4003 3373; x_wconf 85' lang='lat' dir='ltr'><strong>rerum</strong></span> 
     </span>
     <span class='ocr_line' id='line_1_64' title="bbox 2499 3408 4007 3493; baseline 0.002 -25"><span class='ocrx_word' id='word_1_405' title='bbox 2499 3427 2639 3489; x_wconf 83' lang='lat' dir='ltr'><strong>quae</strong></span> <span class='ocrx_word' id='word_1_406' title='bbox 2689 3408 2990 3470; x_wconf 89' lang='lat' dir='ltr'><strong>dicuntur</strong></span> <span class='ocrx_word' id='word_1_407' title='bbox 3037 3409 3259 3483; x_wconf 90' lang='lat' dir='ltr'><strong>creari,</strong></span> <span class='ocrx_word' id='word_1_408' title='bbox 3312 3410 3423 3472; x_wconf 84' lang='lat' dir='ltr'><strong>sed</strong></span> <span class='ocrx_word' id='word_1_409' title='bbox 3479 3410 3667 3472; x_wconf 88' lang='lat' dir='ltr'><strong>etiam</strong></span> <span class='ocrx_word' id='word_1_410' title='bbox 3716 3430 3859 3493; x_wconf 79' lang='lat' dir='ltr'><strong>quae</strong></span> <span class='ocrx_word' id='word_1_411' title='bbox 3907 3409 4007 3471; x_wconf 88' lang='lat' dir='ltr'><strong>di-</strong></span> 
     </span>
     <span class='ocr_line' id='line_1_65' title="bbox 2498 3508 4003 3572; baseline 0.002 -5"><span class='ocrx_word' id='word_1_412' title='bbox 2498 3514 2731 3568; x_wconf 84' lang='lat' dir='ltr'><strong>cuntur</strong></span> <span class='ocrx_word' id='word_1_413' title='bbox 2768 3508 3111 3570; x_wconf 84' lang='lat' dir='ltr'><strong>concreari.</strong></span> <span class='ocrx_word' id='word_1_414' title='bbox 3147 3509 3291 3571; x_wconf 80' lang='lat' dir='ltr'><strong>Haec</strong></span> <span class='ocrx_word' id='word_1_415' title='bbox 3321 3509 3689 3571; x_wconf 88' lang='lat' dir='ltr'><strong>Richardus.</strong></span> <span class='ocrx_word' id='word_1_416' title='bbox 3724 3546 3805 3555; x_wconf 91' lang='lat'><strong>—</strong></span> <span class='ocrx_word' id='word_1_417' title='bbox 3834 3509 4003 3572; x_wconf 89' lang='lat' dir='ltr'><strong>Con-</strong></span> 
     </span>
     <span class='ocr_line' id='line_1_66' title="bbox 2498 3605 4003 3689; baseline 0.001 -22"><span class='ocrx_word' id='word_1_418' title='bbox 2498 3605 2714 3667; x_wconf 87' lang='lat' dir='ltr'><strong>cordat</strong></span> <span class='ocrx_word' id='word_1_419' title='bbox 2742 3606 3182 3669; x_wconf 87' lang='lat' dir='ltr'><strong>Bonaventura</strong></span> <span class='ocrx_word' id='word_1_420' title='bbox 3210 3614 3521 3688; x_wconf 86' lang='lat' dir='ltr'><strong>quantum</strong></span> <span class='ocrx_word' id='word_1_421' title='bbox 3548 3607 3627 3669; x_wconf 91' lang='lat' dir='ltr'><strong>ad</strong></span> <span class='ocrx_word' id='word_1_422' title='bbox 3656 3607 3797 3681; x_wconf 89' lang='lat' dir='ltr'><strong>hoc,</strong></span> <span class='ocrx_word' id='word_1_423' title='bbox 3822 3608 4003 3689; x_wconf 88' lang='lat' dir='ltr'><strong>quod</strong></span> 
     </span>
     <span class='ocr_line' id='line_1_67' title="bbox 2499 3704 4007 3787; baseline 0.002 -22"><span class='ocrx_word' id='word_1_424' title='bbox 2499 3704 2565 3766; x_wconf 92' lang='lat' dir='ltr'><strong>in</strong></span> <span class='ocrx_word' id='word_1_425' title='bbox 2605 3704 2732 3766; x_wconf 93' lang='lat' dir='ltr'><strong>Deo</strong></span> <span class='ocrx_word' id='word_1_426' title='bbox 2770 3712 2919 3767; x_wconf 90' lang='lat' dir='ltr'><strong>sunt</strong></span> <span class='ocrx_word' id='word_1_427' title='bbox 2948 3723 3077 3767; x_wconf 90' lang='lat' dir='ltr'><strong>non</strong></span> <span class='ocrx_word' id='word_1_428' title='bbox 3120 3706 3477 3787; x_wconf 89' lang='lat' dir='ltr'><strong>specierum</strong></span> <span class='ocrx_word' id='word_1_429' title='bbox 3519 3706 3843 3768; x_wconf 81' lang='lat' dir='ltr'><strong>dumtaxat</strong></span> <span class='ocrx_word' id='word_1_430' title='bbox 3882 3706 4007 3768; x_wconf 89' lang='lat' dir='ltr'><strong>sed</strong></span> 
     </span>
     <span class='ocr_line' id='line_1_68' title="bbox 2500 3802 3497 3886; baseline 0.001 -22"><span class='ocrx_word' id='word_1_431' title='bbox 2500 3802 2979 3865; x_wconf 83' lang='lat' dir='ltr'><strong>individuorum</strong></span> <span class='ocrx_word' id='word_1_432' title='bbox 3023 3822 3277 3886; x_wconf 90' lang='lat' dir='ltr'><strong>quoque</strong></span> <span class='ocrx_word' id='word_1_433' title='bbox 3322 3804 3497 3867; x_wconf 83' lang='lat' dir='ltr'><strong>ideae.</strong></span> 
     </span>
    </p>

    <p class='ocr_par' dir='ltr' id='par_1_15' title="bbox 2499 3902 4011 4182">
     <span class='ocr_line' id='line_1_69' title="bbox 2577 3902 4007 3984; baseline 0.001 -21"><span class='ocrx_word' id='word_1_434' title='bbox 2577 3902 2900 3964; x_wconf 87' lang='lat' dir='ltr'><strong>Postremo</strong></span> <span class='ocrx_word' id='word_1_435' title='bbox 2941 3902 3306 3984; x_wconf 75' lang='lat' dir='ltr'><strong>praehabitis</strong></span> <span class='ocrx_word' id='word_1_436' title='bbox 3346 3903 3683 3965; x_wconf 86' lang='lat' dir='ltr'><strong>concordat</strong></span> <span class='ocrx_word' id='word_1_437' title='bbox 3710 3902 4007 3984; x_wconf 79' lang='lat' dir='ltr'><strong>AEgidius</strong></span> 
     </span>
     <span class='ocr_line' id='line_1_70' title="bbox 2499 4001 4009 4083; baseline -0.001 -19"><span class='ocrx_word' id='word_1_438' title='bbox 2499 4020 2615 4083; x_wconf 91' lang='lat' dir='ltr'><strong>pro</strong></span> <span class='ocrx_word' id='word_1_439' title='bbox 2674 4010 2851 4083; x_wconf 88' lang='lat' dir='ltr'><strong>parte</strong></span> <span class='ocrx_word' id='word_1_440' title='bbox 2912 4001 3157 4082; x_wconf 88' lang='lat' dir='ltr'><strong>majori.</strong></span> <span class='ocrx_word' id='word_1_441' title='bbox 3220 4002 3451 4083; x_wconf 86' lang='lat' dir='ltr'><strong>Aliqua</strong></span> <span class='ocrx_word' id='word_1_442' title='bbox 3508 4010 3721 4064; x_wconf 86' lang='lat' dir='ltr'><strong>tamen</strong></span> <span class='ocrx_word' id='word_1_443' title='bbox 3772 4001 4009 4063; x_wconf 85' lang='lat' dir='ltr'><strong>scribit</strong></span> 
     </span>
     <span class='ocr_line' id='line_1_71' title="bbox 2501 4099 4011 4182; baseline 0.001 -23"><span class='ocrx_word' id='word_1_444' title='bbox 2501 4118 2641 4179; x_wconf 78' lang='lat' dir='ltr'><strong>quae</strong></span> <span class='ocrx_word' id='word_1_445' title='bbox 2684 4100 2763 4161; x_wconf 90' lang='lat' dir='ltr'><strong>ab</strong></span> <span class='ocrx_word' id='word_1_446' title='bbox 2806 4099 3083 4161; x_wconf 88' lang='lat' dir='ltr'><strong>inductis</strong></span> <span class='ocrx_word' id='word_1_447' title='bbox 3126 4100 3424 4161; x_wconf 83' lang='lat' dir='ltr'><strong>videntur</strong></span> <span class='ocrx_word' id='word_1_448' title='bbox 3470 4100 3831 4182; x_wconf 88' lang='lat' dir='ltr'><strong>aliqualiter</strong></span> <span class='ocrx_word' id='word_1_449' title='bbox 3872 4100 4011 4161; x_wconf 88' lang='lat' dir='ltr'><strong>dis-</strong></span> 
     </span>
    </p>
   </div>
   <div class='ocr_carea' id='block_1_12' title="bbox 894 4197 4013 4279">
    <p class='ocr_par' dir='ltr' id='par_1_16' title="bbox 894 4197 4013 4279">
     <span class='ocr_line' id='line_1_72' title="bbox 894 4197 4013 4279; baseline 0 -20"><span class='ocrx_word' id='word_1_450' title='bbox 894 4198 1040 4260; x_wconf 88' lang='lat' dir='ltr'><strong>dem</strong></span> <span class='ocrx_word' id='word_1_451' title='bbox 1081 4200 1248 4279; x_wconf 90' lang='lat' dir='ltr'><strong>quod</strong></span> <span class='ocrx_word' id='word_1_452' title='bbox 1288 4198 1367 4260; x_wconf 93' lang='lat' dir='ltr'><strong>ad</strong></span> <span class='ocrx_word' id='word_1_453' title='bbox 1409 4199 1734 4260; x_wconf 89' lang='lat' dir='ltr'><strong>hominem</strong></span> <span class='ocrx_word' id='word_1_454' title='bbox 1778 4198 2075 4279; x_wconf 89' lang='lat' dir='ltr'><strong>pertinet,</strong></span> <span class='ocrx_word' id='word_1_455' title='bbox 2110 4198 2390 4259; x_wconf 90' lang='lat' dir='ltr'><strong>hominis</strong></span> <span class='ocrx_word' id='word_1_456' title='bbox 2421 4202 2472 4266; x_wconf 92' lang='lat' dir='ltr'>D</span> <span class='ocrx_word' id='word_1_457' title='bbox 2503 4215 2747 4270; x_wconf 87' lang='lat' dir='ltr'><strong>sonare,</strong></span> <span class='ocrx_word' id='word_1_458' title='bbox 2782 4197 3051 4259; x_wconf 90' lang='lat' dir='ltr'><strong>dicendo</strong></span> <span class='ocrx_word' id='word_1_459' title='bbox 3087 4198 3253 4278; x_wconf 91' lang='lat' dir='ltr'><strong>quod</strong></span> <span class='ocrx_word' id='word_1_460' title='bbox 3284 4197 3476 4259; x_wconf 85' lang='lat' dir='ltr'><strong>etiam</strong></span> <span class='ocrx_word' id='word_1_461' title='bbox 3518 4198 3905 4279; x_wconf 83' lang='lat' dir='ltr'><strong>privationes</strong></span> <span class='ocrx_word' id='word_1_462' title='bbox 3937 4206 4013 4259; x_wconf 89' lang='lat' dir='ltr'><strong>et</strong></span> 
     </span>
    </p>
   </div>
   <div class='ocr_carea' id='block_1_13' title="bbox 892 4296 2392 5365">
    <p class='ocr_par' dir='ltr' id='par_1_17' title="bbox 892 4296 2392 5365">
     <span class='ocr_line' id='line_1_73' title="bbox 893 4296 2392 4371; baseline -0.001 -13"><span class='ocrx_word' id='word_1_463' title='bbox 893 4304 1162 4371; x_wconf 87' lang='lat' dir='ltr'><strong>tantum,</strong></span> <span class='ocrx_word' id='word_1_464' title='bbox 1214 4316 1340 4359; x_wconf 89' lang='lat' dir='ltr'><strong>non</strong></span> <span class='ocrx_word' id='word_1_465' title='bbox 1393 4304 1565 4360; x_wconf 84' lang='lat' dir='ltr'><strong>tuam</strong></span> <span class='ocrx_word' id='word_1_466' title='bbox 1614 4296 1715 4359; x_wconf 87' lang='lat' dir='ltr'><strong>vel</strong></span> <span class='ocrx_word' id='word_1_467' title='bbox 1765 4315 1971 4358; x_wconf 89' lang='lat' dir='ltr'><strong>meam</strong></span> <span class='ocrx_word' id='word_1_468' title='bbox 2020 4315 2158 4358; x_wconf 92' lang='lat' dir='ltr'><strong>esse</strong></span> <span class='ocrx_word' id='word_1_469' title='bbox 2209 4296 2392 4358; x_wconf 85' lang='lat' dir='ltr'><strong>ratio-</strong></span> 
     </span>
     <span class='ocr_line' id='line_1_74' title="bbox 893 4394 2388 4477; baseline -0.001 -20"><span class='ocrx_word' id='word_1_470' title='bbox 893 4415 1041 4457; x_wconf 86' lang='lat' dir='ltr'><strong>nem</strong></span> <span class='ocrx_word' id='word_1_471' title='bbox 1101 4396 1167 4458; x_wconf 92' lang='lat' dir='ltr'><strong>in</strong></span> <span class='ocrx_word' id='word_1_472' title='bbox 1226 4396 1371 4457; x_wconf 89' lang='lat' dir='ltr'><strong>De0.</strong></span> <span class='ocrx_word' id='word_1_473' title='bbox 1424 4396 1512 4457; x_wconf 90' lang='lat' dir='ltr'><strong>Ex</strong></span> <span class='ocrx_word' id='word_1_474' title='bbox 1572 4394 1807 4477; x_wconf 88' lang='lat' dir='ltr'><strong>quibus</strong></span> <span class='ocrx_word' id='word_1_475' title='bbox 1857 4395 2069 4457; x_wconf 86' lang='lat' dir='ltr'><strong>verbis</strong></span> <span class='ocrx_word' id='word_1_476' title='bbox 2128 4395 2388 4477; x_wconf 87' lang='lat' dir='ltr'><strong>quidam</strong></span> 
     </span>
     <span class='ocr_line' id='line_1_75' title="bbox 895 4493 2386 4576; baseline -0.001 -18"><span class='ocrx_word' id='word_1_477' title='bbox 895 4495 1304 4566; x_wconf 90' lang='lat' dir='ltr'><strong>concludunt,</strong></span> <span class='ocrx_word' id='word_1_478' title='bbox 1358 4494 1526 4575; x_wconf 91' lang='lat' dir='ltr'><strong>quod</strong></span> <span class='ocrx_word' id='word_1_479' title='bbox 1584 4493 1829 4576; x_wconf 91' lang='lat' dir='ltr'><strong>species</strong></span> <span class='ocrx_word' id='word_1_480' title='bbox 1855 4554 1859 4559; x_wconf 84' lang='grc'><em>,</em></span> <span class='ocrx_word' id='word_1_481' title='bbox 1888 4494 2386 4575; x_wconf 71' lang='lat' dir='ltr'><strong>specialissimae,</strong></span> 
     </span>
     <span class='ocr_line' id='line_1_76' title="bbox 893 4591 2385 4665; baseline -0.003 -9"><span class='ocrx_word' id='word_1_482' title='bbox 893 4611 1021 4656; x_wconf 91' lang='lat' dir='ltr'><strong>non</strong></span> <span class='ocrx_word' id='word_1_483' title='bbox 1086 4592 1436 4665; x_wconf 90' lang='lat' dir='ltr'><strong>individua,</strong></span> <span class='ocrx_word' id='word_1_484' title='bbox 1503 4592 1777 4653; x_wconf 87' lang='lat' dir='ltr'><strong>habeant</strong></span> <span class='ocrx_word' id='word_1_485' title='bbox 1837 4592 1903 4652; x_wconf 93' lang='lat' dir='ltr'><strong>in</strong></span> <span class='ocrx_word' id='word_1_486' title='bbox 1968 4592 2095 4653; x_wconf 90' lang='lat' dir='ltr'><strong>Deo</strong></span> <span class='ocrx_word' id='word_1_487' title='bbox 2155 4591 2385 4653; x_wconf 89' lang='lat' dir='ltr'><strong>ideam.</strong></span> 
     </span>
     <span class='ocr_line' id='line_1_77' title="bbox 893 4689 2389 4772; baseline -0.001 -19"><span class='ocrx_word' id='word_1_488' title='bbox 893 4692 1067 4767; x_wconf 88' lang='lat' dir='ltr'><strong>Quod</strong></span> <span class='ocrx_word' id='word_1_489' title='bbox 1113 4710 1240 4754; x_wconf 91' lang='lat' dir='ltr'><strong>non</strong></span> <span class='ocrx_word' id='word_1_490' title='bbox 1290 4690 1600 4772; x_wconf 90' lang='lat' dir='ltr'><strong>sequitur,</strong></span> <span class='ocrx_word' id='word_1_491' title='bbox 1643 4689 1794 4771; x_wconf 89' lang='lat' dir='ltr'><strong>quia</strong></span> <span class='ocrx_word' id='word_1_492' title='bbox 1833 4689 2225 4769; x_wconf 87' lang='lat' dir='ltr'><strong>Augustinus</strong></span> <span class='ocrx_word' id='word_1_493' title='bbox 2270 4690 2389 4751; x_wconf 91' lang='lat' dir='ltr'><strong>hoc</strong></span> 
     </span>
     <span class='ocr_line' id='line_1_78' title="bbox 893 4787 2389 4870; baseline -0.002 -19"><span class='ocrx_word' id='word_1_494' title='bbox 893 4790 1049 4851; x_wconf 87' lang='lat' dir='ltr'><strong>dicit</strong></span> <span class='ocrx_word' id='word_1_495' title='bbox 1091 4790 1168 4851; x_wconf 91' lang='lat' dir='ltr'><strong>de</strong></span> <span class='ocrx_word' id='word_1_496' title='bbox 1215 4788 1373 4851; x_wconf 90' lang='lat' dir='ltr'><strong>ideis</strong></span> <span class='ocrx_word' id='word_1_497' title='bbox 1417 4794 1727 4870; x_wconf 89' lang='lat' dir='ltr'><strong>quantum</strong></span> <span class='ocrx_word' id='word_1_498' title='bbox 1771 4787 1852 4849; x_wconf 91' lang='lat' dir='ltr'><strong>ad</strong></span> <span class='ocrx_word' id='word_1_499' title='bbox 1895 4806 2105 4848; x_wconf 90' lang='lat' dir='ltr'><strong>rerum</strong></span> <span class='ocrx_word' id='word_1_500' title='bbox 2160 4788 2389 4868; x_wconf 88' lang='lat' dir='ltr'><strong>produ-</strong></span> 
     </span>
     <span class='ocr_line' id='line_1_79' title="bbox 894 4886 2392 4968; baseline -0.003 -18"><span class='ocrx_word' id='word_1_501' title='bbox 894 4889 1170 4952; x_wconf 88' lang='lat' dir='ltr'><strong>ctionem</strong></span> <span class='ocrx_word' id='word_1_502' title='bbox 1216 4888 1282 4949; x_wconf 90' lang='lat' dir='ltr'><strong>in</strong></span> <span class='ocrx_word' id='word_1_503' title='bbox 1323 4886 1622 4968; x_wconf 84' lang='lat' dir='ltr'><strong>generali.</strong></span> <span class='ocrx_word' id='word_1_504' title='bbox 1658 4886 1814 4947; x_wconf 86' lang='lat' dir='ltr'><strong>Nam</strong></span> <span class='ocrx_word' id='word_1_505' title='bbox 1855 4886 2246 4965; x_wconf 83' lang='lat' dir='ltr'><strong>Augustinus</strong></span> <span class='ocrx_word' id='word_1_506' title='bbox 2288 4886 2392 4946; x_wconf 91' lang='lat' dir='ltr'><strong>ad-</strong></span> 
     </span>
     <span class='ocr_line' id='line_1_80' title="bbox 892 4970 2390 5066; baseline -0.004 -16"><span class='ocrx_word' id='word_1_507' title='bbox 892 4970 1272 5050; x_wconf 68' lang='lat' dir='ltr'><strong>dit&#39;ibidem</strong></span> <span class='ocrx_word' id='word_1_508' title='bbox 1318 5003 1331 5047; x_wconf 90' lang='lat'><strong>:</strong></span> <span class='ocrx_word' id='word_1_509' title='bbox 1377 4986 1530 5047; x_wconf 79' lang='lat' dir='ltr'><strong>nico</strong></span> <span class='ocrx_word' id='word_1_510' title='bbox 1577 4990 1886 5066; x_wconf 82' lang='lat' dir='ltr'><strong>quantum</strong></span> <span class='ocrx_word' id='word_1_511' title='bbox 1936 4983 2013 5045; x_wconf 82' lang='lat' dir='ltr'><strong>ad</strong></span> <span class='ocrx_word' id='word_1_512' title='bbox 2065 4984 2390 5045; x_wconf 72' lang='lat' dir='ltr'><strong>hominem</strong></span> 
     </span>
     <span class='ocr_line' id='line_1_81' title="bbox 894 5081 2389 5157; baseline -0.002 -12"><span class='ocrx_word' id='word_1_513' title='bbox 894 5084 1280 5157; x_wconf 80' lang='lat' dir='ltr'><strong>iaciendum,</strong></span> <span class='ocrx_word' id='word_1_514' title='bbox 1315 5102 1510 5145; x_wconf 87' lang='lat' dir='ltr'><strong>unam</strong></span> <span class='ocrx_word' id='word_1_515' title='bbox 1540 5089 1788 5144; x_wconf 54' lang='lat' dir='ltr'><strong>&#39;tantum</strong></span> <span class='ocrx_word' id='word_1_516' title='bbox 1829 5081 1895 5143; x_wconf 91' lang='lat' dir='ltr'><strong>in</strong></span> <span class='ocrx_word' id='word_1_517' title='bbox 1936 5082 2064 5143; x_wconf 92' lang='lat' dir='ltr'><strong>Deo</strong></span> <span class='ocrx_word' id='word_1_518' title='bbox 2103 5100 2241 5143; x_wconf 87' lang='lat' dir='ltr'><strong>esse</strong></span> <span class='ocrx_word' id='word_1_519' title='bbox 2281 5082 2389 5143; x_wconf 92' lang='lat' dir='ltr'><strong>ho-</strong></span> 
     </span>
     <span class='ocr_line' id='line_1_82' title="bbox 895 5180 2392 5263; baseline -0.001 -19"><span class='ocrx_word' id='word_1_520' title='bbox 895 5184 1088 5245; x_wconf 87' lang='lat' dir='ltr'><strong>minis</strong></span> <span class='ocrx_word' id='word_1_521' title='bbox 1147 5183 1492 5261; x_wconf 85' lang='lat' dir='ltr'><strong>rationem3</strong></span> <span class='ocrx_word' id='word_1_522' title='bbox 1542 5188 1856 5263; x_wconf 86' lang='lat' dir='ltr'><strong>quantum</strong></span> <span class='ocrx_word' id='word_1_523' title='bbox 1905 5198 2056 5242; x_wconf 90' lang='lat' dir='ltr'><strong>vero</strong></span> <span class='ocrx_word' id='word_1_524' title='bbox 2102 5180 2183 5241; x_wconf 87' lang='lat' dir='ltr'><strong>ad</strong></span> <span class='ocrx_word' id='word_1_525' title='bbox 2228 5180 2392 5242; x_wconf 90' lang='lat' dir='ltr'><strong>ordi-</strong></span> 
     </span>
     <span class='ocr_line' id='line_1_83' title="bbox 893 5278 2384 5365; baseline -0.001 -22"><span class='ocrx_word' id='word_1_526' title='bbox 893 5300 1042 5343; x_wconf 89' lang='lat' dir='ltr'><strong>nem</strong></span> <span class='ocrx_word' id='word_1_527' title='bbox 1093 5280 1418 5365; x_wconf 79' lang='lat' dir='ltr'><strong>temporiS‚</strong></span> <span class='ocrx_word' id='word_1_528' title='bbox 1470 5280 1675 5344; x_wconf 86' lang='lat' dir='ltr'><strong>varias</strong></span> <span class='ocrx_word' id='word_1_529' title='bbox 1723 5278 2057 5343; x_wconf 90' lang='lat' dir='ltr'><strong>hominum</strong></span> <span class='ocrx_word' id='word_1_530' title='bbox 2108 5278 2384 5341; x_wconf 85' lang='lat' dir='ltr'><strong>rationes</strong></span> 
     </span>
    </p>
   </div>
   <div class='ocr_carea' id='block_1_14' title="bbox 2501 4295 4021 5365">
    <p class='ocr_par' dir='ltr' id='par_1_18' title="bbox 2501 4295 4021 5365">
     <span class='ocr_line' id='line_1_84' title="bbox 2505 4295 4005 4376; baseline 0.003 -19"><span class='ocrx_word' id='word_1_531' title='bbox 2505 4295 2669 4357; x_wconf 87' lang='lat' dir='ltr'><strong>mala</strong></span> <span class='ocrx_word' id='word_1_532' title='bbox 2708 4295 2944 4357; x_wconf 87' lang='lat' dir='ltr'><strong>habent</strong></span> <span class='ocrx_word' id='word_1_533' title='bbox 2981 4295 3195 4376; x_wconf 88' lang='lat' dir='ltr'><strong>aliquo</strong></span> <span class='ocrx_word' id='word_1_534' title='bbox 3235 4296 3423 4359; x_wconf 86' lang='lat' dir='ltr'><strong>modo</strong></span> <span class='ocrx_word' id='word_1_535' title='bbox 3462 4297 3670 4358; x_wconf 88' lang='lat' dir='ltr'><strong>ideam</strong></span> <span class='ocrx_word' id='word_1_536' title='bbox 3711 4297 3775 4357; x_wconf 89' lang='lat' dir='ltr'><strong>in</strong></span> <span class='ocrx_word' id='word_1_537' title='bbox 3814 4296 3947 4358; x_wconf 85' lang='lat' dir='ltr'><strong>Deo</strong></span> <span class='ocrx_word' id='word_1_538' title='bbox 3986 4316 4005 4361; x_wconf 89' lang='lat'>:</span> 
     </span>
     <span class='ocr_line' id='line_1_85' title="bbox 2506 4394 4008 4475; baseline 0.001 -20"><span class='ocrx_word' id='word_1_539' title='bbox 2506 4394 2712 4456; x_wconf 87' lang='lat' dir='ltr'><strong>ideam</strong></span> <span class='ocrx_word' id='word_1_540' title='bbox 2752 4394 3034 4474; x_wconf 87' lang='lat' dir='ltr'><strong>quidem,</strong></span> <span class='ocrx_word' id='word_1_541' title='bbox 3070 4412 3197 4456; x_wconf 90' lang='lat' dir='ltr'><strong>non</strong></span> <span class='ocrx_word' id='word_1_542' title='bbox 3238 4412 3385 4455; x_wconf 88' lang='lat' dir='ltr'><strong>cum</strong></span> <span class='ocrx_word' id='word_1_543' title='bbox 3424 4414 3550 4475; x_wconf 89' lang='lat' dir='ltr'><strong>qua</strong></span> <span class='ocrx_word' id='word_1_544' title='bbox 3588 4395 4008 4470; x_wconf 85' lang='lat' dir='ltr'><strong>concordent,</strong></span> 
     </span>
     <span class='ocr_line' id='line_1_86' title="bbox 2504 4492 4013 4575; baseline 0.003 -22"><span class='ocrx_word' id='word_1_545' title='bbox 2504 4493 2613 4553; x_wconf 90' lang='lat' dir='ltr'><strong>sed</strong></span> <span class='ocrx_word' id='word_1_546' title='bbox 2644 4512 2680 4553; x_wconf 87' lang='lat' dir='ltr'><strong>a</strong></span> <span class='ocrx_word' id='word_1_547' title='bbox 2710 4512 2836 4574; x_wconf 87' lang='lat' dir='ltr'><strong>qua</strong></span> <span class='ocrx_word' id='word_1_548' title='bbox 2864 4492 3245 4555; x_wconf 88' lang='lat' dir='ltr'><strong>discordant.</strong></span> <span class='ocrx_word' id='word_1_549' title='bbox 3263 4493 3381 4555; x_wconf 90' lang='lat' dir='ltr'><strong>Sed</strong></span> <span class='ocrx_word' id='word_1_550' title='bbox 3412 4512 3613 4575; x_wconf 88' lang='lat' dir='ltr'><strong>quum</strong></span> <span class='ocrx_word' id='word_1_551' title='bbox 3645 4495 3723 4555; x_wconf 93' lang='lat' dir='ltr'><strong>de</strong></span> <span class='ocrx_word' id='word_1_552' title='bbox 3754 4494 4013 4558; x_wconf 85' lang='lat' dir='ltr'><strong>ratione</strong></span> 
     </span>
     <span class='ocr_line' id='line_1_87' title="bbox 2504 4591 4015 4673; baseline 0.004 -22"><span class='ocrx_word' id='word_1_553' title='bbox 2504 4591 2659 4653; x_wconf 81' lang='lat' dir='ltr'><strong>ideae</strong></span> <span class='ocrx_word' id='word_1_554' title='bbox 2692 4592 2773 4653; x_wconf 91' lang='lat' dir='ltr'><strong>sit</strong></span> <span class='ocrx_word' id='word_1_555' title='bbox 2802 4591 2970 4673; x_wconf 90' lang='lat' dir='ltr'><strong>quod</strong></span> <span class='ocrx_word' id='word_1_556' title='bbox 3011 4592 3093 4653; x_wconf 83' lang='lat' dir='ltr'><strong>sit</strong></span> <span class='ocrx_word' id='word_1_557' title='bbox 3123 4591 3479 4654; x_wconf 85' lang='lat' dir='ltr'><strong>similitudo</strong></span> <span class='ocrx_word' id='word_1_558' title='bbox 3506 4592 3647 4673; x_wconf 88' lang='lat' dir='ltr'><strong>ejus</strong></span> <span class='ocrx_word' id='word_1_559' title='bbox 3686 4592 3870 4672; x_wconf 84' lang='lat' dir='ltr'><strong>cujus</strong></span> <span class='ocrx_word' id='word_1_560' title='bbox 3902 4604 4015 4657; x_wconf 83' lang='lat' dir='ltr'><strong>est</strong></span> 
     </span>
     <span class='ocr_line' id='line_1_88' title="bbox 2504 4687 4019 4769; baseline 0.003 -20"><span class='ocrx_word' id='word_1_561' title='bbox 2504 4687 2665 4761; x_wconf 89' lang='lat' dir='ltr'><strong>idea,</strong></span> <span class='ocrx_word' id='word_1_562' title='bbox 2708 4696 2771 4750; x_wconf 89' lang='lat' dir='ltr'><strong>et</strong></span> <span class='ocrx_word' id='word_1_563' title='bbox 2814 4688 2967 4769; x_wconf 89' lang='lat' dir='ltr'><strong>quid</strong></span> <span class='ocrx_word' id='word_1_564' title='bbox 3009 4688 3321 4750; x_wconf 88' lang='lat' dir='ltr'><strong>imitabile</strong></span> <span class='ocrx_word' id='word_1_565' title='bbox 3363 4689 3443 4750; x_wconf 90' lang='lat' dir='ltr'><strong>ab</strong></span> <span class='ocrx_word' id='word_1_566' title='bbox 3485 4689 3710 4763; x_wconf 87' lang='lat' dir='ltr'><strong>ideato,</strong></span> <span class='ocrx_word' id='word_1_567' title='bbox 3744 4689 4019 4753; x_wconf 84' lang='lat' dir='ltr'><strong>videtur</strong></span> 
     </span>
     <span class='ocr_line' id='line_1_89' title="bbox 2504 4786 4017 4870; baseline 0.002 -23"><span class='ocrx_word' id='word_1_568' title='bbox 2504 4786 2835 4867; x_wconf 87' lang='lat' dir='ltr'><strong>implicare</strong></span> <span class='ocrx_word' id='word_1_569' title='bbox 2863 4794 2927 4848; x_wconf 85' lang='lat' dir='ltr'><strong>et</strong></span> <span class='ocrx_word' id='word_1_570' title='bbox 2956 4806 3024 4849; x_wconf 90' lang='lat' dir='ltr'><strong>se</strong></span> <span class='ocrx_word' id='word_1_571' title='bbox 3055 4786 3267 4868; x_wconf 90' lang='lat' dir='ltr'><strong>ipsum</strong></span> <span class='ocrx_word' id='word_1_572' title='bbox 3307 4787 3654 4861; x_wconf 86' lang='lat' dir='ltr'><strong>destruere,</strong></span> <span class='ocrx_word' id='word_1_573' title='bbox 3687 4788 3853 4870; x_wconf 89' lang='lat' dir='ltr'><strong>quod</strong></span> <span class='ocrx_word' id='word_1_574' title='bbox 3884 4789 4017 4850; x_wconf 86' lang='lat' dir='ltr'><strong>ali-</strong></span> 
     </span>
     <span class='ocr_line' id='line_1_90' title="bbox 2504 4884 4021 4967; baseline 0.001 -21"><span class='ocrx_word' id='word_1_575' title='bbox 2504 4885 2658 4966; x_wconf 91' lang='lat' dir='ltr'><strong>quid</strong></span> <span class='ocrx_word' id='word_1_576' title='bbox 2702 4884 2931 4947; x_wconf 86' lang='lat' dir='ltr'><strong>habeat</strong></span> <span class='ocrx_word' id='word_1_577' title='bbox 2970 4885 3175 4946; x_wconf 89' lang='lat' dir='ltr'><strong>ideam</strong></span> <span class='ocrx_word' id='word_1_578' title='bbox 3222 4904 3351 4948; x_wconf 89' lang='lat' dir='ltr'><strong>non</strong></span> <span class='ocrx_word' id='word_1_579' title='bbox 3391 4904 3537 4948; x_wconf 91' lang='lat' dir='ltr'><strong>cum</strong></span> <span class='ocrx_word' id='word_1_580' title='bbox 3580 4904 3707 4967; x_wconf 84' lang='lat' dir='ltr'><strong>qua</strong></span> <span class='ocrx_word' id='word_1_581' title='bbox 3742 4903 4021 4948; x_wconf 83' lang='lat' dir='ltr'><strong>concor-</strong></span> 
     </span>
     <span class='ocr_line' id='line_1_91' title="bbox 2502 4984 4017 5066; baseline 0.001 -21"><span class='ocrx_word' id='word_1_582' title='bbox 2502 4984 2626 5045; x_wconf 88' lang='lat' dir='ltr'><strong>det.</strong></span> <span class='ocrx_word' id='word_1_583' title='bbox 2679 5018 2761 5027; x_wconf 94' lang='lat'>—</span> <span class='ocrx_word' id='word_1_584' title='bbox 2807 4984 2973 5046; x_wconf 88' lang='lat' dir='ltr'><strong>Dicit</strong></span> <span class='ocrx_word' id='word_1_585' title='bbox 3018 5002 3272 5066; x_wconf 90' lang='lat' dir='ltr'><strong>quoque</strong></span> <span class='ocrx_word' id='word_1_586' title='bbox 3330 4985 3675 5065; x_wconf 83' lang='lat' dir='ltr'><strong>singularia</strong></span> <span class='ocrx_word' id='word_1_587' title='bbox 3720 4991 3781 5044; x_wconf 92' lang='lat' dir='ltr'><strong>et</strong></span> <span class='ocrx_word' id='word_1_588' title='bbox 3830 4986 4017 5046; x_wconf 87' lang='lat' dir='ltr'><strong>acci-</strong></span> 
     </span>
     <span class='ocr_line' id='line_1_92' title="bbox 2502 5082 4019 5165; baseline 0.003 -22"><span class='ocrx_word' id='word_1_589' title='bbox 2502 5082 2716 5144; x_wconf 87' lang='lat' dir='ltr'><strong>dentia</strong></span> <span class='ocrx_word' id='word_1_590' title='bbox 2746 5091 2808 5144; x_wconf 88' lang='lat' dir='ltr'><strong>et</strong></span> <span class='ocrx_word' id='word_1_591' title='bbox 2839 5083 3166 5145; x_wconf 83' lang='lat' dir='ltr'><strong>materiam</strong></span> <span class='ocrx_word' id='word_1_592' title='bbox 3208 5082 3479 5165; x_wconf 89' lang='lat' dir='ltr'><strong>primam</strong></span> <span class='ocrx_word' id='word_1_593' title='bbox 3512 5082 3743 5145; x_wconf 89' lang='lat' dir='ltr'><strong>habere</strong></span> <span class='ocrx_word' id='word_1_594' title='bbox 3772 5082 3838 5143; x_wconf 88' lang='lat' dir='ltr'><strong>in</strong></span> <span class='ocrx_word' id='word_1_595' title='bbox 3868 5082 4019 5147; x_wconf 86' lang='lat' dir='ltr'><strong>Deo</strong></span> 
     </span>
     <span class='ocr_line' id='line_1_93' title="bbox 2501 5179 4017 5263; baseline 0.003 -23"><span class='ocrx_word' id='word_1_596' title='bbox 2501 5179 2673 5243; x_wconf 88' lang='lat' dir='ltr'><strong>ideas</strong></span> <span class='ocrx_word' id='word_1_597' title='bbox 2710 5198 2723 5242; x_wconf 91' lang='lat'>:</span> <span class='ocrx_word' id='word_1_598' title='bbox 2757 5181 2928 5263; x_wconf 87' lang='lat' dir='ltr'><strong>quod</strong></span> <span class='ocrx_word' id='word_1_599' title='bbox 2962 5180 3141 5260; x_wconf 86' lang='lat' dir='ltr'><strong>juxta</strong></span> <span class='ocrx_word' id='word_1_600' title='bbox 3187 5180 3537 5262; x_wconf 83' lang='lat' dir='ltr'><strong>praehabita</strong></span> <span class='ocrx_word' id='word_1_601' title='bbox 3578 5187 3786 5262; x_wconf 84' lang='lat' dir='ltr'><strong>potest</strong></span> <span class='ocrx_word' id='word_1_602' title='bbox 3821 5188 4017 5244; x_wconf 80' lang='lat' dir='ltr'><strong>tene-</strong></span> 
     </span>
     <span class='ocr_line' id='line_1_94' title="bbox 2501 5278 4014 5365; baseline 0.003 -24"><span class='ocrx_word' id='word_1_603' title='bbox 2501 5278 2575 5341; x_wconf 91' lang='lat' dir='ltr'><strong>ri.</strong></span> <span class='ocrx_word' id='word_1_604' title='bbox 2610 5278 2687 5341; x_wconf 91' lang='lat' dir='ltr'><strong>Et</strong></span> <span class='ocrx_word' id='word_1_605' title='bbox 2727 5280 2921 5355; x_wconf 90' lang='lat' dir='ltr'><strong>addit,</strong></span> <span class='ocrx_word' id='word_1_606' title='bbox 2955 5280 3126 5365; x_wconf 87' lang='lat' dir='ltr'><strong>quod</strong></span> <span class='ocrx_word' id='word_1_607' title='bbox 3164 5280 3359 5343; x_wconf 87' lang='lat' dir='ltr'><strong>etiam</strong></span> <span class='ocrx_word' id='word_1_608' title='bbox 3404 5279 3715 5344; x_wconf 78' lang='lat' dir='ltr'><strong>Chimaera</strong></span> <span class='ocrx_word' id='word_1_609' title='bbox 3756 5286 3819 5343; x_wconf 88' lang='lat' dir='ltr'><strong>et</strong></span> <span class='ocrx_word' id='word_1_610' title='bbox 3866 5280 4014 5346; x_wconf 87' lang='lat' dir='ltr'><strong>hir-</strong></span> 
     </span>
    </p>
   </div>
  </div>
 </body>
</html>
