4359 6250
864 522 949 568 AN
990 522 1438 569 PROPRIETATES
1480 525 1794 570 RELATWAE
1838 524 1973 570 SlNT
2012 525 2311 570 REAu'rER
2353 527 2500 570 11³8AE
2545 526 2853 583 PERSONAE,
2892 525 3020 572 mc.

3373 500 3491 566 357

394 689 646 769 genitus
690 710 727 752 a
764 692 961 765 Patre,
997 693 1059 754 id
1103 701 1198 755 est
1239 693 1436 756 Filius
1478 701 1813 774 generatus
1854 714 1891 756 a
1920 693 1971 756 A
2000 695 2079 757 ab
2127 695 2272 766 alio,
2327 695 2546 778 sicque
2603 695 2946 758 affirmatio
3005 704 3194 777 atque
3242 697 3490 776 negatio

394 787 601 868 Patre)
633 806 649 850 :
684 790 851 851 sicut
880 809 1005 854 non
1038 791 1347 872 sequitur,
1374 792 1591 854 Manus
1625 811 1766 854 mea
1795 799 1891 854 est

393 905 431 948 a
463 893 641 967 patre
681 906 826 951 meo
863 908 978 971 per
1018 890 1490 970 generationem
1528 908 1541 952 :
1574 909 1725 971 ergo
1765 910 1889 953 ma-

392 1003 513 1046 nus
550 1005 693 1048 mea
722 995 819 1048 est
849 987 1077 1069 genita.
1113 990 1564 1051 Verumtamen
1604 990 1887 1070 magistri

392 1085 589 1147 nostri
640 1103 771 1148 non
822 1087 1179 1149 concedunt
1228 1088 1437 1161 istam,
1490 1087 1739 1151 Filiatio
1795 1097 1889 1151 est

392 1201 429 1244 a
464 1184 643 1245 Patre
695 1203 810 1266 per
857 1185 1369 1266 generationem3
1410 1188 1520 1248 sed
1570 1187 1755 1262 hanc,
1793 1188 1887 1250 Fi-

392 1280 569 1343 liatio
603 1289 703 1344 est
736 1282 897 1345 Filio
936 1303 973 1344 a
1004 1284 1183 1346 Patre
1216 1303 1331 1366 per
1362 1285 1834 1366 generationem
1870 1304 1883 1347 :

392 1379 557 1440 sicut
604 1380 673 1443 in
724 1381 943 1455 simili,
987 1382 1109 1444 Ista
1156 1383 1426 1446 ecclesia
1468 1392 1565 1446 est
1615 1385 1766 1448 huic
1807 1385 1888 1447 ab

391 1475 713 1559 episcopo.
758 1513 841 1524 —
880 1479 1025 1542 Haec
1066 1479 1436 1543 Alexander.

473 1574 764 1658 Denique
825 1577 994 1640 circa
1052 1579 1186 1642 haec
1242 1579 1467 1642 scribit
1523 1580 1819 1644 Albertus
1871 1600 1885 1644 ε

398 1673 821 1738 Concedimus
860 1676 1279 1759 proprietates
1308 1697 1446 1740 esse
1478 1678 1545 1739 in
1575 1679 1886 1761 personiS,

395 1779 457 1833 et
504 1773 675 1853 quod
722 1781 871 1835 sunt
920 1775 1073 1856 ipsae
1122 1793 1407 1856 personae
1450 1796 1463 1840 :
1512 1785 1575 1838 et
1623 1785 1771 1838 sunt
1822 1778 1887 1838 in

2001 792 2415 854 verificantur
2458 794 2534 856 de
2579 795 2800 856 codem
2837 813 2850 856 :
2884 794 3226 856 dicendum
3270 812 3492 855 secun-

2000 890 2154 952 dum
2201 890 2509 964 doctoreS,
2541 891 2713 972 quod
2759 892 2876 953 ista
2917 899 3014 954 est
3055 891 3312 973 duplex,
3351 891 3489 972 Spi-

2001 989 2161 1052 ratio
2203 997 2300 1051 est
2343 1008 2455 1052 ens
2499 990 2580 1052 ab
2627 990 2752 1053 alio
2787 1008 2800 1051 :
2835 990 2986 1072 quia
3029 991 3091 1072 ly
3133 1009 3246 1052 ens
3285 997 3493 1072 potest

2000 1088 2315 1170 adJ'ective
2371 1088 2576 1150 teneri
2635 1097 2700 1151 et
2757 1089 2834 1150 ad
2893 1089 3304 1170 spirationem
3361 1095 3495 1150 tan-

2002 1204 2195 1266 quam
2235 1186 2313 1248 ad
2345 1206 2532 1248 suum
2564 1186 3034 1250 substantivum
3075 1185 3296 1249 referri
3330 1205 3344 1250 ε
3379 1186 3496 1248 εἰθ-

2002 1302 2127 1365 que
2158 1293 2424 1367 utraque
2454 1284 2612 1347 falsa
2649 1293 2766 1360 est,
2801 1284 3065 1358 scilicet,
3101 1284 3372 1366 Spiratio
3402 1292 3498 1346 est

2002 1401 2115 1444 ens
2162 1382 2243 1444 ab
2291 1382 2436 1456 alio,
2479 1389 2562 1456 et,
2617 1383 2890 1465 Spiratio
2937 1391 3034 1445 est
3080 1401 3206 1447 non
3255 1402 3368 1445 ens
3415 1382 3496 1445 ab

2000 1479 2176 1559 alio;
2239 1499 2355 1543 nec
2415 1481 2652 1544 distant
2709 1501 2824 1563 per
2881 1480 3375 1544 affirmationem
3436 1488 3499 1542 et

2001 1578 2426 1659 negationem,
2478 1598 2678 1661 quum
2736 1580 2940 1642 ambae
2989 1580 3116 1641 sint
3165 1579 3496 1641 affirmati-

2000 1696 2113 1740 vae.
2168 1677 2244 1738 Et
2291 1677 2689 1758 significatur
2743 1679 2808 1740 in
2867 1678 3274 1752 affirmativa,
3325 1678 3494 1760 quod

2000 1774 2262 1855 spiratio
2304 1776 2386 1837 sit
2431 1777 2780 1858 procedens
2827 1776 2908 1838 ab
2949 1777 3074 1838 alio
3109 1796 3123 1839 :
3157 1777 3328 1857 quod
3365 1794 3494 1838 non

395 1870 685 1950 personis
725 1878 797 1932 ut
827 1871 1139 1936 distinctae
1169 1873 1250 1934 ab
1280 1874 1373 1935 eis
1410 1874 1763 1937 secundum
1795 1895 1887 1938 ra-
1926 1879 1973 1941 B
2003 1875 2320 1948 convenit,
2357 1882 2427 1935 ut
2458 1876 2623 1937 infra
2653 1874 2976 1957 probatur,
3012 1875 3313 1956 quoniam
3347 1875 3496 1936 licet

394 1969 635 2030 tionem
696 1970 1091 2051 intelligendi
1152 1978 1215 2034 et
1261 1971 1688 2052 attribuendi3
1740 1982 1889 2036 sunt

394 2085 649 2148 quoque
702 2069 855 2149 ipsae
902 2086 1187 2150 personae
1228 2076 1301 2131 ut
1347 2070 1517 2132 idem
1569 2071 1634 2132 in
1678 2091 1744 2134 re
1788 2091 1891 2134 ex-

394 2166 691 2227 sistentes
724 2185 869 2227 cum
911 2167 1089 2248 ipsis,
1122 2168 1289 2229 sicut
1318 2178 1380 2231 et
1412 2187 1555 2230 cum
1589 2171 1883 2241 essentia,

394 2264 699 2345 quoniam
747 2264 1060 2346 quidquid
1111 2265 1175 2327 in
1226 2267 1354 2329 Deo
1394 2276 1511 2340 est,
1555 2269 1721 2330 Deus
1769 2279 1881 2332 est.

390 2361 505 2422 Hic
534 2369 749 2424 autem
780 2363 1008 2425 modus
1038 2364 1288 2426 dicendi
1322 2367 1419 2435 in,
1452 2367 1777 2429 reducitur
1808 2368 1888 2430 ad

392 2459 578 2521 illum
620 2461 881 2524 modum
912 2479 1042 2544 quo
1071 2463 1423 2546 proprietas
1457 2473 1553 2526 est
1582 2465 1647 2526 in
1678 2483 1754 2528 eo
1783 2485 1888 2528 cu-

388 2557 495 2639 jus
544 2565 643 2620 θεῖ
700 2559 1074 2642 proprietas,
1128 2562 1232 2623 cui
1281 2561 1524 2625 confert
1576 2581 1715 2625 θεεθ
1765 2564 1888 2626 dis-

392 2655 665 2718 tinctum
702 2677 715 2719 :
750 2657 892 2720 ideo
930 2658 1161 2740 partim
1204 2679 1271 2722 se
1311 2660 1502 2722 habet
1544 2669 1613 2722 ut
1656 2660 1881 2736 forma,

392 2753 629 2835 partim
660 2754 826 2816 sicut
854 2757 1229 2837 proprietas,
1257 2765 1321 2819 et
1352 2758 1585 2840 partim
1617 2766 1687 2820 ut
1717 2759 1887 2822 idem

389 2851 519 2914 alio
562 2852 752 2914 modo
794 2853 1245 2934 significatum.
1282 2855 1390 2917 Est
1432 2856 1605 2918 enim
1650 2863 1719 2917 ut
1768 2856 1889 2919 for-

392 2969 521 3024 ma,
572 2950 873 3032 quoniam
924 2951 1169 3014 confert
1218 2971 1357 3014 esse
1408 2955 1776 3035 personale;
1826 2963 1888 3018 et

2002 1973 2355 2054 proprietas
2391 1973 2472 2034 sit
2502 1991 2783 2055 persona,
2817 1991 2944 2036 non
2977 1980 3191 2035 tamen
3227 1989 3496 2055 persona

2000 2071 2349 2151 supposita,
2382 2072 2734 2152 proprietas
2775 2071 3174 2153 supponitur.
3201 2071 3388 2133 Porro
3428 2070 3494 2131 in

2000 2168 2291 2248 negativa
2334 2169 2734 2249 significatur
2784 2169 3045 2250 spiratio
3087 2176 3156 2229 ut
3200 2168 3497 2230 distincta

2002 2267 2385 2348 proprietate
2436 2267 2947 2331 innascibilitatis
2992 2286 3005 2329 :
3059 2268 3227 2348 quod
3277 2286 3497 2328 rursus

2000 2381 2127 2426 non
2177 2371 2294 2438 cst,
2346 2365 2498 2446 quia
2557 2364 2907 2447 proprietas
2959 2365 3315 2446 distinguit,
3367 2381 3492 2426 non

1998 2462 2428 2543 distinguitur.
2475 2463 2536 2525 Si
2580 2471 2793 2526 autem
2839 2463 2900 2546 ly
2941 2482 3056 2526 ens
3100 2462 3495 2525 substantive

1999 2568 2308 2635 sumatur,
2353 2562 2444 2622 sic
2489 2561 2876 2623 affirmativa
2922 2568 3020 2624 est
3060 2580 3230 2634 vera,
3275 2569 3494 2643 utpote

2000 2659 2140 2732 ista,
2175 2658 2449 2739 Spiratio
2478 2667 2572 2722 est
2603 2679 2715 2722 ens
2745 2660 2826 2721 ab
2857 2659 3020 2723 alio:
3051 2658 3200 2741 quia
3230 2659 3494 2741 spiratio

1998 2757 2206 2819 act-iva
2233 2765 2330 2818 est
2359 2757 2576 2830 Filius,
2612 2757 2719 2839 qui
2762 2765 2858 2819 est
2897 2757 2977 2819 ab
3016 2757 3160 2820 alio.
3193 2757 3495 2838 Negativa

1999 2871 2255 2937 quoque
2299 2854 2596 2917 similiter
2639 2873 2789 2917 vera
2831 2862 2948 2930 est,
2987 2855 3252 2930 scilicet,
3287 2855 3494 2936 Spira-

1999 2954 2087 3016 tio
2116 2960 2212 3014 est
2243 2970 2371 3015 non
2402 2971 2515 3015 cns
2545 2953 2624 3015 ab
2654 2953 2801 3028 alio,
2835 2973 3035 3035 quum
3076 2953 3158 3015 sit
3187 2953 3384 3015 Pater.
3420 2953 3498 3014 Et

390 3057 489 3110 est
532 3056 605 3110 ut
648 3049 1020 3131 proprietaS,
1056 3049 1121 3110 in
1164 3058 1477 3131 quantum
1520 3052 1885 3135 distinguit3
1924 3052 1969 3116 C
2001 3051 2135 3113 istae
2185 3069 2312 3113 non
2360 3058 2772 3133 opponuntur
2827 3071 2942 3134 per
2996 3051 3494 3114 affirmationem

389 3155 489 3210 est
520 3147 707 3209 etiam
743 3154 813 3209 ut
842 3147 1010 3209 idem
1049 3147 1174 3210 alio
1206 3148 1393 3211 modo
1428 3149 1884 3230 significatum,

390 3244 546 3327 quia
572 3253 668 3307 est
697 3246 833 3326 ipsa
860 3263 1151 3327 persona,
1184 3253 1249 3307 et
1278 3265 1425 3309 cum
1457 3247 1577 3310 hoc
1607 3256 1703 3310 est
1730 3251 1890 3313 ratio

390 3342 823 3406 distinctionis
861 3342 1003 3424 ejus
1045 3343 1125 3405 ab
1167 3344 1293 3405 alia
1334 3345 1551 3407 divina
1597 3364 1882 3428 persona.

471 3442 707 3504 Verum
750 3442 851 3503 his
896 3443 983 3504 ita
1024 3442 1327 3523 objicitur
1370 3460 1383 3505 :
1427 3444 1491 3506 Si
1536 3444 1888 3526 proprietas

388 3547 487 3602 est
520 3557 809 3622 persona,
844 3558 994 3621 ergo
1033 3540 1334 3622 quaelibet
1364 3542 1717 3623 proprietas
1746 3562 1887 3624 quae

389 3646 487 3701 θεῖ
530 3638 595 3699 in
643 3656 911 3719 persona
955 3638 1333 3719 praedicatur
1374 3639 1453 3701 de
1496 3640 1635 3721 ipsa
1681 3659 1891 3722 perso-

392 3758 491 3800 na.
545 3738 667 3800 Sed
729 3737 1087 3800 communis
1147 3738 1409 3820 spiratio
1456 3747 1553 3800 est
1600 3741 1886 3821 quaedam

392 3835 769 3918 proprietaS,
823 3835 923 3899 vel
974 3836 1197 3898 saltem
1248 3836 1503 3915 relati03
1550 3844 1773 3918 estque
1822 3839 1887 3900 in

388 3934 569 3996 Patre
614 3940 679 3995 et
726 3933 905 4007 Filio,
938 3940 1003 3994 et
1040 3933 1107 3995 in
1149 3934 1325 3997 Patre
1363 3942 1461 3997 est
1488 3954 1601 3997 ens
1640 3953 1768 3997 non
1806 3936 1887 3998 ab

388 4033 537 4106 alio,
569 4032 639 4094 in
683 4031 842 4093 Filio
878 4038 1091 4093 autern
1135 4041 1231 4093 θεῖ
1268 4052 1381 4096 ens
1423 4033 1503 4095 ab
1546 4034 1690 4097 alio.
1728 4034 1887 4115 Ergo

390 4131 561 4193 idem
606 4137 705 4192 θεῖ
746 4128 829 4191 ab
870 4128 995 4192 alio
1037 4136 1101 4191 et
1144 4148 1271 4193 non
1315 4131 1395 4193 ab
1437 4132 1579 4195 alio.
1624 4133 1884 4208 RursuS,

2000 3157 2063 3213 et
2105 3150 2526 3230 negationem.
2561 3186 2638 3195 —
2671 3151 2813 3213 Haec
2853 3150 3170 3213 AlbertuS.

2081 3247 2432 3311 Concordat
2475 3248 2744 3311 Thomas
2780 3269 2793 3311 :
2833 3248 3241 3330 Simpliciter,
3286 3248 3496 3330 inqui-

1999 3366 2134 3420 θιιε,
2169 3354 2266 3408 θεῖ
2297 3345 2756 3419 confitendum,
2790 3347 3208 3428 proprietates
3238 3366 3376 3409 esse
3408 3347 3497 3408 di-

1998 3444 2214 3507 vinam
2263 3444 2624 3506 essentiam.
2661 3444 2850 3507 Error
2893 3444 3065 3506 enim
3116 3444 3488 3518 contrariuS,

1999 3543 2109 3624 qui
2152 3552 2444 3605 narratur
2483 3544 2549 3604 in
2587 3542 2814 3617 littera,
2850 3542 3089 3605 exstitit
3123 3543 3441 3605 Porretani
3473 3563 3487 3607 ε

1998 3661 2192 3724 quem
2237 3649 2452 3724 postea
2492 3642 2556 3703 in
2595 3642 2893 3703 Remensi
2932 3642 3252 3704 revocavit
3282 3642 3490 3704 conci-

2000 3741 2085 3803 lio
2134 3742 2234 3820 (ut
2282 3740 2486 3822 patuit
2527 3740 2762 3821 supra).
2806 3741 2876 3802 In
2927 3739 3229 3802 relatione
3275 3746 3488 3802 autem
3545 3764 3760 3818 passa:

1999 3847 2147 3902 sunt
2212 3838 2358 3911 duo,
2419 3837 2717 3900 videlicet
2777 3837 3102 3900 relationis
3165 3845 3490 3919 respectus

1998 3956 2125 4019 quo
2164 3936 2456 4023 refertur·
2477 3935 2553 3997 ad
2598 3936 2889 4009 alterum,
2924 3936 2987 3997 in
3029 3953 3157 4017 quo
3199 3936 3356 3998 ratio
3394 3956 3489 3999 re-

2000 4035 2252 4098 lationis
2283 4034 2608 4113 consistit;
2650 4041 2714 4095 et
2744 4034 2896 4096 item
2930 4034 3138 4116 ipsum
3171 4054 3310 4097 θεεθ
3341 4034 3494 4097 rela-

2000 4134 2192 4198 tionis
2227 4132 2397 4214 quod
2437 4132 2628 4195 habet
2659 4133 3025 4195 secundum.
3042 4133 3212 4214 quod
3247 4134 3496 4195 exsistit
3565 4202 3572 4209 ,

390 4227 755 4291 communis
799 4227 1060 4309 spiratio
1101 4235 1197 4289 θεῖ
1238 4246 1508 4309 persona
1542 4248 1555 4291 :
1588 4237 1699 4291 aut
1740 4250 1888 4312 ergo
1920 4240 1969 4302 D
2002 4234 2067 4295 in
2124 4231 2359 4314 aliquo,
2413 4249 2526 4293 seu
2586 4230 2651 4292 in
2712 4250 2779 4292 re
2837 4231 3109 4311 quadam
3167 4231 3492 4307 fundatur,

388 4335 487 4389 est
526 4343 803 4408 persona
842 4344 1145 4387 emanans
1188 4325 1268 4387 ab
1312 4326 1455 4401 alia,
1489 4336 1598 4389 aut
1642 4347 1787 4392 non.
1824 4330 1885 4392 Si

391 4426 701 4508 primum,
735 4442 859 4487 non
892 4432 989 4487 est
1016 4424 1229 4503 Pater3
1266 4426 1320 4487 si
1352 4426 1727 4501 secundum,
1760 4445 1887 4489 non

390 4531 488 4585 est
530 4522 729 4585 Filius
764 4539 777 4584 :
812 4529 877 4584 et
920 4530 1131 4584 tamen
1181 4521 1320 4603 ipsa
1361 4531 1457 4585 est
1498 4524 1563 4585 in
1607 4525 1783 4587 Patre
1826 4533 1889 4587 et

392 4620 572 4685 Filio.
628 4620 789 4701 Ergo
841 4620 1215 4702 proprietaS,
1268 4621 1488 4684 relatio
1545 4641 1658 4685 seu
1716 4623 1889 4686 notio

394 4738 523 4783 non
569 4726 667 4781 θεῖ
716 4719 883 4781 idem
925 4738 1071 4780 cum
1122 4738 1393 4801 persona
1441 4720 1505 4783 in
1556 4741 1641 4783 re.
1677 4757 1757 4768 —-
1788 4722 1888 4784 Di-

392 4819 695 4891 cendum,
726 4818 895 4900 quod
935 4818 1294 4880 communis
1335 4818 1595 4901 spiratio
1625 4828 1718 4883 est
1749 4840 1890 4902 per-

392 4936 551 4981 sona
596 4936 710 4980 ens
754 4916 835 4977 ab
878 4916 1023 4989 alia,
1065 4916 1216 4998 quia
1258 4918 1324 4979 in
1363 4917 1520 4980 Filio
1560 4927 1654 4981 est
1695 4919 1890 4982 Filius

395 5016 571 5099 ipsc3
602 5023 667 5077 et
710 5022 808 5077 est
852 5032 1123 5095 persona
1167 5033 1293 5077 non
1338 5035 1451 5079 ens
1492 5016 1573 5079 ab
1617 5018 1759 5091 alia,
1795 5026 1892 5079 ut-

2000 4338 2154 4414 puta
2201 4331 2268 4392 in
2311 4329 2586 4391 essentia
2633 4348 2746 4391 seu
2787 4329 3153 4410 quantitate.
3200 4329 3495 4393 Conside-

2001 4436 2244 4491 raverat
2300 4434 2512 4490 autem
2571 4428 2946 4490 Porretanus
3003 4428 3340 4492 relationes
3398 4449 3494 4493 εθ-

2002 4527 2282 4588 cundum
2325 4533 2686 4607 respectum
2726 4526 2804 4588 ad
2843 4526 3040 4588 alium
3078 4546 3091 4590 :
3127 4546 3203 4589 ex
3238 4547 3366 4609 quo
3401 4548 3493 4591 re-
3575 4579 3584 4588 .

2001 4632 2223 4708 spectu
2263 4642 2389 4687 non
2428 4625 2620 4687 habet
2659 4624 2880 4687 relatio
2918 4626 3086 4705 quod
3127 4636 3319 4708 ponat
3358 4646 3492 4690 rem

1998 4723 2278 4805 aliquam
2324 4722 2757 4784 inhaerentem.
2795 4723 2968 4784 Unde
3013 4731 3160 4784 sunt
3204 4726 3492 4804 quaedam

2003 4823 2338 4886 relationes
2381 4821 2472 4883 nil
2513 4820 2680 4883 reale
2724 4822 2785 4882 in
2828 4839 2896 4882 re
2936 4828 3244 4901 ponentes
3287 4840 3300 4883 :
3343 4823 3492 4885 hinc

2002 4925 2376 4987 Porretanus
2417 4918 2578 4981 dixit
2606 4938 2710 4981 eas
2749 4919 3125 4981 adsistentes
3167 4940 3278 4982 seu
3319 4929 3496 4983 extra

2002 5020 2252 5094 affixam,
2287 5027 2358 5080 ut
2400 5037 2592 5099 supra
2634 5025 2730 5079 est
2771 5018 3123 5080 recitatum.
3170 5019 3291 5081 Sed
3339 5021 3496 5083 tales

392 5123 543 5197 pote
572 5114 792 5176 Pater:
820 5131 940 5175 nec
970 5112 1091 5175 hoc
1122 5120 1217 5175 est
1248 5113 1724 5191 inconvenienS,
1748 5136 1895 5199 quo-
2006 5118 2370 5181 nullatenus
2410 5124 2558 5179 sunt
2588 5115 2923 5177 relationes
2965 5116 3030 5177 in
3064 5116 3320 5193 diviniS,
3353 5138 3496 5201 quae

394 5214 571 5275 niam
612 5228 741 5275 non
782 5211 1059 5273 refertur
1094 5212 1173 5273 ad
1212 5211 1401 5275 idem.
1439 5214 1770 5295 Quumque
1802 5216 1893 5277 in-

396 5311 625 5383 fertur,
658 5310 823 5391 Ergo
852 5309 1115 5391 spiratio
1144 5318 1240 5372 est
1269 5329 1382 5372 ens
1412 5311 1492 5373 ab
1522 5311 1645 5375 alio
1675 5320 1738 5374 et
1768 5330 1893 5374 non

2007 5216 2401 5280 constituunt
2445 5214 2612 5294 ipsas
2656 5230 2954 5293 personas
2991 5232 3004 5277 :
3040 5214 3190 5294 quia
3232 5214 3497 5278 fundan-

2011 5323 2116 5375 tur
2156 5331 2347 5394 super
2390 5310 2631 5392 aliquid
2674 5310 2738 5372 in
2778 5330 2867 5384 re,
2910 5311 3029 5373 hoc
3073 5320 3170 5374 est
3211 5313 3276 5375 in
3326 5332 3494 5378 com-
