4359 6250
1375 522 1578 570 ῐπιιωι
1618 523 1770 570 naus
1815 525 1906 570 srr
1951 525 2013 570 iu
2055 525 2317 572 oanms
2358 527 2547 573 nanus
3395 513 3513 577 437

413 708 452 750 a
479 689 682 764 Patre,
719 692 1004 773 procedit
1038 692 1425 766 immediate,
1461 694 1734 756 mediate
1759 713 1914 782 vero
1943 695 1994 757 A
2023 696 2105 758 sit
2150 697 2215 758 in
2261 696 2561 760 omnibus
2604 698 2759 762 loeis
2803 719 2817 764 :
2861 701 3114 783 Triplex
3157 710 3251 764 est
3280 703 3516 784 (inqui-

413 791 480 852 in
543 798 855 872 quantum
917 792 1201 873 procedit
1247 812 1284 853 a
1335 793 1514 866 Filio,
1567 794 1677 875 qui
1734 803 1830 856 est
1877 813 1914 856 a

410 890 610 963 Patre,
661 897 724 950 et
773 907 900 952 non
960 898 1054 952 est
1115 890 1206 953 ibi
1263 891 1504 972 aliquid
1563 893 1911 973 procedens

409 988 852 1050 tantummodo
897 989 1168 1051 mediate
1203 1010 1218 1052 ε
1253 989 1664 1052 conformiter
1707 997 1802 1052 est
1845 990 1909 1052 in

409 1087 816 1168 processione
849 1094 1279 1150 creaturarum
1312 1107 1388 1149 ex
1421 1089 1746 1150 creaturis.
1782 1089 1911 1150 Eva

409 1204 688 1268 namque
752 1186 1060 1268 processit
1115 1185 1196 1247 ab
1255 1187 1454 1248 Adam
1519 1187 1901 1248 immediate.

407 1284 560 1346 Seth
601 1301 855 1365 quoque
891 1284 1199 1366 processit
1227 1285 1308 1346 ab
1338 1283 1536 1347 Adam
1581 1285 1907 1347 immedia-

407 1390 492 1455 te,
529 1383 593 1444 in
625 1390 934 1464 quantum
975 1381 1154 1445 filius
1195 1383 1374 1463 ejus3
1413 1391 1477 1444 et
1515 1383 1807 1457 mediate,
1842 1384 1906 1445 in

406 1489 720 1562 quantum
780 1481 1090 1562 processit
1140 1499 1216 1542 ex
1265 1482 1416 1549 Eva.
1469 1501 1610 1563 quae
1661 1481 1782 1543 tuit
1829 1500 1903 1543 ex

404 1579 626 1640 Adam.
661 1578 1092 1641 Consimiliter
1121 1587 1216 1641 est
1248 1581 1312 1641 in
1353 1581 1470 1642 hac
1504 1588 1698 1662 parte.
1734 1580 1905 1642 Prin·

405 1677 577 1759 cipia
607 1677 778 1739 enim
821 1695 1036 1739 rerum
1077 1686 1524 1758 processerunt
1554 1698 1590 1739 a
1619 1679 1746 1740 Deo
1789 1678 1904 1739 im-

405 1775 718 1854 mediate3
759 1795 858 1837 res
889 1793 1040 1838 vero
1075 1795 1216 1857 quae
1255 1783 1404 1838 sunt
1435 1795 1510 1838 ex
1542 1776 1899 1858 principiis,

2021 795 2162 874 ens)
2192 795 2472 858 conditio
2503 799 2855 861 secundum
2890 818 3081 880 quam
3114 809 3515 882 comparatur

2022 892 2295 955 locatum
2341 894 2419 955 ad
2467 895 2694 957 locum.
2739 897 2871 959 Una
2915 916 3041 980 qua
3089 898 3366 960 locatum
3410 917 3514 960 ex-

2020 991 2293 1066 cellit-ur,
2327 999 2389 1054 et
2420 993 2552 1055 haec
2584 1002 2679 1056 est
2710 995 3063 1077 proprietas
3094 996 3459 1059 salvationis
3496 1017 3509 1062 :

2019 1091 2111 1151 sic
2159 1091 2332 1151 enim
2386 1092 2660 1154 locatum
2723 1093 2963 1174 indiget
3014 1095 3172 1170 locO,
3224 1103 3287 1158 et
3337 1097 3513 1159 locus

2019 1188 2297 1270 complet
2326 1189 2466 1269 ejus
2506 1190 2922 1272 indigentiam
2956 1200 3019 1253 et
3051 1201 3379 1256 conservat
3410 1215 3514 1256 na-

2017 1293 2245 1349 turam.
2296 1287 2501 1370 Atque
2551 1292 2902 1376 seeundum
2952 1292 3115 1354 hanc
3165 1293 3512 1374 proprieta-

2017 1392 2145 1446 tem
2209 1385 2342 1447 sola
2403 1388 2755 1468 corporalia
2822 1398 2971 1450 sunt
3029 1391 3096 1451 in
3160 1391 3320 1465 loco,
3383 1410 3510 1454 non

2015 1482 2393 1562 spiritualia,
2421 1485 2569 1566 quia
2600 1503 2725 1547 non
2758 1487 3078 1568 recipiunt
3108 1488 3509 1552 influentiam

2014 1598 2048 1640 a
2103 1580 2241 1641 loco
2288 1599 2609 1663 corporeo,
2661 1583 2799 1645 Alia
2848 1593 2943 1646 est
2990 1586 3344 1667 proprietas
3398 1606 3511 1650 seu

2016 1679 2296 1741 conditio
2340 1699 2467 1762 qua
2516 1679 2790 1744 locatum
2833 1691 3120 1764 aequatur
3160 1686 3513 1768 proportio-

2015 1783 2329 1858 naturque
2374 1778 2513 1842 loco
2556 1797 2569 1840 ε
2616 1800 2756 1861 quae
2798 1788 2894 1842 est
2938 1783 3291 1864 proprietas
3342 1801 3511 1846 com-

403 1873 733 1936 sluxerunt
781 1894 819 1936 a
866 1874 996 1937 Deo
1048 1875 1316 1936 mediate
1365 1881 1428 1935 et
1478 1875 1840 1936 immediate
1882 1892 1897 1936 t
1938 1874 1986 1936 Β
2017 1876 2528 1938 mensurationis.
2588 1877 2663 1939 Et
2723 1880 3075 1941 secundum
3137 1882 3301 1943 hanc
3363 1899 3509 1946 con-

402 1972 708 2054 quoniam
768 1991 1097 2053 nunquam
1155 1973 1370 2055 aliqua
1418 1993 1608 2035 causa
1657 1981 1899 2035 tantum

401 2078 703 2152 operatur
735 2071 798 2132 in
831 2088 947 2133 suo
977 2071 1238 2144 effectu,
1274 2071 1427 2154 quin
1471 2071 1678 2153 prima
1716 2091 1904 2134 causa

402 2170 550 2251 plus
580 2176 883 2250 operetur
913 2169 977 2230 in
1011 2169 1138 2232 illo.
1159 2170 1304 2232 Ideo
1333 2168 1583 2230 nullum
1615 2177 1710 2232 est
1741 2189 1903 2231 crea-

401 2276 542 2329 tum
575 2268 639 2329 in
672 2286 802 2350 quo
833 2285 960 2329 non
991 2268 1074 2330 sit
1106 2269 1471 2331 immediate
1502 2268 1726 2350 primae
1756 2287 1900 2330 cau-

401 2387 486 2430 sae
535 2366 702 2428 actio
747 2373 938 2448 atque
986 2367 1279 2430 essentia.
1332 2366 1475 2430 Haec
1525 2367 1896 2428 Alexander.

499 2467 942 2528 Bonaventura
1001 2484 1254 2546 quoque
1315 2464 1415 2527 his
1474 2483 1826 2528 consonans
1883 2483 1896 2527 :

399 2564 756 2627 Necessitas
776 2564 1043 2645 (inquit)
1063 2564 1406 2625 exsistendi
1441 2565 1641 2627 Deum
1675 2564 1738 2625 in
1769 2583 1900 2627 om-

399 2662 616 2734 nibuS,
659 2662 936 2724 sumitur
979 2669 1106 2724 tam
1150 2681 1228 2724 ex
1274 2670 1450 2743 parte
1495 2662 1902 2744 perfectionis

399 2762 536 2836 Dei,
576 2780 770 2843 quam
817 2779 894 2823 ex
938 2768 1116 2842 parte
1167 2761 1530 2841 indigentiae
1575 2768 1895 2825 creaturae.

398 2861 448 2922 A
489 2867 670 2942 parte
711 2859 845 2934 Dei,
881 2866 1140 2942 propter
1177 2879 1493 2921 summam
1542 2859 1742 2942 ipsius
1788 2859 1903 2921 im-

401 2959 807 3021 mensitatem
857 2965 920 3020 et
968 2965 1343 3039 potestatem
1392 2978 1406 3021 :
1455 2965 1518 3020 et
1567 2959 1899 3040 utriusque

2013 1973 2321 2036 ditionem
2372 1974 2502 2037 sola
2552 1995 2803 2058 quoque
2853 1980 3204 2060 corporalia
3255 1981 3510 2062 proprie
3590 1983 3597 1988 '

2014 2079 2162 2132 sunt
2203 2072 2267 2134 in
2316 2072 2473 2146 loco,
2509 2075 2809 2156 quoniam
2853 2084 3001 2138 sunt
3045 2096 3511 2142 commensura-

2013 2170 2170 2232 bilia
2198 2179 2261 2232 et
2292 2170 2943 2253 circumscribuntur3
2977 2176 3331 2257 spiritualia
3361 2195 3511 2240 vero

2015 2268 2227 2330 minus
2268 2269 2546 2350 proprie,
2580 2271 2729 2352 quia
2768 2290 2894 2334 non
2935 2275 3509 2336 commensurative

2014 2374 2306 2448 respectu
2348 2368 2647 2448 partium,
2684 2377 2829 2431 sunt
2870 2379 3079 2432 tamen
3122 2371 3187 2432 in
3228 2372 3367 2434 loco
3405 2374 3509 2435 de-

2013 2463 2264 2526 finitive
2296 2475 2588 2547 respectu
2621 2466 2831 2528 totius,
2868 2469 3075 2530 Tertia
3105 2469 3383 2532 conditio
3412 2479 3509 2532 est

2013 2563 2366 2624 secundum
2407 2584 2597 2645 quam
2645 2565 2917 2627 locatum
2963 2567 3218 2629 excellit
3255 2576 3316 2629 et
3356 2569 3508 2630 emi-
3574 2585 3599 2610 ·

2011 2667 2120 2722 net
2171 2661 2330 2734 loco,
2374 2661 2671 2724 videlicet
2712 2665 2880 2744 quod
2926 2683 3039 2744 per
3088 2665 3185 2726 sui
3234 2685 3507 2746 praesen-

2011 2758 2166 2820 tiam
2227 2760 2430 2841 replet
2475 2767 2537 2821 et
2586 2761 2840 2842 supplet
2890 2762 3302 2843 indigentiam
3359 2763 3501 2826 loci.

2011 2857 2215 2920 Locus
2257 2877 2533 2939 namque
2578 2859 2715 2920 sine
2762 2859 2962 2921 locato
3007 2861 3187 2942 quasi
3236 2862 3508 2944 privatio

2010 2963 2106 3018 est
2136 2963 2199 3017 et
2230 2957 2543 3036 indigenS,
2577 2957 2741 3018 sicut
2770 2958 3128 3021 concavitas
3162 2959 3331 3022 oculi
3368 2961 3507 3022 sine

399 3058 560 3120 ratio
609 3065 706 3120 est
754 3075 1006 3118 summa
1051 3056 1192 3137 ejus
1243 3057 1638 3139 simplicitas
1693 3057 1898 3132 Quum
1936 3056 1980 3121 C
2010 3073 2264 3135 organo.
2299 3055 2632 3138 Quumque
2674 3057 2838 3118 Deus
2876 3057 2952 3118 ad
2995 3058 3235 3120 nullam
3270 3067 3509 3123 creatu-

398 3156 570 3219 cnim
625 3156 710 3219 sit
753 3174 1002 3218 summe
1041 3156 1335 3238 simplex,
1378 3157 1454 3217 ad
1501 3155 1661 3217 nihil
1707 3164 1902 3218 arcta-

397 3265 503 3317 tur
556 3272 570 3317 :
626 3255 868 3317 ideirco
926 3254 988 3315 in
1040 3254 1340 3318 omnibus
1398 3254 1722 3317 invenitur
1771 3263 1901 3317 tan-

397 3374 590 3438 quam
644 3353 1016 3416 immensuS.
1062 3353 1236 3416 Unde
1279 3360 1344 3414 et
1391 3353 1594 3416 virtus
1643 3354 1782 3433 ejus
1834 3355 1898 3416 in

397 3453 702 3517 omnibus
760 3459 876 3526 est,
927 3471 1128 3534 quum
1187 3452 1390 3513 virtus
1449 3452 1590 3532 ejus
1649 3452 1730 3513 sit
1786 3471 1900 3514 sua

397 3552 695 3615 essentia.
756 3551 846 3612 Ex
906 3558 1082 3632 parte
1131 3568 1385 3631 quoque
1444 3558 1746 3613 creaturae
1805 3558 1900 3611 est

397 3651 544 3731 ejus
584 3649 928 3712 necessitas
963 3668 976 3712 ε
1013 3668 1154 3729 quae
1200 3668 1399 3729 quum
1444 3667 1522 3710 ex
1571 3649 1774 3711 nihilo
1817 3648 1900 3709 sit

397 3750 733 3831 producta,
767 3746 956 3809 habet
987 3746 1052 3807 in
1083 3766 1151 3808 se
1183 3745 1670 3828 possibilitatem
1701 3754 1762 3807 et
1794 3765 1897 3809 va-

397 3848 688 3909 nitatem.
733 3845 938 3918 Quum
987 3844 1158 3905 enim
1211 3863 1248 3905 a
1290 3842 1578 3906 Creatore
1629 3844 1707 3905 sit
1760 3864 1900 3925 pro-

395 3948 593 4009 ducta
638 3944 702 4005 in
741 3962 879 4005 6536
919 3962 1118 4024 quum
1163 3941 1342 4023 prius
1385 3959 1509 4003 non
1550 3950 1737 4017 esset,
1770 3960 1898 4004 non

395 4052 496 4105 est
529 4061 714 4105 suum
754 4059 891 4103 6536
927 4058 941 4102 2
978 4040 1118 4102 ideo
1156 4058 1284 4101 non
1323 4046 1418 4101 est
1458 4060 1656 4121 purus
1695 4048 1895 4114 actus,

396 4143 512 4205 sed
557 4139 744 4203 habet
781 4138 1272 4221 possibilitatem
1313 4139 1388 4199 ad
1431 4156 1557 4200 non
1591 4158 1751 4212 esse,
1786 4158 1896 4200 seu

2012 3174 2144 3215 ram
2198 3162 2602 3237 comparetur
2649 3157 3003 3219 secundum
3052 3158 3362 3221 rationem
3412 3159 3506 3222 in-

2009 3250 2379 3315 ferioritatis
2422 3261 2531 3314 aut
2574 3254 2974 3335 aequalitatis,
3018 3257 3126 3319 sed
3170 3258 3509 3339 superiori-

2012 3350 2156 3412 tatis
2188 3359 2249 3411 et
2280 3350 2693 3424 excellentia»,
2729 3370 2855 3414 non
2888 3355 3184 3416 convenit
3213 3356 3343 3419 Deo
3368 3374 3507 3419 6536

2009 3450 2076 3511 in
2124 3449 2261 3511 loco
2306 3450 2531 3531 primis
2578 3449 2827 3512 duobus
2874 3452 3100 3525 modiS,
3143 3454 3252 3514 sed
3295 3455 3503 3529 tertio,

2010 3547 2162 3629 quia
2206 3567 2319 3629 per
2356 3548 2453 3609 sui
2501 3549 2901 3629 praesentiam
2944 3551 3199 3632 supplet
3242 3552 3363 3613 loci
3417 3553 3509 3614 in-

2008 3646 2375 3725 digentiam.
2412 3646 2745 3727 Corporale
2790 3647 3029 3729 quippe
3075 3648 3346 3711 locatum
3392 3670 3506 3731 per

2009 3762 2190 3805 suam
2246 3743 2646 3825 praesentiam
2709 3743 2932 3825 implet
2983 3746 3365 3807 vacuitatem
3415 3747 3504 3808 di-

2008 3841 2274 3903 stantiae.
2304 3841 2469 3902 Deus
2499 3848 2709 3902 autem
2743 3860 2855 3923 per
2886 3862 3065 3905 suam
3100 3845 3501 3925 praesentiam

2008 3940 2235 4021 implet
2282 3938 2624 4001 vanitatem
2675 3940 2982 4002 essentiae.
3036 3941 3183 4004 Ideo
3229 3944 3504 4005 essentia

2009 4039 2147 4100 sine
2191 4037 2302 4100 Dei
2353 4036 2687 4118 praesentia
2734 4057 2871 4099 6536
2920 4040 3159 4121 nequit.
3204 4041 3345 4103 Haec
3389 4042 3503 4104 Bo-

2008 4144 2378 4199 naventura.

396 4238 953 4322 potentialitatem,
994 4245 1057 4298 et
1102 4236 1342 4298 ratione
1385 4235 1600 4316 hujuS,
1643 4236 1901 4298 fluxibi-
1929 4239 1979 4300 D
2087 4236 2391 4298 Praeterea
2432 4235 2530 4297 his
2572 4236 2911 4298 concordat
2940 4236 3257 4311 Albertus,
3291 4240 3403 4321 qui
3442 4248 3506 4302 et

397 4340 647 4401 litatem
677 4345 740 4399 et
769 4335 1278 4399 variabilitatem.
1311 4336 1467 4397 Hinc
1498 4354 1636 4397 esse
1665 4343 1728 4397 et
1759 4354 1897 4417 per-

399 4454 662 4498 manere
727 4452 852 4497 non
909 4432 1077 4495 valet·
1132 4433 1257 4494 nisi
1322 4452 1437 4514 per
1498 4434 1897 4515 praesentiam

398 4536 550 4617 ejus
593 4533 700 4614 qui
745 4532 920 4594 dedit
963 4532 1020 4594 ei
1066 4551 1223 4594 esse.
1260 4531 1455 4612 Cujus
1500 4532 1761 4593 evidens
1805 4539 1901 4593 est

399 4632 769 4714 exemplum
801 4632 870 4693 in
904 4631 1320 4713 impressione
1362 4630 1555 4711 sigilli
1588 4631 1654 4692 in
1684 4650 1849 4712 aqua
1882 4651 1896 4693 :

397 4750 550 4814 quae
588 4729 925 4815 impressio
954 4748 1071 4791 nec
1101 4730 1177 4791 ad
1221 4737 1614 4791 momentum
1635 4746 1903 4791 'conser-

399 4836 592 4892 vatur
639 4828 762 4890 nisi
815 4834 1124 4910 praesente
1171 4827 1402 4907 sigillo.
1447 4828 1708 4900 RursuS,
1752 4845 1903 4909 quo-

163 4944 368 4998 nam,
400 4930 580 4990 niam
622 4934 910 4989 creatura
945 4942 1022 4987 eo
1063 4925 1201 5007 ipso
1243 4944 1368 5007 quo
1409 4933 1618 4988 creata
1651 4934 1766 4999 est,
1801 4944 1904 4987 va·

142 5014 192 5048 Ξῖ).

402 5024 591 5087 nitati
635 5023 925 5103 subjecta
968 5028 1084 5095 est,
1126 5040 1254 5084 non
1300 5031 1508 5105 potest
1551 5023 1616 5085 in
1661 5042 1727 5085 56
1771 5023 1908 5104 ipsa

409 5122 651 5196 fulciri,
694 5122 863 5183 sient
909 5138 1027 5181 nec
1079 5138 1310 5203 corpus
1365 5122 1790 5203 ponderosum
1843 5120 1907 5182 in

407 5239 576 5283 aere.
609 5220 754 5283 Haee
795 5219 1254 5281 Bonaventura.

491 5318 608 5393 Qui
641 5324 1104 5400 consequenter
1131 5317 1717 5400 declarat,qualiter
1746 5317 1912 5379 Deus

2009 4333 2373 4415 specialiter
2422 4333 2701 4415 disputat
2759 4333 2863 4396 hic
2923 4342 3139 4397 contra
3198 4339 3506 4420 quosdam

2011 4432 2423 4515 philosophos
2455 4432 2787 4513 opinantes
2818 4435 2987 4515 quod
3018 4434 3183 4497 Deus
3222 4454 3349 4499 non
3379 4439 3509 4519 agit

2012 4530 2375 4592 immediate
2423 4530 2488 4591 in
2534 4531 2708 4593 omni
2754 4530 2990 4593 effectu
3038 4552 3241 4597 causoe
3284 4555 3508 4598 secun-

2012 4630 2127 4702 dae,
2180 4636 2244 4690 et
2292 4629 2458 4709 quod
2520 4646 2645 4689 non
2708 4630 3067 4711 requiratur
3114 4632 3301 4695 realis
3354 4654 3509 4715 prae-

2012 4727 2217 4789 sentia
2260 4746 2464 4789 causae
2510 4726 2731 4808 prinlae
2776 4746 2923 4789 cum
2968 4730 3099 4791 suis
3144 4729 3505 4805 effectibuS,

2014 4844 2213 4907 quum
2263 4832 2325 4885 et
2369 4843 2572 4887 causae
2622 4826 2917 4888 secundae
2964 4825 3213 4888 valeant
3261 4829 3508 4908 operari

1983 4923 2124 4997 ,ubi
2167 4941 2293 4984 non
2334 4924 2563 4984 adsunt
2602 4923 2875 4996 realiter,
2907 4931 2971 4985 et
3009 4924 3279 4987 effectus
3319 4944 3511 5009 quos-

2017 5023 2158 5083 dam
2209 5021 2557 5102 producere
2608 5019 2794 5093 fixos,
2840 5022 2948 5102 qui
2995 5032 3401 5103 perseverant
3444 5026 3509 5087 in

2019 5138 2156 5183 esse
2197 5118 2570 5181 absentibus
2610 5118 2817 5180 causis
2859 5118 3003 5181 illis.
3038 5119 3131 5181 Ad
3163 5121 3330 5203 quod
3371 5141 3511 5204 par-

2019 5219 2135 5280 tim
2167 5234 2543 5299 responsum
2575 5224 2702 5295 est;
2731 5225 2792 5278 et
2819 5217 3113 5279 Albertus
3145 5220 3506 5300 respondet,

2023 5316 2193 5399 quod
2244 5334 2447 5378 eausae
2491 5314 2614 5379 illae
2664 5315 2957 5379 secundae
3002 5315 3338 5379 inveniunt
3382 5337 3511 5381 ma-
