4359 6250
838 480 956 546 198
1752 502 1928 548 unna
1970 504 1989 548 1
2032 501 2516 549 scaram-unum.
2563 519 2642 530 —-
2681 502 2836 547 msr.
2881 501 3028 547 xxvi

594 691 729 768 nnn.
757 693 813 736 aa
839 675 1135 739 Hilarius
1171 678 1240 738 in
1278 679 1465 740 sexto
1504 678 1671 741 libro
1709 679 1790 741 de
1826 677 2145 740 Trinitate
2181 676 2275 738 ait
2309 696 2324 736 ε
2360 675 2687 739 Omnibus
2723 693 2840 756 per
2875 675 3076 739 fidem
3108 674 3290 738 Deus
3325 677 3510 756 pater
3545 677 3667 754 est,
3697 673 3958 755 quibus

541 755 811 870 irifffflio.
840 791 941 856 est
975 794 1159 873 pater
1202 811 1318 873 per
1360 811 1505 857 eam
1547 795 1745 858 fidem
1793 810 1923 875 qua
1966 792 2198 856 Jesum
2245 791 2582 855 Christum
2629 791 2752 855 Dei
2797 791 3046 854 Filium
3091 791 3499 855 confitemur.

972 909 1140 971 Ecce
1178 910 1516 974 ostensum
1556 912 1676 990 est,
1709 927 1908 993 quare
1944 909 2288 990 proprium
2324 908 2580 971 dicatur
2607 925 2749 971 esse
2787 908 2908 971 Dei
2945 907 3106 985 nati,
3141 908 3319 988 quod
3355 906 3567 970 Filius
3605 908 3705 970 est
3735 927 3748 968 :
3781 907 3958 987 quia

840 1023 1091 1087 scilicet
1131 1025 1271 1105 ipse
1316 1025 1499 1090 solus
1542 1028 1735 1089 natus
1783 1026 2043 1107 proprie
2090 1025 2352 1087 dicitur.
2389 1025 2576 1088 Unde
2613 1023 2908 1087 Hilarius
2959 1025 3027 1086 in
3065 1023 3231 1086 libro
3273 1025 3466 1088 tertio
3504 1025 3586 1087 de
3621 1024 3954 1086 Trinitate

559 1150 745 1194 wid-1112
759 1165 810 1202 ιιι.
840 1141 933 1204 ait
965 1161 979 1203 ε
1008 1141 1336 1204 Dominus
1373 1142 1618 1222 dicenS,
1651 1142 1947 1206 Clarifica
1979 1142 2227 1204 Filium
2254 1144 2471 1221 tuum,
2501 1157 2635 1203 non
2671 1141 2813 1205 solo
2842 1141 3109 1204 nomine
3138 1143 3539 1204 contestatus
3568 1140 3668 1204 est
3695 1157 3765 1203 se
3792 1157 3952 1203 esse

543 1217 811 1326 ῗόἆιῖἱωνιι,
840 1257 1111 1336 Filium,
1152 1257 1268 1320 sed
1312 1259 1377 1320 et
1418 1259 1836 1339 proprietate.
1867 1259 2007 1322 Nos
2046 1257 2167 1322 filii
2216 1258 2338 1321 Dei
2378 1275 2634 1336 sumuS‚
2674 1257 2790 1321 sed
2829 1273 2962 1320 non
2999 1257 3150 1320 talis
3187 1256 3295 1321 hic
3330 1257 3564 1320 Filius.
3598 1258 3726 1320 Hic
3757 1257 3950 1320 enim

550 1341 587 1380 ¹'
840 1391 1033 1437 verus
1082 1375 1147 1436 et
1186 1374 1491 1455 proprius
1536 1375 1635 1438 est
1684 1375 1894 1438 Filius
1936 1374 2212 1455 origine,
2257 1391 2390 1438 non
2440 1374 2830 1455 adoptione3
2878 1374 3175 1454 veritate,
3221 1391 3355 1437 non
3403 1374 3946 1455 nuncupatione;

834 1491 1198 1570 nativitate,
1240 1507 1371 1553 non
1420 1491 1766 1555 creatione.

834 1733 909 1796 F.
962 1737 1160 1802 Quod
1201 1736 1527 1808 Spiritus
1569 1736 1885 1798 Sanctus
1929 1736 2205 1798 dicitur
2240 1738 2552 1810 proprie
2599 1739 2871 1799 donum
2914 1737 3071 1810 Dei,
3114 1738 3288 1811 quia
3319 1736 3786 1808 proprietate
3826 1737 3954 1797 est

964 1855 1262 1925 donum,
1304 1852 1387 1913 ut
1428 1854 1662 1913 Filius
1695 1851 2135 1928 nativitaie;
2176 1853 2250 1914 et
2284 1853 2596 1929 utroque
2639 1856 2853 1915 modo
2895 1853 3170 1915 dieitur
3208 1851 3528 1914 relative
3563 1853 3638 1914 et
3671 1865 3949 1914 secun-

970 1972 1145 2031 dum
1190 1972 1528 2031 eamdem
1571 1969 2042 2031 relationem.

962 2180 1062 2243 Ita
1100 2180 1298 2244 etiam
1330 2179 1411 2244 de
1440 2180 1689 2261 Spiritu
1728 2181 1965 2244 Sancto
2005 2180 2357 2244 dicendum
2389 2182 2509 2257 est,
2539 2181 2654 2261 qui
2693 2181 2956 2262 proprie
2987 2181 3228 2244 dicitur
3264 2182 3514 2244 donum
3549 2181 3696 2262 Dei,
3728 2198 3952 2262 quum

828 2299 1047 2360 tamen
1078 2297 1144 2360 et
1172 2295 1300 2359 alia
1338 2296 1527 2377 plura
1564 2297 1698 2359 sint
1724 2297 1897 2360 dona
1924 2295 2070 2359 Dei.
2105 2295 2234 2360 Sed
2266 2295 2552 2377 Spiritus
2580 2296 2858 2360 Sanctus
2886 2297 2978 2360 ita
3009 2297 3406 2378 proprietate
3446 2297 3840 2360 immutabili
3877 2299 3954 2362 et

831 2415 1073 2478 aeterna
1108 2412 1359 2475 donum
1396 2413 1519 2492 est,
1560 2411 1732 2476 sicut
1767 2412 1979 2474 Filius
2016 2411 2414 2492 proprietate
2453 2412 2552 2474 est
2597 2411 2830 2475 Filius.
2865 2413 2961 2474 Eo
2998 2412 3174 2475 enim
3213 2411 3454 2475 dicitur
3488 2412 3762 2488 donum,
3802 2431 3951 2494 quo

829 2528 1116 2609 Spiritus
1161 2528 1440 2592 Sanctus
1482 2547 1495 2588 :
1547 2529 1613 2592 et
1657 2530 1938 2609 utroque
1988 2527 2220 2607 utique
2267 2527 2536 2590 nomine
2584 2527 2854 2590 relative
2895 2527 3172 2609 dicitur3
3219 2527 3577 2608 eademque
3621 2528 3948 2594 relatione

827 2644 1069 2708 dicitur
1097 2645 1382 2726 Spiritus
1410 2644 1687 2708 Sanctus
1717 2644 1781 2707 et
1810 2642 2082 2722 donum,
2116 2643 2270 2706 licet
2307 2643 2451 2723 ipsa
2480 2643 2708 2706 relatio
2739 2660 2870 2706 non
2909 2643 3002 2706 ita
3029 2645 3338 2725 appareat
3373 2645 3442 2706 in
3479 2643 3606 2707 hoc
3639 2645 3941 2726 nomine,

830 2762 1115 2843 Spiritus
1152 2760 1452 2838 Sanctus,
1486 2760 1658 2822 sicut
1703 2760 1772 2821 in
1820 2760 1945 2822 hoc
1974 2760 2266 2838 nomine,
2300 2760 2570 2822 donum.
2605 2759 2793 2823 Unde
2829 2758 3244 2840 Augustinus
3277 2760 3347 2822 in
3380 2760 3610 2840 quinto
3649 2759 3816 2823 libro
3853 2763 3946 2826 de

535 2899 803 2953 Aug.d0'1·ri-
829 2878 1147 2941 Trinitate
1184 2876 1278 2939 ait
1312 2896 1325 2937 :
1361 2876 1647 2958 Spiritus
1685 2877 1985 2954 SanctuS,
2019 2877 2133 2958 qui
2170 2893 2304 2938 non
2343 2878 2443 2940 est
2470 2875 2778 2956 Trinitas,
2811 2877 2928 2941 sed
2963 2877 3034 2938 in
3067 2876 3383 2940 Trinitate
3421 2877 3832 2959 intelligitur,
3867 2879 3942 2941 in

534 2965 799 3080 ssf‘ffi'ffb'
832 3010 908 3059 eo
940 2994 1117 3075 quod
1154 2993 1417 3074 proprie
1455 2992 1696 3055 dicitur
1733 2992 2019 3075 Spiritus
2057 2992 2359 3070 Sanctus,
2391 2991 2661 3055 relative
2701 2992 2962 3072 dicitur,
2990 3009 3198 3074 quum
3238 2992 3305 3055 et
3338 2991 3421 3054 ad
3456 2993 3717 3057 Patrem
3750 2995 3817 3057 et
3851 2995 3944 3057 ad

828 3110 1076 3175 Filium
1104 3108 1404 3190 refertur,
1433 3109 1588 3191 quia
1618 3108 1903 3190 Spiritus
1940 3108 2220 3173 Sanctus
2258 3109 2322 3172 et
2358 3108 2573 3172 Patris
2612 3109 2676 3172 et
2706 3108 2857 3172 Filii
2897 3109 3170 3191 spiritus
3207 3109 3327 3173 est.
3361 3109 3486 3175 Sed
3527 3110 3670 3191 ipsa
3705 3110 3944 3174 relatio

828 3244 962 3291 non
999 3226 1269 3307 apparet
1302 3226 1370 3288 in
1403 3225 1528 3287 hoc
1564 3224 1853 3289 nomine.
1887 3225 2178 3306 Apparet
2207 3226 2452 3303 autem,
2484 3241 2690 3305 quum
2729 3224 2968 3288 dicitur
2995 3224 3242 3289 donum
3273 3225 3397 3289 Dei
3431 3245 3446 3286 :
3479 3225 3727 3289 donum
3757 3226 3942 3290 enim

830 3344 931 3408 est
966 3342 1185 3405 Patris
1225 3344 1291 3406 et
1328 3342 1507 3421 Filii,
1548 3342 1705 3422 quia
1745 3358 1783 3404 a
1824 3341 2017 3405 Patre
2064 3342 2361 3423 procedit
2402 3342 2467 3405 et
2510 3358 2548 3403 a
2591 3340 2783 3403 Filio.
2831 3342 3002 3421 Ergo
3051 3341 3336 3423 Spiritus
3383 3342 3662 3406 Sanctus
3705 3343 3943 3406 ineffa-

829 3459 983 3523 bilis
1011 3458 1313 3540 quaedam
1350 3458 1566 3521 Patris
1602 3458 1887 3538 Filiique
1925 3458 2306 3520 communio
2343 3458 2462 3521 est.
2507 3457 2593 3520 Et
2626 3458 2772 3521 ideo
2813 3457 3088 3521 fortasse
3126 3458 3220 3520 sic
3258 3458 3625 3539 appellatur
3659 3459 3763 3540 (ut
3791 3459 3940 3539 jam

830 3575 1147 3655 diximuS‚
1174 3592 1294 3639 nec
1339 3576 1573 3638 iterare
1613 3572 1845 3656 piget),
1878 3574 2033 3655 quia
2076 3575 2260 3637 Patri
2308 3576 2373 3636 et
2413 3574 2583 3636 Filio
2624 3574 2842 3654 potest
2889 3574 3116 3638 eadem
3160 3573 3511 3656 appellatio
3559 3577 3934 3641 convenire.

832 3693 1003 3757 Nam
1033 3693 1158 3756 hoc
1186 3693 1327 3774 ipse
1356 3691 1619 3773 proprie
1650 3691 1913 3771 dicitur,
1945 3690 2124 3771 quod
2154 3690 2253 3752 illi
2286 3691 2725 3755 communiter
2758 3711 2772 3753 :
2806 3692 2962 3772 quia
2991 3693 3055 3754 et
3081 3691 3276 3755 Pater
3303 3692 3599 3772 spiritus,
3631 3695 3696 3755 et
3721 3692 3940 3757 Filius

832 3809 1143 3890 spiritus3
1174 3810 1240 3873 et
1276 3808 1471 3872 Pater
1508 3808 1796 3887 sanctuS,
1829 3808 1894 3871 et
1930 3806 2141 3869 Filius
2179 3808 2466 3869 sanctus.
2500 3806 2589 3869 Ut
2626 3824 2779 3888 ergo
2827 3824 2909 3870 ex
2944 3808 3214 3870 nomine
3264 3808 3442 3888 quod
3483 3808 3744 3889 utrique
3782 3826 3942 3873 con-

833 3926 1035 4005 venit,
1069 3925 1412 4005 utriusque
1443 3923 1822 3987 communio
1870 3923 2296 4003 significetur,
2330 3924 2602 3986 vocatur
2633 3924 2880 3987 donum
2919 3923 3266 3988 amborum
3304 3922 3590 4004 Spiritus
3630 3925 3934 3989 Sanctus.

833 4041 1001 4104 Ecce
1044 4040 1245 4104 habes
1277 4056 1477 4120 quare
1516 4039 1803 4119 Spiritus
1849 4038 2128 4102 Sanctus
2163 4039 2428 4120 proprie
2465 4038 2719 4101 dicatur
2755 4039 3028 4119 donum,
3064 4040 3130 4103 et
3165 4038 3343 4120 quod
3387 4040 3659 4103 relative
3695 4040 3942 4103 dicitur

836 4157 977 4219 sive
1004 4156 1277 4233 donum,
1302 4155 1441 4218 sive
1473 4154 1759 4235 Spiritus
1788 4154 2088 4233 SanctUS,
2114 4156 2180 4217 et
2207 4155 2384 4235 quod
2413 4172 2653 4217 nomen
2683 4154 2809 4219 sibi
2841 4157 3182 4236 proprium
3211 4156 3409 4236 tenet,
3433 4156 3613 4235 quod
3640 4172 3944 4219 commu-

834 4272 1007 4335 niter
1024 4271 1203 4333 Patri
1232 4271 1298 4333 et
1316 4269 1486 4331 Filio
1518 4269 1845 4349 convenit,
1866 4270 1981 4333 sed
2006 4269 2297 4332 divisim.
2317 4270 2402 4331 Et
2430 4272 2530 4333 est
2559 4270 2922 4351 sciendum,
2939 4270 3115 4352 quod
3145 4288 3352 4351 quum
3372 4270 3567 4335 Pater
3589 4270 3693 4335 vel
3722 4271 3941 4335 Filius

836 4387 1077 4451 dicitur
1109 4386 1404 4468 spiritus,
1442 4386 1584 4449 sive
1621 4387 1909 4463 sanctus,
1942 4386 2253 4449 neutrum
2301 4386 2571 4450 relative
2608 4386 2870 4467 dicitur,
2911 4386 3026 4450 sed
3065 4386 3427 4451 secundum
3469 4386 3933 4453 substantiam.

925 4615 1005 4680 G.
1046 4619 1159 4681 An
1206 4618 1437 4681 Pater
1482 4621 1597 4680 vel
1642 4620 1876 4681 Filius
1919 4620 2035 4681 vel
2087 4619 2418 4681 Trinitas
2463 4621 2626 4692 ipsa
2667 4620 2904 4693 possit
2947 4621 3096 4682 dici
3137 4621 3463 4693 Spiritu-s·
3505 4622 3840 4687 sanctus.

972 4831 1097 4895 Hic
1146 4831 1353 4913 quaeri
1403 4832 1643 4912 potest,
1686 4831 1910 4893 utrum
1962 4829 2157 4893 Pater
2207 4831 2312 4893 vel
2357 4830 2569 4894 Filius
2619 4831 2724 4894 vel
2775 4808 2973 4895 etiam
3018 4831 3163 4912 ipsa
3211 4832 3496 4896 Trinitas
3544 4834 3756 4915 possit
3803 4836 3942 4900 dici

839 4949 1125 5031 Spiritus
1154 4948 1456 5026 SanctuS‚
1490 4948 1662 5011 sicut
1697 4946 2079 5027 disjunctim
2117 4946 2361 5010 dicitur
2399 4949 2464 5011 et
2500 4948 2772 5028 spiritus
2815 4949 2880 5012 et
2915 4950 3202 5012 sanctus.
3234 4947 3332 5013 De
3367 4950 3494 5013 hoc
3523 4950 3943 5031 Augustinus

592 5084 768 5128 ibidem.
838 5066 907 5129 in
937 5066 1168 5147 quinto
1206 5062 1373 5127 libro
1412 5064 1493 5127 de
1530 5062 1848 5127 Trinitate
1885 5063 1981 5126 sic
2010 5064 2103 5125 ait
2134 5084 2148 5125 ε
2184 5063 2470 5127 Trinitas
2507 5064 2690 5126 nullo
2733 5063 2929 5127 modo
2968 5065 3185 5145 potest
3219 5066 3348 5129 dici
3385 5066 3619 5131 Filius.
3650 5067 3943 5148 Spiritus

838 5200 991 5247 vero
1054 5182 1332 5247 Sanctus
1382 5182 1599 5262 potest
1653 5180 1921 5261 quidem
1976 5180 2436 5245 universaliter
2486 5181 2640 5261 dici,
2682 5181 3044 5245 secundum
3091 5182 3159 5244 id
3210 5182 3388 5263 quod
3437 5184 3758 5265 scriptum
3811 5186 3937 5266 est,

544 5254 734 5360 zsfm'
750 5268 807 5305 '¹'
842 5299 1157 5381 quoniam
1204 5298 1386 5362 Deus
1436 5297 1708 5379 spiritus
1757 5298 1877 5361 est.
1930 5297 2158 5378 Itaque
2207 5296 2403 5361 Pater
2449 5298 2514 5361 et
2563 5298 2774 5361 Filius
2823 5298 2888 5361 et
2937 5297 3222 5379 Spiritus
3269 5300 3571 5380 Sanctus,
3619 5300 3940 5381 quoniam
