<?xml version="1.0" encoding="UTF-8"?>
<!DOCTYPE html PUBLIC "-//W3C//DTD XHTML 1.0 Transitional//EN"
    "http://www.w3.org/TR/xhtml1/DTD/xhtml1-transitional.dtd">
<html xmlns="http://www.w3.org/1999/xhtml" xml:lang="en" lang="en">
 <head>
  <title>
</title>
<meta http-equiv="Content-Type" content="text/html;charset=utf-8" />
  <meta name='ocr-system' content='tesseract 3.04.00' />
  <meta name='ocr-capabilities' content='ocr_page ocr_carea ocr_par ocr_line ocrx_word'/>
</head>
<body>
  <div class='ocr_page' id='page_1' title='image "./doctorisecstati11unkngoog_0076.png"; bbox 0 0 4359 6250; ppageno 0'>
   <div class='ocr_carea' id='block_1_1' title="bbox 875 460 3068 522">
    <p class='ocr_par' dir='ltr' id='par_1_1' title="bbox 875 460 3068 522">
     <span class='ocr_line' id='line_1_1' title="bbox 875 460 3068 522; baseline -0.001 0"><span class='ocrx_word' id='word_1_1' title='bbox 875 460 956 522; x_wconf 72' lang='lat'><strong>64</strong></span> <span class='ocrx_word' id='word_1_2' title='bbox 1789 477 1963 522; x_wconf 63' lang='lat' dir='ltr'><strong>umen</strong></span> <span class='ocrx_word' id='word_1_3' title='bbox 2006 476 2025 520; x_wconf 90' lang='lat'>1</span> <span class='ocrx_word' id='word_1_4' title='bbox 2069 474 2550 521; x_wconf 59' lang='lat' dir='ltr'><strong>SENTENTIARUR.</strong></span> <span class='ocrx_word' id='word_1_5' title='bbox 2598 491 2677 502; x_wconf 90' lang='grc'><strong>·-</strong></span> <span class='ocrx_word' id='word_1_6' title='bbox 2720 475 2871 520; x_wconf 79' lang='lat' dir='ltr'><strong>msT.</strong></span> <span class='ocrx_word' id='word_1_7' title='bbox 2918 476 3068 520; x_wconf 82' lang='lat' dir='ltr'><strong>xvlu</strong></span> 
     </span>
    </p>
   </div>
   <div class='ocr_carea' id='block_1_2' title="bbox 875 637 3976 730">
    <p class='ocr_par' dir='ltr' id='par_1_2' title="bbox 875 637 3976 730">
     <span class='ocr_line' id='line_1_2' title="bbox 875 637 3976 730; baseline -0.001 -21"><span class='ocrx_word' id='word_1_8' title='bbox 875 665 1022 709; x_wconf 91' lang='lat' dir='ltr'><strong>nem</strong></span> <span class='ocrx_word' id='word_1_9' title='bbox 1084 646 1255 709; x_wconf 91' lang='lat' dir='ltr'><strong>finiti</strong></span> <span class='ocrx_word' id='word_1_10' title='bbox 1317 647 1652 730; x_wconf 79' lang='lat' dir='ltr'><strong>aliquoties</strong></span> <span class='ocrx_word' id='word_1_11' title='bbox 1715 647 2049 730; x_wconf 74' lang='lat' dir='ltr'><strong>repetitam</strong></span> <span class='ocrx_word' id='word_1_12' title='bbox 2111 646 2368 709; x_wconf 89' lang='lat' dir='ltr'><strong>tandem</strong></span> <span class='ocrx_word' id='word_1_13' title='bbox 2398 645 2447 707; x_wconf 88' lang='lat' dir='ltr'><strong>A</strong></span> <span class='ocrx_word' id='word_1_14' title='bbox 2475 637 2556 707; x_wconf 66' lang='lat' dir='ltr'><strong>ti&#39;s</strong></span> <span class='ocrx_word' id='word_1_15' title='bbox 2600 645 2825 708; x_wconf 81' lang='lat' dir='ltr'><strong>infusae</strong></span> <span class='ocrx_word' id='word_1_16' title='bbox 2866 645 3153 727; x_wconf 87' lang='lat' dir='ltr'><strong>generari</strong></span> <span class='ocrx_word' id='word_1_17' title='bbox 3199 646 3264 707; x_wconf 92' lang='lat' dir='ltr'><strong>in</strong></span> <span class='ocrx_word' id='word_1_18' title='bbox 3304 645 3627 708; x_wconf 83' lang='lat' dir='ltr'><strong>voluntate</strong></span> <span class='ocrx_word' id='word_1_19' title='bbox 3678 643 3976 707; x_wconf 88' lang='lat' dir='ltr'><strong>habitum</strong></span> 
     </span>
    </p>
   </div>
   <div class='ocr_carea' id='block_1_3' title="bbox 869 745 2370 1812">
    <p class='ocr_par' dir='ltr' id='par_1_3' title="bbox 869 745 2370 1812">
     <span class='ocr_line' id='line_1_3' title="bbox 875 745 2370 828; baseline -0.001 -22"><span class='ocrx_word' id='word_1_20' title='bbox 875 745 1292 820; x_wconf 85' lang='lat' dir='ltr'><strong>consumitur,</strong></span> <span class='ocrx_word' id='word_1_21' title='bbox 1336 745 1556 807; x_wconf 89' lang='lat' dir='ltr'><strong>dicunt</strong></span> <span class='ocrx_word' id='word_1_22' title='bbox 1600 745 1860 827; x_wconf 90' lang='lat' dir='ltr'><strong>quidam</strong></span> <span class='ocrx_word' id='word_1_23' title='bbox 1903 745 2074 828; x_wconf 91' lang='lat' dir='ltr'><strong>quod</strong></span> <span class='ocrx_word' id='word_1_24' title='bbox 2117 763 2245 807; x_wconf 90' lang='lat' dir='ltr'><strong>non</strong></span> <span class='ocrx_word' id='word_1_25' title='bbox 2287 745 2370 806; x_wconf 91' lang='lat' dir='ltr'><strong>sit</strong></span> 
     </span>
     <span class='ocr_line' id='line_1_4' title="bbox 873 843 2370 908; baseline 0.001 -4"><span class='ocrx_word' id='word_1_26' title='bbox 873 862 1092 905; x_wconf 90' lang='lat' dir='ltr'><strong>verum</strong></span> <span class='ocrx_word' id='word_1_27' title='bbox 1124 843 1188 906; x_wconf 88' lang='lat' dir='ltr'><strong>in</strong></span> <span class='ocrx_word' id='word_1_28' title='bbox 1221 845 1500 906; x_wconf 88' lang='lat' dir='ltr'><strong>caritatis</strong></span> <span class='ocrx_word' id='word_1_29' title='bbox 1531 844 1951 908; x_wconf 81' lang='lat' dir='ltr'><strong>diminutione</strong></span> <span class='ocrx_word' id='word_1_30' title='bbox 1972 861 1986 907; x_wconf 72' lang='grc' dir='ltr'><strong><em>ι</em></strong></span> <span class='ocrx_word' id='word_1_31' title='bbox 2006 843 2172 906; x_wconf 90' lang='lat' dir='ltr'><strong>sicut</strong></span> <span class='ocrx_word' id='word_1_32' title='bbox 2204 845 2370 906; x_wconf 88' lang='lat' dir='ltr'><strong>vide·</strong></span> 
     </span>
     <span class='ocr_line' id='line_1_5' title="bbox 875 942 2369 1024; baseline 0.001 -22"><span class='ocrx_word' id='word_1_33' title='bbox 875 960 1017 1004; x_wconf 90' lang='lat' dir='ltr'><strong>mus</strong></span> <span class='ocrx_word' id='word_1_34' title='bbox 1059 942 1229 1024; x_wconf 91' lang='lat' dir='ltr'><strong>quod</strong></span> <span class='ocrx_word' id='word_1_35' title='bbox 1273 961 1388 1024; x_wconf 92' lang='lat' dir='ltr'><strong>per</strong></span> <span class='ocrx_word' id='word_1_36' title='bbox 1425 943 1925 1005; x_wconf 81' lang='lat' dir='ltr'><strong>subtractionem</strong></span> <span class='ocrx_word' id='word_1_37' title='bbox 1965 942 2181 1023; x_wconf 88' lang='lat' dir='ltr'><strong>anguli</strong></span> <span class='ocrx_word' id='word_1_38' title='bbox 2224 960 2369 1005; x_wconf 89' lang='lat' dir='ltr'><strong>con-</strong></span> 
     </span>
     <span class='ocr_line' id='line_1_6' title="bbox 873 1040 2367 1122; baseline 0.001 -22"><span class='ocrx_word' id='word_1_39' title='bbox 873 1040 1196 1120; x_wconf 83' lang='lat' dir='ltr'><strong>tingentiae</strong></span> <span class='ocrx_word' id='word_1_40' title='bbox 1254 1040 1335 1103; x_wconf 91' lang='lat' dir='ltr'><strong>ab</strong></span> <span class='ocrx_word' id='word_1_41' title='bbox 1391 1041 1624 1122; x_wconf 91' lang='lat' dir='ltr'><strong>angulo</strong></span> <span class='ocrx_word' id='word_1_42' title='bbox 1681 1040 2034 1116; x_wconf 85' lang='lat' dir='ltr'><strong>rectilineo,</strong></span> <span class='ocrx_word' id='word_1_43' title='bbox 2096 1040 2367 1121; x_wconf 89' lang='lat' dir='ltr'><strong>angulus</strong></span> 
     </span>
     <span class='ocr_line' id='line_1_7' title="bbox 872 1138 2363 1218; baseline 0.001 -19"><span class='ocrx_word' id='word_1_44' title='bbox 872 1138 1242 1200; x_wconf 81' lang='lat' dir='ltr'><strong>rectilineus</strong></span> <span class='ocrx_word' id='word_1_45' title='bbox 1301 1139 1510 1202; x_wconf 90' lang='lat' dir='ltr'><strong>minor</strong></span> <span class='ocrx_word' id='word_1_46' title='bbox 1561 1138 1886 1218; x_wconf 84' lang='lat' dir='ltr'><strong>efficitur3</strong></span> <span class='ocrx_word' id='word_1_47' title='bbox 1937 1146 2000 1202; x_wconf 93' lang='lat' dir='ltr'><strong>et</strong></span> <span class='ocrx_word' id='word_1_48' title='bbox 2048 1147 2261 1201; x_wconf 88' lang='lat' dir='ltr'><strong>tamen</strong></span> <span class='ocrx_word' id='word_1_49' title='bbox 2312 1139 2363 1200; x_wconf 88' lang='lat' dir='ltr'><strong>si</strong></span> 
     </span>
     <span class='ocr_line' id='line_1_8' title="bbox 873 1235 2366 1320; baseline 0.001 -23"><span class='ocrx_word' id='word_1_50' title='bbox 873 1235 1186 1299; x_wconf 91' lang='lat' dir='ltr'><strong>infinities</strong></span> <span class='ocrx_word' id='word_1_51' title='bbox 1235 1237 1733 1312; x_wconf 81' lang='lat' dir='ltr'><strong>subtraheretur,</strong></span> <span class='ocrx_word' id='word_1_52' title='bbox 1787 1257 2114 1320; x_wconf 89' lang='lat' dir='ltr'><strong>nunquam</strong></span> <span class='ocrx_word' id='word_1_53' title='bbox 2163 1236 2366 1299; x_wconf 91' lang='lat' dir='ltr'><strong>totali·</strong></span> 
     </span>
     <span class='ocr_line' id='line_1_9' title="bbox 875 1336 2366 1419; baseline 0.001 -24"><span class='ocrx_word' id='word_1_54' title='bbox 875 1343 969 1396; x_wconf 91' lang='lat' dir='ltr'><strong>ter</strong></span> <span class='ocrx_word' id='word_1_55' title='bbox 1018 1343 1520 1410; x_wconf 88' lang='lat' dir='ltr'><strong>consumeretur,</strong></span> <span class='ocrx_word' id='word_1_56' title='bbox 1552 1356 1754 1419; x_wconf 93' lang='lat' dir='ltr'><strong>quum</strong></span> <span class='ocrx_word' id='word_1_57' title='bbox 1805 1344 1975 1399; x_wconf 85' lang='lat' dir='ltr'><strong>certa</strong></span> <span class='ocrx_word' id='word_1_58' title='bbox 2017 1337 2218 1418; x_wconf 81' lang='lat' dir='ltr'><strong>possit</strong></span> <span class='ocrx_word' id='word_1_59' title='bbox 2262 1336 2366 1398; x_wconf 91' lang='lat' dir='ltr'><strong>de-</strong></span> 
     </span>
     <span class='ocr_line' id='line_1_10' title="bbox 875 1434 2365 1515; baseline 0.001 -21"><span class='ocrx_word' id='word_1_60' title='bbox 875 1434 1328 1496; x_wconf 82' lang='lat' dir='ltr'><strong>monstratione</strong></span> <span class='ocrx_word' id='word_1_61' title='bbox 1374 1435 1644 1510; x_wconf 90' lang='lat' dir='ltr'><strong>ostendi‚</strong></span> <span class='ocrx_word' id='word_1_62' title='bbox 1693 1435 2000 1515; x_wconf 82' lang='lat' dir='ltr'><strong>angulum</strong></span> <span class='ocrx_word' id='word_1_63' title='bbox 2048 1434 2365 1496; x_wconf 89' lang='lat' dir='ltr'><strong>rectiline-</strong></span> 
     </span>
     <span class='ocr_line' id='line_1_11' title="bbox 871 1533 2360 1616; baseline 0.001 -23"><span class='ocrx_word' id='word_1_64' title='bbox 871 1551 980 1593; x_wconf 92' lang='lat' dir='ltr'><strong>um</strong></span> <span class='ocrx_word' id='word_1_65' title='bbox 1024 1533 1494 1616; x_wconf 86' lang='lat' dir='ltr'><strong>quantumlibet</strong></span> <span class='ocrx_word' id='word_1_66' title='bbox 1537 1553 1827 1616; x_wconf 88' lang='lat' dir='ltr'><strong>parvum,</strong></span> <span class='ocrx_word' id='word_1_67' title='bbox 1871 1552 2009 1596; x_wconf 91' lang='lat' dir='ltr'><strong>esse</strong></span> <span class='ocrx_word' id='word_1_68' title='bbox 2055 1534 2360 1614; x_wconf 89' lang='lat' dir='ltr'><strong>majorem</strong></span> 
     </span>
     <span class='ocr_line' id='line_1_12' title="bbox 869 1630 2364 1713; baseline 0.002 -22"><span class='ocrx_word' id='word_1_69' title='bbox 869 1630 1101 1711; x_wconf 92' lang='lat' dir='ltr'><strong>angulo</strong></span> <span class='ocrx_word' id='word_1_70' title='bbox 1160 1631 1625 1713; x_wconf 83' lang='lat' dir='ltr'><strong>contingentiae.</strong></span> <span class='ocrx_word' id='word_1_71' title='bbox 1679 1668 1760 1678; x_wconf 91' lang='lat'>—</span> <span class='ocrx_word' id='word_1_72' title='bbox 1806 1633 2015 1695; x_wconf 91' lang='lat' dir='ltr'><strong>Potest</strong></span> <span class='ocrx_word' id='word_1_73' title='bbox 2068 1639 2132 1694; x_wconf 91' lang='lat' dir='ltr'><strong>et</strong></span> <span class='ocrx_word' id='word_1_74' title='bbox 2179 1632 2364 1694; x_wconf 90' lang='lat' dir='ltr'><strong>aliter</strong></span> 
     </span>
     <span class='ocr_line' id='line_1_13' title="bbox 870 1730 2363 1812; baseline 0.003 -23"><span class='ocrx_word' id='word_1_75' title='bbox 870 1730 1260 1810; x_wconf 89' lang='lat' dir='ltr'><strong>responderi,</strong></span> <span class='ocrx_word' id='word_1_76' title='bbox 1294 1732 1464 1811; x_wconf 89' lang='lat' dir='ltr'><strong>quod</strong></span> <span class='ocrx_word' id='word_1_77' title='bbox 1504 1748 1805 1793; x_wconf 89' lang='lat' dir='ltr'><strong>concessa</strong></span> <span class='ocrx_word' id='word_1_78' title='bbox 1833 1732 2097 1793; x_wconf 91' lang='lat' dir='ltr'><strong>veritate</strong></span> <span class='ocrx_word' id='word_1_79' title='bbox 2138 1748 2363 1812; x_wconf 92' lang='lat' dir='ltr'><strong>propo-</strong></span> 
     </span>
    </p>
   </div>
   <div class='ocr_carea' id='block_1_4' title="bbox 2470 741 3978 1809">
    <p class='ocr_par' dir='ltr' id='par_1_4' title="bbox 2470 741 3978 1809">
     <span class='ocr_line' id='line_1_14' title="bbox 2474 741 3978 818; baseline 0 -14"><span class='ocrx_word' id='word_1_80' title='bbox 2474 742 2719 806; x_wconf 88' lang='lat' dir='ltr'><strong>caritati</strong></span> <span class='ocrx_word' id='word_1_81' title='bbox 2760 743 3185 818; x_wconf 88' lang='lat' dir='ltr'><strong>simillimum,</strong></span> <span class='ocrx_word' id='word_1_82' title='bbox 3218 751 3282 805; x_wconf 91' lang='lat' dir='ltr'><strong>et</strong></span> <span class='ocrx_word' id='word_1_83' title='bbox 3326 741 3615 805; x_wconf 88' lang='lat' dir='ltr'><strong>habitum</strong></span> <span class='ocrx_word' id='word_1_84' title='bbox 3656 742 3839 804; x_wconf 92' lang='lat' dir='ltr'><strong>illum</strong></span> <span class='ocrx_word' id='word_1_85' title='bbox 3878 762 3978 804; x_wconf 86' lang='lat' dir='ltr'><strong>re—</strong></span> 
     </span>
     <span class='ocr_line' id='line_1_15' title="bbox 2475 843 3975 924; baseline 0.001 -21"><span class='ocrx_word' id='word_1_86' title='bbox 2475 861 2731 904; x_wconf 93' lang='lat' dir='ltr'><strong>manere</strong></span> <span class='ocrx_word' id='word_1_87' title='bbox 2762 850 2904 924; x_wconf 90' lang='lat' dir='ltr'><strong>post</strong></span> <span class='ocrx_word' id='word_1_88' title='bbox 2940 843 3202 905; x_wconf 86' lang='lat' dir='ltr'><strong>mortale</strong></span> <span class='ocrx_word' id='word_1_89' title='bbox 3234 849 3565 924; x_wconf 84' lang='lat' dir='ltr'><strong>peccatum</strong></span> <span class='ocrx_word' id='word_1_90' title='bbox 3593 860 3607 902; x_wconf 90' lang='lat'>:</span> <span class='ocrx_word' id='word_1_91' title='bbox 3632 861 3747 924; x_wconf 85' lang='lat' dir='ltr'><strong>per</strong></span> <span class='ocrx_word' id='word_1_92' title='bbox 3774 860 3975 924; x_wconf 91' lang='lat' dir='ltr'><strong>quem</strong></span> 
     </span>
     <span class='ocr_line' id='line_1_16' title="bbox 2472 940 3975 1023; baseline -0.001 -20"><span class='ocrx_word' id='word_1_93' title='bbox 2472 940 2735 1023; x_wconf 91' lang='lat' dir='ltr'><strong>quidam</strong></span> <span class='ocrx_word' id='word_1_94' title='bbox 2774 941 2982 1003; x_wconf 91' lang='lat' dir='ltr'><strong>adhuc</strong></span> <span class='ocrx_word' id='word_1_95' title='bbox 3018 941 3199 1003; x_wconf 88' lang='lat' dir='ltr'><strong>valde</strong></span> <span class='ocrx_word' id='word_1_96' title='bbox 3241 941 3631 1003; x_wconf 87' lang='lat' dir='ltr'><strong>inclinantur</strong></span> <span class='ocrx_word' id='word_1_97' title='bbox 3660 941 3739 1002; x_wconf 88' lang='lat' dir='ltr'><strong>ad</strong></span> <span class='ocrx_word' id='word_1_98' title='bbox 3778 958 3975 1023; x_wconf 82' lang='lat' dir='ltr'><strong>opera</strong></span> 
     </span>
     <span class='ocr_line' id='line_1_17' title="bbox 2473 1037 3976 1102; baseline -0.001 -2"><span class='ocrx_word' id='word_1_99' title='bbox 2473 1037 2656 1101; x_wconf 91' lang='lat' dir='ltr'><strong>bona.</strong></span> <span class='ocrx_word' id='word_1_100' title='bbox 2694 1039 2771 1101; x_wconf 89' lang='lat' dir='ltr'><strong>Et</strong></span> <span class='ocrx_word' id='word_1_101' title='bbox 2809 1038 2929 1102; x_wconf 92' lang='lat' dir='ltr'><strong>hoc</strong></span> <span class='ocrx_word' id='word_1_102' title='bbox 2968 1038 3253 1101; x_wconf 76' lang='lat' dir='ltr'><strong>affirmat</strong></span> <span class='ocrx_word' id='word_1_103' title='bbox 3287 1037 3596 1101; x_wconf 85' lang='lat' dir='ltr'><strong>Henricus</strong></span> <span class='ocrx_word' id='word_1_104' title='bbox 3635 1038 3714 1099; x_wconf 92' lang='lat' dir='ltr'><strong>de</strong></span> <span class='ocrx_word' id='word_1_105' title='bbox 3754 1037 3976 1100; x_wconf 85' lang='lat' dir='ltr'><strong>Hassia</strong></span> 
     </span>
     <span class='ocr_line' id='line_1_18' title="bbox 2474 1135 3973 1218; baseline 0.001 -22"><span class='ocrx_word' id='word_1_106' title='bbox 2474 1136 2539 1197; x_wconf 92' lang='lat' dir='ltr'><strong>in</strong></span> <span class='ocrx_word' id='word_1_107' title='bbox 2570 1137 2905 1200; x_wconf 89' lang='lat' dir='ltr'><strong>tractatulo</strong></span> <span class='ocrx_word' id='word_1_108' title='bbox 2934 1155 3048 1200; x_wconf 92' lang='lat' dir='ltr'><strong>suo</strong></span> <span class='ocrx_word' id='word_1_109' title='bbox 3077 1139 3155 1200; x_wconf 92' lang='lat' dir='ltr'><strong>de</strong></span> <span class='ocrx_word' id='word_1_110' title='bbox 3186 1136 3577 1200; x_wconf 89' lang='lat' dir='ltr'><strong>Discretione</strong></span> <span class='ocrx_word' id='word_1_111' title='bbox 3607 1135 3973 1218; x_wconf 88' lang='lat' dir='ltr'><strong>spirituum,</strong></span> 
     </span>
     <span class='ocr_line' id='line_1_19' title="bbox 2470 1235 3974 1317; baseline -0.001 -20"><span class='ocrx_word' id='word_1_112' title='bbox 2470 1254 2759 1297; x_wconf 91' lang='lat' dir='ltr'><strong>asserens</strong></span> <span class='ocrx_word' id='word_1_113' title='bbox 2817 1235 3142 1299; x_wconf 90' lang='lat' dir='ltr'><strong>hominem</strong></span> <span class='ocrx_word' id='word_1_114' title='bbox 3203 1253 3329 1298; x_wconf 92' lang='lat' dir='ltr'><strong>non</strong></span> <span class='ocrx_word' id='word_1_115' title='bbox 3382 1253 3567 1317; x_wconf 91' lang='lat' dir='ltr'><strong>posse</strong></span> <span class='ocrx_word' id='word_1_116' title='bbox 3626 1252 3743 1317; x_wconf 90' lang='lat' dir='ltr'><strong>pro</strong></span> <span class='ocrx_word' id='word_1_117' title='bbox 3796 1243 3974 1296; x_wconf 88' lang='lat' dir='ltr'><strong>certo</strong></span> 
     </span>
     <span class='ocr_line' id='line_1_20' title="bbox 2471 1333 3975 1414; baseline 0 -19"><span class='ocrx_word' id='word_1_118' title='bbox 2471 1333 2832 1397; x_wconf 87' lang='lat' dir='ltr'><strong>discernere</strong></span> <span class='ocrx_word' id='word_1_119' title='bbox 2864 1335 3031 1397; x_wconf 90' lang='lat' dir='ltr'><strong>inter</strong></span> <span class='ocrx_word' id='word_1_120' title='bbox 3059 1343 3236 1396; x_wconf 90' lang='lat' dir='ltr'><strong>actus</strong></span> <span class='ocrx_word' id='word_1_121' title='bbox 3270 1333 3441 1396; x_wconf 91' lang='lat' dir='ltr'><strong>illius</strong></span> <span class='ocrx_word' id='word_1_122' title='bbox 3472 1333 3729 1394; x_wconf 87' lang='lat' dir='ltr'><strong>babitus</strong></span> <span class='ocrx_word' id='word_1_123' title='bbox 3758 1333 3975 1414; x_wconf 88' lang='lat' dir='ltr'><strong>acqui·</strong></span> 
     </span>
     <span class='ocr_line' id='line_1_21' title="bbox 2472 1430 3971 1512; baseline 0 -20"><span class='ocrx_word' id='word_1_124' title='bbox 2472 1430 2600 1505; x_wconf 91' lang='lat' dir='ltr'><strong>siti,</strong></span> <span class='ocrx_word' id='word_1_125' title='bbox 2640 1441 2703 1494; x_wconf 91' lang='lat' dir='ltr'><strong>et</strong></span> <span class='ocrx_word' id='word_1_126' title='bbox 2756 1433 2919 1494; x_wconf 92' lang='lat' dir='ltr'><strong>inter</strong></span> <span class='ocrx_word' id='word_1_127' title='bbox 2966 1440 3145 1494; x_wconf 90' lang='lat' dir='ltr'><strong>actus</strong></span> <span class='ocrx_word' id='word_1_128' title='bbox 3194 1431 3474 1494; x_wconf 89' lang='lat' dir='ltr'><strong>caritatis</strong></span> <span class='ocrx_word' id='word_1_129' title='bbox 3526 1430 3754 1494; x_wconf 77' lang='lat' dir='ltr'><strong>infusae</strong></span> <span class='ocrx_word' id='word_1_130' title='bbox 3798 1449 3812 1492; x_wconf 76' lang='grc' dir='ltr'>ε</span> <span class='ocrx_word' id='word_1_131' title='bbox 3854 1431 3971 1512; x_wconf 91' lang='lat' dir='ltr'><strong>qui</strong></span> 
     </span>
     <span class='ocr_line' id='line_1_22' title="bbox 2474 1529 3972 1612; baseline -0.001 -20"><span class='ocrx_word' id='word_1_132' title='bbox 2474 1537 2684 1592; x_wconf 88' lang='lat' dir='ltr'><strong>tamen</strong></span> <span class='ocrx_word' id='word_1_133' title='bbox 2725 1529 2980 1592; x_wconf 88' lang='lat' dir='ltr'><strong>habitus</strong></span> <span class='ocrx_word' id='word_1_134' title='bbox 3020 1530 3373 1612; x_wconf 91' lang='lat' dir='ltr'><strong>acquisitus</strong></span> <span class='ocrx_word' id='word_1_135' title='bbox 3412 1536 3620 1612; x_wconf 88' lang='lat' dir='ltr'><strong>potest</strong></span> <span class='ocrx_word' id='word_1_136' title='bbox 3660 1529 3868 1591; x_wconf 91' lang='lat' dir='ltr'><strong>minui</strong></span> <span class='ocrx_word' id='word_1_137' title='bbox 3904 1537 3972 1591; x_wconf 92' lang='lat' dir='ltr'><strong>et</strong></span> 
     </span>
     <span class='ocr_line' id='line_1_23' title="bbox 2473 1628 3972 1712; baseline 0 -22"><span class='ocrx_word' id='word_1_138' title='bbox 2473 1629 2780 1710; x_wconf 91' lang='lat' dir='ltr'><strong>paulatim</strong></span> <span class='ocrx_word' id='word_1_139' title='bbox 2822 1628 3060 1692; x_wconf 90' lang='lat' dir='ltr'><strong>auferri</strong></span> <span class='ocrx_word' id='word_1_140' title='bbox 3104 1647 3221 1712; x_wconf 91' lang='lat' dir='ltr'><strong>per</strong></span> <span class='ocrx_word' id='word_1_141' title='bbox 3260 1628 3435 1692; x_wconf 92' lang='lat' dir='ltr'><strong>vitia.</strong></span> <span class='ocrx_word' id='word_1_142' title='bbox 3470 1629 3668 1702; x_wconf 87' lang='lat' dir='ltr'><strong>Quam</strong></span> <span class='ocrx_word' id='word_1_143' title='bbox 3714 1628 3972 1710; x_wconf 89' lang='lat' dir='ltr'><strong>positio—</strong></span> 
     </span>
     <span class='ocr_line' id='line_1_24' title="bbox 2474 1726 3970 1809; baseline 0.001 -22"><span class='ocrx_word' id='word_1_144' title='bbox 2474 1745 2620 1789; x_wconf 90' lang='lat' dir='ltr'><strong>nem</strong></span> <span class='ocrx_word' id='word_1_145' title='bbox 2652 1726 3000 1790; x_wconf 88' lang='lat' dir='ltr'><strong>Richardus</strong></span> <span class='ocrx_word' id='word_1_146' title='bbox 3031 1727 3135 1789; x_wconf 92' lang='lat' dir='ltr'><strong>hic</strong></span> <span class='ocrx_word' id='word_1_147' title='bbox 3169 1727 3467 1808; x_wconf 87' lang='lat' dir='ltr'><strong>tangit,et</strong></span> <span class='ocrx_word' id='word_1_148' title='bbox 3494 1727 3801 1809; x_wconf 91' lang='lat' dir='ltr'><strong>approbat</strong></span> <span class='ocrx_word' id='word_1_149' title='bbox 3830 1745 3970 1788; x_wconf 87' lang='lat' dir='ltr'><strong>eam</strong></span> 
     </span>
    </p>
   </div>
   <div class='ocr_carea' id='block_1_5' title="bbox 869 1826 3970 1912">
    <p class='ocr_par' dir='ltr' id='par_1_5' title="bbox 869 1826 3970 1912">
     <span class='ocr_line' id='line_1_25' title="bbox 869 1826 3970 1912; baseline 0 -24"><span class='ocrx_word' id='word_1_150' title='bbox 869 1828 1117 1890; x_wconf 90' lang='lat' dir='ltr'><strong>sitionis</strong></span> <span class='ocrx_word' id='word_1_151' title='bbox 1148 1837 1510 1910; x_wconf 82' lang='lat' dir='ltr'><strong>assumptae,</strong></span> <span class='ocrx_word' id='word_1_152' title='bbox 1545 1847 1672 1892; x_wconf 91' lang='lat' dir='ltr'><strong>non</strong></span> <span class='ocrx_word' id='word_1_153' title='bbox 1713 1831 2003 1912; x_wconf 91' lang='lat' dir='ltr'><strong>sequitur</strong></span> <span class='ocrx_word' id='word_1_154' title='bbox 2033 1831 2361 1892; x_wconf 89' lang='lat' dir='ltr'><strong>caritatem</strong></span> <span class='ocrx_word' id='word_1_155' title='bbox 2396 1829 2443 1891; x_wconf 85' lang='lat' dir='ltr'><strong>B</strong></span> <span class='ocrx_word' id='word_1_156' title='bbox 2474 1826 2824 1888; x_wconf 87' lang='lat' dir='ltr'><strong>Durandus.</strong></span> <span class='ocrx_word' id='word_1_157' title='bbox 2868 1863 2949 1871; x_wconf 95' lang='lat'><strong>—</strong></span> <span class='ocrx_word' id='word_1_158' title='bbox 2987 1826 3253 1900; x_wconf 88' lang='lat' dir='ltr'><strong>Quidam</strong></span> <span class='ocrx_word' id='word_1_159' title='bbox 3302 1843 3453 1888; x_wconf 89' lang='lat' dir='ltr'><strong>vero</strong></span> <span class='ocrx_word' id='word_1_160' title='bbox 3510 1833 3744 1906; x_wconf 88' lang='lat' dir='ltr'><strong>negant</strong></span> <span class='ocrx_word' id='word_1_161' title='bbox 3802 1844 3970 1888; x_wconf 90' lang='lat' dir='ltr'><strong>eam-</strong></span> 
     </span>
    </p>
   </div>
   <div class='ocr_carea' id='block_1_6' title="bbox 861 1926 2366 2995">
    <p class='ocr_par' dir='ltr' id='par_1_6' title="bbox 861 1926 2366 2995">
     <span class='ocr_line' id='line_1_26' title="bbox 869 1926 2366 2011; baseline 0.002 -24"><span class='ocrx_word' id='word_1_162' title='bbox 869 1926 1110 1988; x_wconf 90' lang='lat' dir='ltr'><strong>destrui</strong></span> <span class='ocrx_word' id='word_1_163' title='bbox 1159 1944 1365 2009; x_wconf 90' lang='lat' dir='ltr'><strong>posse,</strong></span> <span class='ocrx_word' id='word_1_164' title='bbox 1401 1928 1524 1990; x_wconf 91' lang='lat' dir='ltr'><strong>nisi</strong></span> <span class='ocrx_word' id='word_1_165' title='bbox 1577 1928 1826 1990; x_wconf 86' lang='lat' dir='ltr'><strong>mortali</strong></span> <span class='ocrx_word' id='word_1_166' title='bbox 1872 1936 2133 2011; x_wconf 89' lang='lat' dir='ltr'><strong>peccato</strong></span> <span class='ocrx_word' id='word_1_167' title='bbox 2177 1929 2366 1992; x_wconf 90' lang='lat' dir='ltr'><strong>inter—</strong></span> 
     </span>
     <span class='ocr_line' id='line_1_27' title="bbox 869 2025 2361 2109; baseline 0.003 -24"><span class='ocrx_word' id='word_1_168' title='bbox 869 2025 1165 2087; x_wconf 91' lang='lat' dir='ltr'><strong>veniente</strong></span> <span class='ocrx_word' id='word_1_169' title='bbox 1199 2042 1213 2088; x_wconf 90' lang='lat'><strong>:</strong></span> <span class='ocrx_word' id='word_1_170' title='bbox 1249 2027 1401 2107; x_wconf 91' lang='lat' dir='ltr'><strong>quia</strong></span> <span class='ocrx_word' id='word_1_171' title='bbox 1441 2045 1554 2108; x_wconf 90' lang='lat' dir='ltr'><strong>per</strong></span> <span class='ocrx_word' id='word_1_172' title='bbox 1583 2026 1914 2109; x_wconf 90' lang='lat' dir='ltr'><strong>quodlibet</strong></span> <span class='ocrx_word' id='word_1_173' title='bbox 1945 2027 2193 2089; x_wconf 87' lang='lat' dir='ltr'><strong>veniale</strong></span> <span class='ocrx_word' id='word_1_174' title='bbox 2234 2045 2361 2091; x_wconf 92' lang='lat' dir='ltr'><strong>non</strong></span> 
     </span>
     <span class='ocr_line' id='line_1_28' title="bbox 870 2124 2359 2207; baseline 0.002 -22"><span class='ocrx_word' id='word_1_175' title='bbox 870 2124 1216 2186; x_wconf 88' lang='lat' dir='ltr'><strong>remittitur</strong></span> <span class='ocrx_word' id='word_1_176' title='bbox 1269 2124 1512 2207; x_wconf 89' lang='lat' dir='ltr'><strong>aliquid</strong></span> <span class='ocrx_word' id='word_1_177' title='bbox 1571 2126 1650 2187; x_wconf 91' lang='lat' dir='ltr'><strong>de</strong></span> <span class='ocrx_word' id='word_1_178' title='bbox 1709 2126 1988 2189; x_wconf 88' lang='lat' dir='ltr'><strong>caritatis</strong></span> <span class='ocrx_word' id='word_1_179' title='bbox 2045 2127 2359 2204; x_wconf 84' lang='lat' dir='ltr'><strong>essentia3</strong></span> 
     </span>
     <span class='ocr_line' id='line_1_29' title="bbox 867 2222 2363 2307; baseline 0.003 -25"><span class='ocrx_word' id='word_1_180' title='bbox 867 2222 979 2282; x_wconf 92' lang='lat' dir='ltr'><strong>sed</strong></span> <span class='ocrx_word' id='word_1_181' title='bbox 1035 2229 1372 2304; x_wconf 88' lang='lat' dir='ltr'><strong>postquam</strong></span> <span class='ocrx_word' id='word_1_182' title='bbox 1437 2223 1636 2285; x_wconf 90' lang='lat' dir='ltr'><strong>multa</strong></span> <span class='ocrx_word' id='word_1_183' title='bbox 1694 2224 1967 2286; x_wconf 89' lang='lat' dir='ltr'><strong>venialia</strong></span> <span class='ocrx_word' id='word_1_184' title='bbox 2029 2243 2363 2307; x_wconf 84' lang='lat' dir='ltr'><strong>praecesse-</strong></span> 
     </span>
     <span class='ocr_line' id='line_1_30' title="bbox 865 2320 2359 2403; baseline 0.004 -23"><span class='ocrx_word' id='word_1_185' title='bbox 865 2326 1035 2393; x_wconf 89' lang='lat' dir='ltr'><strong>runt,</strong></span> <span class='ocrx_word' id='word_1_186' title='bbox 1068 2320 1296 2383; x_wconf 91' lang='lat' dir='ltr'><strong>deinde</strong></span> <span class='ocrx_word' id='word_1_187' title='bbox 1338 2340 1452 2403; x_wconf 90' lang='lat' dir='ltr'><strong>per</strong></span> <span class='ocrx_word' id='word_1_188' title='bbox 1483 2341 1682 2384; x_wconf 89' lang='lat' dir='ltr'><strong>unum</strong></span> <span class='ocrx_word' id='word_1_189' title='bbox 1723 2323 1991 2396; x_wconf 86' lang='lat' dir='ltr'><strong>veniale,</strong></span> <span class='ocrx_word' id='word_1_190' title='bbox 2027 2323 2093 2386; x_wconf 91' lang='lat' dir='ltr'><strong>in</strong></span> <span class='ocrx_word' id='word_1_191' title='bbox 2124 2324 2359 2386; x_wconf 88' lang='lat' dir='ltr'><strong>virtute</strong></span> 
     </span>
     <span class='ocr_line' id='line_1_31' title="bbox 865 2419 2359 2505; baseline 0.003 -26"><span class='ocrx_word' id='word_1_192' title='bbox 865 2419 1360 2499; x_wconf 83' lang='lat' dir='ltr'><strong>praecedentium</strong></span> <span class='ocrx_word' id='word_1_193' title='bbox 1407 2440 1550 2503; x_wconf 78' lang='lat' dir='ltr'><strong>quae</strong></span> <span class='ocrx_word' id='word_1_194' title='bbox 1598 2422 2072 2504; x_wconf 89' lang='lat' dir='ltr'><strong>disposuerunt,</strong></span> <span class='ocrx_word' id='word_1_195' title='bbox 2115 2422 2359 2505; x_wconf 94' lang='lat' dir='ltr'><strong>aliquid</strong></span> 
     </span>
     <span class='ocr_line' id='line_1_32' title="bbox 864 2516 2359 2602; baseline 0.003 -24"><span class='ocrx_word' id='word_1_196' title='bbox 864 2516 1143 2580; x_wconf 85' lang='lat' dir='ltr'><strong>caritatis</strong></span> <span class='ocrx_word' id='word_1_197' title='bbox 1199 2519 1510 2580; x_wconf 83' lang='lat' dir='ltr'><strong>minuitur</strong></span> <span class='ocrx_word' id='word_1_198' title='bbox 1558 2539 1674 2602; x_wconf 94' lang='lat' dir='ltr'><strong>per</strong></span> <span class='ocrx_word' id='word_1_199' title='bbox 1719 2521 1838 2582; x_wconf 92' lang='lat' dir='ltr'><strong>hoc</strong></span> <span class='ocrx_word' id='word_1_200' title='bbox 1896 2521 2066 2602; x_wconf 91' lang='lat' dir='ltr'><strong>quod</strong></span> <span class='ocrx_word' id='word_1_201' title='bbox 2114 2521 2359 2602; x_wconf 89' lang='lat' dir='ltr'><strong>aliquid</strong></span> 
     </span>
     <span class='ocr_line' id='line_1_33' title="bbox 864 2613 2357 2700; baseline 0.003 -25"><span class='ocrx_word' id='word_1_202' title='bbox 864 2613 940 2675; x_wconf 91' lang='lat' dir='ltr'><strong>dc</strong></span> <span class='ocrx_word' id='word_1_203' title='bbox 999 2617 1314 2679; x_wconf 87' lang='lat' dir='ltr'><strong>contrario</strong></span> <span class='ocrx_word' id='word_1_204' title='bbox 1372 2617 1593 2680; x_wconf 90' lang='lat' dir='ltr'><strong>habitu</strong></span> <span class='ocrx_word' id='word_1_205' title='bbox 1651 2626 2008 2700; x_wconf 88' lang='lat' dir='ltr'><strong>generatur,</strong></span> <span class='ocrx_word' id='word_1_206' title='bbox 2067 2619 2235 2680; x_wconf 89' lang='lat' dir='ltr'><strong>sicut</strong></span> <span class='ocrx_word' id='word_1_207' title='bbox 2293 2619 2357 2680; x_wconf 89' lang='lat' dir='ltr'><strong>in</strong></span> 
     </span>
     <span class='ocr_line' id='line_1_34' title="bbox 861 2713 2357 2798; baseline 0.003 -23"><span class='ocrx_word' id='word_1_208' title='bbox 861 2713 1059 2793; x_wconf 86' lang='lat' dir='ltr'><strong>guttis</strong></span> <span class='ocrx_word' id='word_1_209' title='bbox 1091 2716 1462 2778; x_wconf 86' lang='lat' dir='ltr'><strong>cavantibus</strong></span> <span class='ocrx_word' id='word_1_210' title='bbox 1495 2717 1793 2798; x_wconf 88' lang='lat' dir='ltr'><strong>lapidem.</strong></span> <span class='ocrx_word' id='word_1_211' title='bbox 1816 2717 1892 2778; x_wconf 90' lang='lat' dir='ltr'><strong>Et</strong></span> <span class='ocrx_word' id='word_1_212' title='bbox 1923 2724 2136 2798; x_wconf 90' lang='lat' dir='ltr'><strong>posset</strong></span> <span class='ocrx_word' id='word_1_213' title='bbox 2166 2717 2357 2780; x_wconf 90' lang='lat' dir='ltr'><strong>homo</strong></span> 
     </span>
     <span class='ocr_line' id='line_1_35' title="bbox 864 2813 2351 2896; baseline 0.002 -22"><span class='ocrx_word' id='word_1_214' title='bbox 864 2813 929 2874; x_wconf 90' lang='lat' dir='ltr'><strong>in</strong></span> <span class='ocrx_word' id='word_1_215' title='bbox 992 2821 1236 2876; x_wconf 89' lang='lat' dir='ltr'><strong>tantum</strong></span> <span class='ocrx_word' id='word_1_216' title='bbox 1296 2833 1527 2896; x_wconf 89' lang='lat' dir='ltr'><strong>augere</strong></span> <span class='ocrx_word' id='word_1_217' title='bbox 1591 2817 1980 2877; x_wconf 90' lang='lat' dir='ltr'><strong>contrarium</strong></span> <span class='ocrx_word' id='word_1_218' title='bbox 2038 2815 2351 2890; x_wconf 91' lang='lat' dir='ltr'><strong>habitum,</strong></span> 
     </span>
     <span class='ocr_line' id='line_1_36' title="bbox 863 2913 2358 2995; baseline 0.003 -22"><span class='ocrx_word' id='word_1_219' title='bbox 863 2913 1033 2992; x_wconf 91' lang='lat' dir='ltr'><strong>quod</strong></span> <span class='ocrx_word' id='word_1_220' title='bbox 1081 2931 1228 2974; x_wconf 91' lang='lat' dir='ltr'><strong>cum</strong></span> <span class='ocrx_word' id='word_1_221' title='bbox 1274 2913 1414 2995; x_wconf 91' lang='lat' dir='ltr'><strong>ipso</strong></span> <span class='ocrx_word' id='word_1_222' title='bbox 1455 2913 1618 2975; x_wconf 91' lang='lat' dir='ltr'><strong>nihil</strong></span> <span class='ocrx_word' id='word_1_223' title='bbox 1663 2921 1875 2995; x_wconf 91' lang='lat' dir='ltr'><strong>posset</strong></span> <span class='ocrx_word' id='word_1_224' title='bbox 1922 2921 2088 2976; x_wconf 89' lang='lat' dir='ltr'><strong>stare</strong></span> <span class='ocrx_word' id='word_1_225' title='bbox 2136 2914 2216 2976; x_wconf 91' lang='lat' dir='ltr'><strong>de</strong></span> <span class='ocrx_word' id='word_1_226' title='bbox 2264 2933 2358 2977; x_wconf 89' lang='lat' dir='ltr'><strong>es·</strong></span> 
     </span>
    </p>
   </div>
   <div class='ocr_carea' id='block_1_7' title="bbox 2465 1923 3969 2977">
    <p class='ocr_par' dir='ltr' id='par_1_7' title="bbox 2465 1923 3969 2977">
     <span class='ocr_line' id='line_1_37' title="bbox 2470 1923 3968 2007; baseline 0 -21"><span class='ocrx_word' id='word_1_227' title='bbox 2470 1925 2639 1999; x_wconf 89' lang='lat' dir='ltr'><strong>dem,</strong></span> <span class='ocrx_word' id='word_1_228' title='bbox 2678 1925 2982 2007; x_wconf 91' lang='lat' dir='ltr'><strong>quoniam</strong></span> <span class='ocrx_word' id='word_1_229' title='bbox 3024 1933 3203 1986; x_wconf 90' lang='lat' dir='ltr'><strong>actus</strong></span> <span class='ocrx_word' id='word_1_230' title='bbox 3251 1943 3329 1986; x_wconf 85' lang='lat' dir='ltr'><strong>ex</strong></span> <span class='ocrx_word' id='word_1_231' title='bbox 3362 1923 3719 1986; x_wconf 89' lang='lat' dir='ltr'><strong>.virtutibus</strong></span> <span class='ocrx_word' id='word_1_232' title='bbox 3764 1942 3968 1987; x_wconf 84' lang='lat' dir='ltr'><strong>mora·</strong></span> 
     </span>
     <span class='ocr_line' id='line_1_38' title="bbox 2472 2022 3968 2106; baseline 0 -22"><span class='ocrx_word' id='word_1_233' title='bbox 2472 2022 2639 2085; x_wconf 93' lang='lat' dir='ltr'><strong>libus</strong></span> <span class='ocrx_word' id='word_1_234' title='bbox 2672 2022 3005 2106; x_wconf 89' lang='lat' dir='ltr'><strong>acquisitis</strong></span> <span class='ocrx_word' id='word_1_235' title='bbox 3037 2023 3471 2104; x_wconf 87' lang='lat' dir='ltr'><strong>procedentes,</strong></span> <span class='ocrx_word' id='word_1_236' title='bbox 3505 2041 3632 2086; x_wconf 90' lang='lat' dir='ltr'><strong>non</strong></span> <span class='ocrx_word' id='word_1_237' title='bbox 3662 2031 3968 2103; x_wconf 88' lang='lat' dir='ltr'><strong>generant</strong></span> 
     </span>
     <span class='ocr_line' id='line_1_39' title="bbox 2469 2121 3963 2204; baseline -0.001 -21"><span class='ocrx_word' id='word_1_238' title='bbox 2469 2121 2627 2186; x_wconf 87' lang='lat' dir='ltr'><strong>alios</strong></span> <span class='ocrx_word' id='word_1_239' title='bbox 2658 2121 2931 2196; x_wconf 82' lang='lat' dir='ltr'><strong>habituS‚</strong></span> <span class='ocrx_word' id='word_1_240' title='bbox 2950 2123 3061 2184; x_wconf 91' lang='lat' dir='ltr'><strong>sed</strong></span> <span class='ocrx_word' id='word_1_241' title='bbox 3093 2123 3521 2204; x_wconf 82' lang='lat' dir='ltr'><strong>praecedentes</strong></span> <span class='ocrx_word' id='word_1_242' title='bbox 3552 2121 3963 2185; x_wconf 85' lang='lat' dir='ltr'><strong>confirmant:</strong></span> 
     </span>
     <span class='ocr_line' id='line_1_40' title="bbox 2469 2220 3961 2303; baseline -0.001 -20"><span class='ocrx_word' id='word_1_243' title='bbox 2469 2239 2618 2302; x_wconf 89' lang='lat' dir='ltr'><strong>ergo</strong></span> <span class='ocrx_word' id='word_1_244' title='bbox 2664 2229 2842 2283; x_wconf 90' lang='lat' dir='ltr'><strong>actus</strong></span> <span class='ocrx_word' id='word_1_245' title='bbox 2891 2240 2928 2282; x_wconf 98' lang='lat' dir='ltr'><strong>a</strong></span> <span class='ocrx_word' id='word_1_246' title='bbox 2978 2221 3211 2284; x_wconf 92' lang='lat' dir='ltr'><strong>virtute</strong></span> <span class='ocrx_word' id='word_1_247' title='bbox 3260 2220 3473 2283; x_wconf 90' lang='lat' dir='ltr'><strong>infusa</strong></span> <span class='ocrx_word' id='word_1_248' title='bbox 3524 2221 3961 2303; x_wconf 81' lang='lat' dir='ltr'><strong>procedenteS,</strong></span> 
     </span>
     <span class='ocr_line' id='line_1_41' title="bbox 2468 2318 3965 2400; baseline 0 -20"><span class='ocrx_word' id='word_1_249' title='bbox 2468 2337 2597 2382; x_wconf 91' lang='lat' dir='ltr'><strong>non</strong></span> <span class='ocrx_word' id='word_1_250' title='bbox 2625 2319 2896 2400; x_wconf 90' lang='lat' dir='ltr'><strong>gignunt</strong></span> <span class='ocrx_word' id='word_1_251' title='bbox 2934 2319 2999 2381; x_wconf 92' lang='lat' dir='ltr'><strong>in</strong></span> <span class='ocrx_word' id='word_1_252' title='bbox 3040 2319 3226 2382; x_wconf 89' lang='lat' dir='ltr'><strong>nobis</strong></span> <span class='ocrx_word' id='word_1_253' title='bbox 3266 2319 3467 2382; x_wconf 90' lang='lat' dir='ltr'><strong>alium</strong></span> <span class='ocrx_word' id='word_1_254' title='bbox 3507 2318 3820 2392; x_wconf 87' lang='lat' dir='ltr'><strong>habitum,</strong></span> <span class='ocrx_word' id='word_1_255' title='bbox 3853 2319 3965 2380; x_wconf 91' lang='lat' dir='ltr'><strong>sed</strong></span> 
     </span>
     <span class='ocr_line' id='line_1_42' title="bbox 2469 2417 3965 2500; baseline 0 -21"><span class='ocrx_word' id='word_1_256' title='bbox 2469 2419 2956 2500; x_wconf 86' lang='lat' dir='ltr'><strong>praecedentem,</strong></span> <span class='ocrx_word' id='word_1_257' title='bbox 3012 2437 3091 2481; x_wconf 85' lang='lat' dir='ltr'><strong>ex</strong></span> <span class='ocrx_word' id='word_1_258' title='bbox 3149 2435 3277 2500; x_wconf 92' lang='lat' dir='ltr'><strong>quo</strong></span> <span class='ocrx_word' id='word_1_259' title='bbox 3336 2425 3698 2492; x_wconf 89' lang='lat' dir='ltr'><strong>causantur,</strong></span> <span class='ocrx_word' id='word_1_260' title='bbox 3756 2417 3965 2481; x_wconf 88' lang='lat' dir='ltr'><strong>solum</strong></span> 
     </span>
     <span class='ocr_line' id='line_1_43' title="bbox 2468 2516 3965 2600; baseline 0 -22"><span class='ocrx_word' id='word_1_261' title='bbox 2468 2516 2870 2579; x_wconf 90' lang='lat' dir='ltr'><strong>confirmant.</strong></span> <span class='ocrx_word' id='word_1_262' title='bbox 2904 2518 2999 2580; x_wconf 83' lang='lat' dir='ltr'><strong>Ad</strong></span> <span class='ocrx_word' id='word_1_263' title='bbox 3037 2517 3208 2600; x_wconf 91' lang='lat' dir='ltr'><strong>quod</strong></span> <span class='ocrx_word' id='word_1_264' title='bbox 3252 2519 3591 2600; x_wconf 89' lang='lat' dir='ltr'><strong>respondet</strong></span> <span class='ocrx_word' id='word_1_265' title='bbox 3630 2517 3965 2580; x_wconf 89' lang='lat' dir='ltr'><strong>Durandus</strong></span> 
     </span>
     <span class='ocr_line' id='line_1_44' title="bbox 2468 2616 3969 2699; baseline 0.001 -22"><span class='ocrx_word' id='word_1_266' title='bbox 2468 2617 2637 2697; x_wconf 91' lang='lat' dir='ltr'><strong>quod</strong></span> <span class='ocrx_word' id='word_1_267' title='bbox 2684 2634 2810 2679; x_wconf 90' lang='lat' dir='ltr'><strong>non</strong></span> <span class='ocrx_word' id='word_1_268' title='bbox 2851 2616 2934 2678; x_wconf 89' lang='lat' dir='ltr'><strong>sit</strong></span> <span class='ocrx_word' id='word_1_269' title='bbox 2971 2617 3181 2679; x_wconf 91' lang='lat' dir='ltr'><strong>simile</strong></span> <span class='ocrx_word' id='word_1_270' title='bbox 3218 2634 3232 2679; x_wconf 93' lang='lat'><strong>:</strong></span> <span class='ocrx_word' id='word_1_271' title='bbox 3267 2617 3571 2699; x_wconf 90' lang='lat' dir='ltr'><strong>quoniam</strong></span> <span class='ocrx_word' id='word_1_272' title='bbox 3608 2625 3788 2679; x_wconf 92' lang='lat' dir='ltr'><strong>actus</strong></span> <span class='ocrx_word' id='word_1_273' title='bbox 3828 2633 3969 2698; x_wconf 90' lang='lat' dir='ltr'><strong>pro-</strong></span> 
     </span>
     <span class='ocr_line' id='line_1_45' title="bbox 2467 2715 3965 2798; baseline 0 -22"><span class='ocrx_word' id='word_1_274' title='bbox 2467 2715 2699 2777; x_wconf 91' lang='lat' dir='ltr'><strong>cedens</strong></span> <span class='ocrx_word' id='word_1_275' title='bbox 2727 2735 2805 2777; x_wconf 85' lang='lat' dir='ltr'><strong>ex</strong></span> <span class='ocrx_word' id='word_1_276' title='bbox 2848 2715 3131 2798; x_wconf 91' lang='lat' dir='ltr'><strong>potentia</strong></span> <span class='ocrx_word' id='word_1_277' title='bbox 3170 2735 3285 2798; x_wconf 92' lang='lat' dir='ltr'><strong>per</strong></span> <span class='ocrx_word' id='word_1_278' title='bbox 3324 2716 3649 2779; x_wconf 87' lang='lat' dir='ltr'><strong>caritatem</strong></span> <span class='ocrx_word' id='word_1_279' title='bbox 3686 2715 3965 2777; x_wconf 76' lang='lat' dir='ltr'><strong>infusam</strong></span> 
     </span>
     <span class='ocr_line' id='line_1_46' title="bbox 2465 2815 3967 2896; baseline 0 -21"><span class='ocrx_word' id='word_1_280' title='bbox 2465 2822 2735 2890; x_wconf 86' lang='lat' dir='ltr'><strong>actuata,</strong></span> <span class='ocrx_word' id='word_1_281' title='bbox 2770 2823 2833 2878; x_wconf 93' lang='lat' dir='ltr'><strong>et</strong></span> <span class='ocrx_word' id='word_1_282' title='bbox 2862 2823 2959 2878; x_wconf 90' lang='lat' dir='ltr'><strong>est</strong></span> <span class='ocrx_word' id='word_1_283' title='bbox 3000 2815 3257 2878; x_wconf 88' lang='lat' dir='ltr'><strong>moralis</strong></span> <span class='ocrx_word' id='word_1_284' title='bbox 3288 2816 3367 2878; x_wconf 95' lang='lat' dir='ltr'><strong>de</strong></span> <span class='ocrx_word' id='word_1_285' title='bbox 3406 2834 3496 2889; x_wconf 91' lang='lat' dir='ltr'><strong>se,</strong></span> <span class='ocrx_word' id='word_1_286' title='bbox 3529 2822 3594 2877; x_wconf 91' lang='lat' dir='ltr'><strong>et</strong></span> <span class='ocrx_word' id='word_1_287' title='bbox 3621 2821 3718 2877; x_wconf 89' lang='lat' dir='ltr'><strong>est</strong></span> <span class='ocrx_word' id='word_1_288' title='bbox 3749 2833 3967 2896; x_wconf 87' lang='lat' dir='ltr'><strong>super-</strong></span> 
     </span>
     <span class='ocr_line' id='line_1_47' title="bbox 2465 2911 3963 2977; baseline 0 -3"><span class='ocrx_word' id='word_1_289' title='bbox 2465 2913 2771 2975; x_wconf 88' lang='lat' dir='ltr'><strong>naturalis</strong></span> <span class='ocrx_word' id='word_1_290' title='bbox 2820 2933 2894 2976; x_wconf 90' lang='lat' dir='ltr'><strong>ac</strong></span> <span class='ocrx_word' id='word_1_291' title='bbox 2954 2914 3317 2977; x_wconf 90' lang='lat' dir='ltr'><strong>meritorius</strong></span> <span class='ocrx_word' id='word_1_292' title='bbox 3382 2913 3625 2977; x_wconf 86' lang='lat' dir='ltr'><strong>ratione</strong></span> <span class='ocrx_word' id='word_1_293' title='bbox 3683 2911 3963 2975; x_wconf 84' lang='lat' dir='ltr'><strong>caritatis</strong></span> 
     </span>
    </p>
   </div>
   <div class='ocr_carea' id='block_1_8' title="bbox 861 3010 3963 3095">
    <p class='ocr_par' dir='ltr' id='par_1_8' title="bbox 861 3010 3963 3095">
     <span class='ocr_line' id='line_1_48' title="bbox 861 3010 3963 3095; baseline 0 -24"><span class='ocrx_word' id='word_1_294' title='bbox 861 3010 1067 3072; x_wconf 91' lang='lat' dir='ltr'><strong>sentia</strong></span> <span class='ocrx_word' id='word_1_295' title='bbox 1115 3011 1416 3084; x_wconf 82' lang='lat' dir='ltr'><strong>caritatiS‚</strong></span> <span class='ocrx_word' id='word_1_296' title='bbox 1460 3012 1616 3092; x_wconf 91' lang='lat' dir='ltr'><strong>quin</strong></span> <span class='ocrx_word' id='word_1_297' title='bbox 1666 3019 1957 3093; x_wconf 88' lang='lat' dir='ltr'><strong>peccaret</strong></span> <span class='ocrx_word' id='word_1_298' title='bbox 2007 3012 2357 3074; x_wconf 90' lang='lat' dir='ltr'><strong>mortaliter</strong></span> <span class='ocrx_word' id='word_1_299' title='bbox 2392 3017 2435 3079; x_wconf 90' lang='lat' dir='ltr'>C</span> <span class='ocrx_word' id='word_1_300' title='bbox 2468 3011 2711 3076; x_wconf 83' lang='lat' dir='ltr'><strong>infusae.</strong></span> <span class='ocrx_word' id='word_1_301' title='bbox 2748 3013 3236 3095; x_wconf 86' lang='lat' dir='ltr'><strong>Supernaturale</strong></span> <span class='ocrx_word' id='word_1_302' title='bbox 3266 3013 3439 3076; x_wconf 91' lang='lat' dir='ltr'><strong>enim</strong></span> <span class='ocrx_word' id='word_1_303' title='bbox 3470 3020 3533 3075; x_wconf 93' lang='lat' dir='ltr'><strong>et</strong></span> <span class='ocrx_word' id='word_1_304' title='bbox 3564 3011 3963 3074; x_wconf 89' lang='lat' dir='ltr'><strong>meritorium</strong></span> 
     </span>
    </p>
   </div>
   <div class='ocr_carea' id='block_1_9' title="bbox 857 3110 2357 3785">
    <p class='ocr_par' dir='ltr' id='par_1_9' title="bbox 857 3110 2357 3664">
     <span class='ocr_line' id='line_1_49' title="bbox 860 3110 2356 3193; baseline 0.002 -23"><span class='ocrx_word' id='word_1_305' title='bbox 860 3117 1122 3190; x_wconf 90' lang='lat' dir='ltr'><strong>peccato</strong></span> <span class='ocrx_word' id='word_1_306' title='bbox 1186 3110 1569 3173; x_wconf 89' lang='lat' dir='ltr'><strong>omissionis.</strong></span> <span class='ocrx_word' id='word_1_307' title='bbox 1633 3111 1907 3174; x_wconf 86' lang='lat' dir='ltr'><strong>Tenetur</strong></span> <span class='ocrx_word' id='word_1_308' title='bbox 1968 3111 2142 3174; x_wconf 91' lang='lat' dir='ltr'><strong>enim</strong></span> <span class='ocrx_word' id='word_1_309' title='bbox 2208 3130 2356 3193; x_wconf 92' lang='lat' dir='ltr'><strong>aug-</strong></span> 
     </span>
     <span class='ocr_line' id='line_1_50' title="bbox 861 3208 2353 3293; baseline 0.002 -24"><span class='ocrx_word' id='word_1_310' title='bbox 861 3216 1148 3270; x_wconf 87' lang='lat' dir='ltr'><strong>mentum</strong></span> <span class='ocrx_word' id='word_1_311' title='bbox 1202 3208 1456 3271; x_wconf 89' lang='lat' dir='ltr'><strong>habitus</strong></span> <span class='ocrx_word' id='word_1_312' title='bbox 1524 3209 1821 3273; x_wconf 91' lang='lat' dir='ltr'><strong>contrarii</strong></span> <span class='ocrx_word' id='word_1_313' title='bbox 1889 3210 2127 3273; x_wconf 87' lang='lat' dir='ltr'><strong>evitare</strong></span> <span class='ocrx_word' id='word_1_314' title='bbox 2186 3211 2353 3293; x_wconf 94' lang='lat' dir='ltr'><strong>quod</strong></span> 
     </span>
     <span class='ocr_line' id='line_1_51' title="bbox 857 3308 2357 3392; baseline 0.002 -24"><span class='ocrx_word' id='word_1_315' title='bbox 857 3325 1076 3369; x_wconf 89' lang='lat' dir='ltr'><strong>secum</strong></span> <span class='ocrx_word' id='word_1_316' title='bbox 1125 3326 1251 3371; x_wconf 92' lang='lat' dir='ltr'><strong>non</strong></span> <span class='ocrx_word' id='word_1_317' title='bbox 1301 3308 1684 3390; x_wconf 88' lang='lat' dir='ltr'><strong>compatitur</strong></span> <span class='ocrx_word' id='word_1_318' title='bbox 1732 3309 2081 3392; x_wconf 90' lang='lat' dir='ltr'><strong>quidquam</strong></span> <span class='ocrx_word' id='word_1_319' title='bbox 2129 3310 2209 3371; x_wconf 89' lang='lat' dir='ltr'><strong>de</strong></span> <span class='ocrx_word' id='word_1_320' title='bbox 2262 3329 2357 3371; x_wconf 89' lang='lat' dir='ltr'><strong>es-</strong></span> 
     </span>
     <span class='ocr_line' id='line_1_52' title="bbox 858 3404 2353 3489; baseline 0.004 -24"><span class='ocrx_word' id='word_1_321' title='bbox 858 3404 1063 3467; x_wconf 88' lang='lat' dir='ltr'><strong>sentia</strong></span> <span class='ocrx_word' id='word_1_322' title='bbox 1119 3406 1418 3479; x_wconf 81' lang='lat' dir='ltr'><strong>caritatiS,</strong></span> <span class='ocrx_word' id='word_1_323' title='bbox 1465 3406 1533 3469; x_wconf 93' lang='lat' dir='ltr'><strong>in</strong></span> <span class='ocrx_word' id='word_1_324' title='bbox 1590 3426 1716 3489; x_wconf 91' lang='lat' dir='ltr'><strong>qua</strong></span> <span class='ocrx_word' id='word_1_325' title='bbox 1765 3416 2090 3489; x_wconf 90' lang='lat' dir='ltr'><strong>ponuntur</strong></span> <span class='ocrx_word' id='word_1_326' title='bbox 2138 3407 2353 3489; x_wconf 91' lang='lat' dir='ltr'><strong>plures</strong></span> 
     </span>
     <span class='ocr_line' id='line_1_53' title="bbox 859 3503 2355 3588; baseline 0.002 -24"><span class='ocrx_word' id='word_1_327' title='bbox 859 3503 1090 3582; x_wconf 87' lang='lat' dir='ltr'><strong>gradus</strong></span> <span class='ocrx_word' id='word_1_328' title='bbox 1141 3504 1522 3567; x_wconf 88' lang='lat' dir='ltr'><strong>actualitatis</strong></span> <span class='ocrx_word' id='word_1_329' title='bbox 1580 3506 1645 3567; x_wconf 91' lang='lat' dir='ltr'><strong>in</strong></span> <span class='ocrx_word' id='word_1_330' title='bbox 1701 3505 2002 3588; x_wconf 91' lang='lat' dir='ltr'><strong>potentia.</strong></span> <span class='ocrx_word' id='word_1_331' title='bbox 2055 3505 2199 3569; x_wconf 84' lang='lat' dir='ltr'><strong>Haec</strong></span> <span class='ocrx_word' id='word_1_332' title='bbox 2258 3506 2355 3569; x_wconf 88' lang='lat' dir='ltr'><strong>Ri-</strong></span> 
     </span>
     <span class='ocr_line' id='line_1_54' title="bbox 859 3600 1151 3664; baseline 0 -1"><span class='ocrx_word' id='word_1_333' title='bbox 859 3600 1151 3664; x_wconf 80' lang='lat' dir='ltr'><strong>charduS.</strong></span> 
     </span>
    </p>

    <p class='ocr_par' dir='ltr' id='par_1_10' title="bbox 937 3702 2357 3785">
     <span class='ocr_line' id='line_1_55' title="bbox 937 3702 2357 3785; baseline 0.001 -22"><span class='ocrx_word' id='word_1_334' title='bbox 937 3702 1016 3763; x_wconf 86' lang='lat' dir='ltr'><strong>At</strong></span> <span class='ocrx_word' id='word_1_335' title='bbox 1049 3719 1198 3764; x_wconf 88' lang='lat' dir='ltr'><strong>vero</strong></span> <span class='ocrx_word' id='word_1_336' title='bbox 1233 3702 1433 3785; x_wconf 94' lang='lat' dir='ltr'><strong>aliqui</strong></span> <span class='ocrx_word' id='word_1_337' title='bbox 1460 3703 1704 3777; x_wconf 91' lang='lat' dir='ltr'><strong>dicunt,</strong></span> <span class='ocrx_word' id='word_1_338' title='bbox 1736 3722 1814 3765; x_wconf 84' lang='lat' dir='ltr'><strong>ex</strong></span> <span class='ocrx_word' id='word_1_339' title='bbox 1845 3703 2094 3765; x_wconf 89' lang='lat' dir='ltr'><strong>actibus</strong></span> <span class='ocrx_word' id='word_1_340' title='bbox 2135 3703 2357 3765; x_wconf 87' lang='lat' dir='ltr'><strong>carita-</strong></span> 
     </span>
    </p>
   </div>
   <div class='ocr_carea' id='block_1_10' title="bbox 2463 3109 3965 3786">
    <p class='ocr_par' dir='ltr' id='par_1_11' title="bbox 2463 3109 3965 3786">
     <span class='ocr_line' id='line_1_56' title="bbox 2466 3109 3956 3193; baseline -0.001 -19"><span class='ocrx_word' id='word_1_341' title='bbox 2466 3130 2593 3175; x_wconf 92' lang='lat' dir='ltr'><strong>non</strong></span> <span class='ocrx_word' id='word_1_342' title='bbox 2640 3112 2922 3175; x_wconf 87' lang='lat' dir='ltr'><strong>excludit</strong></span> <span class='ocrx_word' id='word_1_343' title='bbox 2964 3112 3224 3186; x_wconf 92' lang='lat' dir='ltr'><strong>morale,</strong></span> <span class='ocrx_word' id='word_1_344' title='bbox 3264 3113 3374 3177; x_wconf 91' lang='lat' dir='ltr'><strong>sed</strong></span> <span class='ocrx_word' id='word_1_345' title='bbox 3424 3112 3626 3193; x_wconf 89' lang='lat' dir='ltr'><strong>magis</strong></span> <span class='ocrx_word' id='word_1_346' title='bbox 3666 3109 3956 3174; x_wconf 86' lang='lat' dir='ltr'><strong>includit.</strong></span> 
     </span>
     <span class='ocr_line' id='line_1_57' title="bbox 2464 3206 3965 3293; baseline -0.002 -20"><span class='ocrx_word' id='word_1_347' title='bbox 2464 3212 2680 3292; x_wconf 86' lang='lat' dir='ltr'><strong>Itaque</strong></span> <span class='ocrx_word' id='word_1_348' title='bbox 2728 3206 2807 3273; x_wconf 71' lang='lat' dir='ltr'><strong>eit</strong></span> <span class='ocrx_word' id='word_1_349' title='bbox 2848 3210 3096 3273; x_wconf 91' lang='lat' dir='ltr'><strong>actibus</strong></span> <span class='ocrx_word' id='word_1_350' title='bbox 3139 3210 3731 3293; x_wconf 89' lang='lat' dir='ltr'><strong>supernaturalibus</strong></span> <span class='ocrx_word' id='word_1_351' title='bbox 3777 3209 3965 3271; x_wconf 86' lang='lat' dir='ltr'><strong>meri-</strong></span> 
     </span>
     <span class='ocr_line' id='line_1_58' title="bbox 2464 3308 3959 3391; baseline -0.002 -19"><span class='ocrx_word' id='word_1_352' title='bbox 2464 3308 2667 3383; x_wconf 80' lang='lat' dir='ltr'><strong>toriiS,</strong></span> <span class='ocrx_word' id='word_1_353' title='bbox 2715 3309 2782 3371; x_wconf 95' lang='lat' dir='ltr'><strong>in</strong></span> <span class='ocrx_word' id='word_1_354' title='bbox 2828 3316 3139 3391; x_wconf 92' lang='lat' dir='ltr'><strong>quantum</strong></span> <span class='ocrx_word' id='word_1_355' title='bbox 3189 3308 3559 3389; x_wconf 88' lang='lat' dir='ltr'><strong>hujusmodi</strong></span> <span class='ocrx_word' id='word_1_356' title='bbox 3608 3316 3779 3381; x_wconf 88' lang='lat' dir='ltr'><strong>sunt,</strong></span> <span class='ocrx_word' id='word_1_357' title='bbox 3830 3324 3959 3370; x_wconf 89' lang='lat' dir='ltr'><strong>non</strong></span> 
     </span>
     <span class='ocr_line' id='line_1_59' title="bbox 2463 3405 3964 3489; baseline -0.002 -20"><span class='ocrx_word' id='word_1_358' title='bbox 2463 3414 2801 3489; x_wconf 89' lang='lat' dir='ltr'><strong>generatur</strong></span> <span class='ocrx_word' id='word_1_359' title='bbox 2829 3407 2991 3469; x_wconf 89' lang='lat' dir='ltr'><strong>alius</strong></span> <span class='ocrx_word' id='word_1_360' title='bbox 3021 3407 3298 3481; x_wconf 84' lang='lat' dir='ltr'><strong>habituS,</strong></span> <span class='ocrx_word' id='word_1_361' title='bbox 3332 3408 3440 3469; x_wconf 92' lang='lat' dir='ltr'><strong>sed</strong></span> <span class='ocrx_word' id='word_1_362' title='bbox 3472 3406 3699 3469; x_wconf 85' lang='lat' dir='ltr'><strong>caritas</strong></span> <span class='ocrx_word' id='word_1_363' title='bbox 3730 3405 3964 3469; x_wconf 93' lang='lat' dir='ltr'><strong>confir-</strong></span> 
     </span>
     <span class='ocr_line' id='line_1_60' title="bbox 2467 3504 3956 3588; baseline -0.002 -20"><span class='ocrx_word' id='word_1_364' title='bbox 2467 3515 2715 3585; x_wconf 83' lang='lat' dir='ltr'><strong>matur3</strong></span> <span class='ocrx_word' id='word_1_365' title='bbox 2767 3507 2833 3568; x_wconf 92' lang='lat' dir='ltr'><strong>in</strong></span> <span class='ocrx_word' id='word_1_366' title='bbox 2890 3514 3201 3588; x_wconf 89' lang='lat' dir='ltr'><strong>quantum</strong></span> <span class='ocrx_word' id='word_1_367' title='bbox 3249 3524 3400 3569; x_wconf 87' lang='lat' dir='ltr'><strong>vero</strong></span> <span class='ocrx_word' id='word_1_368' title='bbox 3458 3504 3727 3567; x_wconf 87' lang='lat' dir='ltr'><strong>morales</strong></span> <span class='ocrx_word' id='word_1_369' title='bbox 3784 3510 3956 3577; x_wconf 89' lang='lat' dir='ltr'><strong>sunt,</strong></span> 
     </span>
     <span class='ocr_line' id='line_1_61' title="bbox 2464 3602 3959 3687; baseline -0.002 -20"><span class='ocrx_word' id='word_1_370' title='bbox 2464 3604 2717 3667; x_wconf 86' lang='lat' dir='ltr'><strong>habitus</strong></span> <span class='ocrx_word' id='word_1_371' title='bbox 2744 3604 3003 3687; x_wconf 90' lang='lat' dir='ltr'><strong>quidam</strong></span> <span class='ocrx_word' id='word_1_372' title='bbox 3034 3612 3417 3685; x_wconf 80' lang='lat' dir='ltr'><strong>generantur</strong></span> <span class='ocrx_word' id='word_1_373' title='bbox 3444 3623 3521 3665; x_wconf 86' lang='lat' dir='ltr'><strong>ex</strong></span> <span class='ocrx_word' id='word_1_374' title='bbox 3550 3604 3664 3665; x_wconf 77' lang='lat' dir='ltr'><strong>eis,</strong></span> <span class='ocrx_word' id='word_1_375' title='bbox 3682 3602 3959 3665; x_wconf 87' lang='lat' dir='ltr'><strong>—Idem</strong></span> 
     </span>
     <span class='ocr_line' id='line_1_62' title="bbox 2464 3702 3725 3786; baseline 0 -22"><span class='ocrx_word' id='word_1_376' title='bbox 2464 3703 2618 3765; x_wconf 92' lang='lat' dir='ltr'><strong>dicit</strong></span> <span class='ocrx_word' id='word_1_377' title='bbox 2660 3703 2967 3765; x_wconf 87' lang='lat' dir='ltr'><strong>Henricus</strong></span> <span class='ocrx_word' id='word_1_378' title='bbox 3010 3704 3233 3786; x_wconf 89' lang='lat' dir='ltr'><strong>quinto</strong></span> <span class='ocrx_word' id='word_1_379' title='bbox 3275 3702 3670 3776; x_wconf 90' lang='lat' dir='ltr'><strong>Quodlibeto.</strong></span> <span class='ocrx_word' id='word_1_380' title='bbox 3722 3767 3725 3771; x_wconf 73' lang='grc'>,</span> 
     </span>
    </p>
   </div>
   <div class='ocr_carea' id='block_1_11' title="bbox 1759 4218 3053 4331">
    <p class='ocr_par' dir='ltr' id='par_1_12' title="bbox 1759 4218 3053 4331">
     <span class='ocr_line' id='line_1_63' title="bbox 1759 4218 3053 4331; baseline 0 -2"><span class='ocrx_word' id='word_1_381' title='bbox 1759 4218 2572 4331; x_wconf 90' lang='lat' dir='ltr'><strong>DISTINCTIO</strong></span> <span class='ocrx_word' id='word_1_382' title='bbox 2682 4220 3053 4331; x_wconf 90' lang='lat' dir='ltr'><strong>XVIII</strong></span> 
     </span>
    </p>
   </div>
   <div class='ocr_carea' id='block_1_12' title="bbox 1165 4648 3635 4829">
    <p class='ocr_par' dir='ltr' id='par_1_13' title="bbox 1165 4648 3635 4829">
     <span class='ocr_line' id='line_1_64' title="bbox 1165 4648 3635 4725; baseline 0.001 -15"><span class='ocrx_word' id='word_1_383' title='bbox 1165 4648 1246 4710; x_wconf 89' lang='lat' dir='ltr'><strong>A.</strong></span> <span class='ocrx_word' id='word_1_384' title='bbox 1306 4650 1567 4711; x_wconf 81' lang='lat' dir='ltr'><strong>Utrum</strong></span> <span class='ocrx_word' id='word_1_385' title='bbox 1612 4651 1872 4712; x_wconf 85' lang='lat' dir='ltr'><strong>eadem</strong></span> <span class='ocrx_word' id='word_1_386' title='bbox 1913 4648 2215 4711; x_wconf 78' lang='lat' dir='ltr'><strong>ratione</strong></span> <span class='ocrx_word' id='word_1_387' title='bbox 2262 4648 2588 4721; x_wconf 71' lang='lat' dir='ltr'><strong>Spiritus</strong></span> <span class='ocrx_word' id='word_1_388' title='bbox 2632 4649 2948 4711; x_wconf 78' lang='lat' dir='ltr'><strong>Sanctus</strong></span> <span class='ocrx_word' id='word_1_389' title='bbox 2992 4650 3293 4711; x_wconf 77' lang='lat' dir='ltr'><strong>dicatur</strong></span> <span class='ocrx_word' id='word_1_390' title='bbox 3337 4653 3635 4725; x_wconf 81' lang='lat' dir='ltr'><strong>donum,</strong></span> 
     </span>
     <span class='ocr_line' id='line_1_65' title="bbox 1906 4766 2901 4829; baseline 0.002 -4"><span class='ocrx_word' id='word_1_391' title='bbox 1906 4766 1978 4826; x_wconf 84' lang='lat' dir='ltr'><strong>et</strong></span> <span class='ocrx_word' id='word_1_392' title='bbox 2022 4766 2281 4828; x_wconf 80' lang='lat' dir='ltr'><strong>datum</strong></span> <span class='ocrx_word' id='word_1_393' title='bbox 2324 4768 2477 4828; x_wconf 76' lang='lat' dir='ltr'><strong>sive</strong></span> <span class='ocrx_word' id='word_1_394' title='bbox 2522 4766 2901 4829; x_wconf 80' lang='lat' dir='ltr'><strong>donatum.</strong></span> 
     </span>
    </p>
   </div>
   <div class='ocr_carea' id='block_1_13' title="bbox 1117 5161 3950 5244">
    <p class='ocr_par' dir='ltr' id='par_1_14' title="bbox 1117 5161 3950 5244">
     <span class='ocr_line' id='line_1_66' title="bbox 1117 5161 3950 5244; baseline -0 -18"><span class='ocrx_word' id='word_1_395' title='bbox 1117 5162 1364 5226; x_wconf 90' lang='lat' dir='ltr'><strong>donum</strong></span> <span class='ocrx_word' id='word_1_396' title='bbox 1413 5163 1479 5226; x_wconf 88' lang='lat' dir='ltr'><strong>et</strong></span> <span class='ocrx_word' id='word_1_397' title='bbox 1513 5161 1766 5242; x_wconf 83' lang='lat' dir='ltr'><strong>datum,</strong></span> <span class='ocrx_word' id='word_1_398' title='bbox 1808 5162 2032 5225; x_wconf 89' lang='lat' dir='ltr'><strong>utrum</strong></span> <span class='ocrx_word' id='word_1_399' title='bbox 2071 5162 2136 5225; x_wconf 89' lang='lat' dir='ltr'><strong>et</strong></span> <span class='ocrx_word' id='word_1_400' title='bbox 2181 5161 2409 5224; x_wconf 88' lang='lat' dir='ltr'><strong>eadem</strong></span> <span class='ocrx_word' id='word_1_401' title='bbox 2460 5161 2710 5224; x_wconf 86' lang='lat' dir='ltr'><strong>ratione</strong></span> <span class='ocrx_word' id='word_1_402' title='bbox 2759 5162 3115 5244; x_wconf 85' lang='lat' dir='ltr'><strong>utrumque</strong></span> <span class='ocrx_word' id='word_1_403' title='bbox 3158 5177 3399 5225; x_wconf 88' lang='lat' dir='ltr'><strong>nomen</strong></span> <span class='ocrx_word' id='word_1_404' title='bbox 3446 5161 3507 5225; x_wconf 90' lang='lat' dir='ltr'><strong>ei</strong></span> <span class='ocrx_word' id='word_1_405' title='bbox 3544 5162 3893 5225; x_wconf 85' lang='lat' dir='ltr'><strong>conveniat</strong></span> <span class='ocrx_word' id='word_1_406' title='bbox 3934 5182 3950 5225; x_wconf 74' lang='grc' dir='ltr'><strong><em>ε</em></strong></span> 
     </span>
    </p>
   </div>
   <div class='ocr_carea' id='block_1_14' title="bbox 858 5042 3957 5345">
    <p class='ocr_par' dir='ltr' id='par_1_15' title="bbox 858 5042 3957 5345">
     <span class='ocr_line' id='line_1_67' title="bbox 858 5042 3957 5345; baseline -0.001 -236"><span class='ocrx_word' id='word_1_407' title='bbox 858 5044 1528 5345; x_wconf 87' lang='lat' dir='ltr'><strong>PRAETEREA</strong></span> <span class='ocrx_word' id='word_1_408' title='bbox 1587 5042 1934 5124; x_wconf 84' lang='lat' dir='ltr'><strong>diligenter</strong></span> <span class='ocrx_word' id='word_1_409' title='bbox 1992 5042 2539 5107; x_wconf 87' lang='lat' dir='ltr'><strong>considerandum</strong></span> <span class='ocrx_word' id='word_1_410' title='bbox 2592 5044 2713 5123; x_wconf 88' lang='lat' dir='ltr'><strong>est,</strong></span> <span class='ocrx_word' id='word_1_411' title='bbox 2772 5060 2980 5125; x_wconf 88' lang='lat' dir='ltr'><strong>quum</strong></span> <span class='ocrx_word' id='word_1_412' title='bbox 3036 5044 3321 5127; x_wconf 82' lang='lat' dir='ltr'><strong>Spiritus</strong></span> <span class='ocrx_word' id='word_1_413' title='bbox 3376 5044 3654 5107; x_wconf 85' lang='lat' dir='ltr'><strong>Sanctus</strong></span> <span class='ocrx_word' id='word_1_414' title='bbox 3697 5043 3957 5107; x_wconf 86' lang='lat' dir='ltr'><strong>dicatur</strong></span> 
     </span>
    </p>
   </div>
   <div class='ocr_carea' id='block_1_15' title="bbox 1116 5278 2105 5362">
    <p class='ocr_par' dir='ltr' id='par_1_16' title="bbox 1116 5278 2105 5362">
     <span class='ocr_line' id='line_1_68' title="bbox 1116 5278 2105 5362; baseline -0.004 -18"><span class='ocrx_word' id='word_1_415' title='bbox 1116 5280 1296 5361; x_wconf 86' lang='lat' dir='ltr'><strong>quod</strong></span> <span class='ocrx_word' id='word_1_416' title='bbox 1341 5280 1568 5362; x_wconf 88' lang='lat' dir='ltr'><strong>utique</strong></span> <span class='ocrx_word' id='word_1_417' title='bbox 1616 5278 1823 5342; x_wconf 88' lang='lat' dir='ltr'><strong>videri</strong></span> <span class='ocrx_word' id='word_1_418' title='bbox 1869 5278 2105 5360; x_wconf 86' lang='lat' dir='ltr'><strong>potest.</strong></span> 
     </span>
    </p>
   </div>
  </div>
 </body>
</html>
