4359 6250
922 450 1043 514 272

1532 468 1595 514 IN
1636 466 1859 513 LIBRUM
1902 467 1920 510 1
1964 464 2446 510 SENTENTIARUM.
2491 483 2572 492 —
2613 466 2766 510 ms‘r.
2813 467 3047 529 xxvm3
3092 467 3314 524 QUAEST.
3361 468 3431 512 111

923 637 1073 711 tivo,
1116 645 1303 718 negat
1350 637 1721 700 relationem
1768 654 1781 697 :
1824 653 1974 718 ergo
2019 635 2418 697 innascibilis
2447 635 2498 697 A
2529 635 2606 697 lis
2654 654 2769 718 pro
2809 638 2986 700 Patre
3023 656 3037 699 ε
3081 647 3144 700 et
3188 639 3282 700 sic
3326 637 3697 701 conceditur
3735 642 4019 716 utraque.

920 754 1033 798 seu
1065 735 1385 816 ingenitus
1416 753 1542 798 non
1574 742 1670 797 est
1700 735 1765 797 in
1805 753 2036 816 genere
2068 733 2412 795 relationis,

920 833 1293 906 Dicendum,
1346 833 1515 914 quod
1565 833 1859 914 quamvis
1914 832 2163 912 negatio
2214 849 2417 893 remo-

918 940 1062 994 veat
1101 932 1614 1014 praedicationem
1656 932 1927 1012 generiS,
1962 930 2181 1012 sicque
2217 947 2418 992 remo-

918 1036 1061 1090 veat
1101 1047 1239 1090 esse
1275 1030 1337 1092 in
1377 1047 1609 1110 genere
1642 1047 1754 1110 per
1783 1047 1873 1100 se,
1909 1045 2036 1089 non
2077 1034 2288 1088 tamen
2321 1045 2415 1088 re-

922 1135 1131 1190 movet
1164 1127 1598 1190 reductionem
1628 1127 1706 1188 ad
1737 1145 1959 1207 genuS.
1995 1126 2139 1188 Haec
2170 1125 2408 1186 Petrus.

1334 1452 1807 1526 QUAESTIO
1873 1453 1997 1514 III

1048 1717 1221 1780 Ertio
1276 1717 1602 1798 quaeritur,
1649 1718 1779 1784 An
1826 1716 2413 1784 innascibilitas

1067 1817 1177 1882 sit
1216 1816 1428 1882 idem
1469 1817 1677 1896 quod
1720 1814 2190 1896 paternitas,

998 1915 1260 1975 Videtur
1307 1915 1476 1994 quod
1534 1914 1649 1986 sic,
1701 1914 1853 1994 quia
1902 1914 1967 1974 in
2029 1913 2186 1975 Filio
2242 1912 2412 1974 idem

918 2019 1067 2072 sunt
1114 2012 1345 2074 filiatio
1388 2021 1451 2074 et
1500 2012 1815 2074 nativitas,
1850 2047 1931 2056 —-
1960 2012 2137 2084 Item,
2172 2018 2414 2072 utrum-

918 2128 1042 2191 que
1084 2128 1306 2173 eorum
1348 2120 1444 2173 est
1486 2111 1755 2192 ipsemet
1796 2111 1993 2172 Pater.

995 2308 1090 2370 Ad
1128 2308 1247 2370 hoc
1290 2308 1627 2388 respondet
1656 2307 1951 2368 Albertus
1986 2323 1999 2367 ε
2035 2307 2168 2368 Una
2209 2307 2411 2368 notio-

917 2424 1072 2467 num
1112 2405 1377 2466 istarum
1417 2423 1545 2467 non
1586 2404 1965 2486 praedicatur
1994 2405 2071 2465 de
2113 2403 2258 2476 alia,
2293 2421 2410 2464 nec

916 2503 1043 2566 dici
1093 2511 1319 2584 potest,
1362 2503 1707 2566 paternitas
1755 2509 1852 2564 est
1904 2502 2408 2582 innascibilitas;

916 2601 1081 2663 sicut
1130 2620 1247 2662 nec
1296 2600 1423 2663 dici
1474 2608 1701 2682 potest,
1754 2600 1932 2663 Ratio
1986 2601 2409 2681 cognoscendi

914 2700 1159 2761 Patrem
1201 2699 1267 2760 in
1307 2706 1617 2780 quantum
1660 2717 1784 2760 non
1826 2707 1923 2760 est
1952 2699 2029 2760 de
2068 2699 2406 2780 principi0‚

914 2805 1010 2860 est
1050 2799 1208 2860 ratio
1248 2797 1667 2878 cognoscendi
1709 2798 1954 2859 Patrem
1998 2798 2061 2858 in
2098 2804 2409 2879 quantum

913 2903 1009 2958 est
1041 2897 1433 2978 principium
1476 2889 1635 2958 Filii.
1673 2896 1747 2957 Et
1788 2895 1880 2957 sic
1920 2913 2045 2957 non
2079 2904 2288 2977 potest
2317 2896 2408 2957 di-

2526 734 2668 797 Haec
2713 735 2900 797 idem.

2605 832 2763 894 Hinc
2793 834 3147 897 Alexander
3181 853 3194 896 :
3231 835 3576 906 Distinctae‚
3613 831 3845 914 inquit,
3879 840 4024 893 sunt

2525 929 2660 992 istae
2710 932 3150 1013 proprietateS,
3203 933 3355 1015 quia
3417 951 3531 1014 per
3581 930 4022 1012 paternitatem

2523 1029 2926 1108 cognoscitur
2975 1031 3154 1092 Pater
3204 1038 3274 1092 ut
3330 1037 3426 1092 est
3485 1027 3882 1112 principium
3932 1027 4022 1088 Fi—

2525 1125 2636 1204 lii3
2673 1145 2788 1207 per
2827 1127 3390 1191 innascibilitatem
3431 1146 3604 1200 vero,
3638 1134 3708 1188 ut
3745 1145 3786 1187 a
3823 1124 4018 1186 nu110.

2522 1223 2820 1296 Quamvis
2863 1243 3013 1306 ergo
3056 1226 3235 1289 Pater
3275 1235 3340 1288 et
3384 1224 3852 1288 innascibilitas
3897 1223 4023 1284 sint

2523 1321 2692 1382 idem
2724 1323 3162 1403 personaliter,
3178 1323 3475 1406 quoniam
3507 1323 3732 1385 eadem
3761 1328 3859 1382 est
3890 1339 4025 1401 per-

2522 1435 2676 1480 sona
2705 1420 2810 1481 cui
2842 1423 3141 1484 convenit
3182 1431 3450 1504 utraque
3491 1421 3666 1484 notio
3705 1421 3862 1498 ista3
3897 1435 4020 1479 non

2523 1523 2735 1579 tamen
2794 1527 2944 1580 sunt
2995 1539 3196 1582 unum
3245 1528 3310 1582 et
3359 1519 3530 1582 idem
3589 1516 4016 1589 notionaliter,

2522 1616 2823 1696 quoniam
2856 1635 2982 1680 non
3013 1627 3110 1680 est
3148 1619 3323 1681 notio
3353 1637 3480 1680 una
3519 1625 3582 1680 et
3621 1618 3868 1688 eadem,
3903 1615 4018 1675 sic-

2525 1720 2592 1773 ut
2641 1733 2760 1776 nec
2801 1717 3022 1779 eadem
3068 1716 3394 1779 habitudo.
3440 1753 3521 1762 —-
3561 1716 3849 1798 Denique
3896 1721 4019 1775 tota

2447 1809 2496 1871 B
2525 1811 2794 1874 Trinitas
2836 1814 3072 1876 dicitur
3109 1815 3532 1876 essentialiter
3560 1821 3781 1876 auctor
3809 1829 4017 1893 respe-

2523 1917 2630 1972 ctu
2669 1919 2990 1975 creaturae.
3026 1915 3262 1975 Auctor
3291 1931 3544 1995 quoque
3585 1911 3824 1975 dicitur
3863 1910 4018 1972 noti-

2520 2008 2808 2083 onaliter,
2842 2019 2906 2072 et
2934 2012 3054 2073 hoc
3087 2011 3426 2093 tripliciter
3459 2029 3473 2072 :
3507 2011 3661 2093 quia
3696 2009 4014 2071 interdum

2521 2107 2822 2190 importat
2865 2109 3451 2183 innascibilitatem,
3501 2117 3570 2172 ut
3617 2128 3822 2191 quum
3870 2107 4018 2169 dici-

2521 2213 2624 2266 tur
2651 2206 2961 2282 absolute,
2995 2207 3174 2270 Pater
3211 2217 3308 2270 est
3345 2216 3600 2286 auctor3
3635 2207 4016 2289 quandoque

2519 2322 2670 2366 vero
2701 2307 3167 2386 paternitatem,
3204 2315 3272 2369 ut
3311 2326 3512 2388 quum
3542 2307 3800 2380 dicitur,
3841 2305 4018 2368 Pater

2520 2411 2740 2464 auctor
2768 2411 2863 2466 est
2891 2404 3065 2483 Filii3
3091 2404 3433 2486 aliquando
3471 2405 3890 2486 spirationem
3919 2422 4016 2465 ac·

2522 2500 2740 2576 tivam,
2774 2502 2941 2564 sicut
2988 2522 3188 2584 quum
3237 2503 3494 2578 dicitur,
3538 2503 3717 2564 Pater
3763 2511 3862 2564 est
3911 2521 4016 2563 au-

2520 2607 2654 2663 ctor
2697 2601 2970 2683 Spiritus
3014 2603 3246 2664 Sancti.
3295 2604 3436 2666 Haec
3480 2602 3851 2664 Alexander.

2601 2699 2949 2762 Concordat
3006 2701 3247 2775 Petrus,
3299 2702 3570 2763 dicendo
3623 2718 3637 2762 ε
3693 2701 3861 2762 Inter
3911 2720 4017 2782 pa-

2518 2797 2880 2860 ternitatem
2939 2807 3003 2859 et
3063 2799 3624 2862 innascibilitatem
3695 2798 4017 2880 colligitur

2518 2894 2884 2957 differentia
2923 2897 3172 2979 triplex.
3222 2897 3450 2972 Prima,
3484 2897 3636 2980 quia
3677 2896 4019 2959 innascibi-

914 2995 996 3069 ci,
1029 2995 1270 3058 Relatio
1299 3014 1425 3077 qua
1464 2994 1737 3056 refertur
1774 2995 1953 3056 Pater
1992 2995 2058 3055 in
2099 3001 2410 3076 quantum
2444 2989 2661 3054 Clitas
2703 2993 2940 3056 dicitur
2983 2995 3294 3076 negative,
3328 2996 3675 3077 paternitas
3718 2995 4011 3078 positive.

915 3112 1041 3157 non
1091 3102 1187 3156 est
1236 3094 1313 3156 de
1365 3092 1703 3175 principio,
1736 3102 1831 3156 est
1882 3093 2102 3156 relatio
2144 3112 2271 3175 qua
2319 3113 2413 3156 re-

913 3191 1117 3254 fertur
1144 3193 1222 3255 ad
1255 3193 1504 3254 Filium.
1524 3192 1707 3254 Notio
1738 3191 1976 3274 quippe
2006 3192 2242 3273 accipit
2271 3211 2409 3254 esse

913 3290 1189 3353 notionis
1218 3309 1256 3352 a
1286 3290 1526 3352 ratione
1559 3289 2027 3367 innotescendi3
2056 3289 2279 3352 relatio
2307 3309 2411 3351 au-

910 3398 1041 3451 tem
1083 3388 1320 3470 accipit
1357 3406 1495 3451 esse
1536 3387 1858 3449 relationis
1897 3407 1934 3449 a
1974 3388 2216 3450 ratione
2256 3388 2410 3449 refe-

912 3489 1111 3550 rendi.
1156 3487 1500 3549 paternitas
1542 3504 1795 3567 quoque
1839 3493 1902 3547 et
1943 3486 2407 3548 innascibilitas

912 3604 1036 3648 non
1085 3586 1322 3648 habent
1370 3584 1839 3667 oppositionem
1888 3585 2243 3646 secundum
2293 3584 2406 3646 ali-

908 3685 1078 3765 quod
1123 3702 1321 3765 genus
1372 3682 1815 3765 oppositionis,
1849 3683 1959 3743 sed
2004 3690 2154 3744 sunt
2205 3684 2405 3745 notio-

908 3801 1021 3844 nes
1069 3790 1133 3844 et
1181 3781 1517 3843 relationes
1567 3782 1917 3862 disparatae.
1972 3780 2099 3843 Nec
2156 3800 2236 3842 ex
2285 3781 2406 3843 hoc

909 3880 1077 3961 quod
1123 3880 1434 3941 uniuntur
1478 3879 1543 3940 in
1587 3898 1713 3940 una
1755 3896 2045 3961 persona,
2080 3878 2407 3942 confertur

907 3979 1000 4041 eis
1031 3980 1200 4059 quod
1231 3979 1359 4040 sint
1389 3996 1516 4039 una
1546 3977 1767 4039 relatio
1798 3997 2002 4045 unave
2032 3978 2210 4040 notio
2243 3996 2257 4040 ε
2293 3978 2411 4040 sic·

909 4086 978 4138 ut
1005 4096 1083 4139 ex
1113 4079 1233 4139 hoc
1264 4077 1433 4159 quod
1464 4076 1691 4139 albedo
1720 4084 1783 4138 et
1816 4078 2060 4139 musica
2095 4078 2408 4138 uniuntur

2520 3091 2828 3167 Secunda,
2881 3093 3031 3175 quia
3084 3094 3547 3157 innascibilitas
3608 3094 3843 3157 dicitur
3901 3113 4017 3176 per

2519 3192 3056 3273 comparationem
3098 3192 3175 3254 ad
3218 3193 3633 3274 principium,
3669 3192 4016 3274 paternitas

2515 3297 2730 3351 autem
2771 3308 2884 3371 per
2923 3292 3464 3373 comparationem
3493 3291 3571 3353 ad
3613 3291 3675 3353 id
3717 3291 3885 3372 quod
3919 3300 4017 3353 est

2515 3406 2552 3447 a
2581 3386 2921 3469 principio,
2958 3396 3112 3469 puta
3147 3390 3226 3451 ad
3267 3389 3521 3464 Filium,
3556 3388 3667 3471 qui
3708 3397 3805 3451 est
3843 3408 3882 3451 a
3911 3390 4019 3452 Pa-

2515 3492 2628 3546 tre.
2665 3486 2892 3559 Tertia,
2930 3486 3082 3567 quia
3129 3486 3594 3549 innascibilitas
3642 3495 3715 3549 ut
3755 3495 3854 3549 est
3903 3506 4018 3551 no-

2517 3583 2625 3658 tio,
2647 3585 3084 3667 praesupponit
3117 3587 3560 3667 paternitatem
3595 3587 3662 3648 in
3690 3587 4012 3667 generali:

2515 3683 2816 3762 quoniam
2871 3692 3058 3765 prout
3108 3693 3206 3746 est
3254 3686 3428 3748 notio
3475 3685 3695 3758 PatriS,
3737 3703 3868 3747 non
3919 3694 4016 3747 est

2517 3800 2676 3861 pura
2725 3782 2994 3862 negatio,
3039 3782 3169 3845 imo
3217 3783 3479 3845 fundata
3527 3791 3624 3845 est
3671 3802 3870 3865 super
3917 3804 4016 3846 ra-

2516 3878 2754 3941 tionem
2815 3878 3192 3943 universalis
3251 3880 3578 3963 principii,
3629 3881 3733 3943 vel
3793 3890 3894 3943 est
3951 3882 4014 3943 ei

2517 3977 2859 4057 conjuncta
2911 3996 2924 4039 ε
2976 3996 3126 4059 ergo
3181 3980 3619 4062 praesupponit
3668 3980 3735 4041 in
3784 3980 4015 4042 eodem

2516 4075 2958 4139 habitudinem
3011 4078 3334 4159 principii.
3387 4080 3604 4159 ltaque
3653 4078 4016 4141 secundum

908 4176 975 4237 in
1026 4176 1301 4249 Socrate,
1356 4192 1483 4237 non
1542 4174 1867 4237 confertur
1915 4176 2008 4237 eis
2058 4176 2230 4257 quod
2281 4195 2406 4237 una
2435 4175 2486 4237 D
2517 4173 2912 4237 intellectum
2945 4176 3244 4257 praecedit
3272 4176 3717 4258 paternitatem
3747 4184 3812 4239 et
3842 4196 4019 4240 com-

908 4275 1036 4336 sint
1078 4274 1369 4355 qualitas.
1416 4274 1559 4337 Haec
1601 4273 1918 4335 AlbertuS.

987 4372 1103 4445 Qui
1154 4374 1346 4435 etiam
1396 4373 1565 4435 circa
1612 4372 1732 4434 hoc
1783 4369 2030 4453 quaerit,
2074 4390 2154 4432 an
2207 4372 2408 4453 possit

908 4472 1168 4535 concedi
1220 4473 1389 4553 quod
1450 4471 1793 4553 paternitas
1844 4470 1925 4531 sit
1981 4470 2402 4543 innascibiliS‚

906 4570 1073 4631 sicut
1120 4570 1289 4651 quod
1340 4569 1519 4630 Pater
1566 4574 1663 4629 est
1714 4567 2132 4629 innascibilis.
2191 4568 2264 4629 Et
2315 4587 2407 4629 re-

906 4668 1175 4750 spondet
1205 4668 1375 4749 quod
1408 4667 1460 4729 si
1494 4666 1556 4749 ly
1589 4666 1984 4728 innascibilis
2022 4673 2273 4728 tenetur
2302 4667 2406 4728 ad-

900 4767 1159 4848 jective,
1213 4783 1339 4828 non
1398 4773 1494 4827 est
1552 4764 2031 4827 concedendum
2081 4766 2253 4845 quod
2303 4765 2402 4826 vel

904 4867 1250 4948 paternitas
1306 4872 1417 4927 aut
1475 4862 1751 4925 essentia
1798 4863 1881 4924 sit
1933 4863 2330 4925 innascibilis
2385 4881 2398 4925 ε

901 4965 1206 5048 quoniam
1237 4964 1329 5027 sic
1370 4962 1771 5044 significatur
1802 4961 2266 5024 innascibilitas
2309 4962 2401 5023 in-

901 5064 1140 5127 haerere
1172 5062 1535 5145 paternitati
1568 5061 1701 5123 sive
1734 5060 2049 5133 essentiae,
2083 5079 2285 5142 quum
2317 5069 2403 5122 ta-

902 5182 1049 5226 men
1096 5182 1221 5225 una
1270 5162 1445 5225 notio
1490 5178 1616 5224 non
1667 5160 1975 5224 inhaereat
2022 5160 2226 5221 alteri.
2277 5160 2400 5221 Aut

900 5270 1153 5324 tenetur
1208 5260 1627 5335 substantive,
1688 5260 1808 5323 hoc
1870 5265 1988 5333 est,
2052 5258 2397 5320 innascibi-

2519 4292 2776 4335 munem
2822 4274 3234 4355 spirationem
3277 4276 3341 4336 in
3383 4275 3683 4355 generali.
3717 4275 3882 4337 Hinc
3927 4278 4019 4339 in-

2515 4371 2907 4433 nascibilitas
2966 4390 3094 4435 non
3155 4380 3362 4454 potest
3416 4373 3586 4435 idem
3637 4392 3778 4435 esse
3839 4376 4018 4455 quod

2515 4470 2881 4550 paternitas,
2914 4471 3208 4552 quamvis
3240 4471 3753 4553 inseparabiliter
3783 4488 4016 4535 conco·

2515 4568 2776 4630 mitetur
2813 4588 2954 4631 eam
2997 4570 3061 4631 in
3105 4570 3362 4643 diviniS‚
3397 4587 3524 4632 non
3567 4578 3778 4632 tamen
3821 4570 3890 4633 in
3926 4572 4022 4633 in-

2513 4666 2874 4729 ferioribus
2920 4669 3064 4731 Haec
3108 4669 3346 4730 Petrus.

2590 4766 2856 4847 Insuper
2899 4765 3172 4846 qualiter
3216 4766 3627 4846 intelligenda
3670 4774 3820 4828 sunt
3865 4767 4014 4843 ista,

2513 4864 2744 4926 clarius
2775 4864 3079 4926 elucescit
3109 4883 3185 4925 ex
3217 4864 3430 4927 verbis
3461 4864 4021 4937 Richardi,dicen-

2510 4962 2590 5024 tis
2645 4979 2658 5023 ε
2713 4962 3176 5025 Innaseibilitas
3235 4970 3544 5044 quantum
3594 4963 3672 5024 ad
3723 4963 3788 5024 id
3835 4966 4018 5045 quod

2510 5060 2720 5142 primo
2759 5068 2855 5122 est
2893 5061 2970 5122 de
3009 5061 3148 5141 ejus
3191 5060 3573 5142 significato,
3607 5078 3734 5123 non
3774 5070 3876 5123 est
3917 5082 4022 5125 ea-

2509 5160 2655 5222 dem
2697 5159 2872 5222 notio
2915 5177 3062 5221 cum
3111 5160 3506 5241 paternitate.
3543 5160 3646 5222 Sic
3687 5159 3866 5221 enim
3919 5161 4021 5222 in-

2509 5258 2898 5323 nascibilitas
2927 5258 3083 5321 dicit
3113 5258 3514 5339 negationem
3545 5257 3874 5341 principii,
3891 5259 4012 5323 boc
