4359 6250
865 455 987 522 480

1471 476 1535 521 m
1575 476 1796 524 Lunum
1839 478 1858 522 1
1902 475 2385 524 SENTENTunUu.
2429 493 2510 503 -
2551 475 2705 522 Dlsr.
2752 476 3028 538 xxxvm3
3072 477 3295 533 QUAEST.
3342 478 3384 523 n

869 654 1162 728 respectu
1209 647 1541 710 malorum.
1587 647 1706 711 Sed
1751 655 2050 711 neutrum
2101 647 2368 709 istorum
2400 643 2452 708 Α
2480 646 2929 709 certitudinem
3002 647 3381 722 absolutam,
3451 647 3561 710 sed
3636 646 3983 730 quamdam

869 753 1152 807 removet
1200 746 1532 809 scientiam
1582 747 2089 828 contingentium
2137 765 2174 808 a
2218 746 2364 807 Deo,

867 875 949 888 —
977 843 1152 916 Quod
1195 845 1288 906 sic
1336 853 1508 926 patet
1551 845 1629 906 de
1673 845 1900 926 primo.
1935 845 2373 918 Quandocum-

870 959 994 1021 que
1033 951 1182 1004 sunt
1220 944 1438 1006 multae
1477 962 1682 1007 causae
1723 943 1935 1017 uniuS,
1968 943 2242 1006 effectus
2276 942 2369 1003 ul-

867 1039 1064 1102 timus
1101 1060 1226 1105 non
1259 1043 1670 1124 consequitur
1700 1061 1954 1105 causam
1992 1042 2265 1124 primam
2305 1040 2369 1101 in

869 1139 1243 1202 necessitate
1281 1148 1344 1202 et
1373 1141 1825 1222 contingentia,
1859 1141 1970 1203 sed
2011 1140 2369 1222 proximam

794 1228 796 1230 ’
869 1256 1124 1300 causam
1161 1258 1174 1303 :
1208 1239 1512 1321 quoniam
1548 1240 1750 1302 virtus
1792 1259 1996 1302 causae
2037 1238 2262 1320 primae
2304 1237 2368 1298 in

869 1355 1059 1399 causa
1117 1338 1394 1400 secunda
1453 1338 1760 1420 recipitur
1819 1337 2172 1400 secundum
2235 1352 2370 1397 mo-

869 1437 1022 1498 dum
1061 1455 1266 1500 causae
1305 1439 1616 1500 secundae.
1653 1436 1937 1499 Effectus
1978 1435 2235 1498 etenim·
2262 1434 2368 1495 ille

867 1553 994 1597 non
1027 1536 1310 1617 procedit
1340 1554 1376 1598 a
1407 1555 1595 1599 causa
1627 1536 1832 1618 prima
1864 1534 1988 1597 nisi
2019 1533 2369 1596 secundum

869 1635 1038 1716 quod
1066 1635 1270 1698 virtus
1303 1655 1508 1699 causae
1539 1634 1761 1717 primae
1791 1634 2098 1716 recipitur
2129 1632 2195 1694 in
2227 1650 2370 1694 cau-

867 1751 936 1794 sa
984 1733 1262 1795 secunda
1303 1753 1318 1798 :
1361 1742 1432 1796 ut
1478 1741 1649 1816 patet
1701 1733 1764 1794 in
1815 1730 2135 1795 floritione
2187 1729 2369 1792 arbo-

869 1831 976 1904 riS,
1021 1831 1206 1914 cujus
1255 1851 1446 1895 causa
1493 1838 1733 1894 remota
1779 1839 1876 1893 est
1927 1838 2135 1893 motus
2191 1828 2365 1902 sotis,
2400 1829 2447 1891 B
2482 1836 2585 1889 tur
2634 1845 2649 1890 ε

868 1928 1157 2011 proxima
1192 1938 1428 2004 autem,
1462 1931 1665 1992 virtus
1703 1929 2066 2011 generativa
2104 1928 2368 2011 plantae3

866 2026 1107 2090 floritio
1143 2037 1358 2091 autem
1402 2028 1701 2112 impediri
1747 2034 1955 2110 potest
1990 2046 2068 2089 ex
2107 2025 2374 2107 impedi-

869 2133 1085 2189 mento
1115 2126 1368 2189 virtutis
1399 2126 1799 2207 generativae‚
1833 2123 2126 2207 quamvis
2161 2131 2371 2185 motus

868 2224 1019 2288 solis
1079 2225 1472 2288 invariabilis
1539 2225 1640 2288 sit.
1704 2224 2012 2287 Similiter
2068 2223 2180 2285 Dei
2244 2221 2372 2284 sci-

867 2324 1038 2386 entia
1069 2333 1164 2386 est
1214 2323 1756 2387 incommutabilis
1805 2323 2095 2385 omnium
2144 2336 2369 2399 causa;

866 2422 1138 2485 effectus
1181 2441 1334 2486 vero
1382 2424 1821 2505 producuntur
1866 2421 1948 2484 ab
1997 2439 2070 2482 ea
2119 2439 2235 2502 per
2279 2439 2373 2482 εε-

868 2523 1220 2585 cundarum
1283 2520 1682 2606 operationes
1747 2539 2083 2583 causarum
2148 2538 2163 2583 :
2228 2519 2371 2581 ideo

867 2621 1296 2684 mediantibus
1354 2620 1730 2684 necessariis
1779 2619 1986 2682 causis
2044 2617 2365 2692 secundiS‚

867 2720 1256 2783 necessarios
1314 2720 1610 2802 producit
1657 2717 1950 2793 effectus,
2001 2725 2073 2779 ut
2121 2724 2367 2780 motum

865 2820 1050 2897 solis3
1074 2819 1184 2881 sed
1216 2818 1644 2881 mediantibus
1677 2816 2197 2898 contingentibus
2230 2835 2372 2878 cau-

865 2920 954 2980 sis
1011 2918 1331 2993 secundiS‚
1395 2917 1832 2997 contingentes
1891 2915 2162 2978 effectus
2224 2935 2365 2998 pro-

866 3018 1061 3079 ducit.

947 3116 1180 3179 Verum
1212 3115 1420 3178 adhuc
1464 3119 1676 3177 manet
1707 3113 2022 3177 dubitatio
2053 3112 2256 3195 major
2286 3113 2365 3177 de

867 3214 1148 3278 secundo
1205 3231 1218 3276 :
1281 3213 1584 3296 quoniam
1643 3232 1831 3275 causa
1890 3213 2096 3295 prima
2154 3232 2367 3276 neccs-

867 3314 1032 3377 saria
1060 3320 1270 3396 potest
1299 3312 1490 3375 simul
1521 3330 1660 3374 esse
1693 3331 1840 3374 cum
1872 3312 2124 3374 defectu
2156 3331 2363 3376 causae

867 3412 1183 3485 secundae,
1237 3418 1306 3473 ut
1355 3419 1564 3473 motus
1622 3410 1774 3473 solis
1823 3430 1970 3472 cum
2030 3410 2362 3473 sterilitate

864 3512 1108 3575 arboris
1135 3529 1152 3592 ;
1193 3512 1303 3574 sed
1334 3510 1601 3573 scientia
1631 3509 1743 3573 Dei
1773 3528 1900 3573 non
1931 3517 2138 3592 potest
2169 3510 2363 3572 simul

865 3620 1030 3673 stare
1081 3630 1228 3673 cum
1282 3608 1535 3672 defectu
1595 3628 1800 3671 causae
1857 3609 2170 3672 secundae.
2223 3608 2360 3671 Non

862 3709 1036 3771 enim
1084 3716 1294 3791 potest
1339 3726 1479 3770 esse
1529 3706 1698 3789 quod
1747 3707 1912 3769 Deus
1961 3706 2119 3769 sciat
2167 3706 2359 3769 istum

863 3825 1224 3881 cursurum,
1267 3814 1331 3868 et
1369 3806 1538 3888 quod
1578 3805 1696 3867 iste
1735 3823 1772 3867 a
1811 3824 2001 3867 cursu
2043 3803 2304 3866 deficiat
2343 3823 2357 3867 ε

862 3914 926 3969 ει
955 3905 1097 3978 hoc,
1124 3912 1382 3987 propter
1413 3903 1860 3966 certitudinem
1893 3902 2198 3975 scientiae,
2232 3920 2358 3965 non

865 4011 1123 4086 propter
1151 4003 1585 4065 causalitatem
1619 4002 1840 4084 ipsius.
1859 4002 2100 4084 Nempe
2129 4002 2209 4063 ad
2240 4002 2361 4065 hoc

861 4102 1032 4184 quod
1076 4101 1344 4164 scientia
1391 4108 1562 4163 certa
1605 4100 1707 4174 sit,
1750 4107 1998 4181 oportet
2042 4119 2183 4162 esse
2226 4119 2361 4163 cer-

2483 744 2881 826 probabilem
2922 753 3033 808 aut
3071 747 3591 828 conjecturalem,
3626 747 3984 809 secundum

2480 843 2650 924 quod
2700 861 2905 906 causae
2952 853 3103 906 sunt
3162 845 3361 926 magis
3417 845 3855 908 determinatae
3901 845 3984 907 ad

2480 960 2680 1003 unum
2729 961 2921 1024 quam
2964 943 3043 1005 ad
3082 944 3275 1006 aliud.
3318 945 3563 1007 Idcirco
3605 963 3721 1027 per
3758 962 3985 1006 causas

2480 1039 2593 1101 has
2623 1040 2827 1123 accipi
2871 1049 3079 1124 potest
3118 1043 3566 1122 conjecturalis
3605 1042 3873 1104 scientia
3903 1042 3983 1104 de

2484 1137 2738 1214 futuris,
2800 1158 2943 1221 quae
3002 1147 3179 1203 tanto
3249 1141 3484 1205 certior
3538 1141 3681 1216 erit,
3742 1150 3983 1222 quanto

2480 1255 2687 1300 causae
2726 1245 2875 1300 sunt
2915 1239 3461 1302 determinatiores
3498 1240 3578 1302 ad
3624 1259 3825 1301 unum
3860 1259 3875 1304 :
3913 1247 3987 1301 ut

2481 1336 2757 1416 cognitio
2801 1337 3028 1399 medici
3069 1338 3148 1400 de
3188 1337 3454 1401 sanitate
3494 1357 3607 1400 seu
3648 1346 3852 1401 morte
3890 1339 3985 1400 in-

2479 1432 2677 1508 firmi,
2713 1435 2989 1515 cognitio
3028 1453 3283 1518 quoque
3318 1437 3615 1517 astrologi
3653 1437 3732 1498 de
3772 1437 3983 1499 ventis

2478 1551 2552 1593 ac
2591 1532 2849 1614 pluviis,
2894 1534 3190 1607 Quaedam
3230 1543 3379 1597 sunt
3416 1535 3608 1597 etiam
3649 1553 3860 1598 causae
3902 1535 3984 1596 ad

2480 1630 2856 1694 utrumlibet
2914 1651 2981 1694 se
3040 1632 3368 1706 habentes,
3422 1635 3486 1696 in
3535 1633 3776 1716 quibus
3821 1631 3983 1695 effe-

2481 1736 2621 1790 ctus
2668 1728 2867 1792 futuri
2918 1731 3159 1794 nullam
3206 1732 3657 1794 certitudinem
3704 1732 3983 1795 sortiun-

2701 1829 2845 1892 ideo
2894 1830 3326 1912 contingentia
3382 1831 3461 1893 ad
3516 1839 3863 1913 utrumque
3914 1830 3983 1892 in

2482 1928 2689 1990 causis
2730 1929 2856 1991 illis
2898 1947 3297 2012 nequaquam
3343 1938 3609 2013 possunt
3656 1931 3977 2011 cognosci.

2481 2025 2601 2088 Sed
2649 2028 2904 2108 quando
2952 2027 3206 2090 realiter
3261 2028 3430 2090 fiunt
3478 2037 3542 2091 ει
3588 2028 3757 2090 facta
3802 2036 3977 2103 sunt,

2482 2123 2717 2185 habent
2762 2123 2825 2187 in
2870 2143 2935 2188 se
2976 2143 3115 2188 esse
3159 2126 3673 2199 determinatum,
3718 2133 3783 2188 et
3824 2134 3981 2188 tunc

2482 2222 3012 2288 certitudinaliter
3050 2233 3518 2306 cognoscuntur
3550 2243 3565 2288 ε
3608 2234 3678 2288 ιιι
3715 2225 3828 2308 qui
3870 2226 3981 2288 So-

2484 2329 2721 2384 cratem
2761 2341 3015 2386 currere
3053 2323 3248 2398 videt,
3290 2324 3817 2388 certitudinaliter
3855 2325 3981 2388 hoc

2484 2421 2808 2504 cognoscit
2848 2423 3003 2485 dum
3048 2424 3245 2486 currit
3286 2443 3355 2486 se
3400 2424 3702 2487 intuente.
3966 2431 3975 2444 '

2564 2520 2718 2583 Dico
2765 2540 2936 2603 ergo,
2996 2523 3165 2604 quod
3219 2523 3385 2586 Deus
3442 2523 3825 2586 aeternaliter
3882 2521 3981 2584 in-

2483 2627 2698 2681 tuetur
2744 2621 3245 2702 unumquodque
3292 2621 3799 2702 contingentium
3848 2638 3983 2683 non

2482 2719 2687 2781 solum
2736 2727 2924 2801 prout
2959 2727 3056 2782 εει
3096 2719 3159 2782 in
3200 2720 3408 2782 causis
3446 2721 3601 2794 ειιίε,
3632 2720 3743 2782 sed
3782 2720 3979 2782 etiam

2482 2826 2673 2900 prout
2716 2825 2813 2881 est
2861 2819 2927 2881 in
2976 2836 3093 2882 suo
3148 2837 3288 2881 esse
3347 2819 3785 2882 determinato.
3840 2819 3981 2881 Nisi

2480 2915 2653 2978 enim
2693 2917 2813 2979 hoc
2841 2924 3029 2991 esset,
3064 2937 3263 2999 quum
3296 2936 3363 2980 re
3392 2917 3735 2980 exsistente
3764 2917 3983 2980 videat

2404 3009 2447 3074 C
2480 3034 2620 3078 eam
2669 3024 2857 3098 prout
2904 3023 3000 3078 est
3050 3015 3116 3078 in
3166 3035 3281 3078 suo
3334 3035 3472 3078 esse
3530 3015 3978 3090 determinato,

2476 3114 2661 3178 aliter
2690 3125 3097 3199 cognosceret
3129 3135 3263 3180 rem
3295 3116 3549 3199 quando
3586 3114 3719 3197 jam
3758 3123 3878 3189 est,
3912 3124 3981 3179 ει

2474 3222 2620 3276 ante
2646 3232 2662 3293 3
2704 3214 2923 3296 sicque
2964 3234 3043 3277 ex
3090 3214 3427 3278 eventibus
3475 3223 3539 3278 et
3586 3214 3979 3277 exsistentiis

2476 3332 2689 3375 rerum
2719 3320 3109 3376 accresceret
3138 3313 3382 3396 aliquid
3412 3332 3543 3377 suae
3574 3313 3834 3376 notitiae.
3870 3314 3981 3376 Pa·

2476 3420 2565 3473 tet
2592 3412 2786 3474 etiam
2816 3413 2986 3494 quod
3020 3414 3186 3476 Deus
3222 3412 3305 3475 ab
3336 3420 3573 3475 aeterno
3602 3431 3730 3476 non
3762 3412 3975 3475 solum

2474 3510 2636 3573 vidit.
2683 3511 2971 3575 ordinem
3020 3512 3120 3574 sui
3168 3512 3244 3573 ad
3295 3530 3453 3585 rem,
3503 3531 3581 3574 ex
3630 3510 3815 3592 cujus
3864 3530 3977 3593 po·

2475 3617 2697 3672 testate
2741 3630 2842 3673 res
2883 3618 3018 3673 erat
3061 3609 3297 3684 futura,
3330 3611 3438 3673 sed
3479 3617 3541 3673 et
3582 3610 3793 3692 ipsum
3835 3630 3977 3673 esse

2472 3708 2565 3771 rei
2606 3708 2991 3771 intuebatur.
3036 3709 3211 3783 Quod
3252 3708 3527 3792 qualiter
3568 3708 3673 3782 sit,
3714 3708 3977 3771 eviden-

2472 3815 2568 3870 ter
2609 3808 2793 3870 docet
2824 3807 3079 3870 Boetius
3119 3807 3184 3870 in
3223 3806 3357 3869 fine
3395 3807 3473 3869 de
3509 3806 3971 3870 Consolatione.

2473 3906 2692 3969 Omnis
2724 3925 2999 3988 namque
3030 3906 3309 3987 cognitio
3336 3914 3433 3968 est
3462 3906 3817 3969 secundum
3844 3924 3976 3968 mo-

2471 4005 2623 4066 dum
2668 4005 3130 4086 cognoscentis,
3174 4011 3244 4066 ut
3282 4004 3526 4066 dictum
3570 4011 3685 4065 est.
3734 4004 3973 4077 Quum—

2470 4123 2597 4185 que
2655 4104 2821 4166 Deus
2878 4111 3155 4166 aeternus
3212 4103 3317 4177 sit,
3369 4122 3485 4165 sua
3541 4102 3819 4183 cognitio
3874 4110 3977 4165 est

860 4200 1202 4263 titudinem
1260 4201 1601 4282 quamdam
1661 4198 1726 4260 in
1784 4198 1962 4260 scito.
2016 4198 2824 4265 SciendumDsecundum
2898 4201 3159 4264 modum
3225 4208 3289 4263 et
3354 4200 3767 4263 eminentiam
3838 4220 3973 4265 suae

861 4315 1034 4378 ergo,
1080 4298 1249 4380 quod
1297 4305 1634 4380 antequam
1688 4314 1787 4358 res
1836 4297 1939 4371 sit,
1991 4314 2116 4359 non
2169 4296 2361 4360 habet

861 4415 1000 4459 esse
1031 4396 1153 4459 nisi
1197 4396 1262 4458 in
1302 4396 1509 4458 causis
1550 4396 1702 4457 ειιίε.
1739 4395 1859 4458 Sed
1889 4396 2176 4477 quaedam
2211 4404 2360 4458 sunt

861 4512 1066 4557 causae
1105 4512 1181 4556 ex
1222 4494 1456 4577 quibus
1503 4493 1860 4557 necessario
1897 4493 2169 4556 effectus
2211 4512 2357 4557 con-

859 4592 1170 4675 sequitur,
1211 4612 1353 4675 quae
1402 4599 1727 4675 nequeunt
1776 4592 2116 4674 impediri3
2165 4601 2357 4676 atque

860 4692 924 4754 in
958 4690 1086 4754 illis
1117 4692 1324 4755 causis
1354 4692 1545 4754 habet
1575 4699 1905 4755 causatum
1936 4710 2074 4754 esse
2109 4700 2356 4755 certum

857 4799 918 4854 et
969 4790 1482 4865 determinatum,
1527 4792 1592 4853 in
1632 4800 1880 4853 tantum
1929 4791 2098 4873 quod
2150 4798 2358 4873 potest

859 4890 950 4951 ibi
978 4890 1435 4953 demonstratio
1475 4888 1620 4952 fieri
1655 4908 1670 4953 :
1704 4889 1871 4953 sicut
1909 4896 2004 4951 est
2043 4898 2221 4953 ortus
2263 4908 2358 4953 so-

857 4988 936 5050 lis
983 4995 1048 5050 et
1095 4988 1373 5071 eclipsis
1418 4988 1714 5063 Quaedam
1764 5006 1915 5051 vero
1959 5007 2163 5052 causae
2208 4998 2357 5052 sunt

855 5106 932 5150 ex
965 5086 1200 5169 quibus
1225 5086 1495 5150 effectus
1522 5094 2002 5169 consequuntur
2031 5105 2147 5169 pro
2178 5095 2354 5168 parte

855 5186 1106 5267 maJ’ori,
1139 5185 1452 5248 deficiunt
1490 5194 1702 5249 tamen
1753 5186 1818 5247 in
1869 5192 2046 5268 parte
2097 5184 2349 5248 minori.

853 5284 1012 5347 Hinc
1061 5284 1124 5346 in
1174 5284 1382 5347 causis
1433 5284 1571 5347 istis
1619 5282 1891 5347 effectus
1940 5301 2066 5346 non
2117 5282 2355 5346 habent

2468 4299 2861 4371 aeternitatiS,
2910 4319 3050 4381 quae
3094 4306 3191 4361 est
3233 4306 3363 4361 tota
3405 4299 3597 4361 simul
3642 4298 3781 4361 sine
3824 4317 3970 4361 suc·

2470 4398 2775 4461 cessione.
2819 4398 3001 4473 Hinc,
3043 4398 3209 4459 sicut
3252 4398 3545 4479 quamvis
3590 4407 3844 4479 tempus
3884 4398 3971 4459 sit

2469 4496 2927 4571 successivum,
2969 4503 3182 4558 tamen
3226 4496 3544 4559 aeternitas
3580 4495 3723 4576 ejus
3761 4496 3969 4557 omni·

2469 4595 2590 4658 bus
2619 4594 3019 4677 temporibus
3050 4613 3328 4677 praesens
3358 4602 3455 4657 est
3486 4614 3611 4657 una
3650 4602 3712 4656 et
3742 4594 3969 4657 eadem

2467 4712 2541 4756 ac
2608 4694 3047 4769 indivisibilis,
3117 4701 3188 4755 ut
3260 4713 3431 4756 nunc
3503 4693 3971 4758 invariabiliter

2467 4800 2640 4856 stans
2688 4810 2702 4855 :
2750 4792 2837 4855 ita
2878 4811 3061 4855 mens
3102 4812 3215 4855 sua
3266 4792 3549 4855 intuetur
3589 4792 3970 4874 temporalia

2468 4899 2717 4966 cuncta,
2736 4891 3030 4973 quamvis
3059 4891 3185 4954 sibi
3215 4891 3641 4963 succedentia,
3662 4898 3969 4974 tanquam

2465 4989 2802 5073 praesentia
2840 4989 3005 5067 sibi3
3047 5008 3165 5052 nec
3206 4988 3451 5071 aliquid
3496 4988 3751 5052 illorum
3793 4989 3971 5052 futu-

2466 5108 2607 5151 rum
2649 5096 2745 5151 est
2785 5094 3078 5169 respectu
3116 5086 3342 5169 ἰρείιιε,
3380 5088 3490 5149 sed
3526 5106 3727 5149 unum
3758 5106 3973 5169 respe-

2466 5192 2572 5247 ctu
2627 5186 2907 5248 alterius,
2972 5185 3168 5259 Unde,
3230 5184 3585 5246 secundum
3642 5185 3964 5261 Boetium‚

2463 5282 2677 5366 aptius
2715 5284 3072 5367 appellatur
3108 5283 3529 5366 providentia,
3565 5303 3761 5366 quam
3810 5304 3973 5369 ραι)-
