4359 6250
1248 491 1400 572 ocor
1441 516 1623 562 uoms
1667 515 1758 562 SIT
1801 515 1954 561 DEUS
1999 515 2061 560 IN
2105 514 2459 571 CRE'ATURIS,
2498 513 2626 560 Ere.

3375 491 3495 556 443

471 686 563 750 Ad
617 686 776 748 illud
815 688 1072 749 demum
1120 689 1288 769 quod
1335 687 1640 769 quaeritur
1678 686 1886 760 tertio,
1921 685 1968 748 A
2003 685 2368 748 diversitate
2423 684 2684 747 rationis
2740 693 3007 757 tantum,
3060 683 3169 744 sed
3219 681 3489 744 realiter.

391 786 488 848 An
521 786 650 847 Deo
690 786 1025 852 conveniat
1055 785 1134 846 ab
1173 793 1408 850 aeterno
1447 804 1584 847 esse
1627 785 1886 867 ubique,

393 882 782 964 respondet:
820 884 1024 956 Quum
1075 883 1330 957 dicitur,
1376 885 1542 946 Deus
1590 891 1686 944 est
1733 901 1892 944 sem-

393 1000 528 1063 per,
561 1001 675 1063 per
707 981 768 1064 ly
799 1001 1071 1064 semper,
1096 983 1222 1045 duo
1252 990 1572 1055 notantur,
1595 981 1890 1043 videlicet

393 1079 752 1160 principale
810 1087 872 1141 et
932 1089 1340 1150 connotatum
1394 1100 1408 1144 ε
1465 1080 1768 1162 quoniam
1829 1079 1890 1161 ly

395 1198 670 1260 semper,
705 1179 1008 1261 supponit
1041 1179 1252 1260 ipsum
1289 1198 1459 1240 nunc
1492 1197 1768 1261 praesens
1798 1178 1890 1239 di—

393 1277 618 1339 vinum
648 1277 738 1358 (et
769 1278 888 1339 hoc
926 1285 1020 1339 est
1057 1277 1460 1359 principale),
1495 1277 1892 1340 connotando

396 1383 606 1437 tamen
637 1382 998 1457 respectum
1029 1375 1107 1436 ad
1137 1375 1352 1437 omnia
1385 1394 1554 1437 nunc
1587 1375 1890 1456 temporis

391 1493 536 1554 qua»
565 1473 798 1535 fluunt.
821 1475 966 1535 ldeo
997 1492 1220 1535 sensus
1252 1481 1345 1535 est
1371 1490 1385 1534 ε
1412 1474 1577 1535 Deus
1606 1481 1702 1534 est
1733 1492 1892 1534 sem-

395 1591 530 1653 per,
567 1571 629 1632 id
671 1579 787 1644 est,
822 1572 986 1633 Deus
1017 1580 1114 1633 est
1146 1571 1212 1633 in
1253 1589 1368 1634 suo
1410 1591 1602 1644 nunc,
1637 1579 1694 1632 et
1731 1591 1890 1632 nun-

390 1689 586 1750 quam
629 1671 805 1732 deest
835 1669 1027 1730 alicui
1071 1671 1410 1751 praeterito,
1447 1668 1741 1751 pra-senti
1782 1676 1891 1730 aut

392 1767 628 1830 futuro.
685 1767 993 1829 Similiter
1043 1769 1282 1846 ubique.
1334 1767 1490 1829 dicit
1548 1767 1889 1849 plenitudi—

2001 785 2206 858 Quum
2238 784 2410 846 enim
2444 785 2609 846 Deus
2643 784 2705 844 in
2744 782 3048 846 creaturis
3081 801 3218 844 esse
3250 782 3497 842 dicatur

2001 882 2351 944 secundum
2395 883 2562 964 quod
2605 881 2699 944 eis
2736 882 2949 963 aliquo
2991 881 3179 942 modo
3220 879 3494 962 applica-

2001 988 2385 1062 tur,oportet
2421 989 2485 1042 ut
2522 981 2629 1042 ubi
2661 988 2756 1043 est.
2786 980 3074 1042 diversus
3105 979 3497 1058 conjunctio-

2001 1079 2101 1140 nis
2131 1079 2659 1161 applicationisve
2693 1079 2937 1150 modus,
2972 1078 3063 1139 ibi
3094 1077 3176 1138 sit
3204 1077 3494 1139 diversus

2003 1177 2229 1239 modus
2258 1178 2507 1240 essendi
2544 1178 2626 1238 in.
2646 1178 3065 1258 Conjungitur
3092 1183 3303 1238 autem
3332 1195 3497 1237 crea-

2004 1282 2141 1336 tura
2185 1275 2313 1336 Deo
2358 1275 2711 1356 tripliciter.
2747 1275 2976 1349 Primo,
3020 1275 3372 1336 secundum
3415 1273 3495 1335 si-

2003 1373 2431 1436 militudinem
2474 1381 2740 1448 tantum,
2775 1374 2839 1436 in
2880 1381 3188 1455 quantum
3228 1373 3293 1434 in
3324 1391 3493 1434 crea-

2000 1479 2141 1534 tura
2181 1473 2504 1535 invenitur
2541 1473 2755 1554 aliqua
2795 1472 3150 1534 similit-udo
3193 1471 3494 1534 bonitatis

1999 1572 2253 1642 divinae,
2307 1589 2433 1634 non
2483 1572 2651 1652 quod
2700 1572 2966 1652 attingat
3014 1572 3223 1653 ipsum
3274 1589 3495 1632 secun-

2000 1669 2151 1730 dum
2186 1670 2547 1750 subject-um
2575 1687 2589 1730 τ
2614 1689 2755 1751 quae
2785 1670 3136 1731 similitudo
3173 1669 3497 1730 invenitur

2003 1766 2066 1827 in
2110 1765 2409 1828 omnibus
2451 1768 2757 1829 creaturis
2797 1787 2909 1848 per
2946 1767 3309 1840 essentiam,
3343 1785 3496 1847 prae-

393 1885 542 1927 nem
587 1865 822 1927 divinae
868 1865 1191 1938 bonitatiS,
1236 1866 1633 1928 connotando
1680 1872 1885 1926 tamen
1925 1868 1972 1930 Β
2003 1866 2271 1927 sentiam
2325 1873 2384 1926 et
2439 1865 2805 1946 potentiam.
2850 1865 3160 1937 Secunde,
3209 1872 3496 1926 creatura

393 1971 756 2045 respectum
795 1963 870 2024 ad
904 1981 1092 2024 omne
1135 1963 1242 2024 ubi
1287 1964 1352 2024 in
1385 1971 1688 2024 creatura.
1725 1963 1890 2024 Deus

391 2081 670 2143 namque
716 2069 1118 2142 comparatur
1159 2063 1236 2123 ad
1283 2079 1382 2124 res
1430 2070 1495 2123 ut
1542 2061 1790 2124 bonitas
1831 2067 1893 2122 et

391 2169 460 2222 ut
488 2160 809 2222 aeternitas
836 2177 850 2220 :
876 2167 932 2221 et
969 2159 1134 2221 sicut
1163 2179 1332 2221 nunc
1365 2179 1493 2222 suae
1523 2161 1891 2222 aeternitatis

392 2264 798 2340 comparatur
837 2259 914 2318 ad
946 2276 1134 2319 omne
1174 2277 1346 2320 nunc
1391 2259 1716 2339 temporiS,
1751 2277 1892 2340 quae

391 2354 784 2438 comparatio
814 2355 1183 2436 designatur
1213 2375 1412 2438 quum
1445 2355 1699 2430 dicitur,
1727 2357 1892 2418 Deus

391 2464 485 2518 est
541 2471 826 2535 semper3
880 2454 966 2515 ita
1024 2453 1354 2535 plenitudo
1412 2474 1541 2516 suae
1591 2453 1891 2516 bonitatis

392 2560 798 2634 comparatur
825 2553 903 2613 ad
936 2570 1190 2614 omnem
1233 2570 1446 2612 rerum
1479 2551 1892 2633 capacitatem

390 2659 454 2713 et
493 2669 685 2713 omne
727 2648 835 2710 uhi
880 2649 1254 2731 replendum
1296 2650 1359 2711 in
1402 2658 1708 2722 creatura,
1753 2669 1894 2731 quae

391 2747 784 2830 comparatio
815 2748 1184 2828 designatur
1214 2767 1415 2829 quum
1447 2747 1703 2823 dicitur,
1727 2749 1893 2810 Deus

391 2856 486 2909 est
536 2846 794 2928 ubique.
829 2846 943 2908 Hic
988 2845 1159 2907 enim
1205 2846 1572 2926 designatur
1622 2865 1893 2928 praescn-

395 2946 480 3008 tia
513 2945 816 3008 bonitatis
856 2943 1108 3017 divinae,
1143 2952 1206 3006 et
1238 2953 1562 3026 respectus
1597 2946 1673 3007 ad
1706 2963 1894 3007 omne

2001 1964 2255 2044 attingit.
2284 1964 2482 2025 Deum
2517 1963 2987 2026 consideratum
3018 1964 3367 2025 secundum
3396 1983 3495 2024 su-

2004 2082 2112 2123 um
2161 2061 2547 2142 subjectum,
2581 2070 2643 2124 et
2693 2081 2819 2124 non
2871 2062 3223 2124 secundum
3274 2061 3497 2124 simili-

2003 2161 2289 2222 tudinem
2341 2168 2583 2222 tantum
2631 2179 2645 2222 ε
2688 2169 2751 2222 et
2798 2162 2917 2223 hoc
2970 2169 3066 2222 est
3119 2180 3234 2243 per
3281 2179 3497 2242 opera-

2003 2259 2263 2333 tionem,
2316 2267 2385 2319 ut
2442 2259 2696 2341 quando
2754 2259 2881 2321 side
2940 2259 3217 2322 adhaeret
3273 2257 3497 2340 primae

2002 2358 2274 2431 veritati,
2310 2365 2372 2418 et
2420 2357 2677 2420 caritate
2726 2377 2993 2420 summae
3043 2357 3329 2420 bonitati.
3367 2357 3496 2419 Sic-

2002 2476 2127 2540 que
2157 2464 2252 2518 est
2292 2455 2453 2517 alius
2496 2456 2741 2529 moduS‚
2776 2473 2902 2538 quo
2940 2457 3106 2518 Deus
3136 2456 3497 2538 specialiter

2001 2564 2098 2618 est
2138 2555 2201 2617 in
2247 2554 2481 2616 sanctis
2522 2573 2635 2635 per
2675 2555 3021 2616 caritatem.
3057 2555 3285 2625 Terti0‚
3330 2574 3496 2618 crea—

2004 2663 2144 2716 tura
2187 2653 2440 2733 attingit
2481 2653 2681 2714 Deum
2726 2671 2853 2714 non
2897 2654 3103 2715 solum
3142 2654 3494 2716 secundum

2003 2752 2461 2833 operationem,
2513 2752 2622 2813 scd
2673 2749 2822 2814 item
2880 2752 3232 2813 secundum
3285 2771 3423 2813 esse
3476 2769 3490 2813 :

2005 2869 2130 2913 non
2188 2858 2372 2932 prout
2424 2869 2562 2912 esse
2616 2857 2708 2912 est
2758 2858 2935 2911 actus
2984 2850 3296 2924 essentiae,
3349 2851 3499 2931 quia

2005 2957 2294 3011 creatura
2336 2967 2462 3010 non
2510 2957 2710 3031 potest
2759 2951 3024 3012 transire
3068 2957 3173 3010 aut
3219 2951 3380 3012 verti
3435 2950 3498 3011 in

391 3045 504 3106 ubi
568 3043 962 3125 replendum.
1024 3042 1169 3104 Ideo
1227 3061 1451 3104 sensus
1510 3049 1606 3104 est
1659 3061 1672 3105 :
1728 3044 1894 3105 Deus
1932 3048 1974 3110 C
2006 3055 2297 3108 naturam
2330 3047 2651 3127 divinam3
2684 3048 2792 3110 sed
2825 3048 3175 3110 secundum
3208 3049 3376 3131 quod
3408 3068 3503 3110 es-

393 3162 675 3225 praesens
703 3149 799 3204 est
828 3140 999 3203 omni
1046 3140 1178 3214 ubi,
1212 3148 1276 3203 et
1307 3141 1507 3222 replet
1539 3159 1726 3203 omne
1758 3141 1889 3201 ubi.

393 3240 840 3321 Principaliter
885 3247 1097 3302 autem
1143 3239 1510 3320 designatur
1559 3240 1896 3321 praesentia

391 3358 464 3400 ac
521 3338 852 3419 plenitudo
899 3337 1200 3400 bonitatis
1250 3338 1502 3411 divina»,
1550 3358 1750 3419 quum
1804 3340 1894 3400 di-

391 3438 585 3509 citur,
619 3438 782 3499 Deus
813 3443 907 3498 est
939 3455 1252 3518 praesens3
1296 3436 1525 3498 deinde
1569 3443 1894 3518 respectus

392 3543 793 3608 connotatus,
851 3554 1052 3616 quum
1109 3534 1364 3609 dicitur,
1425 3536 1648 3617 Replet
1707 3553 1896 3596 omne

391 3634 506 3695 ubi
547 3634 703 3715 :qui
749 3642 1076 3715 respectus
1117 3640 1214 3695 est
1259 3633 1644 3715 temporalis.
1690 3635 1896 3696 Potest.

389 3740 611 3793 autem
663 3740 986 3813 respectus
1039 3730 1156 3793 iste
1207 3732 1332 3793 dici
1394 3732 1750 3793 secundum
1798 3751 1895 3794 ac-

392 3838 536 3892 tum
581 3837 642 3891 et
685 3830 1035 3891 secuudum
1084 3829 1392 3891 habitum.
1431 3830 1493 3892 Si
1541 3830 1894 3891 secundum

389 3927 708 4001 habitum,
750 3926 842 3989 sic
889 3947 1113 3990 verum
1162 3936 1278 4001 est,
1322 3930 1488 3991 Deus
1537 3928 1617 3989 ab
1661 3935 1894 3989 aeterno

389 4035 488 4088 est
531 4045 783 4108 semper
815 4043 830 4087 ε
865 4028 1166 4108 quoniam
1208 4029 1374 4090 Deus
1413 4027 1494 4089 ab
1534 4034 1770 4089 aeterno
1800 4034 1895 4088 est

393 4126 458 4186 in
497 4143 616 4187 suo
652 4144 844 4199 nunc,
880 4126 1047 4206 quod
1090 4134 1186 4187 est
1215 4132 1434 4206 aptum
1473 4134 1542 4186 ut
1573 4143 1700 4187 non
1732 4125 1896 4187 desit

2007 3166 2073 3207 se
2105 3155 2201 3207 est
2230 3155 2407 3209 actus
2440 3146 2797 3229 hypostasis
2828 3166 2939 3209 seu
2976 3165 3261 3229 personae
3290 3148 3367 3210 ad
3401 3167 3506 3209 cu-

2001 3244 2108 3326 jus
2141 3244 2443 3307 unionem
2476 3252 2762 3307 creatura
2792 3252 3119 3327 assumpta
3146 3254 3260 3308 est.
3278 3246 3504 3329 Sicque

2005 3349 2101 3403 est
2143 3341 2406 3403 ultimus
2450 3344 2697 3415 moduS,
2732 3361 2858 3425 quo
2898 3344 3063 3406 Deus
3102 3352 3197 3405 est
3239 3344 3299 3406 in
3336 3345 3507 3408 Chri-

2006 3447 2102 3502 sto
2145 3460 2258 3522 per
2299 3440 2619 3503 unionem.
2655 3442 2844 3504 Porro
2886 3462 2963 3504 ex
3005 3451 3181 3525 parte
3220 3444 3331 3506 Dei
3377 3464 3503 3506 non

2007 3538 2331 3601 invenitur
2360 3540 2547 3601 realis
2580 3540 3235 3604 diversitas.Essentia
3266 3543 3502 3604 etenim

2007 3637 2116 3698 Dei
2162 3656 2361 3717 quum
2406 3638 2487 3698 sit
2527 3637 2813 3699 absoluta
2855 3638 2934 3698 ab
2978 3639 3150 3698 omni
3193 3647 3499 3713 creatura,

2007 3754 2132 3797 non
2165 3742 2260 3797 est
2293 3735 2357 3796 in
2397 3755 2471 3797 ea
2511 3736 2636 3798 nisi
2680 3744 2867 3817 prout
2906 3735 2964 3797 ei
3002 3736 3360 3818 applicatur
3391 3758 3505 3819 pcr

2005 3833 2478 3914 operationem3
2510 3840 2700 3914 atquc
2746 3835 3095 3895 seeundum
3142 3836 3307 3916 quod
3355 3854 3502 3917 ope-

2007 3939 2181 3993 ratur
2211 3932 2275 3993 in
2310 3951 2397 4005 re,
2432 3931 2665 3993 dicitur
2694 3950 2833 3994 esse
2875 3932 2940 3993 in
2973 3932 3110 4013 ipsa
3149 3936 3501 3997 secundum

2009 4030 2433 4110 praesentiam,
2479 4028 2629 4112 quia
2677 4036 2925 4111 oportet
2973 4048 3241 4111 operans
3289 4032 3503 4113 aliquo

2009 4127 2197 4188 modo
2236 4146 2372 4189 esse
2414 4147 2691 4209 pra-sens
2735 4135 3011 4208 operato.
3050 4128 3125 4190 Et·
3164 4130 3314 4210 quia
3356 4148 3502 4211 ope—

390 4224 590 4285 alicui
651 4224 944 4306 tempori.
1010 4224 1429 4287 Conlormiter
1487 4243 1709 4287 verum
1773 4231 1890 4297 est,
1926 4234 1975 4295 D
2008 4225 2165 4287 ratio
2196 4227 2305 4289 Dei
2350 4245 2474 4288 non
2517 4234 2845 4308 separatur
2881 4246 2918 4288 a
2950 4228 3184 4289 virtute
3224 4228 3439 4291 divina
3468 4250 3505 4292 a

391 4324 564 4385 Deus
593 4322 672 4385 ab
703 4332 940 4385 aeterno
978 4331 1074 4384 est
1108 4322 1366 4405 ubique,
1403 4331 1470 4385 ut
1501 4324 1583 4385 sit
1617 4342 1840 4385 sensus
1875 4342 1888 4386 :

392 4421 648 4483 Bonitas
687 4421 906 4483 divina
943 4427 1091 4502 apta
1117 4429 1213 4484 est
1244 4421 1488 4504 replere
1529 4440 1716 4484 omne
1759 4422 1888 4483 ubi.

394 4520 458 4581 Si
511 4538 662 4581 vero
721 4526 1132 4582 connotatum
1193 4520 1259 4581 in
1321 4527 1586 4601 utraque
1647 4519 1893 4581 dicatur

393 4620 750 4680 secundum
809 4626 1047 4691 actum,
1100 4619 1193 4681 sic
1251 4618 1428 4680 nulla
1486 4619 1738 4680 illarum
1798 4625 1894 4679 est

393 4735 546 4778 vera
577 4734 592 4777 τ
625 4718 778 4798 quia
823 4716 1230 4780 insinuantur
1270 4724 1521 4799 tempus
1561 4726 1624 4779 et
1664 4716 1772 4778 ubi
1812 4716 1891 4777 ab

393 4823 630 4877 aeterno
673 4814 893 4876 fuisse.
930 4814 1072 4877 Haec
1115 4815 1485 4877 Alexander.

475 4914 780 4977 Praeterea
811 4914 1080 4975 Thomas
1112 4914 1216 4975 hic
1255 4913 1476 4975 scribit
1509 4932 1522 4975 :
1557 4914 1894 4977 Distinctio

395 5013 728 5075 modorum
764 5012 1026 5073 istorum
1059 5012 1291 5093 partim
1321 5013 1626 5093 accipitur
1655 5033 1730 5075 ex
1762 5033 1897 5095 par-

397 5118 456 5172 te
488 5117 813 5182 creatum,
848 5108 1078 5190 partim
1111 5129 1187 5171 ex
1221 5118 1396 5192 parte
1428 5111 1558 5173 Dei.
1595 5112 1684 5173 Ex
1716 5120 1894 5194 parte

395 5215 720 5282 creaturae,
757 5206 823 5268 in
865 5216 1172 5288 quantum
1214 5209 1464 5271 diverso
1506 5210 1694 5272 modo
1726 5210 1893 5271 ordi-

395 5312 583 5369 natur
634 5306 701 5368 in
757 5307 958 5368 Deum
1017 5325 1089 5369 ac
1143 5306 1434 5388 jungitur
1491 5306 1572 5381 ei,
1627 5324 1754 5369 non
1813 5327 1890 5371 ex

2007 4344 2134 4406 qua
2173 4324 2324 4397 exit,
2367 4326 2507 4386 ideo
2548 4326 2711 4387 Deus
2750 4325 2986 4386 dicitur
3022 4344 3163 4387 esse
3202 4326 3269 4388 in
3314 4327 3503 4389 rebus

2010 4442 2124 4504 per
2155 4423 2523 4504 potentiam.
2546 4423 2803 4497 RursuS,
2824 4424 3125 4505 quoniam
3158 4425 3362 4488 virtus
3392 4426 3501 4489 Dei

2007 4528 2102 4583 est
2149 4540 2263 4582 sua
2306 4522 2601 4593 essentia,
2635 4522 2924 4602 sequitur
2966 4523 3133 4603 quod
3184 4523 3375 4585 etiam
3422 4526 3503 4587 sit

2010 4620 2073 4681 in
2127 4618 2319 4681 rebus
2369 4639 2481 4701 per
2529 4620 2889 4682 essentiam.
2926 4622 3067 4683 Haec
3117 4621 3386 4684 Thomas
3433 4623 3501 4684 in

2006 4718 2273 4799 Scripto.
3569 4801 3574 4806 “

2086 4818 2306 4880 Petrus
2337 4836 2485 4879 vero
2518 4817 2683 4879 circa
2715 4818 2834 4879 hoc
2868 4817 3183 4899 loquitur:
3208 4818 3499 4900 Quinque

2005 4924 2156 4977 sunt
2216 4916 2384 4977 modi
2439 4915 2675 4996 quihus
2733 4916 2900 4978 Deus
2954 4916 3187 4978 dicitur
3234 4936 3371 4979 esse
3430 4918 3497 4979 in

2006 5016 2334 5088 creaturiS,
2369 5031 2640 5094 quorum
2671 5013 3063 5075 sufficientia
3091 5013 3366 5075 sumitur
3395 5016 3494 5077 vel

2005 5133 2080 5175 ex
2134 5121 2309 5195 parte
2360 5111 2491 5183 Dei,
2539 5111 2639 5171 vel
2688 5130 2763 5172 ex
2816 5118 2989 5192 parte
3039 5117 3359 5174 creaturae.
3405 5112 3494 5174 Ex

2005 5217 2181 5292 parte
2231 5209 2365 5282 Dei,
2402 5215 2497 5270 cst
2543 5209 2942 5271 considerare
2994 5209 3057 5270 in
3109 5211 3235 5273 Deo
3283 5229 3494 5273 essen-

2002 5309 2156 5371 tiam
2190 5308 2329 5388 ejus
2361 5306 2711 5370 secundum
2744 5325 2833 5382 se,
2857 5314 2920 5369 et
2949 5307 3099 5369 huic
3130 5310 3495 5391 appropria—
