4359 6250
866 465 907 528 2
1788 481 1963 528 menn
2005 482 2026 527 1
2068 479 2549 527 sumum-unum.
2597 497 2678 508 —
2718 479 2871 525 nrsr.
2919 479 3048 525 xvn

1629 735 1700 798 C.
1763 737 2347 801 Auctoritatibus
2405 738 2515 800 ita
2576 750 2731 800 esse
2789 736 3208 810 confirmat.

997 958 1097 1022 Ne
1136 961 1356 1021 autem
1395 957 1464 1019 in
1501 973 1570 1020 re
1612 957 1792 1019 tanta
1833 956 2084 1038 aliquid
2121 956 2202 1019 de
2239 956 2464 1019 nostro
2507 954 2778 1018 influere
2816 955 3181 1038 videamur,
3224 957 3427 1020 sacris
3474 958 3971 1022 auctoritatibus

863 1074 1042 1155 quod
1070 1075 1320 1137 dictum
1359 1073 1459 1137 est
1494 1071 2012 1136 corroboremus.
2046 1071 2146 1135 De
2181 1073 2309 1134 hoc
2337 1071 2751 1152 Augustinus
2788 1073 2857 1134 in
2901 1075 3131 1135 octavo
3168 1073 3336 1137 libro
3374 1073 3455 1137 de
3484 1074 3800 1137 Trinitate
3830 1075 3922 1137 ait
3955 1095 3969 1136 :

570 1207 837 1282 Anguem-
865 1190 994 1264 Qui
1033 1191 1412 1271 proximum
1449 1188 1688 1270 diligit,
1731 1204 2137 1268 consequens
2175 1187 2276 1250 est
2310 1189 2385 1250 ut
2421 1187 2636 1268 ipsam
2677 1189 3005 1269 praecipue
3042 1189 3461 1254 dilectionem
3500 1189 3751 1272 diligat.
3794 1192 3974 1255 Deus

568 1271 831 1386 fflssf‘ss’7f¹b'
864 1306 1086 1369 autem
1136 1305 1400 1368 dilectio
1439 1305 1557 1367 est.
1593 1303 2015 1384 Consequens
2053 1319 2207 1383 ergo
2241 1304 2341 1366 est
2376 1304 2451 1366 ut
2486 1304 2815 1384 praecipue
2852 1303 3065 1368 Deum
3098 1305 3349 1386 diligat.
3383 1307 3551 1370 Item
3588 1307 3658 1369 in
3696 1307 3968 1370 eodem:

569 1434 632 1478 {J
626 1448 832 1486 nnnnnnnn
862 1421 1044 1485 Deus
1067 1421 1328 1486 dilectio
1360 1422 1482 1500 est,
1520 1422 1594 1483 ut
1635 1419 1727 1482 ait
1753 1420 2042 1483 Joannes
2072 1419 2433 1500 apostolus.
2477 1420 2565 1482 Ut
2602 1420 2761 1500 quid
2799 1436 2952 1501 ergo
2992 1421 3169 1484 imus
3207 1422 3273 1485 et
3300 1423 3627 1485 currimus
3664 1423 3732 1484 in
3770 1423 3975 1486 subli-

570 1502 736 1618 8'Aug.
761 1560 836 1603 um
863 1538 999 1600 mia
1041 1538 1356 1602 coelorum
1394 1539 1459 1601 et
1494 1538 1632 1599 ima
1663 1537 2010 1614 terrarum,
2052 1536 2419 1615 quaerentes
2459 1553 2613 1599 eum
2656 1535 2772 1616 qui
2810 1537 2909 1599 est
2958 1536 3133 1617 apud
3169 1554 3314 1615 noS‚
3347 1537 3405 1599 si
3445 1554 3567 1600 nos
3606 1538 3783 1618 apud
3819 1555 3971 1601 eum

565 1625 832 1680 ’‘mmm“
865 1672 1008 1719 esse
1045 1653 1329 1717 velimus
1353 1653 1384 1714 ‘2
1413 1653 1625 1716 Nemo
1655 1652 1831 1714 dicat
1863 1671 1877 1711 ε
1909 1650 2062 1713 Non
2097 1651 2254 1713 novi
2284 1650 2443 1730 quid
2473 1649 2767 1732 diligam.
2809 1651 3059 1732 Diligat
3086 1650 3378 1732 fratrem,
3420 1654 3484 1715 et
3520 1653 3751 1734 diligat
3787 1671 3971 1716 eam-

863 1770 1015 1833 dem
1061 1770 1502 1834 dilectionem.
1545 1768 1755 1850 Magis
1803 1768 1980 1832 enim
2026 1767 2213 1830 novit
2272 1767 2692 1830 dilectionem
2740 1784 2872 1848 qua
2924 1767 3163 1848 diligit,
3206 1784 3406 1849 quam
3457 1768 3725 1832 fratrem
3773 1786 3971 1850 quem

862 1886 1100 1967 diligit.
1135 1887 1303 1950 Ecce
1325 1885 1467 1966 ‚iam
1495 1885 1683 1966 potes
1719 1885 2046 1947 notiorem
2083 1885 2303 1946 Deum
2331 1883 2570 1946 habere
2599 1900 2799 1964 quam
2840 1883 3106 1946 fratrem
3142 1905 3156 1945 :
3198 1884 3390 1964 plane
3427 1885 3775 1964 notiorem,
3818 1886 3975 1966 quia

617 2021 637 2042 ·
658 2019 792 2062 noum
862 2003 1379 2084 praesentiorem,
1430 2003 1587 2083 quia
1633 2002 2040 2082 interiorem,
2100 2001 2256 2082 quia
2311 2000 2681 2063 certiorem.
2731 1999 3146 2080 Amplectere
3203 1999 3623 2064 dilectionem
3675 2001 3798 2064 Dei
3822 1995 3869 2080 *,
3910 2003 3975 2064 et

862 2119 1212 2183 dilectione
1249 2118 1642 2200 amplectere
1676 2119 1917 2182 Deum.
1960 2117 2112 2198 Ipsa
2162 2119 2263 2179 est
2298 2115 2562 2179 dilectio
2612 2133 2761 2197 quae
2810 2132 3039 2179 omnes
3076 2115 3285 2179 bonos
3330 2117 3597 2198 angelos
3636 2119 3699 2180 et
3745 2135 3975 2180 omnes

861 2235 984 2299 Dei
1029 2252 1256 2299 servos
1292 2234 1624 2298 consociat
1664 2234 1928 2297 vinculo
1973 2232 2361 2296 sanctitatis.
2404 2233 2664 2307 Quanto
2703 2249 2855 2314 ergo
2893 2232 3186 2295 saniores
3223 2250 3457 2296 sumus
3494 2251 3532 2296 a
3568 2235 3826 2297 tumore
3864 2251 3975 2296 su-

861 2351 1126 2433 perbiae,
1168 2353 1349 2414 tanto
1398 2368 1632 2415 sumus
1675 2350 2025 2414 dilectione
2063 2349 2415 2430 pleniores.
2457 2347 2542 2412 Et
2586 2367 2718 2430 quo
2772 2349 2901 2412 nisi
2951 2350 3092 2412 Deo
3143 2349 3378 2430 plenus
3425 2351 3524 2413 est
3578 2351 3693 2431 qui
3740 2349 3975 2432 plenus

863 2469 963 2532 est
999 2468 1348 2532 dilectione
1368 2468 1399 2530 ‘3
1437 2468 1561 2530 His
1607 2466 1826 2531 verbis
1869 2466 2030 2530 satis
2082 2466 2369 2529 ostendit
2404 2466 2840 2547 AugustinuS,
2882 2465 3060 2546 quod
3096 2465 3359 2529 dilectio
3409 2467 3552 2547 ipsa
3593 2485 3723 2548 qua
3759 2467 3977 2547 diligi-

863 2602 1014 2648 mus
1063 2584 1280 2648 Deum
1327 2585 1432 2648 vel
1483 2583 1888 2665 proximum,
1930 2582 2112 2646 Deus
2155 2582 2276 2645 est.
2321 2582 2450 2646 Sed
2500 2582 2714 2644 adhuc
2760 2582 3051 2662 apertius
3096 2583 3166 2644 in
3214 2583 3444 2646 eodem
3501 2581 3668 2646 libro
3724 2581 3970 2661 subdit,

609 2714 788 2758 thidum.
862 2701 1086 2764 dicens
1110 2721 1124 2762 :
1149 2699 1586 2764 Dilectionem
1612 2699 1933 2779 quantum
1963 2698 2380 2761 commendet
2400 2698 2441 2760 J
2443 2714 2687 2760 oannes
2716 2697 3057 2778 apostolus
3092 2699 3546 2761 attendamus:
3572 2698 3701 2772 Qui
3732 2698 3970 2779 diligit,

572 2777 834 2883 1¹ol.⁰““”'¹'’
863 2816 1100 2897 inquit,
1145 2815 1436 2896 fratrem,
1478 2816 1548 2877 in
1584 2814 1836 2877 lumine
1867 2815 2110 2894 manet,
2153 2815 2218 2877 et
2244 2813 2630 2877 scandalum
2660 2814 2729 2876 in
2767 2830 2843 2877 eo
2883 2829 3015 2876 non
3046 2814 3165 2876 est.
3208 2813 3632 2878 Manifestum
3662 2815 3761 2877 est
3798 2814 3977 2894 quod

856 2933 1135 3014 justitiae
1191 2931 1663 3014 perfectionem
1715 2929 1786 2993 in
1844 2930 2064 2993 fratris
2119 2930 2469 2993 dilectione
2519 2930 2815 3010 posuerit
2856 2951 2870 2990 :
2913 2946 3069 2993 nam
3122 2931 3190 2992 in
3242 2947 3373 3012 quo
3415 2931 3797 2994 scandalum
3844 2948 3977 2995 non

864 3052 986 3131 est,
1010 3050 1238 3131 utique
1266 3046 1596 3130 perfectus
1634 3048 1753 3110 est.
1787 3048 1872 3110 Et
1902 3049 2122 3110 tamen
2151 3046 2413 3110 videtur
2448 3045 2868 3109 dilectionem
2904 3046 3027 3109 Dei
3057 3046 3341 3110 tacuisse
3375 3066 3388 3108 z
3422 3047 3600 3130 quod
3636 3064 3977 3129 nunquam

865 3166 1128 3247 faceret,
1168 3167 1299 3229 nisi
1337 3166 1493 3246 quia
1529 3166 1599 3228 in
1637 3166 1782 3246 ipsa
1819 3164 2103 3228 fraterna
2139 3164 2489 3228 dilectione
2526 3163 2671 3227 vult
2706 3163 2985 3244 intelligi
3031 3164 3270 3228 Deum.
3314 3165 3746 3246 Apertissime
3798 3166 3976 3229 enim

569 3298 835 3351 mamm.
864 3285 934 3347 in
972 3283 1202 3347 eadem
1243 3282 1522 3363 epistola
1557 3282 1755 3363 paulo
1794 3282 1946 3362 post
1982 3282 2075 3344 ait
2112 3280 2205 3344 ita
2239 3301 2252 3341 :
2294 3280 2751 3359 Dilectissimi,
2784 3280 3140 3361 diligamus
3177 3281 3483 3362 invicem,
3517 3283 3674 3364 quia
3710 3282 3974 3347 dilectio

865 3419 948 3465 ex
998 3400 1138 3463 Deo
1193 3401 1293 3462 est
1334 3418 1348 3459 :
1393 3400 1458 3461 et
1496 3398 1712 3460 omnis
1765 3396 1880 3477 qui
1925 3397 2165 3477 diligit,
2202 3414 2283 3459 ex
2334 3396 2474 3460 Deo
2524 3396 2721 3459 natus
2768 3397 2889 3476 est,
2924 3397 2989 3460 et
3038 3398 3346 3479 cognovit
3380 3399 3632 3480 Deum3
3674 3399 3789 3481 qui
3843 3417 3975 3463 non

864 3516 1105 3597 diligit,
1158 3531 1292 3578 non
1349 3514 1658 3595 cognovit
1710 3514 1950 3593 Deum,
2013 3513 2169 3594 quia
2230 3513 2411 3576 Deus
2466 3512 2729 3576 dilectio
2790 3514 2908 3575 est.
2962 3514 3097 3576 Ista
3144 3515 3474 3578 contextio
3529 3517 3689 3580 satis
3755 3518 3977 3598 aperte

866 3632 1172 3711 declarat,
1205 3630 1506 3695 eamdem
1528 3628 1750 3711 'ipsam
1790 3629 2142 3693 fraternam
2177 3629 2597 3692 dilectionem
2637 3628 2819 3709 (narn
2852 3628 3134 3692 fraterna
3161 3629 3424 3694 dilectio
3454 3633 3554 3695 est
3588 3649 3720 3713 qua
3757 3633 3977 3714 diligi-

866 3766 1019 3812 mus
1047 3745 1360 3828 invicem)
1391 3763 1524 3809 non
1562 3746 1779 3810 solum
1819 3764 1902 3809 ex
1938 3747 2103 3825 Dec,
2136 3744 2253 3809 sed
2290 3746 2489 3808 etiam
2517 3745 2735 3808 Deum
2773 3762 2938 3825 esse,
2971 3747 3153 3808 tanta
3187 3746 3572 3810 auctoritate
3608 3748 3971 3829 praedicari,

867 3863 1117 3927 scilicet
1170 3862 1467 3925 Joannis.
1521 3862 1743 3934 Quum
1799 3877 1950 3941 ergo
2013 3877 2094 3923 ex
2144 3860 2493 3923 dilectione
2554 3859 2895 3939 diligimus
2952 3860 3243 3942 fratrem,
3306 3860 3388 3925 de
3436 3863 3577 3926 Deo
3637 3864 3978 3945 diligimus

870 3980 1160 4042 fratrem.
1221 3978 1358 4042 Nec
1415 3977 1556 4041 fieri
1614 3977 1831 4058 potest
1886 3977 1963 4039 ut
2016 3976 2317 4040 eamdem
2385 3975 2804 4039 dilectionem
2860 3993 2994 4039 non
3049 3978 3379 4059 praecipue
3438 3979 3794 4060 diligamus
3848 3998 3979 4062 qua

631 4105 741 4161 Auz-
769 4102 845 4147 ubi
872 4094 1140 4158 fratrem
1168 4093 1532 4174 diligimuS,
1561 4092 1876 4173 quoniam
1904 4091 2085 4155 Deus
2121 4092 2384 4155 dilectio
2415 4092 2534 4155 est.
2571 4090 2738 4155 Item
2772 4111 2786 4151 ε
2822 4091 2951 4165 Qui
2988 4108 3123 4154 non
3149 4091 3366 4173 diligit
3396 4093 3687 4175 fratrem,
3707 4112 3842 4158 non
3879 4098 3980 4159 est

577 4181 722 4224 'um'
872 4210 939 4272 in
978 4210 1363 4290 dilectione3
1396 4210 1462 4272 et
1506 4209 1621 4290 qui
1663 4225 1797 4271 non
1840 4210 1940 4271 est
1978 4208 2046 4269 in
2087 4207 2459 4285 dilectione,
2492 4223 2625 4269 non
2673 4209 2773 4269 est
2808 4207 2877 4269 in
2914 4207 3079 4288 Deo,
3112 4209 3267 4288 quia
3313 4210 3495 4273 Deus
3540 4210 3803 4274 dilectio
3851 4212 3973 4275 est.

872 4328 1041 4390 Ecce
1076 4327 1299 4407 aperte
1345 4325 1504 4387 dicit
1555 4324 1907 4388 fraternam
1954 4323 2375 4387 dilectionem
2422 4323 2640 4386 Deum
2689 4339 2854 4387 esse.

1008 4575 1092 4639 D.
1139 4579 1335 4643 Quod
1375 4576 1727 4649 fraterna
1777 4576 2069 4638 dilectio
2118 4590 2343 4651 quum
2388 4575 2488 4638 sit
2532 4578 2745 4650 Deua,
2795 4590 2947 4640 non
2992 4579 3101 4639 est
3144 4579 3373 4641 Pater
3418 4584 3533 4642 vel
3578 4582 3837 4655 Filia-5,

1981 4695 2109 4754 sed
2153 4692 2482 4765 Spiritus
2525 4694 2863 4756 Sanetus,

1011 4918 1234 4991 Quum
1290 4916 1512 4979 autem
1566 4912 1849 4976 fraterna
1898 4911 2162 4975 dilectio
2202 4912 2292 4974 sit
2337 4911 2541 4991 Deus,
2584 4930 2703 4976 nec
2754 4914 2949 4977 Pater
2996 4917 3096 4977 est
3128 4932 3249 4979 nec
3284 4916 3517 4997 Filius,
3569 4918 3684 4981 sed
3722 4920 3979 4983 tantum

878 5033 1164 5114 Spiritus
1203 5031 1504 5109 Sanctus,
1550 5028 1664 5109 qui
1712 5028 1973 5108 proprie
2024 5028 2090 5089 in
2129 5026 2447 5091 Trinitate
2496 5028 2761 5092 dilectio
2803 5029 2907 5092 vel
2946 5030 3179 5093 caritas
3230 5031 3490 5095 dicitur.
3525 5034 3712 5098 Unde
3748 5034 3981 5116 Augu-

589 5155 848 5207 wid-libam
879 5149 1094 5212 stinus
1123 5148 1191 5210 in
1230 5145 1720 5227 quintodecimo
1764 5143 1930 5207 libro
1969 5144 2049 5207 de
2077 5142 2395 5206 Trinitate
2431 5164 2445 5204 :
2478 5144 2547 5207 Si
2585 5145 2653 5207 in
2694 5144 2886 5208 donis
2921 5146 3045 5209 Dei
3082 5147 3249 5209 nihil
3292 5150 3392 5211 est
3432 5150 3649 5229 majus
3688 5152 3975 5231 caritate,

588 5223 852 5329 ⁰130.st
882 5265 948 5327 et
988 5263 1245 5326 nullum
1298 5263 1395 5324 est
1437 5260 1656 5341 maJus
1705 5261 1956 5323 donum
2009 5260 2134 5324 Dei
2181 5276 2383 5339 quam
2432 5260 2719 5342 Spiritus
2764 5262 3065 5343 SanctuS,
3104 5264 3265 5343 quid
3314 5268 3823 5348 consequentius
3880 5269 3981 5331 est
