4359 6250
1263 493 1349 538 AN
1390 493 1631 538 VERBUM
1675 491 1928 538 Priorum
1971 491 2230 538 DICATUR
2273 492 2337 537 IN
2380 493 2606 538 mvmls

3364 475 3483 540 253

382 662 667 725 Verbum
726 663 847 726 hoc
907 682 1045 727 esse
1092 663 1363 734 locutuS,
1416 662 1775 724 insinuatur
1821 670 1885 723 et
1913 662 1964 723 A
1995 669 2300 743 quantum
2329 669 2426 724 est
2449 662 2657 742 imago
2689 662 2905 743 ipsiuS‚
2928 671 3114 744 atque
3145 683 3290 725 cum
3315 663 3480 736 aliis,

381 761 583 835 notio,
618 769 838 843 utpote
869 763 1111 842 genuit,
1136 769 1199 823 et
1230 761 1397 843 quod
1431 768 1732 822 creatura).
1764 766 1880 831 est,

378 861 631 922 scilicet
689 859 844 922 fecit
896 878 910 922 τ
966 879 1235 942 quorum
1298 861 1579 941 primum
1636 867 1733 921 est
1794 858 1883 918 ibi

380 958 848 1040 principaliter,
896 959 1248 1021 secundum
1294 965 1726 1020 connotanter.
1772 957 1887 1016 Ve-

380 1064 747 1119 rumtamen
778 1075 893 1138 per
922 1057 1043 1118 hoc
1072 1074 1199 1119 non
1241 1064 1497 1119 notatur
1527 1055 1887 1136 dependen-

378 1155 494 1228 tia,
527 1174 735 1236 neque
787 1155 973 1217 realis
1024 1155 1245 1216 relatio
1289 1153 1476 1216 Verbi
1523 1154 1598 1215 ad
1652 1160 1880 1226 creata,

378 1255 496 1314 sed
525 1263 799 1316 econtra.
836 1254 995 1315 Hinc
1026 1254 1453 1315 Damascenus
1496 1252 1720 1314 asserit
1756 1252 1881 1332 pri-

382 1369 491 1413 mo
550 1352 715 1415 libro
771 1370 785 1414 :
842 1352 1122 1413 Verbum
1181 1352 1292 1413 Dei
1352 1358 1447 1412 est
1504 1350 1879 1424 subsistens,

378 1448 750 1524 electivum,
788 1457 851 1511 et
893 1450 1311 1531 operativum.
1347 1449 1423 1509 Et
1466 1449 1545 1510 ad
1588 1447 1881 1510 Hebraeos

130 1558 345 1609 lictor-1¹3·
376 1549 473 1610 ait
513 1549 851 1630 Apostolus
895 1566 910 1610 :
956 1549 1104 1610 Fide
1152 1555 1363 1629 aptata
1411 1547 1729 1609 credimus
1775 1565 1883 1608 sae-

378 1647 526 1708 cula
570 1647 774 1708 Verbo
819 1648 950 1710 Dei.
996 1648 1214 1711 Glossa
1248 1664 1263 1708 z
1302 1647 1468 1708 sicut
1512 1645 1877 1726 exemplum

376 1745 748 1827 exemplari.
785 1747 914 1808 Hoc
965 1745 1205 1827 quippe
1246 1744 1524 1806 Verbum
1570 1738 1664 1805 est
1708 1743 1881 1805 simi-

1997 760 2058 821 in
2092 769 2402 842 quantum
2434 770 2530 822 est
2569 761 2894 843 exemplar
2924 762 3200 824 illorum.
3236 762 3485 824 Primus

1993 867 2205 920 autem
2263 867 2588 940 respectus
2649 860 2814 921 inest
2860 860 2918 921 ei
2973 861 3326 922 secundum
3386 879 3488 922 ac-

1996 965 2151 1030 tum,
2171 957 2335 1020 alius
2365 958 2718 1020 secundum
2749 958 3056 1021 habitum.
3078 959 3222 1022 Haec
3253 959 3484 1020 Petrus,

2073 1055 2304 1117 Positio
2334 1056 2594 1117 demum
2625 1055 2918 1118 Richardi
2961 1057 3182 1118 eadem
3214 1063 3311 1118 est
3342 1075 3488 1118 cum

1994 1153 2388 1234 praeinducta
2431 1153 2845 1236 responsione
2887 1154 3364 1216 Bonaventurae.

2074 1251 2296 1312 Scotus
2357 1270 2610 1334 quoque
2675 1252 2967 1314 concedit
3028 1252 3196 1334 quod
3255 1270 3489 1314 nomen

1994 1349 2170 1411 verbi
2223 1351 2305 1410 sit
2355 1351 2707 1432 personale,
2750 1358 2812 1413 et
2860 1351 3027 1432 quod
3078 1351 3236 1413 dicit
3282 1369 3490 1432 respe-

1993 1457 2165 1510 ctum
2211 1449 2288 1510 ad
2335 1457 2670 1512 creaturas.

2070 1547 2375 1610 Praeterea
2405 1548 2686 1628 AEgidius
2727 1547 2920 1610 refert
2957 1549 3064 1610 hic
3101 1549 3483 1630 positionem

1991 1645 2246 1708 Thomae
2292 1646 2358 1707 in
2400 1647 2648 1728 Scripto
2685 1647 2818 1726 jam
2865 1654 3115 1721 tactam,
3149 1654 3211 1709 et
3258 1647 3485 1710 distin-

1992 1745 2269 1806 ctionem
2321 1765 2356 1806 a
2404 1753 2620 1807 sancto
2674 1746 2938 1808 Doctore
2999 1746 3270 1827 positam
3331 1747 3487 1808 dicit

374 1843 583 1905 litudo
630 1845 740 1906 Dei
790 1843 987 1906 Patris
1038 1843 1353 1925 perfecta3
1395 1849 1680 1904 creatura
1728 1858 1877 1902 vero
1914 1844 1961 1907 B
1992 1861 2454 1924 supervacuam
2498 1862 2637 1906 esse
2671 1861 2684 1904 ε
2727 1863 2868 1925 quae
2905 1851 3117 1906 tamen
3163 1845 3486 1926 magistra-

371 1949 470 2002 est
528 1941 883 2004 similitudo
950 1941 1144 2020 hujus
1202 1940 1391 2002 Verbi
1460 1937 1873 2020 aliquantula,

374 2056 505 2101 non
552 2059 870 2122 expressa.
914 2040 1057 2102 Haec
1098 2039 1470 2102 Alexander.

452 2137 810 2200 Concordat
848 2138 1310 2210 Bonaventura‚
1344 2137 1617 2198 dicendo
1652 2153 1664 2196 :
1700 2135 1879 2198 Sicut

370 2236 460 2297 ait
504 2236 869 2312 Anselmus,
902 2243 1056 2297 tunc
1103 2236 1371 2297 verbum
1420 2241 1756 2316 generatur
1803 2252 1877 2296 ac

372 2335 633 2409 dicitur,
666 2335 821 2396 dum
873 2334 1229 2396 similitudo
1276 2341 1385 2395 aut
1428 2333 1637 2413 imago
1686 2332 1880 2394 alicu-

369 2433 477 2512 jus
508 2433 959 2514 cognoscibilis
989 2441 1203 2494 mente
1234 2431 1626 2513 concipitur3
1658 2437 1720 2492 et
1749 2448 1879 2491 ver·

375 2530 531 2592 bum
562 2531 685 2593 hoc
726 2530 991 2612 respicit
1020 2531 1188 2612 quod
1230 2529 1493 2611 respicit
1523 2529 1877 2590 similitudo

376 2637 705 2712 concepta.
760 2629 940 2691 Pater
986 2636 1198 2690 autem
1249 2646 1377 2690 uno
1425 2634 1568 2688 actu
1617 2635 1875 2708 generat

377 2727 679 2802 Verbum,
714 2727 885 2809 quod
915 2735 1009 2789 est
1041 2727 1397 2789 similitudo
1427 2745 1541 2788 sua
1570 2725 1875 2787 naturalis

377 2826 683 2908 perfecta,
718 2834 782 2888 et
812 2825 1166 2887 similitudo
1199 2843 1412 2886 rerum
1454 2824 1877 2905 exemplativa

378 2933 443 2986 et
488 2925 816 3006 operativa
848 2941 862 2986 :
898 2923 1117 3005 sicque
1157 2922 1436 2984 Verbum
1477 2929 1651 2984 tenet
1695 2921 1876 3002 quasi

1996 1941 2070 2001 lis
2116 1948 2211 2002 est
2251 1961 2324 2002 ac
2363 1942 2762 2023 apertissime
2803 1961 2952 2004 vera
2975 1959 2992 2022 ;
3034 1961 3147 2024 per
3186 1962 3377 2023 quam
3423 1950 3486 2004 et

1991 2039 2348 2101 declaratur
2396 2040 2669 2121 qualiter
2723 2041 2861 2102 sine
2911 2040 3282 2104 idololatriae
3331 2041 3486 2104 vitio

1989 2135 2215 2199 fideles
2271 2138 2534 2200 adorent
2593 2138 2929 2219 imagineS,
2981 2158 3138 2220 quas
3198 2138 3486 2202 infelices

1990 2234 2336 2298 idololatrae
2366 2236 2838 2298 idololatranter
2874 2236 3159 2299 adorant.
3195 2236 3487 2317 Objectio

1988 2351 2243 2414 quoque
2273 2333 2501 2414 AEgidii
2533 2334 2764 2396 debilis
2794 2342 2910 2406 est,
2944 2334 3207 2396 fundata
3239 2335 3304 2396 in
3347 2335 3484 2398 loco

1987 2450 2025 2492 a
2072 2431 2291 2506 simili,
2329 2432 2437 2514 qui
2488 2432 2923 2495 debilissimus
2974 2432 3363 2514 perhibetur.
3409 2434 3485 2495 Et

1987 2531 2131 2592 dato
2162 2531 2330 2612 quod
2364 2549 2552 2593 omne
2583 2531 2917 2594 relativum
2949 2532 3032 2594 sit
3059 2533 3300 2614 aliquid
3335 2551 3486 2614 prae-

1992 2637 2083 2691 ter
2138 2629 2202 2691 id
2251 2630 2419 2711 quod
2473 2630 2708 2691 dicitur
2760 2631 3041 2704 relative,
3094 2649 3221 2693 non
3271 2639 3480 2692 tamen

1987 2746 2175 2790 omne
2216 2728 2550 2790 relativum
2590 2729 2782 2790 habet
2819 2729 3128 2792 rationem
3168 2729 3334 2810 signi
3372 2737 3482 2791 aut

1989 2825 2305 2906 imaginis

2066 2924 2517 2987 Verumtamen
2549 2925 2741 2987 etiam
2773 2927 3040 3006 quaestio
3071 2927 3192 2987 ista
3219 2933 3316 2988 est
3347 2944 3485 3008 par-

379 3024 665 3085 medium
700 3023 865 3084 inter
896 3031 1212 3084 creaturas
1243 3029 1305 3082 et
1344 3021 1609 3094 Patrem,
1644 3020 1755 3101 qui
1788 3020 1880 3081 di·
1913 3020 1957 3083 C
1990 3021 2105 3084 tim
2154 3023 2232 3084 de
2281 3023 2560 3096 nomine,
2605 3030 2822 3106 utpote
2871 3043 2950 3085 an
2998 3027 3264 3084 verbum
3316 3025 3485 3086 dicat

378 3123 550 3184 citur
592 3121 843 3204 operari
892 3140 1004 3203 per
1040 3120 1339 3183 Verbum.
1376 3119 1452 3181 Et
1494 3120 1660 3181 ultra
1702 3119 1876 3181 attri-

125 3233 349 3281 160r.·,2‡.
380 3221 601 3282 buitur
650 3220 773 3302 ipsi
827 3219 1031 3282 Verbo
1078 3220 1248 3301 quod
1298 3220 1381 3281 sit
1426 3218 1628 3279 virtus
1677 3226 1739 3279 et
1788 3237 1879 3279 sa-

382 3319 623 3401 pientia
650 3318 853 3381 Patris
889 3335 905 3379 z
938 3318 1157 3399 sicque
1185 3317 1377 3378 habet
1408 3323 1768 3397 respectum
1798 3316 1875 3377 ad

378 3417 623 3478 Patrem
655 3417 1001 3490 dicentem,
1035 3422 1097 3477 et
1125 3416 1204 3477 ad
1237 3422 1443 3476 creata
1474 3433 1586 3495 per
1617 3414 1877 3476 modum

378 3514 883 3597 exemplaritatis
928 3521 989 3577 et
1030 3514 1183 3575 artis
1226 3512 1613 3594 dispositivae
1653 3520 1717 3575 et
1758 3511 1881 3573 vir—

382 3613 539 3674 tutis
585 3613 943 3694 operativae.
980 3612 1057 3673 Et
1099 3610 1401 3692 quoniam
1453 3610 1572 3671 ista
1615 3628 1741 3673 non
1791 3609 1880 3671 di-

378 3718 537 3772 cunt
566 3717 927 3792 respectum
963 3710 1026 3770 in
1065 3717 1233 3782 actu,
1268 3709 1377 3770 sed
1420 3708 1627 3770 solum
1666 3708 1735 3769 in
1772 3708 1879 3769 ha-

376 3808 545 3882 bit-u,
584 3810 751 3871 sicut
794 3806 1119 3889 exemplar
1169 3814 1234 3869 et
1281 3808 1559 3884 donum;
1607 3807 1749 3868 ideo
1799 3806 1878 3868 ab

376 3917 615 3970 aeterno
661 3907 1055 3969 conveniunt
1102 3907 1252 3978 De0‚
1293 3905 1403 3987 qui
1455 3905 1655 3966 multa
1704 3906 1880 3967 novit

378 4014 443 4067 et
476 4013 679 4088 potest
708 4024 853 4087 quae
882 4023 1005 4067 non
1039 4004 1210 4065 facit.
1245 4005 1386 4067 Haec
1418 4003 1872 4065 Bonaventura.

462 4104 777 4166 Consonat
804 4103 1023 4164 Petrus
1042 4119 1057 4163 :
1076 4101 1377 4175 Verbum,
1405 4101 1724 4182 inquiens,
1745 4120 1881 4181 pro-

1988 3140 2242 3202 semper
2273 3130 2632 3203 respectum
2671 3124 2746 3183 ad
2781 3131 3099 3185 creaturas
3134 3141 3148 3185 :
3183 3124 3325 3186 ideo
3357 3141 3483 3185 non

1986 3227 2083 3281 est
2128 3220 2606 3282 immoderatius
2653 3221 3133 3302 ponderandum
3180 3222 3348 3303 quod
3388 3222 3483 3284 di-

1987 3319 2154 3380 versi
2187 3319 2355 3379 circa
2384 3318 2504 3380 hoc
2536 3318 2959 3381 diversimode
2995 3320 3296 3382 sentiunt.
3320 3320 3479 3383 Nam

1985 3424 2049 3479 et
2098 3417 2358 3497 quidam
2408 3416 2772 3478 notabiliter
2814 3418 3036 3479 dicunt
3080 3436 3093 3479 :
3135 3421 3368 3481 Dicere
3412 3418 3479 3479 in

1987 3516 2222 3577 divinis
2273 3515 2773 3596 quadrupliciter
2821 3516 3073 3579 dicitur.
3126 3518 3335 3579 Primo
3389 3536 3480 3579 es-

1986 3614 2350 3687 sentialiter,
2375 3622 2438 3675 et
2467 3614 2558 3675 sic
2583 3613 2882 3696 quaelibet
2907 3633 3174 3696 persona
3204 3616 3357 3677 dicit
3389 3636 3474 3689 se,

1986 3711 2524 3793 quemadmodum
2574 3710 2682 3771 lux
2735 3710 3004 3773 lucendo
3059 3712 3336 3775 ostendit
3386 3732 3472 3775 se.

1988 3809 2279 3871 Secundo
2335 3807 2746 3888 originaliter,
2802 3808 3024 3890 sicque
3085 3811 3264 3873 Pater
3322 3811 3481 3873 dicit

1986 3926 2053 3969 se
2095 3907 2454 3988 generando
2494 3906 2724 3967 Filium
2769 3906 2934 3967 sicut
2977 3907 3082 3969 lux
3123 3909 3334 3971 lucem
3368 3927 3382 3971 :
3419 3916 3482 3972 et

1987 4006 2079 4067 sic
2113 4008 2375 4065 verbum
2410 4004 2645 4066 dicitur
2678 4004 2932 4085 proprie
2974 4006 3038 4067 in
3069 4007 3323 4070 diviniS.
3359 4009 3481 4071 Un-

1988 4103 2065 4163 de
2108 4102 2458 4164 Richardus
2500 4102 2578 4163 de
2625 4101 2683 4163 S.
2719 4101 2968 4164 Victore
3003 4120 3016 4164 :
3052 4104 3330 4167 Verbum
3377 4126 3482 4169 na-

381 4202 523 4283 prie
557 4202 795 4265 dicitur
832 4200 1185 4263 similitudo
1226 4200 1439 4280 genita
1479 4200 1545 4261 in
1592 4206 1803 4261 mente
1842 4219 1879 4261 a
1909 4202 1958 4262 D
1987 4202 2186 4262 scitur
2233 4201 2311 4261 de
2370 4200 2558 4261 corde
2607 4200 2760 4273 solo,
2815 4208 2876 4262 et
2927 4200 3066 4281 ipso
3115 4203 3480 4284 propalatur

378 4301 593 4383 specie
650 4301 741 4363 rei
792 4298 1240 4379 cognoscibilis
1297 4298 1362 4360 in
1422 4298 1729 4360 memoria
1775 4316 1877 4361 co-

378 4400 779 4480 gnoscentis3
816 4406 879 4459 et
922 4398 1275 4459 secundum
1321 4397 1490 4477 quod
1537 4396 1614 4457 fit
1662 4397 1875 4458 multi-

383 4498 639 4580 plicatio
704 4496 965 4578 speciei‚
1028 4495 1105 4556 fit
1167 4495 1614 4575 multiplicatio
1672 4495 1869 4557 verbi.

381 4599 687 4671 Quoniam
738 4615 887 4678 ergo
936 4613 1063 4658 non
1110 4595 1331 4657 eadem
1381 4595 1593 4675 specie
1646 4594 1876 4656 intelli-

380 4697 591 4778 gimus
635 4715 749 4759 nos
799 4696 971 4777 ipsos
1020 4702 1083 4756 et
1130 4694 1273 4767 alia,
1313 4694 1552 4756 idcirco
1592 4694 1875 4757 diversas

382 4796 625 4876 species
675 4796 741 4857 in
790 4793 1211 4874 intelligentia
1262 4810 1657 4873 generamus
1709 4793 1875 4855 Deus

382 4892 535 4955 vero
571 4896 791 4957 eadem
830 4893 1043 4974 specie
1084 4911 1149 4953 se
1180 4899 1243 4953 et
1280 4890 1403 4952 alia
1441 4898 1671 4953 cuncta
1700 4892 1878 4953 intel-

386 4992 543 5072 ligit.
574 4993 733 5054 Hinc
782 4992 1071 5052 eamdem
1121 4990 1425 5071 speciem,
1460 4989 1523 5050 id
1568 4996 1661 5050 est
1707 4990 1877 5051 simi-

385 5091 743 5163 litudinem,
796 5090 1045 5152 scilicet
1100 5089 1353 5162 Filium,
1417 5090 1494 5149 ad
1550 5108 1617 5150 se
1677 5096 1737 5150 et
1796 5089 1874 5149 ad

382 5192 599 5252 omnia
656 5188 1037 5272 proferenda
1094 5188 1332 5269 genuit.
1396 5188 1539 5249 Ideo
1599 5188 1874 5249 Verbum

382 5288 529 5371 ejus
582 5288 770 5351 habet
828 5286 1318 5349 similitudinem
1377 5304 1524 5347 cum
1586 5285 1744 5367 ipso,
1808 5286 1875 5347 in

1987 4299 2219 4361 mentis
2251 4298 2536 4360 intentio.
2564 4298 2813 4360 Etenim
2844 4299 3123 4385 Verbum
3153 4319 3474 4381 generare,

1985 4406 2080 4459 est
2110 4397 2367 4479 proprie
2398 4403 2461 4458 et
2499 4396 2964 4478 perfectissime
3003 4399 3232 4461 dicere.
3268 4401 3476 4463 Tertio

1986 4495 2410 4567 notionaliter,
2446 4502 2634 4576 prout
2669 4495 2848 4557 ducit
2886 4496 2950 4557 in
2992 4496 3134 4558 Filii
3173 4499 3477 4579 cognitio-

1985 4613 2152 4656 nem.
2188 4595 2418 4667 Quarto
2449 4592 2804 4666 causaliter,
2839 4594 3059 4675 sicque
3091 4596 3200 4658 Dei
3241 4598 3474 4672 dicere,

1984 4701 2081 4755 est
2122 4699 2441 4754 creaturas
2487 4691 2855 4773 producere.

2054 4792 2143 4852 Ex
2174 4790 2362 4851 dictis
2394 4798 2566 4872 patet
2594 4790 2826 4852 solutio
2853 4791 2932 4853 ad
2962 4791 3284 4871 objectum
3311 4794 3478 4874 quod

1986 4892 2252 4949 verbum
2285 4906 2410 4951 non
2443 4889 2696 4951 denotet
2721 4888 3029 4951 effectum
3069 4890 3135 4952 in
3171 4898 3474 4953 creatura.

1985 4989 2142 5051 Nam
2201 4988 2359 5049 dicit
2408 4996 2769 5069 respectum
2818 4988 2898 5049 ad
2948 4995 3298 5049 creaturam
3351 5007 3479 5052 non

1983 5094 2152 5161 actu,
2187 5088 2296 5148 sed
2336 5087 2578 5148 habitu.
2615 5087 2759 5150 Ideo
2799 5086 3096 5149 convenit
3137 5087 3200 5147 in
3241 5088 3477 5150 divinis

1986 5187 2065 5248 ab
2115 5194 2369 5249 aeterno.
2405 5221 2486 5229 —
2514 5186 2818 5258 Quocirca
2867 5185 3261 5267 pensandum
3305 5188 3475 5268 quod

1986 5284 2073 5345 ait
2116 5284 2385 5345 Thomas
2435 5301 2447 5343 :
2491 5283 2696 5355 Quum
2742 5282 3076 5346 relationes
3127 5292 3474 5369 sequantur
