4359 6250
202 1704 356 1749 Matth.

163 1781 251 1817 ιιιιι,
276 1772 335 1812 37.

166 1901 279 1945 lTim.

160 2594 253 2637 loun

1312 538 1535 595 QUAEST.
1583 540 1627 585 11
1670 538 1684 584 :
1730 539 1817 585 AN
1858 538 2027 584 MALA
2068 538 2230 586 me
2272 540 2477 589 nomm
2519 541 2613 587 SIT

3391 518 3514 583 629

490 707 797 781 Quocirca
826 709 1181 783 sciendum,
1215 710 1382 793 quod
1414 710 1707 774 voluntas
1738 717 1908 772 ante-
1936 708 1987 771 A
2019 729 2223 793 poenae
2279 718 2429 773 sunt
2475 732 2512 774 a
2558 712 2686 775 Deo
2738 731 2753 775 ε
2804 729 2952 791 ergo
3010 717 3158 773 sunt
3213 709 3397 772 bona.
3431 745 3511 754 —

410 807 643 869 cedens
694 825 822 870 non
872 807 1107 870 dicitur
1155 808 1447 871 voluntas
1497 808 1903 890 beneplaciti,

410 904 536 967 nisi
580 906 935 968 secundum
977 906 1129 988 quid
1153 925 1169 985 3
1210 908 1321 969 sed
1361 908 1652 970 voluntas
1697 924 1911 969 conse-

410 1022 638 1085 quenS‚
686 1011 783 1066 est
824 1005 1117 1067 voluntas
1169 1006 1553 1087 beneplaciti
1596 1004 1902 1068 absolute.

492 1202 585 1264 Ex
636 1201 957 1284 praedictis
1016 1208 1187 1284 patet
1234 1201 1563 1284 responsio
1608 1201 1685 1262 ad
1736 1200 1909 1280 obje-

412 1308 515 1361 cta
549 1319 564 1363 :
600 1318 743 1381 quae
772 1300 962 1361 etiam
1003 1299 1447 1380 magistraliter
1480 1299 1813 1361 solvuntur
1846 1297 1909 1358 in

414 1396 647 1469 littera,
709 1396 935 1458 saltem
994 1414 1109 1478 pro
1167 1404 1363 1477 parte.
1419 1396 1496 1457 Et
1556 1403 1627 1457 ut
1688 1395 1911 1457 Scotus

414 1495 726 1567 hortatur,
760 1495 1099 1575 diligenter
1136 1495 1519 1557 advertenda
1551 1501 1647 1556 est
1680 1492 1912 1556 solutio

416 1594 527 1655 illa
574 1593 853 1674 Magistri
903 1612 1029 1674 qua
1076 1593 1265 1656 solvit
1313 1600 1376 1655 et
1418 1592 1677 1674 exponit
1725 1611 1911 1654 evan-

414 1691 685 1773 gelicam
732 1690 906 1753 illam
947 1692 1410 1765 auctoritatem,
1445 1689 1699 1764 Quoties
1740 1689 1911 1752 volui

418 1808 799 1871 congregare
840 1790 1010 1852 filios
1049 1797 1213 1860 tuos,
1247 1798 1306 1851 et
1348 1789 1655 1851 noluisti?
1684 1825 1763 1833 —
1792 1789 1914 1850 Au-

418 2005 641 2050 omnes
689 1987 981 2049 homines
1039 1986 1245 2049 salvos
1302 1986 1469 2059 fieri,
1518 1985 1801 2067 AEgidius
1851 1992 1914 2046 et

418 2085 769 2149 Richardus
827 2092 1173 2167 exponunt,
1224 2092 1288 2147 et
1338 2084 1704 2146 instantiam
1764 2083 1913 2145 inde

418 2192 741 2265 sumptam
783 2183 1061 2255 solvunt,
1104 2183 1386 2245 dicentes
1431 2182 1601 2265 quod
1644 2190 1916 2263 quatuor

421 2282 631 2344 modis
670 2282 870 2363 possit
902 2280 1189 2363 intelligi.
1224 2280 1455 2353 Primo,
1490 2280 1658 2362 quod
1700 2278 1914 2341 nullus

420 2380 701 2442 salvetur
731 2379 853 2441 nisi
888 2399 1079 2461 quem
1112 2379 1360 2441 salvum
1397 2379 1538 2441 fieri
1570 2398 1642 2440 ac
1672 2378 1915 2440 salvare

420 2478 695 2540 voluerit
743 2479 910 2540 Deus
955 2498 968 2541 :
1012 2487 1075 2540 et
1125 2478 1210 2539 ita
1258 2485 1354 2539 est
1402 2476 1769 2539 distributio
1814 2494 1915 2536 ac-

258 2608 339 2647 m,
380 2577 777 2649 ‚commoda,
830 2577 998 2639 sicut
1045 2596 1244 2658 quum
1304 2575 1560 2649 dicitur,
1613 2576 1759 2637 Erat
1807 2575 1916 2635 lux

422 2694 571 2738 vera
609 2695 753 2757 quae
792 2675 1111 2737 illuminat
1151 2693 1407 2736 omnem
1445 2674 1770 2736 hominem
1812 2692 1917 2734 ve-

421 2775 705 2836 nientem
740 2774 803 2836 in
835 2773 1006 2835 hunc
1039 2772 1372 2845 mundum,
1409 2772 1470 2834 id
1511 2779 1626 2845 est,
1659 2790 1915 2833 omnem

423 2872 753 2935 hominem
796 2873 863 2933 in
909 2871 1149 2933 mundo
1198 2878 1562 2933 nascentem
1614 2870 1725 2952 qui
1776 2869 1918 2931 illu-

426 2971 729 3043 minatur,
784 2969 981 3032 Filius
1039 2969 1151 3031 Dei
1211 2969 1547 3031 illuminat.
1603 2967 1914 3041 Secundo,

424 3088 650 3134 sensus
698 3076 795 3132 est
842 3068 1009 3151 quod
1069 3069 1148 3131 de
1199 3068 1484 3151 quolibet
1530 3087 1759 3150 genere
1807 3067 1917 3130 ho·
1955 3072 1999 3138 C

427 3167 675 3229 minum
720 3167 876 3228 velit
917 3166 1223 3247 quosdam
1268 3165 1497 3228 salvari
1542 3185 1555 3230 z
1600 3173 1662 3228 et
1700 3166 1786 3227 ita
1823 3172 1919 3226 est

424 3265 792 3328 distributio
822 3283 937 3347 pro
965 3264 1307 3345 generibus
1336 3264 1751 3346 singulorum.
1777 3264 1919 3325 Ter-

424 3365 536 3438 ·tio,
572 3365 742 3447 quod
775 3363 1095 3427 voluntate
1119 3363 1530 3426 antecedente
1560 3363 1680 3426 hoc
1711 3362 1865 3424 velit
1900 3381 1913 3425 :

425 3471 487 3526 et
531 3462 643 3525 illa
686 3462 941 3535 solutio,
984 3461 1337 3523 secundum
1387 3462 1914 3534 Bonaventuram,

426 3569 519 3624 est
550 3560 975 3634 communior,
989 3567 1178 3641 atque
1209 3567 1280 3621 ut
1308 3559 1480 3622 addit
1512 3559 1921 3633 ScotuS,mul·

430 3668 492 3723 to
539 3658 1035 3724 convenientior.
1081 3659 1332 3732 Quart0,
1379 3659 1546 3740 quod
1595 3657 1751 3720 velit
1798 3658 1919 3720 hoc

428 3759 751 3822 voluntate
798 3764 1224 3838 consequente
1260 3774 1275 3818 :
1309 3765 1371 3818 et
1402 3756 1487 3818 ita
1527 3775 1653 3818 non
1692 3763 1789 3817 est
1818 3775 1920 3817 ve·

429 3877 569 3920 rum
628 3857 752 3918 nisi
800 3855 1151 3918 secundum
1202 3854 1539 3937 Augustini
1586 3854 1922 3936 expositio-

429 3975 599 4030 nem,
632 3955 879 4018 scilicet
922 3955 1131 4037 primo
1174 3962 1236 4017 et
1277 3954 1556 4016 secundo
1598 3973 1807 4015 sensu.

868 4278 1341 4353 QUAESTIO
1409 4279 1486 4342 ΙΙ

550 4545 813 4608 Ecundo
843 4543 1168 4627 quaeritur,
1193 4545 1321 4610 An
1348 4544 1561 4610 mala
1590 4543 1767 4609 fier1
1796 4543 1923 4610 bo-

575 4658 769 4710 num
810 4644 947 4710 επ.

506 4743 774 4804 Videtur
802 4741 972 4823 quod
1013 4741 1123 4802 sic.
1160 4741 1389 4814 Primo,
1423 4742 1575 4822 quia
1610 4742 1780 4824 quod
1819 4742 1917 4814 fit,

430 4849 525 4904 est
566 4840 834 4922 aliquid,
869 4858 1019 4921 ergo
1061 4847 1157 4902 est
1198 4859 1311 4902 ens
1346 4858 1359 4902 :
1395 4841 1502 4902 sed
1549 4860 1660 4902 ens
1709 4848 1772 4902 et
1816 4840 1922 4902 bo-

431 4960 586 5003 num
618 4947 1094 5002 convertuntur.
1122 4975 1203 4984 —
1233 4940 1542 5013 Secund0,
1578 4939 1741 5001 mala
1778 4939 1922 5002 fieri

431 5048 527 5102 est
556 5058 780 5102 verum
817 5057 831 5102 z
865 5056 1014 5120 ergo
1053 5045 1149 5100 est
1187 5038 1449 5112 bonum,
1483 5039 1785 5121 quoniam
1819 5058 1925 5100 ve-

434 5157 576 5200 rum
616 5145 680 5200 et
718 5137 962 5199 bonum
996 5136 1438 5200 convertibilia
1478 5144 1644 5198 sunt.
1669 5173 1749 5182 —
1782 5138 1925 5200 Ter-

434 5237 543 5310 tio,
598 5235 800 5297 multa
849 5242 1107 5317 peccata
1154 5253 1281 5298 non
1332 5234 1537 5297 solum
1587 5243 1735 5297 sunt
1784 5255 1926 5317 pec-

436 5343 592 5410 cata,
639 5334 750 5396 sed
796 5334 988 5396 etiam
1039 5351 1227 5416 poena
1276 5333 1554 5416 peccati3
1605 5334 1716 5396 sed
1768 5336 1932 5397 mala

2018 810 2270 885 Quarto,
2303 830 2377 873 ea
2408 820 2548 892 qu'ae
2578 811 2742 873 Deus
2778 810 2949 891 juste
2981 808 3312 891 permittit,
3347 807 3513 870 bona

2018 910 2319 972 videntur
2343 927 2357 971 ε
2381 909 2492 971 sed
2521 910 2686 971 Deus
2725 910 2898 990 justo
2925 907 3169 989 judicio
3202 905 3514 988 permittit

2020 1009 2255 1071 multos
2304 1027 2586 1091 peccare.
2619 1044 2700 1053 —
2738 1007 2989 1081 Quinto,
3032 1006 3199 1069 bona
3246 1012 3396 1067 sunt
3436 1023 3514 1066 ex

2020 1107 2256 1189 quibus
2287 1108 2618 1170 Beatorum
2654 1106 2853 1187 gloria
2883 1111 3346 1187 augmentatur,
3379 1103 3518 1164 uni-

2020 1225 2277 1268 versum
2337 1206 2692 1286 perficitur,
2753 1213 2817 1267 et
2874 1204 3211 1285 multiplex
3272 1202 3515 1264 bonum

2022 1304 2454 1386 consequitur,
2481 1304 2611 1365 imo
2639 1311 2701 1366 et
2732 1302 2964 1365 divinae
2996 1300 3347 1381 majestatis
3383 1318 3518 1381 per-

2020 1402 2215 1464 fectio
2254 1402 2626 1464 declaratur.
2662 1402 2782 1464 Sed
2817 1400 3034 1463 omnia
3071 1399 3236 1461 bona
3274 1398 3408 1460 haec
3439 1416 3517 1459 ex

2022 1499 2296 1563 factione
2339 1501 2651 1563 malorum
2691 1504 3048 1581 sequuntur
3080 1504 3144 1559 et
3172 1496 3466 1560 oriuntur
3500 1512 3513 1556 :

2022 1600 2188 1661 sicut
2225 1618 2304 1661 ex
2347 1599 2786 1681 persecutione
2826 1605 2890 1659 et
2930 1596 3248 1659 occisione
3286 1594 3519 1659 Christi

2022 1718 2095 1760 ac
2138 1706 2508 1780 martyrum,
2543 1704 2606 1759 et
2649 1695 3210 1761 commissionibus
3251 1693 3520 1774 flagitio-

2026 1814 2191 1868 rum,
2225 1813 2301 1856 ex
2341 1812 2614 1875 quorum
2658 1793 2990 1875 punitione
3033 1790 3518 1866 declaraturdi-

296 1917 334 1954 n,
376 1889 775 1951 ‚ctoritatem
824 1906 979 1951 vero
1022 1887 1307 1971 Apostoli
1358 1887 1557 1959 illam,
1609 1887 1725 1961 Qui
1774 1886 1912 1949 vult
1948 1889 1995 1951 B
2025 1894 2172 1956 vina
2217 1892 2467 1974 justitia
2513 1900 2576 1954 et
2623 1890 3084 1973 omnipotentia
3132 1888 3291 1970 ejus.
3344 1888 3518 1951 Unde

2023 1992 2099 2054 ad
2132 1991 2519 2053 Pharaonem
2553 1991 2858 2055 Dominus
2888 1989 3048 2052 dixit
3079 2007 3192 2070 per
3221 1988 3474 2069 Moysen
3501 2006 3514 2050 ε

2022 2093 2091 2153 In
2132 2092 2252 2153 hoc
2292 2090 2504 2171 ipsum
2547 2089 2816 2151 excitavi
2857 2096 2940 2163 te,
2975 2095 3045 2148 ut
3083 2087 3412 2149 ostendam
3452 2085 3518 2147 in

2024 2198 2084 2252 te
2128 2190 2431 2251 virtutem
2485 2207 2714 2263 meam,
2757 2196 2821 2249 et
2864 2205 3099 2250 nomen
3150 2204 3364 2247 meum
3414 2204 3519 2248 an-

2024 2289 2355 2351 nuntietur
2397 2288 2462 2349 in
2504 2287 2680 2349 omni
2725 2295 2908 2349 terra.

2105 2388 2175 2449 In
2215 2385 2602 2449 contrarium
2631 2392 2748 2458 est,
2780 2385 2934 2467 quia
2970 2383 3210 2445 malum
3249 2381 3392 2445 fieri
3424 2389 3521 2445 est

2024 2484 2415 2548 oflensivum
2450 2484 2665 2557 Dei,et
2694 2484 3163 2545 damnationem
3198 2488 3516 2545 meretur:

2027 2602 2176 2663 ergo
2221 2592 2316 2646 est
2358 2582 2683 2656 vitiosum,
2727 2599 2854 2644 non
2899 2581 3158 2645 bonum.
3193 2581 3518 2652 Praeterea,

2028 2682 2250 2755 furari,
2293 2680 2619 2752 moechari,
2661 2687 2724 2742 et
2770 2698 2932 2761 opus
2975 2680 3275 2741 vitiosum
3327 2677 3524 2740 conti-

3581 2099 3734 2144 Eeeod.
3754 2112 3811 2150 ix,

3550 2163 3810 2215 ¹6;Rom.ix,

3551 2229 3614 2270 ¹7.

2030 2800 2248 2853 nuare,
2282 2787 2432 2842 sunt
2471 2778 2615 2841 fieri
2656 2779 2839 2852 mala,
2873 2787 2937 2840 et
2975 2796 3101 2841 non
3146 2785 3296 2840 sunt
3332 2777 3517 2839 bona.
3633 2814 3636 2817 ·

2028 2881 2289 2953 Rursus,
2325 2878 2490 2941 mala
2531 2878 2676 2941 sieri
2707 2878 3083 2940 terminatur
3114 2877 3194 2939 ad
3235 2876 3400 2939 mala
3429 2895 3524 2939 es-

2030 2996 2097 3040 se
2131 2995 2146 3039 :
2181 2978 2289 3039 sed
2335 2977 2498 3039 mala
2543 2995 2682 3039 esse
2724 2994 2852 3039 non
2895 2983 2991 3039 est
3032 2959 3292 3037 bonum'.

2106 3177 2230 3238 Ista
2278 3174 2543 3258 quaestio
2597 3191 2725 3238 non
2775 3174 3027 3237 videtur
3075 3172 3523 3237 difficultatem

2027 3276 2332 3358 grandem
2390 3274 2646 3349 habere,
2697 3283 2919 3356 estque
2979 3272 3389 3356 intelligenda
3446 3274 3524 3336 de

2030 3375 2216 3436 malis
2261 3373 2485 3454 culpae.
2520 3372 2680 3434 Hinc
2722 3373 3012 3445 ThomaS,
3054 3371 3368 3446 AlbertuS,
3410 3373 3523 3435 Bo—

2028 3480 2400 3545 naventura,
2461 3470 2767 3550 AEgidius‚
2829 3470 3066 3552 aliique
3129 3470 3526 3533 concorditer

2028 3571 2272 3641 dicunt,
2308 3569 2478 3651 quod
2523 3567 2690 3630 mala
2730 3567 2898 3641 fieri,
2935 3567 3224 3630 absolute
3269 3567 3524 3649 loque‘n-

2029 3670 2130 3740 do,
2166 3686 2291 3730 non
2335 3675 2430 3729 est
2474 3666 2752 3743 bonum;
2794 3674 2854 3727 et
2901 3665 2967 3751 in
3011 3665 3130 3728 hoc
3168 3674 3526 3746 sequuntur

2028 3766 2417 3847 Magistrum,
2452 3764 2562 3846 qui
2604 3762 2770 3825 sicut
2802 3763 2866 3824 in
2899 3763 3108 3825 littera
3139 3762 3520 3837 continetur,

2031 3866 2187 3927 duas
2236 3882 2429 3945 super
2475 3863 2592 3924 hac
2641 3861 2990 3944 quaestione
3039 3861 3232 3923 refert
3278 3861 3522 3943 opinio-

2031 3982 2165 4034 neS,
2193 3968 2256 4023 et
2287 3961 2422 4042 ipse
2455 3960 2743 4041 sequitur
2772 3958 2946 4022 illam
2979 3979 3121 4041 quae
3153 3966 3324 4021 tenet
3353 3960 3522 4041 quod

2032 4060 2271 4122 malum
2317 4058 2461 4120 sieri
2504 4056 2586 4119 sit
2629 4059 2892 4119 malum.

2110 4158 2198 4220 De
2246 4157 2366 4220 hoc
2415 4156 2626 4238 itaque
2670 4155 2940 4218 Thomas
2989 4154 3212 4218 scribit
3253 4174 3266 4218 :
3309 4155 3521 4219 Omni-

1952 4261 2000 4322 D
2033 4257 2151 4319 bus
2197 4261 2441 4318 constat
2485 4253 2654 4336 quod
2697 4253 2959 4326 malum,
2994 4273 3108 4336 per
3150 4273 3217 4316 se
3260 4254 3521 4336 loquen-

2032 4355 2134 4429 do,
2169 4371 2296 4416 non
2325 4361 2421 4415 est
2453 4351 2731 4430 bonum;
2772 4353 2883 4414 sed
2922 4371 3038 4434 per
3074 4352 3366 4416 accidens
3412 4371 3520 4435 po-

2033 4460 2154 4515 test
2183 4452 2398 4533 aliquo
2430 4451 2619 4514 modo
2649 4470 2786 4512 esse
2820 4451 3083 4526 bonum,
3116 4451 3182 4513 in
3213 4459 3520 4533 quantum

2032 4550 2277 4613 scilic-et
2321 4549 2730 4630 conjungitur
2775 4549 2965 4611 alicui
3016 4550 3182 4612 bono
3225 4551 3302 4632 ad
3353 4551 3523 4633 quod

2035 4668 2149 4732 per
2187 4647 2481 4711 accidens
2515 4647 2803 4709 ordinem
2843 4648 3031 4710 habet
3066 4667 3080 4712 ε
3115 4649 3523 4730 quemadmo-

2036 4747 2190 4808 dum
2219 4745 2567 4808 aedificator
2597 4744 2832 4806 dicitur
2859 4745 3042 4806 albus
3073 4764 3183 4807 seu
3218 4746 3522 4820 musicuS,

2038 4844 2101 4906 in
2161 4851 2471 4926 quantum
2532 4861 2633 4904 ars
2691 4841 3120 4915 aedificatoria,
3181 4842 3406 4906 albedo
3463 4851 3528 4906 et

2037 4943 2282 5005 musica
2340 4941 2404 5002 in
2465 4959 2593 5002 uno
2652 4939 2941 5021 subjecto
2993 4941 3397 5004 conveniunt.
3451 4941 3528 5004 Et

2037 5039 2338 5124 quoniam
2405 5056 2543 5100 esse
2609 5037 2709 5099 vel
2779 5037 2923 5099 fieri
2993 5039 3170 5120 ponit
3237 5039 3526 5102 ordinem

2038 5139 2402 5222 quemdam,
2439 5137 2502 5198 in
2548 5144 2858 5218 quantum
2901 5136 3172 5199 includit
3215 5139 3528 5221 composi-

2040 5238 2277 5299 tionem
2329 5235 2706 5317 quamdam3
2751 5234 2893 5297 ideo
2936 5235 3096 5297 dixit
3142 5236 3346 5317 prima
3394 5238 3528 5320 opi-

2041 5336 2169 5410 ni0,
2205 5334 2372 5416 quod
2411 5332 2573 5395 mala
2607 5352 2745 5395 esse
2785 5352 2897 5395 seu
2928 5333 3094 5408 fieri,
3129 5334 3368 5397 bonum
3407 5343 3520 5398 est.
