4359 6250
1336 528 1511 577 tuum
1554 530 1577 575 1
1616 528 2099 575 summunt.
2142 546 2224 557 --
2261 529 2416 575 msr.
2460 528 2602 575 xtvx
3400 506 3522 573 619

414 706 501 768 sit
546 704 727 787 quod
766 704 1126 786 Apostolus
1170 705 1252 768 de
1300 704 1587 767 Domino
1627 705 1777 767 ait.
1818 704 1947 778 Qui
1992 704 2137 767 vult
2183 721 2413 768 omnes
2461 704 2765 767 homines
2813 703 3032 767 salvos
3081 702 3244 767 fieri.
3291 701 3810 777 Quum1r÷m.n..4

414 823 595 886 enim
642 838 773 884 non
814 838 1043 884 omnes
1090 820 1257 884 salvi
1306 821 1487 901 fiant,
1528 821 1643 885 sed
1690 821 1913 903 plures
1954 821 2370 899 damnentur,
2411 820 2672 885 videtur
2708 821 2935 901 utique
2973 836 3106 883 non
3153 820 3293 883 fieri
3337 820 3515 901 quod
3544 788 3694 893 ὠῗῖῗι
3699 739 3810 895 ἓξὲξ

412 940 597 1002 Deus
642 938 786 1001 vult
838 938 1005 1016 fieri,
1052 937 1343 1002 humana
1387 937 1638 1001 scilicet
1686 937 2023 1000 voluntate
2078 937 2476 1018 impediente
2527 938 2936 1001 voluntatem
2989 937 3134 1000 Dei.
3187 936 3516 999 Dominus

412 1072 679 1136 quoque
717 1054 785 1117 in
822 1054 1207 1135 Evangelio,
1238 1054 1515 1136 impiam
1554 1054 1887 1117 civitatem
1926 1053 2330 1134 compellans
2364 1073 2378 1114 :
2413 1054 2710 1134 QuotieS,
2745 1053 2981 1133 inquit,
3019 1052 3198 1116 volui
3237 1070 3512 1134 congre·
3595 1077 3772 1121 mem.

411 1189 567 1251 gare
613 1171 789 1235 filios
822 1172 997 1248 tuOS,
1038 1171 1211 1234 sicut
1246 1170 1489 1251 gallina
1526 1170 1876 1250 congregat
1912 1167 2131 1251 pullos
2168 1187 2327 1232 suos
2364 1169 2490 1233 sub
2525 1170 2686 1250 alas»,
2714 1170 2779 1233 et
2815 1168 3138 1232 noluisti?
3177 1170 3278 1232 Ita
3313 1169 3514 1233 etiam
3543 1155 3656 1193 '‘⁸¹¹''
3687 1144 3752 1183 ³⁷⁰

412 1287 557 1351 haec
595 1286 904 1350 dicuntur
940 1290 1252 1369 tanquam
1291 1287 1415 1350 Dei
1451 1286 1757 1349 voluntas
1796 1287 2102 1366 superata
2142 1286 2232 1348 sit
2267 1286 2614 1349 hominum
2653 1285 3012 1365 voluntate,
3047 1286 3112 1348 et
3145 1286 3517 1351 infirmissi-

412 1403 547 1466 mis
595 1402 879 1465 nolendo
930 1402 1465 1483 impedientibuS,
1506 1419 1635 1465 non
1683 1403 1971 1483 potuerit
2020 1402 2231 1466 facere
2281 1403 2792 1466 Potentissimus
2839 1402 3017 1484 quod
3064 1401 3346 1465 volebat.
3387 1403 3516 1467 Ubi

414 1520 515 1582 est
563 1535 717 1599 ergo
765 1514 879 1582 illa
924 1519 1401 1601 omnipotentia
1447 1537 1578 1600 qua
1623 1520 1693 1581 in
1741 1518 1905 1582 coelo
1957 1520 2021 1581 et
2066 1519 2135 1581 in
2183 1521 2375 1595 terra,
2413 1519 2776 1583 secundum
2827 1518 3252 1600 Prophetam,
3295 1520 3518 1583 omnia

411 1652 851 1716 quaecumque
896 1635 1109 1697 voluit
1158 1634 1363 1698 fecit?
1401 1636 1466 1697 et
1511 1635 1844 1716 quomodo
1890 1633 2214 1698 voluntati
2268 1633 2434 1715 ejuS,
2478 1635 2838 1698 secundum
2887 1634 3308 1715 Apostolum,
3349 1634 3518 1697 nihil

410 1752 685 1832 resistit,
742 1751 799 1813 si
857 1750 1163 1831 colligere
1216 1750 1391 1814 filios
1444 1750 1809 1813 Jerusalem
1867 1750 2102 1829 voluit,
2156 1752 2222 1813 et
2277 1767 2408 1813 non
2471 1750 2686 1813 fecit?
2731 1750 2891 1814 Haec
2947 1750 3125 1813 enim
3183 1750 3515 1831 praedictis

412 1868 777 1949 plurimum
828 1866 1093 1929 obviare
1142 1866 1465 1929 videntur.

900 2111 976 2173 B.
1026 2113 1334 2185 Solutio,
1386 2114 1743 2184 quomodo
1792 2112 2347 2187 intellioendum
2393 2112 2491 2173 sit
2537 2113 2722 2172 illud
2758 2131 2784 2171 .·
2827 2112 3037 2173 Volui

1253 2243 1709 2307 conareqare
1752 2230 1948 2300 filio-s·
1991 2230 2179 2303 tuo-5⁵,
2233 2229 2303 2290 et
2346 2229 2676 2291 noluisti.

548 2442 677 2507 Sed
726 2441 1075 2506 audiamus
1128 2442 1563 2522 solutionem3
1611 2458 1687 2504 ac
1736 2441 2025 2523 primum
2078 2441 2413 2522 quomodo
2460 2441 2911 2521 accipiendum
2971 2442 3058 2505 sit
3114 2441 3279 2505 illud
3331 2442 3506 2523 quod

410 2558 743 2623 Dominus
778 2559 893 2637 ait,
934 2558 1297 2622 videamus.
1339 2558 1489 2621 Non
1527 2558 1705 2621 enim
1735 2576 1817 2620 ex
1855 2575 1933 2621 eo
1971 2574 2167 2621 sensu
2215 2557 2379 2620 illud
2416 2557 2663 2620 dictum
2705 2558 2826 2635 est,
2859 2559 2934 2619 ut
2970 2558 3063 2620 ait
3097 2557 3510 2639 Augustinus
3539 2583 3600 2625 Aa
3563 2596 3648 2687 ,⁰¹⁶
3650 2583 3800 2635 omit.

408 2677 481 2739 in
518 2675 925 2754 EnchiridiO,
968 2674 1349 2755 praedictam
1394 2674 1827 2754 quaestionem
1873 2672 2159 2752 solvenS,
2192 2673 2382 2754 quasi
2419 2674 2747 2737 Dominus
2793 2673 3075 2737 voluerit
3119 2658 3574 2755 congregarem

408 2792 585 2855 filios
622 2791 1014 2870 .,Ierusalem
1047 2792 1111 2853 et
1148 2807 1280 2853 non
1323 2790 1411 2852 sit
1454 2790 1697 2852 sactum
1738 2789 1917 2871 quod
1952 2789 2187 2867 voluit,
2222 2789 2376 2870 quia
2419 2788 2561 2870 ipsa
2597 2790 2912 2871 noluerit3
2952 2790 3070 2854 sed
3106 2790 3328 2871 potius
3364 2790 3508 2871 ipsa

410 2908 681 2989 quidem
720 2907 894 2971 filios
930 2924 1087 2969 suos
1124 2905 1207 2969 ab
1243 2906 1389 2987 ipso
1426 2905 1645 2987 colligi
1676 2905 1911 2983 noluit,
1944 2922 2075 2986 qua
2112 2908 2331 2968 tamen
2369 2906 2654 2986 nolente,
2687 2906 2860 2969 filios
2897 2905 3042 2987 ejus
3078 2906 3341 2988 collegit
3372 2906 3510 2987 ipse

413 3042 645 3088 omnes
682 3040 851 3105 quos
892 3023 1125 3103 voluit,
1160 3023 1315 3103 quia
1350 3022 1417 3085 in
1463 3021 1628 3085 coelo
1677 3024 1742 3085 et
1783 3022 1849 3085 in
1893 3023 2064 3084 terra
2110 3038 2243 3083 non
2289 3022 2592 3101 quaedam
2632 3022 2844 3084 voluit
2885 3024 2950 3085 et
2991 3022 3166 3103 fecit,
3208 3023 3511 3103 quaedam

410 3158 567 3204 vero
606 3141 819 3203 voluit
856 3141 920 3203 et
956 3157 1087 3202 non
1128 3139 1304 3219 fecit,
1338 3139 1454 3202 sed
1493 3139 1715 3202 omnia
1758 3155 2191 3219 quaecumque
2229 3137 2443 3201 voluit
2479 3137 2636 3201 fecit
2667 3158 2682 3199 ε
2716 3139 2790 3202 ut
2825 3139 2915 3202 sit
2951 3157 3206 3221 sensus,
3240 3139 3515 3214 Quoties

409 3256 593 3318 volui
633 3272 1027 3335 congregare
1062 3255 1237 3318 filios
1272 3256 1447 3334 tuos,
1482 3255 1547 3318 et
1584 3252 1907 3318 noluisti?
1944 3253 2012 3315 id
2050 3255 2171 3330 est,
2205 3255 2532 3335 quotquot
2568 3256 2956 3336 congregavi
2995 3273 3142 3318 mea
3176 3255 3514 3319 voluntate

407 3389 670 3453 semper
706 3371 973 3450 efficaci,
1005 3374 1069 3434 te
1112 3370 1375 3433 nolente
1418 3369 1565 3434 feci.
1599 3405 1685 3416 —
1723 3371 1889 3434 Ecce
1928 3370 1995 3432 in
2038 3369 2324 3433 evidenti
2373 3371 2662 3451 positum
2705 3372 2826 3452 est,
2859 3371 3038 3453 quod
3079 3371 3194 3435 illa
3239 3371 3510 3435 Domini

408 3488 609 3552 verba
652 3487 1103 3569 superioribus
1148 3505 1281 3549 non
1328 3488 1713 3566 repugnant.

995 3729 1067 3792 C.
1124 3732 1487 3797 Quomodo
1538 3730 2094 3804 tntezciqenaum
2140 3731 2238 3792 sit
2285 3732 2470 3791 illud
2517 3747 2541 3787 .·
2596 3732 2729 3797 Qui
2773 3733 2928 3794 vult

1386 3861 1641 3908 omnes
1684 3849 2017 3910 homines
2060 3849 2309 3909 salvos
2349 3847 2536 3918 fieri.

538 4063 735 4127 Nunc
784 4062 1005 4126 videre
1062 4060 1283 4139 restat,
1330 4060 1662 4140 quomodo
1722 4061 1921 4124 etiam
1975 4061 2318 4143 praemissa
2373 4059 2571 4124 verba
2625 4061 2927 4142 Apostoli
2984 4063 3316 4145 praedictis
3370 4083 3500 4129 non

403 4178 877 4258 contradicant,
917 4178 1031 4259 qui
1074 4177 1155 4240 de
1190 4177 1331 4239 Deo
1379 4176 1679 4257 loquenS,
1720 4177 1814 4240 ait
1854 4197 1869 4238 :
1910 4176 2074 4241 Vult
2119 4194 2349 4241 omnes
2394 4177 2697 4241 homines
2743 4178 2962 4243 salvos
3003 4179 3166 4244 fieri.
3203 4179 3499 4254 Quorum

404 4294 749 4359 occasione
797 4292 1147 4356 verborum
1196 4291 1388 4354 multi
1425 4310 1464 4355 a
1502 4293 1772 4356 veritate
1821 4294 2271 4372 deviaverunt,
2312 4293 2602 4357 dicentes
2637 4295 2853 4359 Deum
2900 4296 3110 4359 multa
3144 4297 3312 4361 velle
3359 4298 3502 4362 fieri

402 4429 557 4492 qua-3
592 4428 726 4473 non
762 4410 950 4473 fiunt.
984 4409 1113 4474 Sed
1149 4425 1282 4470 non
1320 4409 1420 4470 est
1448 4408 1970 4490 intelligendum,
2005 4427 2081 4472 ea
2116 4410 2367 4472 ratione
2405 4409 2571 4473 illud
2609 4428 2750 4474 esse
2786 4411 3060 4494 dictum,
3093 4414 3281 4495 quasi
3319 4415 3500 4479 Deus

400 4527 568 4592 velit
594 4527 853 4608 aliquos
880 4523 1141 4604 salvari,
1177 4523 1241 4587 et
1267 4541 1399 4586 non
1438 4524 1793 4588 salventur.
1828 4525 1991 4598 Quis
2029 4526 2207 4588 enim
2239 4527 2372 4588 tam
2407 4525 2611 4607 impie
2640 4527 2920 4608 desipiat
2948 4530 3023 4591 ut
3055 4530 3250 4609 dicat,
3282 4531 3495 4595 Deum
3529 4556 3633 4600 thid.
3655 4570 3694 4601 e.
3721 4558 3788 4600 οε.

402 4642 613 4705 malas
652 4641 997 4704 hominum
1034 4640 1407 4704 voluntates
1448 4657 1613 4720 quas
1650 4640 1954 4721 voluerit,
1997 4642 2062 4704 et
2095 4641 2360 4723 quando
2397 4642 2680 4705 voluerit
2722 4644 2788 4706 et
2822 4646 3153 4725 quomodo
3191 4646 3494 4722 voluerit,

398 4761 467 4822 et
510 4757 627 4821 ubi
668 4756 975 4835 voluerit,
1014 4756 1081 4818 in
1129 4754 1379 4818 bonum
1428 4773 1557 4819 non
1606 4773 1799 4838 posse
1847 4757 2274 4822 convertere?
2311 4758 2458 4820 Non
2507 4759 2607 4822 est
2651 4759 2880 4840 utique
2927 4778 3156 4824 verum
3203 4761 3381 4842 quod
3427 4763 3497 4825 in
3526 4787 3634 4832 nm.
3661 4791 3790 4833 απ,

396 4873 666 4936 Psalmo
703 4871 965 4951 dicitur,
1009 4871 1459 4952 Quaecumque
1495 4872 1709 4934 voluit
1747 4873 1923 4952 fecit,
1956 4873 2013 4936 si
2052 4874 2274 4954 aliqua
2311 4872 2524 4937 voluit
2568 4875 2633 4937 et
2668 4893 2800 4939 non
2841 4875 3015 4953 fecit,
3049 4876 3113 4940 et
3154 4875 3360 4958 (quod
3397 4879 3498 4942 est
3537 4906 3787 4958 p..0x=n.³;

398 4987 765 5068 indignius)
813 4986 960 5049 ideo
1008 5003 1141 5049 non
1196 4986 1371 5066 fecit,
1422 4987 1732 5067 quoniam
1788 5006 1870 5052 ne
1920 4989 2103 5052 fieret
2147 4989 2325 5071 quod
2376 4989 2636 5053 volebat
2682 4990 3138 5072 Omnipotens,
3189 4992 3495 5058 voluntas
3523 4973 3748 5018 ⁶⁸¹⁸¹v'⁰'

396 5103 691 5167 hominis
732 5102 1095 5183 impedivit.
1128 5102 1416 5183 Ideoque
1446 5119 1653 5184 quum
1691 5104 2020 5182 audimuS,
2054 5105 2119 5168 et
2147 5105 2216 5167 in
2253 5105 2456 5168 sacris
2485 5105 2752 5168 Litteris
2789 5105 3094 5187 legimuS‚
3126 5108 3305 5189 quod
3337 5110 3496 5173 velit
3524 5128 3786 5182 Αιιμμοῑι.

400 5235 633 5282 omnes
673 5217 977 5281 homines
1013 5216 1233 5282 salvos
1275 5217 1439 5298 fieri,
1480 5219 1807 5300 [quamvis
1847 5223 2099 5283 certum
2136 5221 2225 5284 sit
2259 5219 2450 5283 nobis
2493 5238 2622 5284 non
2661 5237 2890 5285 omnes
2927 5221 3230 5286 homines
3275 5224 3494 5288 salvos
3522 5204 3561 5234 ⁰⁶
3590 5193 3681 5233 ’ω’

400 5333 594 5415 fieri,]
630 5351 761 5396 non
804 5334 1025 5396 tamen
1074 5333 1221 5397 ideo
1268 5333 1585 5399 debemus
1632 5335 2290 5420 omnipotentissimae
2329 5336 2452 5401 Dei
2493 5337 2816 5402 voluntati
2862 5337 3111 5419 aliquid
3157 5339 3492 5422 derogare,
