<?xml version="1.0" encoding="UTF-8"?>
<!DOCTYPE html PUBLIC "-//W3C//DTD XHTML 1.0 Transitional//EN"
    "http://www.w3.org/TR/xhtml1/DTD/xhtml1-transitional.dtd">
<html xmlns="http://www.w3.org/1999/xhtml" xml:lang="en" lang="en">
 <head>
  <title>
</title>
<meta http-equiv="Content-Type" content="text/html;charset=utf-8" />
  <meta name='ocr-system' content='tesseract 3.04.00' />
  <meta name='ocr-capabilities' content='ocr_page ocr_carea ocr_par ocr_line ocrx_word'/>
</head>
<body>
  <div class='ocr_page' id='page_1' title='image "./doctorisecstati11unkngoog_0587.png"; bbox 0 0 4359 6250; ppageno 0'>
   <div class='ocr_carea' id='block_1_1' title="bbox 809 489 3461 571">
    <p class='ocr_par' dir='ltr' id='par_1_1' title="bbox 809 489 3461 571">
     <span class='ocr_line' id='line_1_1' title="bbox 809 489 3461 571; baseline 0 -17"><span class='ocrx_word' id='word_1_1' title='bbox 809 507 962 554; x_wconf 77' lang='lat' dir='ltr'>msr.</span> <span class='ocrx_word' id='word_1_2' title='bbox 1008 507 1154 555; x_wconf 78' lang='lat' dir='ltr'>xmn</span> <span class='ocrx_word' id='word_1_3' title='bbox 1197 507 1446 571; x_wconf 69' lang='lat' dir='ltr'>snum3</span> <span class='ocrx_word' id='word_1_4' title='bbox 1489 509 1713 564; x_wconf 65' lang='lat' dir='ltr'>Quaesr.</span> <span class='ocrx_word' id='word_1_5' title='bbox 1755 510 1775 554; x_wconf 87' lang='lat'>1</span> <span class='ocrx_word' id='word_1_6' title='bbox 1819 507 1834 554; x_wconf 78' lang='lat' dir='ltr'><strong><em>z</em></strong></span> <span class='ocrx_word' id='word_1_7' title='bbox 1881 508 2084 555; x_wconf 71' lang='lat' dir='ltr'>nram(</span> <span class='ocrx_word' id='word_1_8' title='bbox 2123 507 2419 556; x_wconf 73' lang='grc' dir='ltr'>ΡοτΕΝτιΑ</span> <span class='ocrx_word' id='word_1_9' title='bbox 2462 507 2565 556; x_wconf 79' lang='lat' dir='ltr'>nm</span> <span class='ocrx_word' id='word_1_10' title='bbox 2607 509 2700 554; x_wconf 80' lang='lat' dir='ltr'>sir</span> <span class='ocrx_word' id='word_1_11' title='bbox 2742 507 3013 554; x_wconf 70' lang='lat' dir='ltr'>mmmm</span> <span class='ocrx_word' id='word_1_12' title='bbox 3340 489 3461 554; x_wconf 77' lang='lat'>575</span> 
     </span>
    </p>
   </div>
   <div class='ocr_carea' id='block_1_2' title="bbox 359 683 3759 1578">
    <p class='ocr_par' dir='ltr' id='par_1_2' title="bbox 359 683 3759 1578">
     <span class='ocr_line' id='line_1_2' title="bbox 361 683 3456 765; baseline 0 -19"><span class='ocrx_word' id='word_1_13' title='bbox 361 687 437 746; x_wconf 91' lang='lat' dir='ltr'>ut</span> <span class='ocrx_word' id='word_1_14' title='bbox 487 684 840 746; x_wconf 83' lang='lat' dir='ltr'><strong>duodecim</strong></span> <span class='ocrx_word' id='word_1_15' title='bbox 899 683 1189 764; x_wconf 82' lang='lat' dir='ltr'>legiones</span> <span class='ocrx_word' id='word_1_16' title='bbox 1240 684 1624 764; x_wconf 88' lang='lat' dir='ltr'>angelorum</span> <span class='ocrx_word' id='word_1_17' title='bbox 1679 685 2046 765; x_wconf 84' lang='lat' dir='ltr'>pugnarent</span> <span class='ocrx_word' id='word_1_18' title='bbox 2102 686 2327 746; x_wconf 86' lang='lat' dir='ltr'>contra</span> <span class='ocrx_word' id='word_1_19' title='bbox 2382 684 2531 746; x_wconf 91' lang='lat' dir='ltr'>illos</span> <span class='ocrx_word' id='word_1_20' title='bbox 2576 684 2692 764; x_wconf 88' lang='lat' dir='ltr'>qui</span> <span class='ocrx_word' id='word_1_21' title='bbox 2740 683 3075 746; x_wconf 85' lang='lat' dir='ltr'>Christum</span> <span class='ocrx_word' id='word_1_22' title='bbox 3124 683 3456 763; x_wconf 89' lang='lat' dir='ltr'>ceperunt.</span> 
     </span>
     <span class='ocr_line' id='line_1_3' title="bbox 362 798 3759 917; baseline -0.003 -56"><span class='ocrx_word' id='word_1_23' title='bbox 362 800 532 862; x_wconf 87' lang='lat' dir='ltr'>Item</span> <span class='ocrx_word' id='word_1_24' title='bbox 572 801 642 862; x_wconf 93' lang='lat' dir='ltr'>in</span> <span class='ocrx_word' id='word_1_25' title='bbox 681 799 910 862; x_wconf 88' lang='lat' dir='ltr'>eodem</span> <span class='ocrx_word' id='word_1_26' title='bbox 947 819 960 858; x_wconf 92' lang='lat'>:</span> <span class='ocrx_word' id='word_1_27' title='bbox 993 799 1126 862; x_wconf 87' lang='lat' dir='ltr'>Cur</span> <span class='ocrx_word' id='word_1_28' title='bbox 1161 800 1336 881; x_wconf 90' lang='lat' dir='ltr'>apud</span> <span class='ocrx_word' id='word_1_29' title='bbox 1374 800 1695 882; x_wconf 88' lang='lat' dir='ltr'>quosdam</span> <span class='ocrx_word' id='word_1_30' title='bbox 1733 817 1864 862; x_wconf 91' lang='lat' dir='ltr'>non</span> <span class='ocrx_word' id='word_1_31' title='bbox 1905 801 2092 863; x_wconf 84' lang='lat' dir='ltr'>factae</span> <span class='ocrx_word' id='word_1_32' title='bbox 2129 801 2287 862; x_wconf 90' lang='lat' dir='ltr'>sunt</span> <span class='ocrx_word' id='word_1_33' title='bbox 2321 799 2617 878; x_wconf 80' lang='lat' dir='ltr'>virtuteS,</span> <span class='ocrx_word' id='word_1_34' title='bbox 2646 818 2795 880; x_wconf 84' lang='lat' dir='ltr'>quae</span> <span class='ocrx_word' id='word_1_35' title='bbox 2833 800 2888 863; x_wconf 90' lang='lat' dir='ltr'>si</span> <span class='ocrx_word' id='word_1_36' title='bbox 2930 799 3115 862; x_wconf 85' lang='lat' dir='ltr'>factae</span> <span class='ocrx_word' id='word_1_37' title='bbox 3156 798 3457 877; x_wconf 85' lang='lat' dir='ltr'>fuissent,</span> <span class='ocrx_word' id='word_1_38' title='bbox 3490 810 3759 917; x_wconf 46' lang='grc' dir='ltr'>ὲὲςέιΐὲή-</span> 
     </span>
     <span class='ocr_line' id='line_1_4' title="bbox 363 904 3721 996; baseline -0.001 -19"><span class='ocrx_word' id='word_1_39' title='bbox 363 915 656 994; x_wconf 88' lang='lat' dir='ltr'>egissent</span> <span class='ocrx_word' id='word_1_40' title='bbox 697 915 795 976; x_wconf 90' lang='lat' dir='ltr'>illi</span> <span class='ocrx_word' id='word_1_41' title='bbox 833 915 1135 978; x_wconf 90' lang='lat' dir='ltr'>homines</span> <span class='ocrx_word' id='word_1_42' title='bbox 1173 917 1652 996; x_wconf 86' lang='lat' dir='ltr'>poenitentiam,</span> <span class='ocrx_word' id='word_1_43' title='bbox 1686 917 1750 978; x_wconf 92' lang='lat' dir='ltr'>et</span> <span class='ocrx_word' id='word_1_44' title='bbox 1791 917 1976 979; x_wconf 83' lang='lat' dir='ltr'>factae</span> <span class='ocrx_word' id='word_1_45' title='bbox 2015 918 2170 980; x_wconf 90' lang='lat' dir='ltr'>sunt</span> <span class='ocrx_word' id='word_1_46' title='bbox 2207 916 2377 996; x_wconf 87' lang='lat' dir='ltr'>apud</span> <span class='ocrx_word' id='word_1_47' title='bbox 2419 933 2531 978; x_wconf 91' lang='lat' dir='ltr'>eos</span> <span class='ocrx_word' id='word_1_48' title='bbox 2569 917 2682 996; x_wconf 90' lang='lat' dir='ltr'>qui</span> <span class='ocrx_word' id='word_1_49' title='bbox 2721 934 2853 977; x_wconf 94' lang='lat' dir='ltr'>non</span> <span class='ocrx_word' id='word_1_50' title='bbox 2891 916 3073 978; x_wconf 86' lang='lat' dir='ltr'>erant</span> <span class='ocrx_word' id='word_1_51' title='bbox 3103 912 3462 976; x_wconf 80' lang='lat' dir='ltr'>credituri?</span> <span class='ocrx_word' id='word_1_52' title='bbox 3560 905 3571 917; x_wconf 83' lang='lat'>’</span> <span class='ocrx_word' id='word_1_53' title='bbox 3710 904 3721 915; x_wconf 81' lang='grc'><strong><em>’</em></strong></span> 
     </span>
     <span class='ocr_line' id='line_1_5' title="bbox 359 1031 3463 1113; baseline -0 -21"><span class='ocrx_word' id='word_1_54' title='bbox 359 1031 547 1093; x_wconf 91' lang='lat' dir='ltr'>Tunc</span> <span class='ocrx_word' id='word_1_55' title='bbox 578 1049 710 1094; x_wconf 93' lang='lat' dir='ltr'>non</span> <span class='ocrx_word' id='word_1_56' title='bbox 748 1031 975 1094; x_wconf 89' lang='lat' dir='ltr'>latebit</span> <span class='ocrx_word' id='word_1_57' title='bbox 1003 1031 1180 1113; x_wconf 88' lang='lat' dir='ltr'>quod</span> <span class='ocrx_word' id='word_1_58' title='bbox 1217 1049 1392 1094; x_wconf 89' lang='lat' dir='ltr'>nunc</span> <span class='ocrx_word' id='word_1_59' title='bbox 1429 1031 1606 1095; x_wconf 88' lang='lat' dir='ltr'>latet.</span> <span class='ocrx_word' id='word_1_60' title='bbox 1641 1032 1776 1094; x_wconf 89' lang='lat' dir='ltr'>Nec</span> <span class='ocrx_word' id='word_1_61' title='bbox 1807 1032 2034 1113; x_wconf 88' lang='lat' dir='ltr'>utique</span> <span class='ocrx_word' id='word_1_62' title='bbox 2064 1032 2308 1112; x_wconf 79' lang='lat' dir='ltr'>injuste</span> <span class='ocrx_word' id='word_1_63' title='bbox 2344 1033 2524 1094; x_wconf 90' lang='lat' dir='ltr'>Deus</span> <span class='ocrx_word' id='word_1_64' title='bbox 2562 1031 2775 1093; x_wconf 90' lang='lat' dir='ltr'>noluit</span> <span class='ocrx_word' id='word_1_65' title='bbox 2810 1031 3029 1094; x_wconf 87' lang='lat' dir='ltr'>salvos</span> <span class='ocrx_word' id='word_1_66' title='bbox 3058 1031 3222 1110; x_wconf 88' lang='lat' dir='ltr'>fieri,</span> <span class='ocrx_word' id='word_1_67' title='bbox 3256 1046 3463 1111; x_wconf 90' lang='lat' dir='ltr'>quum</span> 
     </span>
     <span class='ocr_line' id='line_1_6' title="bbox 361 1144 3465 1229; baseline -0.001 -20"><span class='ocrx_word' id='word_1_68' title='bbox 361 1149 638 1227; x_wconf 83' lang='lat' dir='ltr'>possent</span> <span class='ocrx_word' id='word_1_69' title='bbox 694 1148 860 1211; x_wconf 86' lang='lat' dir='ltr'>salvi</span> <span class='ocrx_word' id='word_1_70' title='bbox 909 1166 1050 1212; x_wconf 89' lang='lat' dir='ltr'>esse</span> <span class='ocrx_word' id='word_1_71' title='bbox 1109 1149 1168 1209; x_wconf 91' lang='lat' dir='ltr'>si</span> <span class='ocrx_word' id='word_1_72' title='bbox 1217 1147 1480 1212; x_wconf 89' lang='lat' dir='ltr'>vellent.</span> <span class='ocrx_word' id='word_1_73' title='bbox 1521 1148 1704 1211; x_wconf 91' lang='lat' dir='ltr'>Tunc</span> <span class='ocrx_word' id='word_1_74' title='bbox 1753 1149 1820 1210; x_wconf 92' lang='lat' dir='ltr'>in</span> <span class='ocrx_word' id='word_1_75' title='bbox 1874 1147 2238 1210; x_wconf 86' lang='lat' dir='ltr'>clarissima</span> <span class='ocrx_word' id='word_1_76' title='bbox 2293 1148 2631 1229; x_wconf 76' lang='lat' dir='ltr'>sapientiae</span> <span class='ocrx_word' id='word_1_77' title='bbox 2689 1147 2832 1209; x_wconf 89' lang='lat' dir='ltr'>luce</span> <span class='ocrx_word' id='word_1_78' title='bbox 2889 1145 3240 1224; x_wconf 87' lang='lat' dir='ltr'>videbitur,</span> <span class='ocrx_word' id='word_1_79' title='bbox 3286 1144 3465 1224; x_wconf 88' lang='lat' dir='ltr'>quod</span> 
     </span>
     <span class='ocr_line' id='line_1_7' title="bbox 359 1261 3467 1346; baseline -0.001 -22"><span class='ocrx_word' id='word_1_80' title='bbox 359 1281 539 1327; x_wconf 89' lang='lat' dir='ltr'>nunc</span> <span class='ocrx_word' id='word_1_81' title='bbox 585 1265 846 1346; x_wconf 90' lang='lat' dir='ltr'>piorum</span> <span class='ocrx_word' id='word_1_82' title='bbox 897 1265 1060 1328; x_wconf 83' lang='lat' dir='ltr'>fides</span> <span class='ocrx_word' id='word_1_83' title='bbox 1111 1264 1307 1327; x_wconf 87' lang='lat' dir='ltr'>habet</span> <span class='ocrx_word' id='word_1_84' title='bbox 1359 1265 1710 1344; x_wconf 84' lang='lat' dir='ltr'>antequam</span> <span class='ocrx_word' id='word_1_85' title='bbox 1763 1264 2111 1326; x_wconf 82' lang='lat' dir='ltr'>manifesta</span> <span class='ocrx_word' id='word_1_86' title='bbox 2161 1264 2532 1344; x_wconf 85' lang='lat' dir='ltr'>cognitione</span> <span class='ocrx_word' id='word_1_87' title='bbox 2574 1263 2894 1342; x_wconf 85' lang='lat' dir='ltr'>videatur,</span> <span class='ocrx_word' id='word_1_88' title='bbox 2935 1279 3133 1343; x_wconf 88' lang='lat' dir='ltr'>quam</span> <span class='ocrx_word' id='word_1_89' title='bbox 3181 1263 3356 1324; x_wconf 89' lang='lat' dir='ltr'>certa</span> <span class='ocrx_word' id='word_1_90' title='bbox 3400 1261 3467 1324; x_wconf 91' lang='lat' dir='ltr'>et</span> 
     </span>
     <span class='ocr_line' id='line_1_8' title="bbox 364 1376 3465 1460; baseline -0.001 -19"><span class='ocrx_word' id='word_1_91' title='bbox 364 1381 804 1444; x_wconf 85' lang='lat' dir='ltr'>immutabilis</span> <span class='ocrx_word' id='word_1_92' title='bbox 842 1383 907 1445; x_wconf 87' lang='lat' dir='ltr'>et·</span> <span class='ocrx_word' id='word_1_93' title='bbox 943 1381 1392 1444; x_wconf 79' lang='lat' dir='ltr'>efficacissima</span> <span class='ocrx_word' id='word_1_94' title='bbox 1439 1380 1526 1442; x_wconf 88' lang='lat' dir='ltr'>sit</span> <span class='ocrx_word' id='word_1_95' title='bbox 1564 1380 1868 1442; x_wconf 81' lang='lat' dir='ltr'>voluntas</span> <span class='ocrx_word' id='word_1_96' title='bbox 1913 1380 2061 1457; x_wconf 89' lang='lat' dir='ltr'>Dei,</span> <span class='ocrx_word' id='word_1_97' title='bbox 2103 1397 2250 1458; x_wconf 85' lang='lat' dir='ltr'>quae</span> <span class='ocrx_word' id='word_1_98' title='bbox 2297 1379 2507 1441; x_wconf 84' lang='lat' dir='ltr'>multa</span> <span class='ocrx_word' id='word_1_99' title='bbox 2552 1379 2762 1460; x_wconf 83' lang='lat' dir='ltr'>possit</span> <span class='ocrx_word' id='word_1_100' title='bbox 2800 1381 2863 1442; x_wconf 88' lang='lat' dir='ltr'>et</span> <span class='ocrx_word' id='word_1_101' title='bbox 2904 1396 3035 1442; x_wconf 92' lang='lat' dir='ltr'>non</span> <span class='ocrx_word' id='word_1_102' title='bbox 3072 1379 3255 1457; x_wconf 89' lang='lat' dir='ltr'>velit,</span> <span class='ocrx_word' id='word_1_103' title='bbox 3297 1376 3465 1440; x_wconf 90' lang='lat' dir='ltr'>nihil</span> 
     </span>
     <span class='ocr_line' id='line_1_9' title="bbox 363 1495 3757 1578; baseline -0 -20"><span class='ocrx_word' id='word_1_104' title='bbox 363 1499 590 1560; x_wconf 84' lang='lat' dir='ltr'>autem</span> <span class='ocrx_word' id='word_1_105' title='bbox 623 1497 801 1578; x_wconf 90' lang='lat' dir='ltr'>quod</span> <span class='ocrx_word' id='word_1_106' title='bbox 838 1515 970 1560; x_wconf 93' lang='lat' dir='ltr'>non</span> <span class='ocrx_word' id='word_1_107' title='bbox 1008 1498 1219 1578; x_wconf 84' lang='lat' dir='ltr'>possit</span> <span class='ocrx_word' id='word_1_108' title='bbox 1257 1497 1436 1560; x_wconf 88' lang='lat' dir='ltr'>velit.</span> <span class='ocrx_word' id='word_1_109' title='bbox 1472 1497 1654 1558; x_wconf 91' lang='lat' dir='ltr'>Idem</span> <span class='ocrx_word' id='word_1_110' title='bbox 1693 1497 1762 1558; x_wconf 92' lang='lat' dir='ltr'>in</span> <span class='ocrx_word' id='word_1_111' title='bbox 1800 1495 1964 1558; x_wconf 90' lang='lat' dir='ltr'>libro</span> <span class='ocrx_word' id='word_1_112' title='bbox 1998 1496 2078 1558; x_wconf 82' lang='lat' dir='ltr'>de</span> <span class='ocrx_word' id='word_1_113' title='bbox 2109 1496 2359 1559; x_wconf 84' lang='lat' dir='ltr'>Natura</span> <span class='ocrx_word' id='word_1_114' title='bbox 2396 1498 2461 1558; x_wconf 89' lang='lat' dir='ltr'>et</span> <span class='ocrx_word' id='word_1_115' title='bbox 2496 1496 2705 1576; x_wconf 85' lang='lat' dir='ltr'>gratia</span> <span class='ocrx_word' id='word_1_116' title='bbox 2738 1517 2751 1556; x_wconf 93' lang='lat'><strong>:</strong></span> <span class='ocrx_word' id='word_1_117' title='bbox 2786 1496 3113 1559; x_wconf 89' lang='lat' dir='ltr'>Dominus</span> <span class='ocrx_word' id='word_1_118' title='bbox 3141 1495 3461 1558; x_wconf 84' lang='lat' dir='ltr'>Lazarum</span> <span class='ocrx_word' id='word_1_119' title='bbox 3522 1505 3581 1549; x_wconf 74' lang='lat' dir='ltr'>ld.</span> <span class='ocrx_word' id='word_1_120' title='bbox 3603 1506 3657 1549; x_wconf 77' lang='lat' dir='ltr'>do</span> <span class='ocrx_word' id='word_1_121' title='bbox 3678 1504 3757 1548; x_wconf 75' lang='lat' dir='ltr'>Na-</span> 
     </span>
    </p>
   </div>
   <div class='ocr_carea' id='block_1_3' title="bbox 365 1571 3759 1694">
    <p class='ocr_par' dir='ltr' id='par_1_3' title="bbox 365 1571 3759 1694">
     <span class='ocr_line' id='line_1_10' title="bbox 365 1571 3759 1694; baseline -0.001 -20"><span class='ocrx_word' id='word_1_122' title='bbox 365 1613 714 1675; x_wconf 83' lang='lat' dir='ltr'>suscitavit</span> <span class='ocrx_word' id='word_1_123' title='bbox 769 1613 836 1675; x_wconf 91' lang='lat' dir='ltr'>in</span> <span class='ocrx_word' id='word_1_124' title='bbox 893 1630 1185 1694; x_wconf 87' lang='lat' dir='ltr'>corpore.</span> <span class='ocrx_word' id='word_1_125' title='bbox 1244 1613 1586 1693; x_wconf 89' lang='lat' dir='ltr'>Numquid</span> <span class='ocrx_word' id='word_1_126' title='bbox 1653 1611 2002 1674; x_wconf 89' lang='lat' dir='ltr'>dicendum</span> <span class='ocrx_word' id='word_1_127' title='bbox 2058 1612 2178 1690; x_wconf 90' lang='lat' dir='ltr'>est,</span> <span class='ocrx_word' id='word_1_128' title='bbox 2240 1611 2387 1674; x_wconf 88' lang='lat' dir='ltr'>Non</span> <span class='ocrx_word' id='word_1_129' title='bbox 2444 1613 2659 1692; x_wconf 89' lang='lat' dir='ltr'>potuit</span> <span class='ocrx_word' id='word_1_130' title='bbox 2710 1613 2953 1675; x_wconf 86' lang='lat' dir='ltr'>Judam</span> <span class='ocrx_word' id='word_1_131' title='bbox 3014 1612 3329 1675; x_wconf 86' lang='lat' dir='ltr'>suscitare</span> <span class='ocrx_word' id='word_1_132' title='bbox 3392 1612 3462 1673; x_wconf 91' lang='lat' dir='ltr'>in</span> <span class='ocrx_word' id='word_1_133' title='bbox 3490 1571 3759 1674; x_wconf 44' lang='lat' dir='ltr'>ff‘fmm&#39;</span> 
     </span>
    </p>
   </div>
   <div class='ocr_carea' id='block_1_4' title="bbox 365 1693 3755 2625">
    <p class='ocr_par' dir='ltr' id='par_1_4' title="bbox 365 1693 3755 2625">
     <span class='ocr_line' id='line_1_11' title="bbox 366 1693 3755 1812; baseline -0 -21"><span class='ocrx_word' id='word_1_134' title='bbox 366 1731 588 1792; x_wconf 88' lang='lat' dir='ltr'>mente</span> <span class='ocrx_word' id='word_1_135' title='bbox 608 1728 640 1791; x_wconf 69' lang='grc' dir='ltr'>ἶ)</span> <span class='ocrx_word' id='word_1_136' title='bbox 675 1729 906 1792; x_wconf 90' lang='lat' dir='ltr'>Potuit</span> <span class='ocrx_word' id='word_1_137' title='bbox 935 1730 1226 1812; x_wconf 89' lang='lat' dir='ltr'>quidem,</span> <span class='ocrx_word' id='word_1_138' title='bbox 1263 1730 1377 1792; x_wconf 86' lang='lat' dir='ltr'>sed</span> <span class='ocrx_word' id='word_1_139' title='bbox 1407 1728 1639 1791; x_wconf 89' lang='lat' dir='ltr'>noluit.</span> <span class='ocrx_word' id='word_1_140' title='bbox 1673 1729 1798 1790; x_wconf 89' lang='lat' dir='ltr'>His</span> <span class='ocrx_word' id='word_1_141' title='bbox 1827 1727 2327 1791; x_wconf 85' lang='lat' dir='ltr'>auctoritatibus</span> <span class='ocrx_word' id='word_1_142' title='bbox 2356 1728 2633 1808; x_wconf 89' lang='lat' dir='ltr'>aliisque</span> <span class='ocrx_word' id='word_1_143' title='bbox 2663 1729 2892 1792; x_wconf 88' lang='lat' dir='ltr'>multis</span> <span class='ocrx_word' id='word_1_144' title='bbox 2921 1731 3140 1810; x_wconf 86' lang='lat' dir='ltr'>aperte</span> <span class='ocrx_word' id='word_1_145' title='bbox 3168 1729 3461 1806; x_wconf 84' lang='lat' dir='ltr'>docetur,</span> <span class='ocrx_word' id='word_1_146' title='bbox 3494 1693 3755 1802; x_wconf 48' lang='lat' dir='ltr'>421?me</span> 
     </span>
     <span class='ocr_line' id='line_1_12' title="bbox 366 1832 3461 1927; baseline 0 -20"><span class='ocrx_word' id='word_1_147' title='bbox 366 1845 546 1925; x_wconf 88' lang='lat' dir='ltr'>quod</span> <span class='ocrx_word' id='word_1_148' title='bbox 576 1837 1004 1909; x_wconf 79' lang='lat' dir='ltr'>Deus&#39;multa</span> <span class='ocrx_word' id='word_1_149' title='bbox 1041 1847 1252 1927; x_wconf 86' lang='lat' dir='ltr'>possit</span> <span class='ocrx_word' id='word_1_150' title='bbox 1282 1845 1490 1908; x_wconf 84' lang='lat' dir='ltr'>facere</span> <span class='ocrx_word' id='word_1_151' title='bbox 1522 1863 1668 1925; x_wconf 85' lang='lat' dir='ltr'>quae</span> <span class='ocrx_word' id='word_1_152' title='bbox 1707 1861 1838 1906; x_wconf 92' lang='lat' dir='ltr'>non</span> <span class='ocrx_word' id='word_1_153' title='bbox 1877 1843 2040 1906; x_wconf 80' lang='lat' dir='ltr'>vult.</span> <span class='ocrx_word' id='word_1_154' title='bbox 2066 1881 2151 1890; x_wconf 93' lang='lat'>—</span> <span class='ocrx_word' id='word_1_155' title='bbox 2179 1844 2371 1917; x_wconf 88' lang='lat' dir='ltr'>Quod</span> <span class='ocrx_word' id='word_1_156' title='bbox 2411 1846 2608 1907; x_wconf 89' lang='lat' dir='ltr'>etiam</span> <span class='ocrx_word' id='word_1_157' title='bbox 2648 1845 2898 1909; x_wconf 86' lang='lat' dir='ltr'>ratione</span> <span class='ocrx_word' id='word_1_158' title='bbox 2934 1832 3195 1927; x_wconf 82' lang='lat' dir='ltr'>probari</span> <span class='ocrx_word' id='word_1_159' title='bbox 3224 1847 3461 1926; x_wconf 89' lang='lat' dir='ltr'>potest.</span> 
     </span>
     <span class='ocr_line' id='line_1_13' title="bbox 365 1961 3467 2044; baseline 0 -20"><span class='ocrx_word' id='word_1_160' title='bbox 365 1961 518 2024; x_wconf 86' lang='lat' dir='ltr'>Non</span> <span class='ocrx_word' id='word_1_161' title='bbox 559 1963 735 2026; x_wconf 91' lang='lat' dir='ltr'>enim</span> <span class='ocrx_word' id='word_1_162' title='bbox 775 1963 920 2026; x_wconf 86' lang='lat' dir='ltr'>vult</span> <span class='ocrx_word' id='word_1_163' title='bbox 956 1965 1138 2028; x_wconf 89' lang='lat' dir='ltr'>Deus</span> <span class='ocrx_word' id='word_1_164' title='bbox 1176 1979 1405 2026; x_wconf 90' lang='lat' dir='ltr'>omnes</span> <span class='ocrx_word' id='word_1_165' title='bbox 1443 1963 1748 2024; x_wconf 90' lang='lat' dir='ltr'>homines</span> <span class='ocrx_word' id='word_1_166' title='bbox 1778 1961 2162 2040; x_wconf 76' lang='lat' dir='ltr'>Justificare‚</span> <span class='ocrx_word' id='word_1_167' title='bbox 2197 1962 2262 2024; x_wconf 91' lang='lat' dir='ltr'>et</span> <span class='ocrx_word' id='word_1_168' title='bbox 2298 1963 2518 2024; x_wconf 85' lang='lat' dir='ltr'>tamen</span> <span class='ocrx_word' id='word_1_169' title='bbox 2556 1962 2706 2043; x_wconf 84' lang='lat' dir='ltr'>quis</span> <span class='ocrx_word' id='word_1_170' title='bbox 2744 1963 3001 2026; x_wconf 87' lang='lat' dir='ltr'>dubitat</span> <span class='ocrx_word' id='word_1_171' title='bbox 3038 1980 3190 2027; x_wconf 90' lang='lat' dir='ltr'>eum</span> <span class='ocrx_word' id='word_1_172' title='bbox 3228 1961 3467 2044; x_wconf 83' lang='lat' dir='ltr'>posse?</span> 
     </span>
     <span class='ocr_line' id='line_1_14' title="bbox 502 2077 3469 2161; baseline 0 -19"><span class='ocrx_word' id='word_1_173' title='bbox 502 2081 732 2142; x_wconf 85' lang='lat' dir='ltr'>Potest</span> <span class='ocrx_word' id='word_1_174' title='bbox 770 2097 922 2160; x_wconf 87' lang='lat' dir='ltr'>ergo</span> <span class='ocrx_word' id='word_1_175' title='bbox 961 2081 1142 2142; x_wconf 87' lang='lat' dir='ltr'>Deus</span> <span class='ocrx_word' id='word_1_176' title='bbox 1183 2078 1365 2141; x_wconf 89' lang='lat' dir='ltr'>aliud</span> <span class='ocrx_word' id='word_1_177' title='bbox 1403 2077 1612 2140; x_wconf 87' lang='lat' dir='ltr'>facere</span> <span class='ocrx_word' id='word_1_178' title='bbox 1651 2094 1851 2157; x_wconf 88' lang='lat' dir='ltr'>quam</span> <span class='ocrx_word' id='word_1_179' title='bbox 1893 2077 2048 2138; x_wconf 88' lang='lat' dir='ltr'>facit</span> <span class='ocrx_word' id='word_1_180' title='bbox 2088 2097 2100 2135; x_wconf 94' lang='lat'>:</span> <span class='ocrx_word' id='word_1_181' title='bbox 2137 2079 2202 2139; x_wconf 87' lang='lat' dir='ltr'>et</span> <span class='ocrx_word' id='word_1_182' title='bbox 2244 2080 2460 2141; x_wconf 87' lang='lat' dir='ltr'>tamen</span> <span class='ocrx_word' id='word_1_183' title='bbox 2498 2079 2554 2140; x_wconf 91' lang='lat' dir='ltr'>si</span> <span class='ocrx_word' id='word_1_184' title='bbox 2593 2078 2771 2141; x_wconf 84' lang='lat' dir='ltr'>aliud</span> <span class='ocrx_word' id='word_1_185' title='bbox 2812 2079 3073 2158; x_wconf 85' lang='lat' dir='ltr'>faceret,</span> <span class='ocrx_word' id='word_1_186' title='bbox 3115 2080 3286 2142; x_wconf 89' lang='lat' dir='ltr'>alius</span> <span class='ocrx_word' id='word_1_187' title='bbox 3329 2079 3469 2161; x_wconf 87' lang='lat' dir='ltr'>ipse</span> 
     </span>
     <span class='ocr_line' id='line_1_15' title="bbox 367 2191 3469 2277; baseline 0 -20"><span class='ocrx_word' id='word_1_188' title='bbox 367 2213 504 2258; x_wconf 90' lang='lat' dir='ltr'>non</span> <span class='ocrx_word' id='word_1_189' title='bbox 555 2198 748 2260; x_wconf 89' lang='lat' dir='ltr'>esset.</span> <span class='ocrx_word' id='word_1_190' title='bbox 793 2198 877 2258; x_wconf 83' lang='lat' dir='ltr'>Et</span> <span class='ocrx_word' id='word_1_191' title='bbox 914 2197 1130 2277; x_wconf 90' lang='lat' dir='ltr'>potest</span> <span class='ocrx_word' id='word_1_192' title='bbox 1177 2194 1356 2256; x_wconf 87' lang='lat' dir='ltr'>aliud</span> <span class='ocrx_word' id='word_1_193' title='bbox 1402 2193 1568 2256; x_wconf 88' lang='lat' dir='ltr'>velle</span> <span class='ocrx_word' id='word_1_194' title='bbox 1614 2209 1814 2273; x_wconf 87' lang='lat' dir='ltr'>quam</span> <span class='ocrx_word' id='word_1_195' title='bbox 1863 2191 2006 2255; x_wconf 86' lang='lat' dir='ltr'>vult</span> <span class='ocrx_word' id='word_1_196' title='bbox 2047 2212 2061 2252; x_wconf 92' lang='lat'>:</span> <span class='ocrx_word' id='word_1_197' title='bbox 2105 2194 2170 2254; x_wconf 90' lang='lat' dir='ltr'>et</span> <span class='ocrx_word' id='word_1_198' title='bbox 2206 2193 2427 2256; x_wconf 89' lang='lat' dir='ltr'>tamen</span> <span class='ocrx_word' id='word_1_199' title='bbox 2473 2194 2618 2274; x_wconf 88' lang='lat' dir='ltr'>ejus</span> <span class='ocrx_word' id='word_1_200' title='bbox 2655 2194 2960 2258; x_wconf 86' lang='lat' dir='ltr'>voluntas</span> <span class='ocrx_word' id='word_1_201' title='bbox 3008 2212 3128 2258; x_wconf 90' lang='lat' dir='ltr'>nec</span> <span class='ocrx_word' id='word_1_202' title='bbox 3172 2195 3302 2258; x_wconf 89' lang='lat' dir='ltr'>alia</span> <span class='ocrx_word' id='word_1_203' title='bbox 3350 2212 3469 2259; x_wconf 92' lang='lat' dir='ltr'>nec</span> 
     </span>
     <span class='ocr_line' id='line_1_16' title="bbox 367 2307 3469 2392; baseline -0 -18"><span class='ocrx_word' id='word_1_204' title='bbox 367 2328 542 2374; x_wconf 88' lang='lat' dir='ltr'>nova</span> <span class='ocrx_word' id='word_1_205' title='bbox 578 2329 697 2375; x_wconf 93' lang='lat' dir='ltr'>nec</span> <span class='ocrx_word' id='word_1_206' title='bbox 733 2310 1074 2374; x_wconf 86' lang='lat' dir='ltr'>mutabilis</span> <span class='ocrx_word' id='word_1_207' title='bbox 1112 2310 1333 2391; x_wconf 87' lang='lat' dir='ltr'>aliquo</span> <span class='ocrx_word' id='word_1_208' title='bbox 1373 2308 1569 2371; x_wconf 92' lang='lat' dir='ltr'>modo</span> <span class='ocrx_word' id='word_1_209' title='bbox 1611 2309 1828 2388; x_wconf 88' lang='lat' dir='ltr'>potest</span> <span class='ocrx_word' id='word_1_210' title='bbox 1866 2325 2029 2370; x_wconf 91' lang='lat' dir='ltr'>esse.</span> <span class='ocrx_word' id='word_1_211' title='bbox 2065 2307 2258 2382; x_wconf 89' lang='lat' dir='ltr'>Quod</span> <span class='ocrx_word' id='word_1_212' title='bbox 2295 2311 2415 2372; x_wconf 89' lang='lat' dir='ltr'>etsi</span> <span class='ocrx_word' id='word_1_213' title='bbox 2455 2311 2665 2391; x_wconf 87' lang='lat' dir='ltr'>possit</span> <span class='ocrx_word' id='word_1_214' title='bbox 2701 2311 2869 2374; x_wconf 86' lang='lat' dir='ltr'>velle</span> <span class='ocrx_word' id='word_1_215' title='bbox 2907 2312 3085 2392; x_wconf 76' lang='lat' dir='ltr'>quod</span> <span class='ocrx_word' id='word_1_216' title='bbox 3129 2329 3469 2392; x_wconf 87' lang='lat' dir='ltr'>nunquam</span> 
     </span>
     <span class='ocr_line' id='line_1_17' title="bbox 367 2423 3467 2508; baseline 0.001 -20"><span class='ocrx_word' id='word_1_217' title='bbox 367 2427 606 2508; x_wconf 81' lang='lat' dir='ltr'>voluit,</span> <span class='ocrx_word' id='word_1_218' title='bbox 647 2444 779 2490; x_wconf 92' lang='lat' dir='ltr'>non</span> <span class='ocrx_word' id='word_1_219' title='bbox 827 2429 1046 2490; x_wconf 84' lang='lat' dir='ltr'>tamen</span> <span class='ocrx_word' id='word_1_220' title='bbox 1095 2425 1351 2488; x_wconf 86' lang='lat' dir='ltr'>noviter</span> <span class='ocrx_word' id='word_1_221' title='bbox 1403 2443 1522 2488; x_wconf 90' lang='lat' dir='ltr'>nec</span> <span class='ocrx_word' id='word_1_222' title='bbox 1578 2441 1750 2487; x_wconf 83' lang='lat' dir='ltr'>nova</span> <span class='ocrx_word' id='word_1_223' title='bbox 1797 2423 2158 2502; x_wconf 88' lang='lat' dir='ltr'>voluntate,</span> <span class='ocrx_word' id='word_1_224' title='bbox 2208 2425 2322 2488; x_wconf 90' lang='lat' dir='ltr'>sed</span> <span class='ocrx_word' id='word_1_225' title='bbox 2373 2427 2770 2507; x_wconf 86' lang='lat' dir='ltr'>sempiterna</span> <span class='ocrx_word' id='word_1_226' title='bbox 2819 2429 3077 2490; x_wconf 87' lang='lat' dir='ltr'>tantum</span> <span class='ocrx_word' id='word_1_227' title='bbox 3132 2427 3467 2490; x_wconf 86' lang='lat' dir='ltr'>voluntate</span> 
     </span>
     <span class='ocr_line' id='line_1_18' title="bbox 367 2540 3467 2625; baseline 0 -19"><span class='ocrx_word' id='word_1_228' title='bbox 367 2545 538 2607; x_wconf 78' lang='lat' dir='ltr'>velle</span> <span class='ocrx_word' id='word_1_229' title='bbox 577 2545 815 2625; x_wconf 88' lang='lat' dir='ltr'>potest.</span> <span class='ocrx_word' id='word_1_230' title='bbox 856 2545 1084 2607; x_wconf 88' lang='lat' dir='ltr'>Potest</span> <span class='ocrx_word' id='word_1_231' title='bbox 1123 2543 1296 2606; x_wconf 91' lang='lat' dir='ltr'>enim</span> <span class='ocrx_word' id='word_1_232' title='bbox 1338 2541 1506 2604; x_wconf 86' lang='lat' dir='ltr'>velle</span> <span class='ocrx_word' id='word_1_233' title='bbox 1543 2540 1720 2622; x_wconf 88' lang='lat' dir='ltr'>quod</span> <span class='ocrx_word' id='word_1_234' title='bbox 1757 2540 1839 2603; x_wconf 85' lang='lat' dir='ltr'>ab</span> <span class='ocrx_word' id='word_1_235' title='bbox 1877 2541 2120 2603; x_wconf 68' lang='lat' dir='ltr'>aeterno</span> <span class='ocrx_word' id='word_1_236' title='bbox 2157 2542 2375 2621; x_wconf 82' lang='lat' dir='ltr'>potest-</span> <span class='ocrx_word' id='word_1_237' title='bbox 2411 2541 2699 2607; x_wconf 86' lang='lat' dir='ltr'>voluisse</span> <span class='ocrx_word' id='word_1_238' title='bbox 2733 2563 2747 2604; x_wconf 75' lang='grc' dir='ltr'>ε</span> <span class='ocrx_word' id='word_1_239' title='bbox 2782 2543 2977 2608; x_wconf 86' lang='lat' dir='ltr'>habet</span> <span class='ocrx_word' id='word_1_240' title='bbox 3018 2543 3194 2608; x_wconf 90' lang='lat' dir='ltr'>enim</span> <span class='ocrx_word' id='word_1_241' title='bbox 3231 2543 3467 2624; x_wconf 90' lang='lat' dir='ltr'>poten-</span> 
     </span>
    </p>
   </div>
   <div class='ocr_carea' id='block_1_5' title="bbox 371 2657 3463 2738">
    <p class='ocr_par' dir='ltr' id='par_1_5' title="bbox 371 2657 3463 2738">
     <span class='ocr_line' id='line_1_19' title="bbox 371 2657 3463 2738; baseline 0 -16"><span class='ocrx_word' id='word_1_242' title='bbox 371 2662 531 2724; x_wconf 85' lang='lat' dir='ltr'>tiam</span> <span class='ocrx_word' id='word_1_243' title='bbox 565 2661 830 2724; x_wconf 86' lang='lat' dir='ltr'>volendi</span> <span class='ocrx_word' id='word_1_244' title='bbox 869 2663 934 2723; x_wconf 91' lang='lat' dir='ltr'>et</span> <span class='ocrx_word' id='word_1_245' title='bbox 963 2677 1136 2722; x_wconf 90' lang='lat' dir='ltr'>nunc</span> <span class='ocrx_word' id='word_1_246' title='bbox 1175 2661 1238 2721; x_wconf 89' lang='lat' dir='ltr'>et</span> <span class='ocrx_word' id='word_1_247' title='bbox 1267 2657 1350 2721; x_wconf 86' lang='lat' dir='ltr'>ab</span> <span class='ocrx_word' id='word_1_248' title='bbox 1378 2659 1646 2736; x_wconf 87' lang='lat' dir='ltr'>aetern0‚</span> <span class='ocrx_word' id='word_1_249' title='bbox 1671 2657 1850 2737; x_wconf 88' lang='lat' dir='ltr'>quod</span> <span class='ocrx_word' id='word_1_250' title='bbox 1878 2659 2098 2720; x_wconf 85' lang='lat' dir='ltr'>tamen</span> <span class='ocrx_word' id='word_1_251' title='bbox 2127 2675 2246 2720; x_wconf 90' lang='lat' dir='ltr'>nec</span> <span class='ocrx_word' id='word_1_252' title='bbox 2278 2658 2473 2721; x_wconf 88' lang='lat' dir='ltr'>modo</span> <span class='ocrx_word' id='word_1_253' title='bbox 2504 2659 2668 2738; x_wconf 86' lang='lat' dir='ltr'>vult,</span> <span class='ocrx_word' id='word_1_254' title='bbox 2692 2677 2810 2724; x_wconf 90' lang='lat' dir='ltr'>nec</span> <span class='ocrx_word' id='word_1_255' title='bbox 2844 2661 2926 2724; x_wconf 90' lang='lat' dir='ltr'>ab</span> <span class='ocrx_word' id='word_1_256' title='bbox 2956 2662 3200 2725; x_wconf 84' lang='lat' dir='ltr'>aeterno</span> <span class='ocrx_word' id='word_1_257' title='bbox 3230 2663 3463 2725; x_wconf 86' lang='lat' dir='ltr'>voluit.</span> 
     </span>
    </p>
   </div>
   <div class='ocr_carea' id='block_1_6' title="bbox 939 2939 3477 3617">
    <p class='ocr_par' dir='ltr' id='par_1_6' title="bbox 939 2939 3477 3617">
     <span class='ocr_line' id='line_1_20' title="bbox 1895 2939 3473 3023; baseline 0.004 -23"><span class='ocrx_word' id='word_1_258' title='bbox 1895 2941 1945 3001; x_wconf 86' lang='lat' dir='ltr'>A</span> <span class='ocrx_word' id='word_1_259' title='bbox 1976 2939 2101 3001; x_wconf 88' lang='lat' dir='ltr'>ctio</span> <span class='ocrx_word' id='word_1_260' title='bbox 2141 2940 2231 3001; x_wconf 92' lang='lat' dir='ltr'>rei</span> <span class='ocrx_word' id='word_1_261' title='bbox 2272 2941 2587 3023; x_wconf 84' lang='lat' dir='ltr'>dependet</span> <span class='ocrx_word' id='word_1_262' title='bbox 2624 2962 2660 3004; x_wconf 85' lang='lat' dir='ltr'>a</span> <span class='ocrx_word' id='word_1_263' title='bbox 2699 2961 2815 3005; x_wconf 89' lang='lat' dir='ltr'>suo</span> <span class='ocrx_word' id='word_1_264' title='bbox 2854 2943 3007 3018; x_wconf 89' lang='lat' dir='ltr'>fine,</span> <span class='ocrx_word' id='word_1_265' title='bbox 3040 2945 3142 3007; x_wconf 89' lang='lat' dir='ltr'>vel</span> <span class='ocrx_word' id='word_1_266' title='bbox 3182 2944 3473 3008; x_wconf 84' lang='lat' dir='ltr'>consistit</span> 
     </span>
     <span class='ocr_line' id='line_1_21' title="bbox 939 3011 3475 3127; baseline 0.006 -35"><span class='ocrx_word' id='word_1_267' title='bbox 939 3011 1298 3076; x_wconf 78' lang='lat' dir='ltr'><strong>SUMMA</strong></span> <span class='ocrx_word' id='word_1_268' title='bbox 1977 3036 2041 3098; x_wconf 90' lang='lat' dir='ltr'>in</span> <span class='ocrx_word' id='word_1_269' title='bbox 2089 3036 2223 3099; x_wconf 83' lang='lat' dir='ltr'>fine</span> <span class='ocrx_word' id='word_1_270' title='bbox 2273 3057 2388 3101; x_wconf 90' lang='lat' dir='ltr'>suo</span> <span class='ocrx_word' id='word_1_271' title='bbox 2432 3058 2445 3102; x_wconf 90' lang='lat'><strong>:</strong></span> <span class='ocrx_word' id='word_1_272' title='bbox 2489 3060 2689 3124; x_wconf 90' lang='lat' dir='ltr'>quum</span> <span class='ocrx_word' id='word_1_273' title='bbox 2737 3060 2887 3125; x_wconf 86' lang='lat' dir='ltr'>ergo</span> <span class='ocrx_word' id='word_1_274' title='bbox 2929 3043 3095 3105; x_wconf 89' lang='lat' dir='ltr'>Deus</span> <span class='ocrx_word' id='word_1_275' title='bbox 3143 3043 3226 3105; x_wconf 89' lang='lat' dir='ltr'>sit</span> <span class='ocrx_word' id='word_1_276' title='bbox 3266 3044 3475 3127; x_wconf 89' lang='lat' dir='ltr'>perfe-</span> 
     </span>
     <span class='ocr_line' id='line_1_22' title="bbox 1976 3136 3470 3209; baseline 0.007 -13"><span class='ocrx_word' id='word_1_277' title='bbox 1976 3143 2136 3209; x_wconf 82' lang='lat' dir='ltr'>ctuS,</span> <span class='ocrx_word' id='word_1_278' title='bbox 2170 3136 2423 3199; x_wconf 88' lang='lat' dir='ltr'>videtur</span> <span class='ocrx_word' id='word_1_279' title='bbox 2459 3138 2691 3201; x_wconf 86' lang='lat' dir='ltr'>habere</span> <span class='ocrx_word' id='word_1_280' title='bbox 2724 3139 2925 3203; x_wconf 82' lang='lat' dir='ltr'>finem</span> <span class='ocrx_word' id='word_1_281' title='bbox 2955 3150 3017 3204; x_wconf 90' lang='lat' dir='ltr'>et</span> <span class='ocrx_word' id='word_1_282' title='bbox 3048 3160 3185 3205; x_wconf 88' lang='lat' dir='ltr'>esse</span> <span class='ocrx_word' id='word_1_283' title='bbox 3225 3142 3470 3205; x_wconf 77' lang='lat' dir='ltr'>finitus·</span> 
     </span>
     <span class='ocr_line' id='line_1_23' title="bbox 1974 3234 3474 3323; baseline 0.005 -29"><span class='ocrx_word' id='word_1_284' title='bbox 1974 3269 2056 3278; x_wconf 95' lang='lat'><strong>—</strong></span> <span class='ocrx_word' id='word_1_285' title='bbox 2101 3234 2414 3308; x_wconf 87' lang='lat' dir='ltr'>Secundo,</span> <span class='ocrx_word' id='word_1_286' title='bbox 2466 3236 2617 3317; x_wconf 90' lang='lat' dir='ltr'>quia</span> <span class='ocrx_word' id='word_1_287' title='bbox 2666 3239 2851 3301; x_wconf 90' lang='lat' dir='ltr'>tertio</span> <span class='ocrx_word' id='word_1_288' title='bbox 2896 3240 3309 3323; x_wconf 82' lang='lat' dir='ltr'>Physicorum</span> <span class='ocrx_word' id='word_1_289' title='bbox 3368 3241 3474 3302; x_wconf 92' lang='lat' dir='ltr'>ha-</span> 
     </span>
     <span class='ocr_line' id='line_1_24' title="bbox 1979 3330 3477 3419; baseline 0.007 -27"><span class='ocrx_word' id='word_1_290' title='bbox 1979 3330 2181 3405; x_wconf 89' lang='lat' dir='ltr'>betur,</span> <span class='ocrx_word' id='word_1_291' title='bbox 2215 3334 2384 3415; x_wconf 90' lang='lat' dir='ltr'>quod</span> <span class='ocrx_word' id='word_1_292' title='bbox 2416 3334 2748 3397; x_wconf 85' lang='lat' dir='ltr'>infinitum</span> <span class='ocrx_word' id='word_1_293' title='bbox 2780 3344 2875 3399; x_wconf 90' lang='lat' dir='ltr'>est</span> <span class='ocrx_word' id='word_1_294' title='bbox 2906 3338 3378 3419; x_wconf 89' lang='lat' dir='ltr'>imperfectum,</span> <span class='ocrx_word' id='word_1_295' title='bbox 3412 3348 3477 3402; x_wconf 85' lang='lat' dir='ltr'>et</span> 
     </span>
     <span class='ocr_line' id='line_1_25' title="bbox 1977 3430 3476 3519; baseline 0.007 -29"><span class='ocrx_word' id='word_1_296' title='bbox 1977 3430 2166 3492; x_wconf 86' lang='lat' dir='ltr'>habet</span> <span class='ocrx_word' id='word_1_297' title='bbox 2196 3431 2505 3493; x_wconf 85' lang='lat' dir='ltr'>rationem</span> <span class='ocrx_word' id='word_1_298' title='bbox 2537 3434 2733 3514; x_wconf 88' lang='lat' dir='ltr'>partis</span> <span class='ocrx_word' id='word_1_299' title='bbox 2762 3442 2951 3515; x_wconf 90' lang='lat' dir='ltr'>atque</span> <span class='ocrx_word' id='word_1_300' title='bbox 2986 3437 3263 3500; x_wconf 83' lang='lat' dir='ltr'>materiae</span> <span class='ocrx_word' id='word_1_301' title='bbox 3289 3455 3476 3519; x_wconf 79' lang='lat' dir='ltr'>:ergo</span> 
     </span>
     <span class='ocr_line' id='line_1_26' title="bbox 1978 3530 3477 3617; baseline 0.005 -28"><span class='ocrx_word' id='word_1_302' title='bbox 1978 3546 2103 3590; x_wconf 91' lang='lat' dir='ltr'>non</span> <span class='ocrx_word' id='word_1_303' title='bbox 2154 3530 2453 3592; x_wconf 89' lang='lat' dir='ltr'>convenit</span> <span class='ocrx_word' id='word_1_304' title='bbox 2496 3531 2639 3593; x_wconf 86' lang='lat' dir='ltr'>Deo.</span> <span class='ocrx_word' id='word_1_305' title='bbox 2683 3568 2763 3577; x_wconf 92' lang='lat'><strong>—</strong></span> <span class='ocrx_word' id='word_1_306' title='bbox 2802 3532 3031 3606; x_wconf 88' lang='lat' dir='ltr'>Tertio,</span> <span class='ocrx_word' id='word_1_307' title='bbox 3074 3535 3239 3596; x_wconf 91' lang='lat' dir='ltr'>Deus</span> <span class='ocrx_word' id='word_1_308' title='bbox 3290 3536 3477 3617; x_wconf 83' lang='lat' dir='ltr'>plene</span> 
     </span>
    </p>
   </div>
   <div class='ocr_carea' id='block_1_7' title="bbox 1978 3626 3477 3714">
    <p class='ocr_par' dir='ltr' id='par_1_7' title="bbox 1978 3626 3477 3714">
     <span class='ocr_line' id='line_1_27' title="bbox 1978 3626 3477 3714; baseline 0.005 -27"><span class='ocrx_word' id='word_1_309' title='bbox 1978 3634 2036 3688; x_wconf 90' lang='lat' dir='ltr'>et</span> <span class='ocrx_word' id='word_1_310' title='bbox 2079 3626 2357 3708; x_wconf 86' lang='lat' dir='ltr'>perfecte</span> <span class='ocrx_word' id='word_1_311' title='bbox 2400 3629 2881 3710; x_wconf 88' lang='lat' dir='ltr'>comprehendit</span> <span class='ocrx_word' id='word_1_312' title='bbox 2918 3650 2985 3693; x_wconf 87' lang='lat' dir='ltr'>se</span> <span class='ocrx_word' id='word_1_313' title='bbox 3033 3632 3243 3714; x_wconf 91' lang='lat' dir='ltr'>ipsum</span> <span class='ocrx_word' id='word_1_314' title='bbox 3280 3650 3293 3694; x_wconf 90' lang='lat'><strong>:</strong></span> <span class='ocrx_word' id='word_1_315' title='bbox 3327 3650 3477 3713; x_wconf 79' lang='lat' dir='ltr'>ergo</span> 
     </span>
    </p>
   </div>
   <div class='ocr_carea' id='block_1_8' title="bbox 409 3188 1830 3255">
    <p class='ocr_par' dir='ltr' id='par_1_8' title="bbox 409 3188 1830 3255">
     <span class='ocr_line' id='line_1_28' title="bbox 409 3188 1830 3255; baseline -0.004 -7"><span class='ocrx_word' id='word_1_316' title='bbox 409 3191 908 3248; x_wconf 77' lang='lat' dir='ltr'>DISTtNC&#39;rtoNtS</span> <span class='ocrx_word' id='word_1_317' title='bbox 957 3188 1522 3255; x_wconf 70' lang='lat' dir='ltr'><strong>QUADRAGESIMAE</strong></span> <span class='ocrx_word' id='word_1_318' title='bbox 1566 3188 1830 3242; x_wconf 70' lang='lat' dir='ltr'><strong>TERTIAE</strong></span> 
     </span>
    </p>
   </div>
   <div class='ocr_carea' id='block_1_9' title="bbox 367 3418 1870 3713">
    <p class='ocr_par' dir='ltr' id='par_1_9' title="bbox 367 3418 1870 3713">
     <span class='ocr_line' id='line_1_29' title="bbox 521 3418 1870 3515; baseline -0.004 -20"><span class='ocrx_word' id='word_1_319' title='bbox 521 3434 595 3497; x_wconf 89' lang='lat' dir='ltr'>lC</span> <span class='ocrx_word' id='word_1_320' title='bbox 625 3433 917 3515; x_wconf 79' lang='lat' dir='ltr'>Magister</span> <span class='ocrx_word' id='word_1_321' title='bbox 937 3418 1306 3514; x_wconf 87' lang='lat' dir='ltr'>opinionem</span> <span class='ocrx_word' id='word_1_322' title='bbox 1341 3438 1544 3491; x_wconf 90' lang='lat' dir='ltr'>narrat</span> <span class='ocrx_word' id='word_1_323' title='bbox 1573 3448 1870 3511; x_wconf 85' lang='lat' dir='ltr'>quorum-</span> 
     </span>
     <span class='ocr_line' id='line_1_30' title="bbox 549 3528 1864 3610; baseline -0.003 -17"><span class='ocrx_word' id='word_1_324' title='bbox 549 3532 695 3594; x_wconf 86' lang='lat' dir='ltr'>dam</span> <span class='ocrx_word' id='word_1_325' title='bbox 747 3547 1100 3602; x_wconf 89' lang='lat' dir='ltr'>erroneam,</span> <span class='ocrx_word' id='word_1_326' title='bbox 1151 3528 1262 3610; x_wconf 89' lang='lat' dir='ltr'>qui</span> <span class='ocrx_word' id='word_1_327' title='bbox 1316 3529 1612 3590; x_wconf 88' lang='lat' dir='ltr'>dixerunt</span> <span class='ocrx_word' id='word_1_328' title='bbox 1665 3529 1864 3590; x_wconf 91' lang='lat' dir='ltr'>Deum</span> 
     </span>
     <span class='ocr_line' id='line_1_31' title="bbox 367 3626 1867 3713; baseline -0.005 -18"><span class='ocrx_word' id='word_1_329' title='bbox 367 3652 498 3694; x_wconf 89' lang='lat' dir='ltr'>non</span> <span class='ocrx_word' id='word_1_330' title='bbox 545 3650 732 3713; x_wconf 89' lang='lat' dir='ltr'>posse</span> <span class='ocrx_word' id='word_1_331' title='bbox 780 3629 988 3691; x_wconf 86' lang='lat' dir='ltr'>facere</span> <span class='ocrx_word' id='word_1_332' title='bbox 1039 3628 1162 3689; x_wconf 90' lang='lat' dir='ltr'>nisi</span> <span class='ocrx_word' id='word_1_333' title='bbox 1210 3647 1284 3689; x_wconf 88' lang='lat' dir='ltr'>ea</span> <span class='ocrx_word' id='word_1_334' title='bbox 1336 3646 1476 3709; x_wconf 83' lang='lat' dir='ltr'>quae</span> <span class='ocrx_word' id='word_1_335' title='bbox 1522 3626 1696 3701; x_wconf 86' lang='lat' dir='ltr'>facit,</span> <span class='ocrx_word' id='word_1_336' title='bbox 1751 3646 1867 3689; x_wconf 91' lang='lat' dir='ltr'>nec</span> 
     </span>
    </p>
   </div>
   <div class='ocr_carea' id='block_1_10' title="bbox 369 3723 1874 4090">
    <p class='ocr_par' dir='ltr' id='par_1_10' title="bbox 369 3723 1874 4090">
     <span class='ocr_line' id='line_1_32' title="bbox 369 3723 1869 3811; baseline -0.003 -20"><span class='ocrx_word' id='word_1_337' title='bbox 369 3730 656 3811; x_wconf 87' lang='lat' dir='ltr'>potuisse</span> <span class='ocrx_word' id='word_1_338' title='bbox 694 3727 924 3789; x_wconf 89' lang='lat' dir='ltr'>fecisse</span> <span class='ocrx_word' id='word_1_339' title='bbox 962 3726 1086 3788; x_wconf 90' lang='lat' dir='ltr'>nisi</span> <span class='ocrx_word' id='word_1_340' title='bbox 1131 3745 1272 3807; x_wconf 81' lang='lat' dir='ltr'>quae</span> <span class='ocrx_word' id='word_1_341' title='bbox 1315 3723 1487 3799; x_wconf 88' lang='lat' dir='ltr'>fecit,</span> <span class='ocrx_word' id='word_1_342' title='bbox 1523 3744 1640 3787; x_wconf 89' lang='lat' dir='ltr'>nec</span> <span class='ocrx_word' id='word_1_343' title='bbox 1685 3744 1869 3807; x_wconf 90' lang='lat' dir='ltr'>posse</span> 
     </span>
     <span class='ocr_line' id='line_1_33' title="bbox 369 3822 1867 3904; baseline -0.003 -15"><span class='ocrx_word' id='word_1_344' title='bbox 369 3827 579 3889; x_wconf 86' lang='lat' dir='ltr'>facere</span> <span class='ocrx_word' id='word_1_345' title='bbox 623 3827 688 3887; x_wconf 88' lang='lat' dir='ltr'>in</span> <span class='ocrx_word' id='word_1_346' title='bbox 733 3825 1022 3887; x_wconf 84' lang='lat' dir='ltr'>futurum</span> <span class='ocrx_word' id='word_1_347' title='bbox 1073 3824 1196 3885; x_wconf 87' lang='lat' dir='ltr'>nisi</span> <span class='ocrx_word' id='word_1_348' title='bbox 1241 3842 1382 3904; x_wconf 83' lang='lat' dir='ltr'>quae</span> <span class='ocrx_word' id='word_1_349' title='bbox 1425 3822 1708 3885; x_wconf 88' lang='lat' dir='ltr'>facturus</span> <span class='ocrx_word' id='word_1_350' title='bbox 1750 3832 1867 3895; x_wconf 89' lang='lat' dir='ltr'>est,</span> 
     </span>
     <span class='ocr_line' id='line_1_34' title="bbox 370 3919 1870 4005; baseline -0.002 -20"><span class='ocrx_word' id='word_1_351' title='bbox 370 3942 490 3985; x_wconf 84' lang='lat' dir='ltr'>nec</span> <span class='ocrx_word' id='word_1_352' title='bbox 536 3942 720 4005; x_wconf 90' lang='lat' dir='ltr'>posse</span> <span class='ocrx_word' id='word_1_353' title='bbox 767 3920 1063 3984; x_wconf 84' lang='lat' dir='ltr'>omittere</span> <span class='ocrx_word' id='word_1_354' title='bbox 1105 3938 1180 3981; x_wconf 90' lang='lat' dir='ltr'>ea</span> <span class='ocrx_word' id='word_1_355' title='bbox 1228 3940 1370 4001; x_wconf 81' lang='lat' dir='ltr'>quae</span> <span class='ocrx_word' id='word_1_356' title='bbox 1420 3919 1571 3981; x_wconf 82' lang='lat' dir='ltr'>facit.</span> <span class='ocrx_word' id='word_1_357' title='bbox 1615 3938 1629 3981; x_wconf 92' lang='lat'>:</span> <span class='ocrx_word' id='word_1_358' title='bbox 1671 3928 1734 3981; x_wconf 88' lang='lat' dir='ltr'>et</span> <span class='ocrx_word' id='word_1_359' title='bbox 1779 3921 1870 3982; x_wconf 90' lang='lat' dir='ltr'>sic</span> 
     </span>
     <span class='ocr_line' id='line_1_35' title="bbox 369 4016 1874 4090; baseline -0.004 -7"><span class='ocrx_word' id='word_1_360' title='bbox 369 4021 592 4083; x_wconf 87' lang='lat' dir='ltr'>miseri</span> <span class='ocrx_word' id='word_1_361' title='bbox 633 4020 735 4081; x_wconf 85' lang='lat' dir='ltr'>isti</span> <span class='ocrx_word' id='word_1_362' title='bbox 775 4018 1052 4080; x_wconf 83' lang='lat' dir='ltr'>libertati</span> <span class='ocrx_word' id='word_1_363' title='bbox 1091 4036 1164 4078; x_wconf 86' lang='lat' dir='ltr'>ac</span> <span class='ocrx_word' id='word_1_364' title='bbox 1201 4016 1640 4090; x_wconf 80' lang='lat' dir='ltr'>dominationi,</span> <span class='ocrx_word' id='word_1_365' title='bbox 1673 4018 1874 4080; x_wconf 90' lang='lat' dir='ltr'>omni-</span> 
     </span>
    </p>
   </div>
   <div class='ocr_carea' id='block_1_11' title="bbox 1980 3724 3479 4108">
    <p class='ocr_par' dir='ltr' id='par_1_11' title="bbox 1980 3724 3479 4108">
     <span class='ocr_line' id='line_1_36' title="bbox 1980 3724 3477 3809; baseline 0.005 -24"><span class='ocrx_word' id='word_1_366' title='bbox 1980 3733 2073 3786; x_wconf 85' lang='lat' dir='ltr'>est</span> <span class='ocrx_word' id='word_1_367' title='bbox 2105 3724 2229 3786; x_wconf 90' lang='lat' dir='ltr'>sibi</span> <span class='ocrx_word' id='word_1_368' title='bbox 2272 3726 2392 3807; x_wconf 90' lang='lat' dir='ltr'>ipsi</span> <span class='ocrx_word' id='word_1_369' title='bbox 2433 3725 2657 3788; x_wconf 86' lang='lat' dir='ltr'>finitus</span> <span class='ocrx_word' id='word_1_370' title='bbox 2692 3746 2705 3790; x_wconf 90' lang='lat'><strong>:</strong></span> <span class='ocrx_word' id='word_1_371' title='bbox 2741 3730 3041 3809; x_wconf 89' lang='lat' dir='ltr'>quoniam</span> <span class='ocrx_word' id='word_1_372' title='bbox 3084 3748 3271 3792; x_wconf 91' lang='lat' dir='ltr'>omne</span> <span class='ocrx_word' id='word_1_373' title='bbox 3310 3748 3477 3792; x_wconf 90' lang='lat' dir='ltr'>com-</span> 
     </span>
     <span class='ocr_line' id='line_1_37' title="bbox 1982 3824 3479 3908; baseline 0.004 -24"><span class='ocrx_word' id='word_1_374' title='bbox 1982 3824 2391 3904; x_wconf 89' lang='lat' dir='ltr'>prehensum,</span> <span class='ocrx_word' id='word_1_375' title='bbox 2426 3824 2591 3886; x_wconf 85' lang='lat' dir='ltr'>infra</span> <span class='ocrx_word' id='word_1_376' title='bbox 2631 3828 3229 3908; x_wconf 87' lang='lat' dir='ltr'>comprehendentis</span> <span class='ocrx_word' id='word_1_377' title='bbox 3266 3828 3479 3890; x_wconf 83' lang='lat' dir='ltr'>termi—</span> 
     </span>
     <span class='ocr_line' id='line_1_38' title="bbox 1981 3924 3473 4002; baseline 0.005 -19"><span class='ocrx_word' id='word_1_378' title='bbox 1981 3941 2095 3984; x_wconf 91' lang='lat' dir='ltr'>nos</span> <span class='ocrx_word' id='word_1_379' title='bbox 2155 3924 2515 3985; x_wconf 82' lang='lat' dir='ltr'>continetur</span> <span class='ocrx_word' id='word_1_380' title='bbox 2571 3944 2644 3987; x_wconf 90' lang='lat' dir='ltr'>ac</span> <span class='ocrx_word' id='word_1_381' title='bbox 2704 3925 3038 3989; x_wconf 79' lang='lat' dir='ltr'>clauditur.</span> <span class='ocrx_word' id='word_1_382' title='bbox 3090 3964 3171 3973; x_wconf 91' lang='lat'>—</span> <span class='ocrx_word' id='word_1_383' title='bbox 3220 3928 3473 4002; x_wconf 86' lang='lat' dir='ltr'>Quart0,</span> 
     </span>
     <span class='ocr_line' id='line_1_39' title="bbox 1982 4018 3472 4108; baseline 0.007 -28"><span class='ocrx_word' id='word_1_384' title='bbox 1982 4018 2151 4082; x_wconf 82' lang='lat' dir='ltr'>finiti</span> <span class='ocrx_word' id='word_1_385' title='bbox 2197 4029 2261 4082; x_wconf 91' lang='lat' dir='ltr'>et</span> <span class='ocrx_word' id='word_1_386' title='bbox 2304 4021 2543 4083; x_wconf 75' lang='lat' dir='ltr'>infiniti</span> <span class='ocrx_word' id='word_1_387' title='bbox 2593 4043 2719 4086; x_wconf 93' lang='lat' dir='ltr'>non</span> <span class='ocrx_word' id='word_1_388' title='bbox 2764 4025 3053 4087; x_wconf 89' lang='lat' dir='ltr'>consistit</span> <span class='ocrx_word' id='word_1_389' title='bbox 3099 4026 3472 4108; x_wconf 83' lang='lat' dir='ltr'>proportio:</span> 
     </span>
    </p>
   </div>
   <div class='ocr_carea' id='block_1_12' title="bbox 371 4113 3475 4207">
    <p class='ocr_par' dir='ltr' id='par_1_12' title="bbox 371 4113 3475 4207">
     <span class='ocr_line' id='line_1_40' title="bbox 371 4113 3475 4207; baseline 0.002 -25"><span class='ocrx_word' id='word_1_390' title='bbox 371 4118 672 4201; x_wconf 85' lang='lat' dir='ltr'>potentiae</span> <span class='ocrx_word' id='word_1_391' title='bbox 717 4134 971 4199; x_wconf 91' lang='lat' dir='ltr'>quoque</span> <span class='ocrx_word' id='word_1_392' title='bbox 1020 4135 1131 4178; x_wconf 90' lang='lat' dir='ltr'>seu</span> <span class='ocrx_word' id='word_1_393' title='bbox 1186 4114 1397 4197; x_wconf 88' lang='lat' dir='ltr'>potius</span> <span class='ocrx_word' id='word_1_394' title='bbox 1449 4113 1717 4177; x_wconf 79' lang='lat' dir='ltr'>infinitae</span> <span class='ocrx_word' id='word_1_395' title='bbox 1765 4134 1872 4197; x_wconf 95' lang='lat' dir='ltr'>po-</span> <span class='ocrx_word' id='word_1_396' title='bbox 1905 4115 1951 4176; x_wconf 91' lang='lat' dir='ltr'>B</span> <span class='ocrx_word' id='word_1_397' title='bbox 1982 4120 2090 4181; x_wconf 89' lang='lat' dir='ltr'>sed</span> <span class='ocrx_word' id='word_1_398' title='bbox 2129 4118 2341 4181; x_wconf 91' lang='lat' dir='ltr'>omnis</span> <span class='ocrx_word' id='word_1_399' title='bbox 2386 4139 2574 4183; x_wconf 87' lang='lat' dir='ltr'>cansa</span> <span class='ocrx_word' id='word_1_400' title='bbox 2611 4129 2707 4183; x_wconf 92' lang='lat' dir='ltr'>est</span> <span class='ocrx_word' id='word_1_401' title='bbox 2746 4140 2860 4184; x_wconf 89' lang='lat' dir='ltr'>suo</span> <span class='ocrx_word' id='word_1_402' title='bbox 2903 4122 3166 4186; x_wconf 89' lang='lat' dir='ltr'>effectui</span> <span class='ocrx_word' id='word_1_403' title='bbox 3216 4143 3475 4207; x_wconf 90' lang='lat' dir='ltr'>propor-</span> 
     </span>
    </p>
   </div>
   <div class='ocr_carea' id='block_1_13' title="bbox 369 4212 1873 4690">
    <p class='ocr_par' dir='ltr' id='par_1_13' title="bbox 369 4212 1873 4690">
     <span class='ocr_line' id='line_1_41' title="bbox 373 4212 1873 4297; baseline -0.002 -20"><span class='ocrx_word' id='word_1_404' title='bbox 373 4215 586 4278; x_wconf 82' lang='lat' dir='ltr'>tentiae</span> <span class='ocrx_word' id='word_1_405' title='bbox 615 4214 1250 4297; x_wconf 84' lang='lat' dir='ltr'>supergloriosissimi</span> <span class='ocrx_word' id='word_1_406' title='bbox 1285 4212 1410 4285; x_wconf 88' lang='lat' dir='ltr'>Dei,</span> <span class='ocrx_word' id='word_1_407' title='bbox 1430 4212 1873 4294; x_wconf 86' lang='lat' dir='ltr'>multipliciter</span> 
     </span>
     <span class='ocr_line' id='line_1_42' title="bbox 371 4312 1871 4395; baseline -0.003 -18"><span class='ocrx_word' id='word_1_408' title='bbox 371 4312 777 4395; x_wconf 84' lang='lat' dir='ltr'>derogabant.</span> <span class='ocrx_word' id='word_1_409' title='bbox 813 4314 1090 4385; x_wconf 88' lang='lat' dir='ltr'>Quorum</span> <span class='ocrx_word' id='word_1_410' title='bbox 1138 4312 1376 4374; x_wconf 89' lang='lat' dir='ltr'>motiva</span> <span class='ocrx_word' id='word_1_411' title='bbox 1415 4319 1479 4373; x_wconf 87' lang='lat' dir='ltr'>et</span> <span class='ocrx_word' id='word_1_412' title='bbox 1515 4312 1871 4393; x_wconf 88' lang='lat' dir='ltr'>persuasio-</span> 
     </span>
     <span class='ocr_line' id='line_1_43' title="bbox 371 4409 1871 4494; baseline -0.003 -19"><span class='ocrx_word' id='word_1_413' title='bbox 371 4432 484 4475; x_wconf 87' lang='lat' dir='ltr'>nes</span> <span class='ocrx_word' id='word_1_414' title='bbox 523 4418 852 4494; x_wconf 88' lang='lat' dir='ltr'>ponuntur</span> <span class='ocrx_word' id='word_1_415' title='bbox 891 4410 955 4471; x_wconf 91' lang='lat' dir='ltr'>in</span> <span class='ocrx_word' id='word_1_416' title='bbox 996 4411 1204 4472; x_wconf 83' lang='lat' dir='ltr'>littera</span> <span class='ocrx_word' id='word_1_417' title='bbox 1241 4428 1315 4471; x_wconf 92' lang='lat' dir='ltr'>ac</span> <span class='ocrx_word' id='word_1_418' title='bbox 1356 4409 1706 4472; x_wconf 83' lang='lat' dir='ltr'>solvuntur.</span> <span class='ocrx_word' id='word_1_419' title='bbox 1733 4410 1871 4471; x_wconf 86' lang='lat' dir='ltr'>Ale-</span> 
     </span>
     <span class='ocr_line' id='line_1_44' title="bbox 369 4508 1868 4591; baseline -0.003 -17"><span class='ocrx_word' id='word_1_420' title='bbox 369 4512 612 4573; x_wconf 84' lang='lat' dir='ltr'>xander</span> <span class='ocrx_word' id='word_1_421' title='bbox 641 4527 791 4571; x_wconf 85' lang='lat' dir='ltr'>vero</span> <span class='ocrx_word' id='word_1_422' title='bbox 832 4509 1203 4591; x_wconf 87' lang='lat' dir='ltr'>plenissime</span> <span class='ocrx_word' id='word_1_423' title='bbox 1243 4509 1422 4590; x_wconf 87' lang='lat' dir='ltr'>ponit</span> <span class='ocrx_word' id='word_1_424' title='bbox 1459 4528 1553 4582; x_wconf 87' lang='lat' dir='ltr'>ea,</span> <span class='ocrx_word' id='word_1_425' title='bbox 1588 4508 1868 4583; x_wconf 83' lang='lat' dir='ltr'>discutit,</span> 
     </span>
     <span class='ocr_line' id='line_1_45' title="bbox 371 4606 1140 4690; baseline -0.007 -18"><span class='ocrx_word' id='word_1_426' title='bbox 371 4611 562 4673; x_wconf 86' lang='lat' dir='ltr'>solvit</span> <span class='ocrx_word' id='word_1_427' title='bbox 604 4616 796 4690; x_wconf 84' lang='lat' dir='ltr'>atque</span> <span class='ocrx_word' id='word_1_428' title='bbox 838 4606 1140 4670; x_wconf 86' lang='lat' dir='ltr'>confutat.</span> 
     </span>
    </p>
   </div>
   <div class='ocr_carea' id='block_1_14' title="bbox 697 4870 1556 4947">
    <p class='ocr_par' dir='ltr' id='par_1_14' title="bbox 697 4870 1556 4947">
     <span class='ocr_line' id='line_1_46' title="bbox 697 4870 1556 4947; baseline -0.002 -12"><span class='ocrx_word' id='word_1_429' title='bbox 697 4872 1162 4947; x_wconf 85' lang='lat' dir='ltr'>QUAESTIO</span> <span class='ocrx_word' id='word_1_430' title='bbox 1225 4870 1556 4934; x_wconf 87' lang='lat' dir='ltr'><strong>PRIMA</strong></span> 
     </span>
    </p>
   </div>
   <div class='ocr_carea' id='block_1_15' title="bbox 378 5107 1870 5371">
    <p class='ocr_par' dir='ltr' id='par_1_15' title="bbox 378 5107 1870 5371">
     <span class='ocr_line' id='line_1_47' title="bbox 517 5107 1870 5190; baseline -0.002 -16"><span class='ocrx_word' id='word_1_431' title='bbox 517 5108 788 5174; x_wconf 85' lang='lat' dir='ltr'>Uaeritur</span> <span class='ocrx_word' id='word_1_432' title='bbox 817 5126 965 5190; x_wconf 88' lang='lat' dir='ltr'>ergo</span> <span class='ocrx_word' id='word_1_433' title='bbox 999 5108 1102 5170; x_wconf 91' lang='lat' dir='ltr'>hic</span> <span class='ocrx_word' id='word_1_434' title='bbox 1141 5107 1372 5188; x_wconf 89' lang='lat' dir='ltr'>prim0‚</span> <span class='ocrx_word' id='word_1_435' title='bbox 1407 5107 1699 5174; x_wconf 79' lang='lat' dir='ltr'>Utrum</span> <span class='ocrx_word' id='word_1_436' title='bbox 1739 5120 1870 5188; x_wconf 87' lang='lat' dir='ltr'>po·</span> 
     </span>
     <span class='ocr_line' id='line_1_48' title="bbox 378 5108 1523 5371; baseline -0.004 -95"><span class='ocrx_word' id='word_1_437' title='bbox 378 5108 510 5371; x_wconf 72' lang='lat' dir='ltr'><strong>Q</strong></span> <span class='ocrx_word' id='word_1_438' title='bbox 543 5212 804 5277; x_wconf 76' lang='lat' dir='ltr'>tentia</span> <span class='ocrx_word' id='word_1_439' title='bbox 843 5208 988 5275; x_wconf 78' lang='lat' dir='ltr'>Dei</span> <span class='ocrx_word' id='word_1_440' title='bbox 1029 5206 1140 5273; x_wconf 79' lang='lat' dir='ltr'>sit</span> <span class='ocrx_word' id='word_1_441' title='bbox 1180 5206 1523 5273; x_wconf 77' lang='lat' dir='ltr'>infinita.</span> 
     </span>
    </p>
   </div>
   <div class='ocr_carea' id='block_1_16' title="bbox 1981 4218 3480 4498">
    <p class='ocr_par' dir='ltr' id='par_1_16' title="bbox 1981 4218 3480 4498">
     <span class='ocr_line' id='line_1_49' title="bbox 1983 4218 3479 4305; baseline 0.004 -27"><span class='ocrx_word' id='word_1_442' title='bbox 1983 4218 2237 4280; x_wconf 87' lang='lat' dir='ltr'>tionata.</span> <span class='ocrx_word' id='word_1_443' title='bbox 2299 4218 2505 4291; x_wconf 90' lang='lat' dir='ltr'>Quum</span> <span class='ocrx_word' id='word_1_444' title='bbox 2568 4238 2717 4300; x_wconf 82' lang='lat' dir='ltr'>ergo</span> <span class='ocrx_word' id='word_1_445' title='bbox 2776 4221 2993 4283; x_wconf 86' lang='lat' dir='ltr'>divina</span> <span class='ocrx_word' id='word_1_446' title='bbox 3055 4224 3337 4305; x_wconf 86' lang='lat' dir='ltr'>potentia</span> <span class='ocrx_word' id='word_1_447' title='bbox 3395 4224 3479 4285; x_wconf 88' lang='lat' dir='ltr'>sit</span> 
     </span>
     <span class='ocr_line' id='line_1_50' title="bbox 1983 4317 3480 4397; baseline 0.004 -19"><span class='ocrx_word' id='word_1_448' title='bbox 1983 4317 2191 4397; x_wconf 90' lang='lat' dir='ltr'>prima</span> <span class='ocrx_word' id='word_1_449' title='bbox 2222 4318 2510 4379; x_wconf 90' lang='lat' dir='ltr'>omnium</span> <span class='ocrx_word' id='word_1_450' title='bbox 2543 4338 2751 4393; x_wconf 90' lang='lat' dir='ltr'>causa,</span> <span class='ocrx_word' id='word_1_451' title='bbox 2787 4320 3037 4383; x_wconf 88' lang='lat' dir='ltr'>videtur</span> <span class='ocrx_word' id='word_1_452' title='bbox 3075 4322 3209 4385; x_wconf 89' lang='lat' dir='ltr'>suis</span> <span class='ocrx_word' id='word_1_453' title='bbox 3238 4323 3480 4386; x_wconf 89' lang='lat' dir='ltr'>effecti-</span> 
     </span>
     <span class='ocr_line' id='line_1_51' title="bbox 1981 4415 3118 4498; baseline 0.006 -23"><span class='ocrx_word' id='word_1_454' title='bbox 1981 4415 2101 4477; x_wconf 91' lang='lat' dir='ltr'>bus</span> <span class='ocrx_word' id='word_1_455' title='bbox 2146 4417 2639 4498; x_wconf 84' lang='lat' dir='ltr'>proportionata,</span> <span class='ocrx_word' id='word_1_456' title='bbox 2671 4435 2797 4479; x_wconf 92' lang='lat' dir='ltr'>non</span> <span class='ocrx_word' id='word_1_457' title='bbox 2842 4418 3118 4482; x_wconf 86' lang='lat' dir='ltr'>infinita.</span> 
     </span>
    </p>
   </div>
   <div class='ocr_carea' id='block_1_17' title="bbox 1981 4614 3479 5283">
    <p class='ocr_par' dir='ltr' id='par_1_17' title="bbox 1981 4614 3479 5283">
     <span class='ocr_line' id='line_1_52' title="bbox 2060 4614 3473 4697; baseline 0.005 -22"><span class='ocrx_word' id='word_1_458' title='bbox 2060 4614 2152 4676; x_wconf 84' lang='lat' dir='ltr'>Ad</span> <span class='ocrx_word' id='word_1_459' title='bbox 2202 4614 2321 4677; x_wconf 92' lang='lat' dir='ltr'>hoc</span> <span class='ocrx_word' id='word_1_460' title='bbox 2366 4616 2705 4697; x_wconf 86' lang='lat' dir='ltr'>respondet</span> <span class='ocrx_word' id='word_1_461' title='bbox 2746 4617 3041 4679; x_wconf 84' lang='lat' dir='ltr'>Albertus</span> <span class='ocrx_word' id='word_1_462' title='bbox 3085 4635 3099 4679; x_wconf 77' lang='lat' dir='ltr'>t</span> <span class='ocrx_word' id='word_1_463' title='bbox 3142 4618 3473 4682; x_wconf 81' lang='lat' dir='ltr'>Infinitum</span> 
     </span>
     <span class='ocr_line' id='line_1_53' title="bbox 1983 4712 3477 4800; baseline 0.005 -27"><span class='ocrx_word' id='word_1_464' title='bbox 1983 4712 2427 4794; x_wconf 84' lang='lat' dir='ltr'>multipliciter</span> <span class='ocrx_word' id='word_1_465' title='bbox 2466 4712 2718 4775; x_wconf 90' lang='lat' dir='ltr'>dicitur.</span> <span class='ocrx_word' id='word_1_466' title='bbox 2758 4715 2966 4777; x_wconf 89' lang='lat' dir='ltr'>Primo</span> <span class='ocrx_word' id='word_1_467' title='bbox 3010 4716 3321 4796; x_wconf 83' lang='lat' dir='ltr'>negative,</span> <span class='ocrx_word' id='word_1_468' title='bbox 3363 4737 3477 4800; x_wconf 92' lang='lat' dir='ltr'>pro</span> 
     </span>
     <span class='ocr_line' id='line_1_54' title="bbox 1982 4810 3473 4889; baseline 0.004 -18"><span class='ocrx_word' id='word_1_469' title='bbox 1982 4829 2108 4872; x_wconf 92' lang='lat' dir='ltr'>non</span> <span class='ocrx_word' id='word_1_470' title='bbox 2159 4810 2343 4872; x_wconf 89' lang='lat' dir='ltr'>finito</span> <span class='ocrx_word' id='word_1_471' title='bbox 2389 4828 2401 4871; x_wconf 89' lang='lat'>:</span> <span class='ocrx_word' id='word_1_472' title='bbox 2446 4818 2509 4872; x_wconf 90' lang='lat' dir='ltr'>et</span> <span class='ocrx_word' id='word_1_473' title='bbox 2554 4812 2639 4873; x_wconf 88' lang='lat' dir='ltr'>ita</span> <span class='ocrx_word' id='word_1_474' title='bbox 2685 4812 2736 4872; x_wconf 91' lang='lat' dir='ltr'>si</span> <span class='ocrx_word' id='word_1_475' title='bbox 2783 4813 2880 4874; x_wconf 90' lang='lat' dir='ltr'>vis</span> <span class='ocrx_word' id='word_1_476' title='bbox 2921 4812 3037 4875; x_wconf 85' lang='lat' dir='ltr'>fiat</span> <span class='ocrx_word' id='word_1_477' title='bbox 3081 4814 3146 4876; x_wconf 91' lang='lat' dir='ltr'>in</span> <span class='ocrx_word' id='word_1_478' title='bbox 3196 4816 3473 4889; x_wconf 89' lang='lat' dir='ltr'>nomine,</span> 
     </span>
     <span class='ocr_line' id='line_1_55' title="bbox 1981 4907 3475 4989; baseline 0.005 -21"><span class='ocrx_word' id='word_1_479' title='bbox 1981 4908 2146 4969; x_wconf 87' lang='lat' dir='ltr'>Deus</span> <span class='ocrx_word' id='word_1_480' title='bbox 2178 4908 2303 4969; x_wconf 90' lang='lat' dir='ltr'>dici</span> <span class='ocrx_word' id='word_1_481' title='bbox 2346 4916 2551 4989; x_wconf 90' lang='lat' dir='ltr'>potest</span> <span class='ocrx_word' id='word_1_482' title='bbox 2583 4907 2899 4983; x_wconf 79' lang='lat' dir='ltr'>infinitus,</span> <span class='ocrx_word' id='word_1_483' title='bbox 2934 4910 2996 4972; x_wconf 92' lang='lat' dir='ltr'>id</span> <span class='ocrx_word' id='word_1_484' title='bbox 3036 4919 3288 4975; x_wconf 89' lang='lat' dir='ltr'>estnon</span> <span class='ocrx_word' id='word_1_485' title='bbox 3328 4912 3475 4975; x_wconf 81' lang='lat' dir='ltr'>fini-</span> 
     </span>
     <span class='ocr_line' id='line_1_56' title="bbox 1981 5006 3476 5089; baseline 0.004 -22"><span class='ocrx_word' id='word_1_486' title='bbox 1981 5014 2102 5067; x_wconf 80' lang='lat' dir='ltr'>tuS.</span> <span class='ocrx_word' id='word_1_487' title='bbox 2146 5006 2421 5067; x_wconf 91' lang='lat' dir='ltr'>Punctus</span> <span class='ocrx_word' id='word_1_488' title='bbox 2470 5024 2723 5089; x_wconf 90' lang='lat' dir='ltr'>quoque</span> <span class='ocrx_word' id='word_1_489' title='bbox 2772 5014 2836 5069; x_wconf 87' lang='lat' dir='ltr'>et</span> <span class='ocrx_word' id='word_1_490' title='bbox 2881 5009 3171 5089; x_wconf 83' lang='lat' dir='ltr'>quaedam</span> <span class='ocrx_word' id='word_1_491' title='bbox 3221 5019 3476 5073; x_wconf 90' lang='lat' dir='ltr'>causata</span> 
     </span>
     <span class='ocr_line' id='line_1_57' title="bbox 1982 5102 3471 5171; baseline 0.004 -6"><span class='ocrx_word' id='word_1_492' title='bbox 1982 5102 2283 5165; x_wconf 88' lang='lat' dir='ltr'>dicuntur</span> <span class='ocrx_word' id='word_1_493' title='bbox 2329 5103 2419 5164; x_wconf 88' lang='lat' dir='ltr'>sic</span> <span class='ocrx_word' id='word_1_494' title='bbox 2466 5103 2719 5166; x_wconf 88' lang='lat' dir='ltr'>infinita</span> <span class='ocrx_word' id='word_1_495' title='bbox 2762 5122 2777 5166; x_wconf 76' lang='grc' dir='ltr'><em>τ</em></span> <span class='ocrx_word' id='word_1_496' title='bbox 2819 5104 3004 5167; x_wconf 89' lang='lat' dir='ltr'>aliter</span> <span class='ocrx_word' id='word_1_497' title='bbox 3046 5115 3254 5168; x_wconf 91' lang='lat' dir='ltr'>tamen</span> <span class='ocrx_word' id='word_1_498' title='bbox 3304 5108 3471 5171; x_wconf 88' lang='lat' dir='ltr'>Deus</span> 
     </span>
     <span class='ocr_line' id='line_1_58' title="bbox 1982 5201 3479 5283; baseline 0.005 -21"><span class='ocrx_word' id='word_1_499' title='bbox 1982 5221 2173 5283; x_wconf 90' lang='lat' dir='ltr'>quam</span> <span class='ocrx_word' id='word_1_500' title='bbox 2216 5202 2343 5263; x_wconf 83' lang='lat' dir='ltr'>illa.</span> <span class='ocrx_word' id='word_1_501' title='bbox 2377 5201 2534 5263; x_wconf 91' lang='lat' dir='ltr'>Nam</span> <span class='ocrx_word' id='word_1_502' title='bbox 2570 5203 2735 5264; x_wconf 91' lang='lat' dir='ltr'>Deus</span> <span class='ocrx_word' id='word_1_503' title='bbox 2768 5204 3005 5265; x_wconf 88' lang='lat' dir='ltr'>dicitur</span> <span class='ocrx_word' id='word_1_504' title='bbox 3040 5204 3333 5268; x_wconf 88' lang='lat' dir='ltr'>infinitus</span> <span class='ocrx_word' id='word_1_505' title='bbox 3372 5207 3479 5269; x_wconf 87' lang='lat' dir='ltr'>tri-</span> 
     </span>
    </p>
   </div>
   <div class='ocr_carea' id='block_1_18' title="bbox 487 5298 3469 5388">
    <p class='ocr_par' dir='ltr' id='par_1_18' title="bbox 487 5298 3469 5388">
     <span class='ocr_line' id='line_1_59' title="bbox 487 5298 3469 5388; baseline 0 -19"><span class='ocrx_word' id='word_1_506' title='bbox 487 5308 716 5369; x_wconf 47' lang='lat' dir='ltr'>*idetur</span> <span class='ocrx_word' id='word_1_507' title='bbox 763 5306 932 5388; x_wconf 88' lang='lat' dir='ltr'>quod</span> <span class='ocrx_word' id='word_1_508' title='bbox 981 5322 1126 5367; x_wconf 90' lang='lat' dir='ltr'>non.</span> <span class='ocrx_word' id='word_1_509' title='bbox 1181 5304 1411 5378; x_wconf 88' lang='lat' dir='ltr'>Prim0,</span> <span class='ocrx_word' id='word_1_510' title='bbox 1462 5303 1614 5386; x_wconf 88' lang='lat' dir='ltr'>quia</span> <span class='ocrx_word' id='word_1_511' title='bbox 1671 5302 1874 5386; x_wconf 82' lang='lat' dir='ltr'>perfe-</span> <span class='ocrx_word' id='word_1_512' title='bbox 1909 5302 1952 5365; x_wconf 92' lang='lat' dir='ltr'>C</span> <span class='ocrx_word' id='word_1_513' title='bbox 1983 5300 2236 5384; x_wconf 90' lang='lat' dir='ltr'>pliciter</span> <span class='ocrx_word' id='word_1_514' title='bbox 2278 5318 2291 5363; x_wconf 91' lang='lat'><strong>:</strong></span> <span class='ocrx_word' id='word_1_515' title='bbox 2334 5298 2486 5382; x_wconf 88' lang='lat' dir='ltr'>quia</span> <span class='ocrx_word' id='word_1_516' title='bbox 2534 5318 2650 5361; x_wconf 90' lang='lat' dir='ltr'>nec</span> <span class='ocrx_word' id='word_1_517' title='bbox 2696 5300 3021 5365; x_wconf 83' lang='lat' dir='ltr'>intellectu</span> <span class='ocrx_word' id='word_1_518' title='bbox 3066 5303 3311 5380; x_wconf 89' lang='lat' dir='ltr'>finitur,</span> <span class='ocrx_word' id='word_1_519' title='bbox 3351 5325 3469 5373; x_wconf 87' lang='lat' dir='ltr'>nec</span> 
     </span>
    </p>
   </div>
  </div>
 </body>
</html>
