<?xml version="1.0" encoding="UTF-8"?>
<!DOCTYPE html PUBLIC "-//W3C//DTD XHTML 1.0 Transitional//EN"
    "http://www.w3.org/TR/xhtml1/DTD/xhtml1-transitional.dtd">
<html xmlns="http://www.w3.org/1999/xhtml" xml:lang="en" lang="en">
 <head>
  <title>
</title>
<meta http-equiv="Content-Type" content="text/html;charset=utf-8" />
  <meta name='ocr-system' content='tesseract 3.04.00' />
  <meta name='ocr-capabilities' content='ocr_page ocr_carea ocr_par ocr_line ocrx_word'/>
</head>
<body>
  <div class='ocr_page' id='page_1' title='image "./doctorisecstati11unkngoog_0623.png"; bbox 0 0 4359 6250; ppageno 0'>
   <div class='ocr_carea' id='block_1_1' title="bbox 166 4526 1637 4624">
    <p class='ocr_par' dir='ltr' id='par_1_1' title="bbox 166 4526 1637 4624">
     <span class='ocr_line' id='line_1_1' title="bbox 166 4526 1637 4624; baseline 0.002 -37"><span class='ocrx_word' id='word_1_1' title='bbox 166 4543 353 4624; x_wconf 60' lang='lat' dir='ltr'>genna.</span> <span class='ocrx_word' id='word_1_2' title='bbox 377 4555 427 4592; x_wconf 79' lang='lat' dir='ltr'>v.</span> <span class='ocrx_word' id='word_1_3' title='bbox 457 4528 729 4592; x_wconf 87' lang='lat' dir='ltr'>Domino</span> <span class='ocrx_word' id='word_1_4' title='bbox 788 4527 1107 4590; x_wconf 90' lang='lat' dir='ltr'>Salvatore</span> <span class='ocrx_word' id='word_1_5' title='bbox 1171 4526 1235 4588; x_wconf 91' lang='lat' dir='ltr'>in</span> <span class='ocrx_word' id='word_1_6' title='bbox 1295 4527 1637 4608; x_wconf 84' lang='lat' dir='ltr'>Evangelio</span> 
     </span>
    </p>
   </div>
   <div class='ocr_carea' id='block_1_2' title="bbox 977 516 2989 601">
    <p class='ocr_par' dir='ltr' id='par_1_2' title="bbox 977 516 2989 601">
     <span class='ocr_line' id='line_1_2' title="bbox 977 516 2989 601; baseline 0.003 -35"><span class='ocrx_word' id='word_1_7' title='bbox 977 519 1063 567; x_wconf 74' lang='lat' dir='ltr'>AN</span> <span class='ocrx_word' id='word_1_8' title='bbox 1104 520 1417 569; x_wconf 78' lang='lat' dir='ltr'>VOLUNTAS</span> <span class='ocrx_word' id='word_1_9' title='bbox 1460 516 1560 567; x_wconf 72' lang='lat' dir='ltr'>DE!</span> <span class='ocrx_word' id='word_1_10' title='bbox 1606 524 1698 568; x_wconf 81' lang='lat' dir='ltr'>sn·</span> <span class='ocrx_word' id='word_1_11' title='bbox 1740 521 2069 601; x_wconf 72' lang='lat' dir='ltr'>EFFEqnvA</span> <span class='ocrx_word' id='word_1_12' title='bbox 2115 518 2190 569; x_wconf 72' lang='lat' dir='ltr'>ET</span> <span class='ocrx_word' id='word_1_13' title='bbox 2231 523 2502 572; x_wconf 75' lang='lat' dir='ltr'>PnoxmA</span> <span class='ocrx_word' id='word_1_14' title='bbox 2545 520 2740 573; x_wconf 76' lang='lat' dir='ltr'>CAUSA</span> <span class='ocrx_word' id='word_1_15' title='bbox 2782 523 2989 574; x_wconf 72' lang='lat' dir='ltr'>RERUM</span> 
     </span>
    </p>
   </div>
   <div class='ocr_carea' id='block_1_3' title="bbox 3415 508 3530 573">
    <p class='ocr_par' dir='ltr' id='par_1_3' title="bbox 3415 508 3530 573">
     <span class='ocr_line' id='line_1_3' title="bbox 3415 508 3530 573; baseline -0.009 0"><span class='ocrx_word' id='word_1_16' title='bbox 3415 508 3530 573; x_wconf 78' lang='lat'>611</span> 
     </span>
    </p>
   </div>
   <div class='ocr_carea' id='block_1_4' title="bbox 426 692 3534 777">
    <p class='ocr_par' dir='ltr' id='par_1_4' title="bbox 426 692 3534 777">
     <span class='ocr_line' id='line_1_4' title="bbox 426 692 3534 777; baseline 0.001 -24"><span class='ocrx_word' id='word_1_17' title='bbox 426 692 703 753; x_wconf 85' lang='lat' dir='ltr'>naturali</span> <span class='ocrx_word' id='word_1_18' title='bbox 748 693 957 774; x_wconf 89' lang='lat' dir='ltr'>agenti</span> <span class='ocrx_word' id='word_1_19' title='bbox 1001 693 1079 755; x_wconf 87' lang='lat' dir='ltr'>ad</span> <span class='ocrx_word' id='word_1_20' title='bbox 1133 694 1611 774; x_wconf 91' lang='lat' dir='ltr'>producendum</span> <span class='ocrx_word' id='word_1_21' title='bbox 1658 694 1737 756; x_wconf 88' lang='lat' dir='ltr'>de</span> <span class='ocrx_word' id='word_1_22' title='bbox 1788 694 1925 775; x_wconf 91' lang='lat' dir='ltr'>ipso</span> <span class='ocrx_word' id='word_1_23' title='bbox 1956 694 2009 757; x_wconf 84' lang='lat' dir='ltr'>A</span> <span class='ocrx_word' id='word_1_24' title='bbox 2040 696 2230 776; x_wconf 86' lang='lat' dir='ltr'>piunt</span> <span class='ocrx_word' id='word_1_25' title='bbox 2259 715 2296 758; x_wconf 92' lang='lat' dir='ltr'>a</span> <span class='ocrx_word' id='word_1_26' title='bbox 2324 696 2648 759; x_wconf 86' lang='lat' dir='ltr'>voluntate</span> <span class='ocrx_word' id='word_1_27' title='bbox 2678 697 2789 759; x_wconf 89' lang='lat' dir='ltr'>Dei</span> <span class='ocrx_word' id='word_1_28' title='bbox 2823 704 3144 777; x_wconf 90' lang='lat' dir='ltr'>operante,</span> <span class='ocrx_word' id='word_1_29' title='bbox 3170 697 3534 759; x_wconf 77' lang='lat' dir='ltr'>continente</span> 
     </span>
    </p>
   </div>
   <div class='ocr_carea' id='block_1_5' title="bbox 426 789 1933 1858">
    <p class='ocr_par' dir='ltr' id='par_1_5' title="bbox 426 789 1933 1858">
     <span class='ocr_line' id='line_1_5' title="bbox 428 789 1927 874; baseline 0.002 -23"><span class='ocrx_word' id='word_1_30' title='bbox 428 789 689 852; x_wconf 77' lang='lat' dir='ltr'>effectu.</span> <span class='ocrx_word' id='word_1_31' title='bbox 724 826 807 836; x_wconf 94' lang='lat'>—</span> <span class='ocrx_word' id='word_1_32' title='bbox 832 791 948 853; x_wconf 89' lang='lat' dir='ltr'>Pro</span> <span class='ocrx_word' id='word_1_33' title='bbox 980 792 1207 854; x_wconf 86' lang='lat' dir='ltr'>horum</span> <span class='ocrx_word' id='word_1_34' title='bbox 1244 810 1393 873; x_wconf 90' lang='lat' dir='ltr'>ergo</span> <span class='ocrx_word' id='word_1_35' title='bbox 1427 793 1741 856; x_wconf 87' lang='lat' dir='ltr'>solutione</span> <span class='ocrx_word' id='word_1_36' title='bbox 1777 811 1927 874; x_wconf 89' lang='lat' dir='ltr'>pen-</span> 
     </span>
     <span class='ocr_line' id='line_1_6' title="bbox 426 890 1924 973; baseline 0.002 -23"><span class='ocrx_word' id='word_1_37' title='bbox 426 890 725 962; x_wconf 90' lang='lat' dir='ltr'>sandum,</span> <span class='ocrx_word' id='word_1_38' title='bbox 789 891 957 971; x_wconf 92' lang='lat' dir='ltr'>quod</span> <span class='ocrx_word' id='word_1_39' title='bbox 1020 890 1085 951; x_wconf 89' lang='lat' dir='ltr'>in</span> <span class='ocrx_word' id='word_1_40' title='bbox 1153 891 1440 973; x_wconf 86' lang='lat' dir='ltr'>quolibet</span> <span class='ocrx_word' id='word_1_41' title='bbox 1496 899 1719 971; x_wconf 87' lang='lat' dir='ltr'>agente</span> <span class='ocrx_word' id='word_1_42' title='bbox 1782 910 1924 973; x_wconf 92' lang='lat' dir='ltr'>pos-</span> 
     </span>
     <span class='ocr_line' id='line_1_7' title="bbox 428 988 1925 1070; baseline 0.003 -23"><span class='ocrx_word' id='word_1_43' title='bbox 428 995 578 1048; x_wconf 84' lang='lat' dir='ltr'>sunt</span> <span class='ocrx_word' id='word_1_44' title='bbox 627 988 757 1049; x_wconf 91' lang='lat' dir='ltr'>duo</span> <span class='ocrx_word' id='word_1_45' title='bbox 805 988 1212 1061; x_wconf 85' lang='lat' dir='ltr'>considerari,</span> <span class='ocrx_word' id='word_1_46' title='bbox 1267 989 1587 1062; x_wconf 83' lang='lat' dir='ltr'>videlicet,</span> <span class='ocrx_word' id='word_1_47' title='bbox 1640 990 1779 1070; x_wconf 89' lang='lat' dir='ltr'>ipsa</span> <span class='ocrx_word' id='word_1_48' title='bbox 1826 1008 1925 1051; x_wconf 92' lang='lat' dir='ltr'>res</span> 
     </span>
     <span class='ocr_line' id='line_1_8' title="bbox 429 1086 1926 1169; baseline 0.003 -23"><span class='ocrx_word' id='word_1_49' title='bbox 429 1104 647 1164; x_wconf 80' lang='lat' dir='ltr'>agenS,</span> <span class='ocrx_word' id='word_1_50' title='bbox 696 1092 755 1147; x_wconf 87' lang='lat' dir='ltr'>et</span> <span class='ocrx_word' id='word_1_51' title='bbox 800 1086 1003 1148; x_wconf 89' lang='lat' dir='ltr'>virtus</span> <span class='ocrx_word' id='word_1_52' title='bbox 1045 1106 1171 1167; x_wconf 88' lang='lat' dir='ltr'>qua</span> <span class='ocrx_word' id='word_1_53' title='bbox 1212 1087 1363 1167; x_wconf 86' lang='lat' dir='ltr'>agit,</span> <span class='ocrx_word' id='word_1_54' title='bbox 1410 1088 1575 1149; x_wconf 84' lang='lat' dir='ltr'>sicut</span> <span class='ocrx_word' id='word_1_55' title='bbox 1620 1088 1783 1169; x_wconf 90' lang='lat' dir='ltr'>ignis</span> <span class='ocrx_word' id='word_1_56' title='bbox 1828 1107 1926 1150; x_wconf 89' lang='lat' dir='ltr'>ca-</span> 
     </span>
     <span class='ocr_line' id='line_1_9' title="bbox 430 1182 1930 1265; baseline 0.003 -22"><span class='ocrx_word' id='word_1_57' title='bbox 430 1182 647 1245; x_wconf 81' lang='lat' dir='ltr'>lefacit</span> <span class='ocrx_word' id='word_1_58' title='bbox 709 1203 823 1265; x_wconf 89' lang='lat' dir='ltr'>per</span> <span class='ocrx_word' id='word_1_59' title='bbox 880 1185 1174 1247; x_wconf 90' lang='lat' dir='ltr'>calorem.</span> <span class='ocrx_word' id='word_1_60' title='bbox 1224 1186 1435 1246; x_wconf 82' lang='lat' dir='ltr'>Virtus</span> <span class='ocrx_word' id='word_1_61' title='bbox 1496 1193 1709 1247; x_wconf 89' lang='lat' dir='ltr'>autem</span> <span class='ocrx_word' id='word_1_62' title='bbox 1775 1186 1930 1247; x_wconf 78' lang='lat' dir='ltr'>inse-</span> 
     </span>
     <span class='ocr_line' id='line_1_10' title="bbox 431 1281 1929 1365; baseline 0.003 -23"><span class='ocrx_word' id='word_1_63' title='bbox 431 1281 619 1343; x_wconf 90' lang='lat' dir='ltr'>rioris</span> <span class='ocrx_word' id='word_1_64' title='bbox 666 1282 911 1362; x_wconf 88' lang='lat' dir='ltr'>agentis</span> <span class='ocrx_word' id='word_1_65' title='bbox 958 1283 1273 1364; x_wconf 80' lang='lat' dir='ltr'>dependet</span> <span class='ocrx_word' id='word_1_66' title='bbox 1322 1302 1357 1345; x_wconf 90' lang='lat' dir='ltr'>a</span> <span class='ocrx_word' id='word_1_67' title='bbox 1403 1283 1637 1345; x_wconf 90' lang='lat' dir='ltr'>virtute</span> <span class='ocrx_word' id='word_1_68' title='bbox 1685 1285 1929 1365; x_wconf 88' lang='lat' dir='ltr'>agentis</span> 
     </span>
     <span class='ocr_line' id='line_1_11' title="bbox 429 1380 1929 1464; baseline 0.003 -24"><span class='ocrx_word' id='word_1_69' title='bbox 429 1380 802 1461; x_wconf 89' lang='lat' dir='ltr'>superioris,</span> <span class='ocrx_word' id='word_1_70' title='bbox 868 1380 931 1441; x_wconf 89' lang='lat' dir='ltr'>in</span> <span class='ocrx_word' id='word_1_71' title='bbox 995 1390 1305 1463; x_wconf 90' lang='lat' dir='ltr'>quantum</span> <span class='ocrx_word' id='word_1_72' title='bbox 1374 1400 1567 1462; x_wconf 90' lang='lat' dir='ltr'>agens</span> <span class='ocrx_word' id='word_1_73' title='bbox 1634 1383 1929 1464; x_wconf 89' lang='lat' dir='ltr'>superius</span> 
     </span>
     <span class='ocr_line' id='line_1_12' title="bbox 428 1479 1928 1562; baseline 0.002 -23"><span class='ocrx_word' id='word_1_74' title='bbox 428 1479 537 1539; x_wconf 90' lang='lat' dir='ltr'>dat</span> <span class='ocrx_word' id='word_1_75' title='bbox 585 1480 789 1561; x_wconf 81' lang='lat' dir='ltr'><strong>ipsam</strong></span> <span class='ocrx_word' id='word_1_76' title='bbox 844 1480 1146 1542; x_wconf 89' lang='lat' dir='ltr'>virtutem</span> <span class='ocrx_word' id='word_1_77' title='bbox 1208 1480 1493 1544; x_wconf 77' lang='lat' dir='ltr'>inferiori</span> <span class='ocrx_word' id='word_1_78' title='bbox 1544 1481 1775 1562; x_wconf 86' lang='lat' dir='ltr'>agenti,</span> <span class='ocrx_word' id='word_1_79' title='bbox 1828 1482 1928 1543; x_wconf 86' lang='lat' dir='ltr'>vel</span> 
     </span>
     <span class='ocr_line' id='line_1_13' title="bbox 428 1578 1924 1660; baseline 0.002 -21"><span class='ocrx_word' id='word_1_80' title='bbox 428 1584 763 1639; x_wconf 65' lang='lat' dir='ltr'>conservat</span> <span class='ocrx_word' id='word_1_81' title='bbox 805 1596 916 1639; x_wconf 90' lang='lat' dir='ltr'>seu</span> <span class='ocrx_word' id='word_1_82' title='bbox 966 1578 1244 1660; x_wconf 91' lang='lat' dir='ltr'>applicat</span> <span class='ocrx_word' id='word_1_83' title='bbox 1284 1598 1423 1641; x_wconf 90' lang='lat' dir='ltr'>eam</span> <span class='ocrx_word' id='word_1_84' title='bbox 1467 1580 1543 1641; x_wconf 88' lang='lat' dir='ltr'>ad</span> <span class='ocrx_word' id='word_1_85' title='bbox 1586 1581 1924 1660; x_wconf 88' lang='lat' dir='ltr'>agendum.</span> 
     </span>
     <span class='ocr_line' id='line_1_14' title="bbox 428 1676 1929 1758; baseline 0.001 -20"><span class='ocrx_word' id='word_1_86' title='bbox 428 1676 612 1738; x_wconf 83' lang='lat' dir='ltr'>Actio</span> <span class='ocrx_word' id='word_1_87' title='bbox 660 1694 811 1757; x_wconf 86' lang='lat' dir='ltr'>ergo</span> <span class='ocrx_word' id='word_1_88' title='bbox 864 1676 1183 1738; x_wconf 82' lang='lat' dir='ltr'>inferioris</span> <span class='ocrx_word' id='word_1_89' title='bbox 1241 1678 1484 1758; x_wconf 86' lang='lat' dir='ltr'>agentis</span> <span class='ocrx_word' id='word_1_90' title='bbox 1534 1696 1663 1740; x_wconf 90' lang='lat' dir='ltr'>non</span> <span class='ocrx_word' id='word_1_91' title='bbox 1722 1679 1929 1741; x_wconf 90' lang='lat' dir='ltr'>solum</span> 
     </span>
     <span class='ocr_line' id='line_1_15' title="bbox 428 1773 1933 1858; baseline 0.002 -23"><span class='ocrx_word' id='word_1_92' title='bbox 428 1774 510 1835; x_wconf 89' lang='lat' dir='ltr'>ab</span> <span class='ocrx_word' id='word_1_93' title='bbox 554 1791 631 1835; x_wconf 91' lang='lat' dir='ltr'>eo</span> <span class='ocrx_word' id='word_1_94' title='bbox 672 1782 769 1835; x_wconf 89' lang='lat' dir='ltr'>est</span> <span class='ocrx_word' id='word_1_95' title='bbox 813 1773 1071 1855; x_wconf 90' lang='lat' dir='ltr'>propria</span> <span class='ocrx_word' id='word_1_96' title='bbox 1114 1794 1231 1836; x_wconf 89' lang='lat' dir='ltr'>sua</span> <span class='ocrx_word' id='word_1_97' title='bbox 1272 1775 1527 1849; x_wconf 89' lang='lat' dir='ltr'>virtute,</span> <span class='ocrx_word' id='word_1_98' title='bbox 1561 1776 1670 1838; x_wconf 91' lang='lat' dir='ltr'>sed</span> <span class='ocrx_word' id='word_1_99' title='bbox 1715 1783 1777 1837; x_wconf 91' lang='lat' dir='ltr'>et</span> <span class='ocrx_word' id='word_1_100' title='bbox 1819 1794 1933 1858; x_wconf 90' lang='lat' dir='ltr'>per</span> 
     </span>
    </p>
   </div>
   <div class='ocr_carea' id='block_1_6' title="bbox 430 1872 3827 1957">
    <p class='ocr_par' dir='ltr' id='par_1_6' title="bbox 430 1872 3827 1957">
     <span class='ocr_line' id='line_1_16' title="bbox 430 1872 3827 1957; baseline 0.001 -24"><span class='ocrx_word' id='word_1_101' title='bbox 430 1872 737 1934; x_wconf 89' lang='lat' dir='ltr'>virtutem</span> <span class='ocrx_word' id='word_1_102' title='bbox 790 1873 1081 1935; x_wconf 88' lang='lat' dir='ltr'>omnium</span> <span class='ocrx_word' id='word_1_103' title='bbox 1142 1874 1541 1955; x_wconf 82' lang='lat' dir='ltr'>superiorum</span> <span class='ocrx_word' id='word_1_104' title='bbox 1604 1874 1926 1955; x_wconf 79' lang='lat' dir='ltr'>agentium</span> <span class='ocrx_word' id='word_1_105' title='bbox 1967 1875 2014 1938; x_wconf 90' lang='lat' dir='ltr'>B</span> <span class='ocrx_word' id='word_1_106' title='bbox 2044 1882 2106 1936; x_wconf 91' lang='lat' dir='ltr'>et</span> <span class='ocrx_word' id='word_1_107' title='bbox 2144 1873 2556 1937; x_wconf 88' lang='lat' dir='ltr'>obscuratum</span> <span class='ocrx_word' id='word_1_108' title='bbox 2604 1883 2701 1938; x_wconf 87' lang='lat' dir='ltr'>est</span> <span class='ocrx_word' id='word_1_109' title='bbox 2749 1875 3060 1957; x_wconf 89' lang='lat' dir='ltr'>insipiens</span> <span class='ocrx_word' id='word_1_110' title='bbox 3108 1895 3218 1940; x_wconf 90' lang='lat' dir='ltr'>cor</span> <span class='ocrx_word' id='word_1_111' title='bbox 3256 1895 3478 1941; x_wconf 89' lang='lat' dir='ltr'>eorum</span> <span class='ocrx_word' id='word_1_112' title='bbox 3519 1896 3827 1945; x_wconf 72' lang='lat' dir='ltr'>:Rom.=,2¹.</span> 
     </span>
    </p>
   </div>
   <div class='ocr_carea' id='block_1_7' title="bbox 431 1970 1940 3035">
    <p class='ocr_par' dir='ltr' id='par_1_7' title="bbox 431 1970 1940 3035">
     <span class='ocr_line' id='line_1_17' title="bbox 434 1970 1930 2052; baseline 0.002 -21"><span class='ocrx_word' id='word_1_113' title='bbox 434 1970 498 2032; x_wconf 89' lang='lat' dir='ltr'>in</span> <span class='ocrx_word' id='word_1_114' title='bbox 532 1988 807 2051; x_wconf 90' lang='lat' dir='ltr'>quorum</span> <span class='ocrx_word' id='word_1_115' title='bbox 847 1972 973 2052; x_wconf 86' lang='lat' dir='ltr'>agit</span> <span class='ocrx_word' id='word_1_116' title='bbox 1005 1972 1261 2034; x_wconf 85' lang='lat' dir='ltr'>virtute.</span> <span class='ocrx_word' id='word_1_117' title='bbox 1300 1972 1373 2033; x_wconf 88' lang='lat' dir='ltr'>Et</span> <span class='ocrx_word' id='word_1_118' title='bbox 1404 1972 1570 2034; x_wconf 89' lang='lat' dir='ltr'>sicut</span> <span class='ocrx_word' id='word_1_119' title='bbox 1604 1991 1795 2052; x_wconf 88' lang='lat' dir='ltr'>agens</span> <span class='ocrx_word' id='word_1_120' title='bbox 1838 1973 1930 2034; x_wconf 91' lang='lat' dir='ltr'>in-</span> 
     </span>
     <span class='ocr_line' id='line_1_18' title="bbox 431 2067 1931 2143; baseline 0.002 -14"><span class='ocrx_word' id='word_1_121' title='bbox 431 2067 666 2131; x_wconf 81' lang='lat' dir='ltr'>fimum</span> <span class='ocrx_word' id='word_1_122' title='bbox 710 2070 1037 2131; x_wconf 86' lang='lat' dir='ltr'>invenitur</span> <span class='ocrx_word' id='word_1_123' title='bbox 1077 2070 1443 2133; x_wconf 84' lang='lat' dir='ltr'>immediate</span> <span class='ocrx_word' id='word_1_124' title='bbox 1492 2071 1795 2143; x_wconf 89' lang='lat' dir='ltr'>activum,</span> <span class='ocrx_word' id='word_1_125' title='bbox 1837 2071 1931 2132; x_wconf 91' lang='lat' dir='ltr'>sic</span> 
     </span>
     <span class='ocr_line' id='line_1_19' title="bbox 432 2168 1933 2249; baseline 0.001 -20"><span class='ocrx_word' id='word_1_126' title='bbox 432 2168 637 2230; x_wconf 86' lang='lat' dir='ltr'>virtus</span> <span class='ocrx_word' id='word_1_127' title='bbox 678 2168 871 2249; x_wconf 87' lang='lat' dir='ltr'>primi</span> <span class='ocrx_word' id='word_1_128' title='bbox 916 2169 1159 2249; x_wconf 87' lang='lat' dir='ltr'>agentis</span> <span class='ocrx_word' id='word_1_129' title='bbox 1204 2169 1527 2231; x_wconf 89' lang='lat' dir='ltr'>invenitur</span> <span class='ocrx_word' id='word_1_130' title='bbox 1567 2169 1933 2232; x_wconf 89' lang='lat' dir='ltr'>immediata</span> 
     </span>
     <span class='ocr_line' id='line_1_20' title="bbox 432 2265 1931 2350; baseline 0.001 -23"><span class='ocrx_word' id='word_1_131' title='bbox 432 2266 511 2327; x_wconf 90' lang='lat' dir='ltr'>ad</span> <span class='ocrx_word' id='word_1_132' title='bbox 553 2266 1035 2347; x_wconf 89' lang='lat' dir='ltr'>producendum</span> <span class='ocrx_word' id='word_1_133' title='bbox 1080 2265 1405 2329; x_wconf 78' lang='lat' dir='ltr'>effectum.</span> <span class='ocrx_word' id='word_1_134' title='bbox 1439 2268 1653 2329; x_wconf 80' lang='lat' dir='ltr'>Virtus</span> <span class='ocrx_word' id='word_1_135' title='bbox 1693 2268 1931 2350; x_wconf 89' lang='lat' dir='ltr'>quippe</span> 
     </span>
     <span class='ocr_line' id='line_1_21' title="bbox 435 2363 1933 2448; baseline 0.001 -23"><span class='ocrx_word' id='word_1_136' title='bbox 435 2363 648 2426; x_wconf 76' lang='lat' dir='ltr'>infimi</span> <span class='ocrx_word' id='word_1_137' title='bbox 688 2364 932 2445; x_wconf 88' lang='lat' dir='ltr'>agentis</span> <span class='ocrx_word' id='word_1_138' title='bbox 973 2383 1101 2427; x_wconf 89' lang='lat' dir='ltr'>non</span> <span class='ocrx_word' id='word_1_139' title='bbox 1140 2365 1329 2427; x_wconf 82' lang='lat' dir='ltr'>habet</span> <span class='ocrx_word' id='word_1_140' title='bbox 1358 2384 1434 2427; x_wconf 87' lang='lat' dir='ltr'>ex</span> <span class='ocrx_word' id='word_1_141' title='bbox 1474 2384 1541 2427; x_wconf 91' lang='lat' dir='ltr'>se</span> <span class='ocrx_word' id='word_1_142' title='bbox 1581 2366 1749 2447; x_wconf 90' lang='lat' dir='ltr'>quod</span> <span class='ocrx_word' id='word_1_143' title='bbox 1790 2385 1933 2448; x_wconf 87' lang='lat' dir='ltr'>pro-</span> 
     </span>
     <span class='ocr_line' id='line_1_22' title="bbox 435 2462 1937 2537; baseline 0 -12"><span class='ocrx_word' id='word_1_144' title='bbox 435 2463 627 2525; x_wconf 87' lang='lat' dir='ltr'>ducat</span> <span class='ocrx_word' id='word_1_145' title='bbox 675 2462 983 2529; x_wconf 79' lang='lat' dir='ltr'>effectum</span> <span class='ocrx_word' id='word_1_146' title='bbox 1029 2464 1223 2537; x_wconf 89' lang='lat' dir='ltr'>hunc,</span> <span class='ocrx_word' id='word_1_147' title='bbox 1266 2465 1373 2527; x_wconf 90' lang='lat' dir='ltr'>sed</span> <span class='ocrx_word' id='word_1_148' title='bbox 1425 2483 1503 2527; x_wconf 87' lang='lat' dir='ltr'>ex</span> <span class='ocrx_word' id='word_1_149' title='bbox 1552 2464 1787 2526; x_wconf 85' lang='lat' dir='ltr'>virtute</span> <span class='ocrx_word' id='word_1_150' title='bbox 1836 2484 1937 2526; x_wconf 90' lang='lat' dir='ltr'>su-</span> 
     </span>
     <span class='ocr_line' id='line_1_23' title="bbox 437 2560 1935 2644; baseline 0.001 -22"><span class='ocrx_word' id='word_1_151' title='bbox 437 2560 709 2642; x_wconf 87' lang='lat' dir='ltr'>perioris</span> <span class='ocrx_word' id='word_1_152' title='bbox 746 2580 759 2623; x_wconf 92' lang='lat'><strong>:</strong></span> <span class='ocrx_word' id='word_1_153' title='bbox 794 2561 1013 2644; x_wconf 89' lang='lat' dir='ltr'>sicque</span> <span class='ocrx_word' id='word_1_154' title='bbox 1045 2562 1249 2624; x_wconf 87' lang='lat' dir='ltr'>virtus</span> <span class='ocrx_word' id='word_1_155' title='bbox 1289 2562 1569 2644; x_wconf 85' lang='lat' dir='ltr'>supremi</span> <span class='ocrx_word' id='word_1_156' title='bbox 1614 2569 1709 2623; x_wconf 92' lang='lat' dir='ltr'>est</span> <span class='ocrx_word' id='word_1_157' title='bbox 1748 2582 1825 2624; x_wconf 87' lang='lat' dir='ltr'>ex</span> <span class='ocrx_word' id='word_1_158' title='bbox 1868 2582 1935 2624; x_wconf 90' lang='lat' dir='ltr'>se</span> 
     </span>
     <span class='ocr_line' id='line_1_24' title="bbox 436 2659 1938 2741; baseline 0.001 -21"><span class='ocrx_word' id='word_1_159' title='bbox 436 2659 817 2740; x_wconf 82' lang='lat' dir='ltr'>productiva</span> <span class='ocrx_word' id='word_1_160' title='bbox 873 2660 1168 2733; x_wconf 76' lang='lat' dir='ltr'>effectuS,</span> <span class='ocrx_word' id='word_1_161' title='bbox 1223 2667 1523 2741; x_wconf 88' lang='lat' dir='ltr'>tanquam</span> <span class='ocrx_word' id='word_1_162' title='bbox 1574 2680 1763 2722; x_wconf 91' lang='lat' dir='ltr'>causa</span> <span class='ocrx_word' id='word_1_163' title='bbox 1826 2660 1938 2721; x_wconf 89' lang='lat' dir='ltr'>im-</span> 
     </span>
     <span class='ocr_line' id='line_1_25' title="bbox 440 2758 1935 2839; baseline 0.002 -21"><span class='ocrx_word' id='word_1_164' title='bbox 440 2758 751 2835; x_wconf 83' lang='lat' dir='ltr'>mediata3</span> <span class='ocrx_word' id='word_1_165' title='bbox 782 2759 1322 2839; x_wconf 81' lang='lat' dir='ltr'>quemadmodum</span> <span class='ocrx_word' id='word_1_166' title='bbox 1358 2758 1423 2819; x_wconf 92' lang='lat' dir='ltr'>in</span> <span class='ocrx_word' id='word_1_167' title='bbox 1454 2758 1935 2821; x_wconf 86' lang='lat' dir='ltr'>demonstratio-</span> 
     </span>
     <span class='ocr_line' id='line_1_26' title="bbox 436 2856 1938 2938; baseline 0.001 -21"><span class='ocrx_word' id='word_1_168' title='bbox 436 2876 594 2918; x_wconf 90' lang='lat' dir='ltr'>num</span> <span class='ocrx_word' id='word_1_169' title='bbox 627 2856 965 2937; x_wconf 86' lang='lat' dir='ltr'>principiis</span> <span class='ocrx_word' id='word_1_170' title='bbox 996 2863 1188 2938; x_wconf 87' lang='lat' dir='ltr'>patet‚</span> <span class='ocrx_word' id='word_1_171' title='bbox 1222 2875 1493 2938; x_wconf 90' lang='lat' dir='ltr'>quorum</span> <span class='ocrx_word' id='word_1_172' title='bbox 1529 2856 1811 2938; x_wconf 89' lang='lat' dir='ltr'>primum</span> <span class='ocrx_word' id='word_1_173' title='bbox 1842 2865 1938 2918; x_wconf 93' lang='lat' dir='ltr'>est</span> 
     </span>
     <span class='ocr_line' id='line_1_27' title="bbox 438 2954 1940 3035; baseline 0.001 -19"><span class='ocrx_word' id='word_1_174' title='bbox 438 2954 903 3016; x_wconf 89' lang='lat' dir='ltr'>immediatum.</span> <span class='ocrx_word' id='word_1_175' title='bbox 939 2955 1116 3017; x_wconf 91' lang='lat' dir='ltr'>Sicut</span> <span class='ocrx_word' id='word_1_176' title='bbox 1150 2974 1301 3035; x_wconf 90' lang='lat' dir='ltr'>ergo</span> <span class='ocrx_word' id='word_1_177' title='bbox 1340 2973 1467 3017; x_wconf 92' lang='lat' dir='ltr'>non</span> <span class='ocrx_word' id='word_1_178' title='bbox 1506 2962 1603 3017; x_wconf 89' lang='lat' dir='ltr'>est</span> <span class='ocrx_word' id='word_1_179' title='bbox 1646 2955 1940 3017; x_wconf 89' lang='lat' dir='ltr'>inconve-</span> 
     </span>
    </p>
   </div>
   <div class='ocr_carea' id='block_1_8' title="bbox 2039 802 3538 1860">
    <p class='ocr_par' dir='ltr' id='par_1_8' title="bbox 2039 802 3538 1860">
     <span class='ocr_line' id='line_1_28' title="bbox 2043 802 3534 876; baseline 0.002 -21"><span class='ocrx_word' id='word_1_180' title='bbox 2043 802 2464 876; x_wconf 88' lang='lat' dir='ltr'>moventeque</span> <span class='ocrx_word' id='word_1_181' title='bbox 2514 814 2640 869; x_wconf 78' lang='lat' dir='ltr'>eaS,</span> <span class='ocrx_word' id='word_1_182' title='bbox 2694 815 2820 859; x_wconf 91' lang='lat' dir='ltr'>non</span> <span class='ocrx_word' id='word_1_183' title='bbox 2871 804 3084 858; x_wconf 92' lang='lat' dir='ltr'>tamen</span> <span class='ocrx_word' id='word_1_184' title='bbox 3136 802 3393 858; x_wconf 86' lang='lat' dir='ltr'>movent</span> <span class='ocrx_word' id='word_1_185' title='bbox 3439 814 3534 858; x_wconf 87' lang='lat' dir='ltr'>se-</span> 
     </span>
     <span class='ocr_line' id='line_1_29' title="bbox 2039 893 3536 976; baseline 0.002 -23"><span class='ocrx_word' id='word_1_186' title='bbox 2039 893 2320 954; x_wconf 90' lang='lat' dir='ltr'>cundum</span> <span class='ocrx_word' id='word_1_187' title='bbox 2362 893 2778 973; x_wconf 81' lang='lat' dir='ltr'>proprietates</span> <span class='ocrx_word' id='word_1_188' title='bbox 2817 894 3086 967; x_wconf 81' lang='lat' dir='ltr'>divinaS,</span> <span class='ocrx_word' id='word_1_189' title='bbox 3122 894 3424 976; x_wconf 88' lang='lat' dir='ltr'>quoniam</span> <span class='ocrx_word' id='word_1_190' title='bbox 3465 894 3536 956; x_wconf 91' lang='lat' dir='ltr'>il-</span> 
     </span>
     <span class='ocr_line' id='line_1_30' title="bbox 2042 990 3536 1075; baseline 0.003 -25"><span class='ocrx_word' id='word_1_191' title='bbox 2042 990 2130 1051; x_wconf 92' lang='lat' dir='ltr'>las</span> <span class='ocrx_word' id='word_1_192' title='bbox 2161 990 2469 1071; x_wconf 87' lang='lat' dir='ltr'>attingere</span> <span class='ocrx_word' id='word_1_193' title='bbox 2501 1002 2845 1073; x_wconf 89' lang='lat' dir='ltr'>nequeunt,</span> <span class='ocrx_word' id='word_1_194' title='bbox 2871 993 2980 1053; x_wconf 91' lang='lat' dir='ltr'>sed</span> <span class='ocrx_word' id='word_1_195' title='bbox 3013 994 3365 1055; x_wconf 89' lang='lat' dir='ltr'>secundum</span> <span class='ocrx_word' id='word_1_196' title='bbox 3396 1011 3536 1075; x_wconf 89' lang='lat' dir='ltr'>pro-</span> 
     </span>
     <span class='ocr_line' id='line_1_31' title="bbox 2042 1087 3536 1174; baseline 0.001 -25"><span class='ocrx_word' id='word_1_197' title='bbox 2042 1087 2610 1169; x_wconf 76' lang='lat' dir='ltr'>prietateS,sor1nas</span> <span class='ocrx_word' id='word_1_198' title='bbox 2642 1090 3104 1171; x_wconf 82' lang='lat' dir='ltr'>qualitatesque</span> <span class='ocrx_word' id='word_1_199' title='bbox 3135 1091 3536 1174; x_wconf 71' lang='lat' dir='ltr'>propriasEt</span> 
     </span>
     <span class='ocr_line' id='line_1_32' title="bbox 2041 1186 3533 1270; baseline 0.003 -23"><span class='ocrx_word' id='word_1_200' title='bbox 2041 1186 2180 1249; x_wconf 89' lang='lat' dir='ltr'>illas</span> <span class='ocrx_word' id='word_1_201' title='bbox 2241 1187 2564 1269; x_wconf 87' lang='lat' dir='ltr'>inquirere</span> <span class='ocrx_word' id='word_1_202' title='bbox 2615 1188 3013 1269; x_wconf 87' lang='lat' dir='ltr'>philosophis</span> <span class='ocrx_word' id='word_1_203' title='bbox 3072 1189 3270 1251; x_wconf 88' lang='lat' dir='ltr'>licuit.</span> <span class='ocrx_word' id='word_1_204' title='bbox 3324 1190 3533 1270; x_wconf 85' lang='lat' dir='ltr'>Augu-</span> 
     </span>
     <span class='ocr_line' id='line_1_33' title="bbox 2040 1286 3532 1369; baseline 0.003 -23"><span class='ocrx_word' id='word_1_205' title='bbox 2040 1286 2244 1347; x_wconf 88' lang='lat' dir='ltr'>stinus</span> <span class='ocrx_word' id='word_1_206' title='bbox 2275 1304 2426 1348; x_wconf 89' lang='lat' dir='ltr'>vero</span> <span class='ocrx_word' id='word_1_207' title='bbox 2466 1286 2606 1348; x_wconf 89' lang='lat' dir='ltr'>illos</span> <span class='ocrx_word' id='word_1_208' title='bbox 2647 1287 2966 1368; x_wconf 83' lang='lat' dir='ltr'>redarguit</span> <span class='ocrx_word' id='word_1_209' title='bbox 3000 1289 3108 1369; x_wconf 91' lang='lat' dir='ltr'>qui</span> <span class='ocrx_word' id='word_1_210' title='bbox 3143 1288 3532 1352; x_wconf 84' lang='lat' dir='ltr'>voluntatem</span> 
     </span>
     <span class='ocr_line' id='line_1_34' title="bbox 2041 1382 3536 1466; baseline 0.003 -23"><span class='ocrx_word' id='word_1_211' title='bbox 2041 1382 2152 1443; x_wconf 91' lang='lat' dir='ltr'>Dei</span> <span class='ocrx_word' id='word_1_212' title='bbox 2183 1402 2220 1443; x_wconf 88' lang='lat' dir='ltr'>a</span> <span class='ocrx_word' id='word_1_213' title='bbox 2249 1391 2490 1445; x_wconf 81' lang='lat' dir='ltr'>naturae</span> <span class='ocrx_word' id='word_1_214' title='bbox 2521 1384 2824 1466; x_wconf 90' lang='lat' dir='ltr'>operibus</span> <span class='ocrx_word' id='word_1_215' title='bbox 2861 1385 3290 1459; x_wconf 87' lang='lat' dir='ltr'>excluserunt,</span> <span class='ocrx_word' id='word_1_216' title='bbox 3323 1386 3536 1448; x_wconf 91' lang='lat' dir='ltr'>dicen-</span> 
     </span>
     <span class='ocr_line' id='line_1_35' title="bbox 2045 1482 3535 1564; baseline 0.003 -22"><span class='ocrx_word' id='word_1_217' title='bbox 2045 1488 2135 1542; x_wconf 86' lang='lat' dir='ltr'>tes</span> <span class='ocrx_word' id='word_1_218' title='bbox 2179 1482 2380 1543; x_wconf 89' lang='lat' dir='ltr'>Deum</span> <span class='ocrx_word' id='word_1_219' title='bbox 2429 1500 2556 1545; x_wconf 92' lang='lat' dir='ltr'>non</span> <span class='ocrx_word' id='word_1_220' title='bbox 2599 1500 2784 1564; x_wconf 90' lang='lat' dir='ltr'>posse</span> <span class='ocrx_word' id='word_1_221' title='bbox 2832 1502 3084 1546; x_wconf 90' lang='lat' dir='ltr'>movere</span> <span class='ocrx_word' id='word_1_222' title='bbox 3132 1484 3254 1545; x_wconf 90' lang='lat' dir='ltr'>nisi</span> <span class='ocrx_word' id='word_1_223' title='bbox 3300 1484 3535 1547; x_wconf 83' lang='lat' dir='ltr'>mobile</span> 
     </span>
     <span class='ocr_line' id='line_1_36' title="bbox 2044 1579 3538 1662; baseline 0.003 -22"><span class='ocrx_word' id='word_1_224' title='bbox 2044 1579 2350 1661; x_wconf 89' lang='lat' dir='ltr'>primum,</span> <span class='ocrx_word' id='word_1_225' title='bbox 2384 1581 2833 1662; x_wconf 89' lang='lat' dir='ltr'>quodcumque</span> <span class='ocrx_word' id='word_1_226' title='bbox 2877 1582 2959 1642; x_wconf 89' lang='lat' dir='ltr'>sit</span> <span class='ocrx_word' id='word_1_227' title='bbox 3000 1582 3181 1655; x_wconf 88' lang='lat' dir='ltr'>illud,</span> <span class='ocrx_word' id='word_1_228' title='bbox 3221 1582 3345 1645; x_wconf 88' lang='lat' dir='ltr'>alia</span> <span class='ocrx_word' id='word_1_229' title='bbox 3385 1600 3538 1645; x_wconf 86' lang='lat' dir='ltr'>vero</span> 
     </span>
     <span class='ocr_line' id='line_1_37' title="bbox 2044 1678 3535 1744; baseline 0.003 -5"><span class='ocrx_word' id='word_1_230' title='bbox 2044 1678 2286 1740; x_wconf 90' lang='lat' dir='ltr'>moveri</span> <span class='ocrx_word' id='word_1_231' title='bbox 2328 1679 2752 1741; x_wconf 87' lang='lat' dir='ltr'>diversimode</span> <span class='ocrx_word' id='word_1_232' title='bbox 2783 1681 3135 1743; x_wconf 89' lang='lat' dir='ltr'>secundum</span> <span class='ocrx_word' id='word_1_233' title='bbox 3170 1681 3535 1744; x_wconf 84' lang='lat' dir='ltr'>distantiam</span> 
     </span>
     <span class='ocr_line' id='line_1_38' title="bbox 2042 1776 3534 1860; baseline 0.003 -22"><span class='ocrx_word' id='word_1_234' title='bbox 2042 1776 2123 1838; x_wconf 93' lang='lat' dir='ltr'>ab</span> <span class='ocrx_word' id='word_1_235' title='bbox 2176 1777 2305 1839; x_wconf 92' lang='lat' dir='ltr'>illo.</span> <span class='ocrx_word' id='word_1_236' title='bbox 2341 1777 2416 1838; x_wconf 86' lang='lat' dir='ltr'>Et</span> <span class='ocrx_word' id='word_1_237' title='bbox 2455 1778 2610 1839; x_wconf 82' lang='lat' dir='ltr'>tales</span> <span class='ocrx_word' id='word_1_238' title='bbox 2649 1778 2945 1840; x_wconf 88' lang='lat' dir='ltr'>abierunt</span> <span class='ocrx_word' id='word_1_239' title='bbox 2985 1786 3127 1860; x_wconf 92' lang='lat' dir='ltr'>post</span> <span class='ocrx_word' id='word_1_240' title='bbox 3165 1779 3534 1853; x_wconf 85' lang='lat' dir='ltr'>vanitatem,</span> 
     </span>
    </p>
   </div>
   <div class='ocr_carea' id='block_1_9' title="bbox 2043 1973 3548 3036">
    <p class='ocr_par' dir='ltr' id='par_1_9' title="bbox 2043 1973 3542 2723">
     <span class='ocr_line' id='line_1_39' title="bbox 2043 1973 3538 2058; baseline 0.003 -25"><span class='ocrx_word' id='word_1_241' title='bbox 2043 1973 2580 2053; x_wconf 86' lang='lat' dir='ltr'>quemadmodum</span> <span class='ocrx_word' id='word_1_242' title='bbox 2625 1973 2892 2047; x_wconf 85' lang='lat' dir='ltr'>Tullius,</span> <span class='ocrx_word' id='word_1_243' title='bbox 2935 1973 3044 2055; x_wconf 90' lang='lat' dir='ltr'>qui</span> <span class='ocrx_word' id='word_1_244' title='bbox 3095 1982 3280 2056; x_wconf 86' lang='lat' dir='ltr'>negat</span> <span class='ocrx_word' id='word_1_245' title='bbox 3328 1976 3538 2058; x_wconf 87' lang='lat' dir='ltr'>provi-</span> 
     </span>
     <span class='ocr_line' id='line_1_40' title="bbox 2044 2070 3539 2153; baseline 0.002 -21"><span class='ocrx_word' id='word_1_246' title='bbox 2044 2070 2324 2132; x_wconf 86' lang='lat' dir='ltr'>dentiam</span> <span class='ocrx_word' id='word_1_247' title='bbox 2369 2078 2431 2132; x_wconf 90' lang='lat' dir='ltr'>et</span> <span class='ocrx_word' id='word_1_248' title='bbox 2475 2071 2938 2153; x_wconf 84' lang='lat' dir='ltr'>praescientiam</span> <span class='ocrx_word' id='word_1_249' title='bbox 2983 2073 3114 2145; x_wconf 88' lang='lat' dir='ltr'>Dei,</span> <span class='ocrx_word' id='word_1_250' title='bbox 3148 2082 3220 2135; x_wconf 88' lang='lat' dir='ltr'>ut</span> <span class='ocrx_word' id='word_1_251' title='bbox 3260 2073 3539 2135; x_wconf 86' lang='lat' dir='ltr'>stabiliat</span> 
     </span>
     <span class='ocr_line' id='line_1_41' title="bbox 2045 2168 3539 2255; baseline 0.002 -26"><span class='ocrx_word' id='word_1_252' title='bbox 2045 2188 2264 2229; x_wconf 89' lang='lat' dir='ltr'>casum</span> <span class='ocrx_word' id='word_1_253' title='bbox 2313 2176 2502 2249; x_wconf 90' lang='lat' dir='ltr'>atque</span> <span class='ocrx_word' id='word_1_254' title='bbox 2544 2168 2886 2243; x_wconf 77' lang='lat' dir='ltr'>fortunam,</span> <span class='ocrx_word' id='word_1_255' title='bbox 2919 2175 2982 2231; x_wconf 90' lang='lat' dir='ltr'>et</span> <span class='ocrx_word' id='word_1_256' title='bbox 3025 2179 3198 2255; x_wconf 84' lang='lat' dir='ltr'>regat</span> <span class='ocrx_word' id='word_1_257' title='bbox 3241 2189 3375 2232; x_wconf 91' lang='lat' dir='ltr'>rem</span> <span class='ocrx_word' id='word_1_258' title='bbox 3427 2190 3539 2252; x_wconf 89' lang='lat' dir='ltr'>pu-</span> 
     </span>
     <span class='ocr_line' id='line_1_42' title="bbox 2046 2266 3540 2350; baseline 0.002 -23"><span class='ocrx_word' id='word_1_259' title='bbox 2046 2266 2316 2343; x_wconf 80' lang='lat' dir='ltr'>blicam3</span> <span class='ocrx_word' id='word_1_260' title='bbox 2359 2267 2826 2330; x_wconf 86' lang='lat' dir='ltr'>Commentator</span> <span class='ocrx_word' id='word_1_261' title='bbox 2867 2286 3120 2349; x_wconf 90' lang='lat' dir='ltr'>quoque</span> <span class='ocrx_word' id='word_1_262' title='bbox 3159 2288 3352 2350; x_wconf 88' lang='lat' dir='ltr'>super</span> <span class='ocrx_word' id='word_1_263' title='bbox 3386 2269 3540 2350; x_wconf 86' lang='lat' dir='ltr'>Phy-</span> 
     </span>
     <span class='ocr_line' id='line_1_43' title="bbox 2046 2364 3542 2446; baseline 0.002 -21"><span class='ocrx_word' id='word_1_264' title='bbox 2046 2364 2244 2427; x_wconf 87' lang='lat' dir='ltr'>sicam</span> <span class='ocrx_word' id='word_1_265' title='bbox 2275 2372 2338 2426; x_wconf 90' lang='lat' dir='ltr'>et</span> <span class='ocrx_word' id='word_1_266' title='bbox 2369 2364 2880 2446; x_wconf 88' lang='lat' dir='ltr'>Metaphysicam,</span> <span class='ocrx_word' id='word_1_267' title='bbox 2915 2384 3150 2446; x_wconf 88' lang='lat' dir='ltr'>negans</span> <span class='ocrx_word' id='word_1_268' title='bbox 3185 2367 3385 2429; x_wconf 89' lang='lat' dir='ltr'>Deum</span> <span class='ocrx_word' id='word_1_269' title='bbox 3427 2366 3542 2428; x_wconf 88' lang='lat' dir='ltr'>im-</span> 
     </span>
     <span class='ocr_line' id='line_1_44' title="bbox 2050 2463 3542 2545; baseline 0.001 -20"><span class='ocrx_word' id='word_1_270' title='bbox 2050 2464 2322 2525; x_wconf 88' lang='lat' dir='ltr'>mediate</span> <span class='ocrx_word' id='word_1_271' title='bbox 2370 2463 2617 2545; x_wconf 88' lang='lat' dir='ltr'>operari</span> <span class='ocrx_word' id='word_1_272' title='bbox 2670 2463 2734 2524; x_wconf 92' lang='lat' dir='ltr'>in</span> <span class='ocrx_word' id='word_1_273' title='bbox 2787 2463 3090 2545; x_wconf 89' lang='lat' dir='ltr'>quolibet,</span> <span class='ocrx_word' id='word_1_274' title='bbox 3146 2471 3215 2525; x_wconf 92' lang='lat' dir='ltr'>ut</span> <span class='ocrx_word' id='word_1_275' title='bbox 3261 2464 3542 2527; x_wconf 86' lang='lat' dir='ltr'>stabiliat</span> 
     </span>
     <span class='ocr_line' id='line_1_45' title="bbox 2050 2561 3541 2643; baseline 0.001 -20"><span class='ocrx_word' id='word_1_276' title='bbox 2050 2561 2398 2643; x_wconf 90' lang='lat' dir='ltr'>unicuique</span> <span class='ocrx_word' id='word_1_277' title='bbox 2451 2561 2772 2643; x_wconf 86' lang='lat' dir='ltr'>propriam</span> <span class='ocrx_word' id='word_1_278' title='bbox 2823 2562 3137 2623; x_wconf 83' lang='lat' dir='ltr'>actionem</span> <span class='ocrx_word' id='word_1_279' title='bbox 3187 2564 3541 2625; x_wconf 91' lang='lat' dir='ltr'>secundum</span> 
     </span>
     <span class='ocr_line' id='line_1_46' title="bbox 2048 2660 3122 2723; baseline -0.001 -1"><span class='ocrx_word' id='word_1_280' title='bbox 2048 2680 2230 2722; x_wconf 89' lang='lat' dir='ltr'>suam</span> <span class='ocrx_word' id='word_1_281' title='bbox 2275 2668 2586 2721; x_wconf 88' lang='lat' dir='ltr'>naturam.</span> <span class='ocrx_word' id='word_1_282' title='bbox 2621 2661 2764 2723; x_wconf 82' lang='lat' dir='ltr'>Haec</span> <span class='ocrx_word' id='word_1_283' title='bbox 2811 2660 3122 2723; x_wconf 84' lang='lat' dir='ltr'>AlbertuS.</span> 
     </span>
    </p>

    <p class='ocr_par' dir='ltr' id='par_1_10' title="bbox 2050 2757 3548 3036">
     <span class='ocr_line' id='line_1_47' title="bbox 2128 2757 3548 2832; baseline -0.001 -12"><span class='ocrx_word' id='word_1_284' title='bbox 2128 2759 2290 2820; x_wconf 90' lang='lat' dir='ltr'>Hinc</span> <span class='ocrx_word' id='word_1_285' title='bbox 2323 2758 2386 2820; x_wconf 91' lang='lat' dir='ltr'>in</span> <span class='ocrx_word' id='word_1_286' title='bbox 2419 2759 2681 2820; x_wconf 90' lang='lat' dir='ltr'>Summa</span> <span class='ocrx_word' id='word_1_287' title='bbox 2711 2778 2844 2831; x_wconf 92' lang='lat' dir='ltr'>sua,</span> <span class='ocrx_word' id='word_1_288' title='bbox 2871 2757 3034 2821; x_wconf 90' lang='lat' dir='ltr'>libro</span> <span class='ocrx_word' id='word_1_289' title='bbox 3065 2759 3364 2832; x_wconf 87' lang='lat' dir='ltr'>secundo,</span> <span class='ocrx_word' id='word_1_290' title='bbox 3399 2760 3548 2821; x_wconf 90' lang='lat' dir='ltr'>scri·</span> 
     </span>
     <span class='ocr_line' id='line_1_48' title="bbox 2050 2856 3544 2920; baseline -0.001 0"><span class='ocrx_word' id='word_1_291' title='bbox 2050 2858 2144 2920; x_wconf 91' lang='lat' dir='ltr'>bit</span> <span class='ocrx_word' id='word_1_292' title='bbox 2175 2856 2504 2919; x_wconf 77' lang='lat' dir='ltr'>Udalricus</span> <span class='ocrx_word' id='word_1_293' title='bbox 2531 2874 2544 2917; x_wconf 79' lang='grc' dir='ltr'>ε</span> <span class='ocrx_word' id='word_1_294' title='bbox 2573 2856 2770 2919; x_wconf 87' lang='lat' dir='ltr'>Causa</span> <span class='ocrx_word' id='word_1_295' title='bbox 2806 2856 3094 2918; x_wconf 90' lang='lat' dir='ltr'>omnium</span> <span class='ocrx_word' id='word_1_296' title='bbox 3128 2864 3224 2918; x_wconf 89' lang='lat' dir='ltr'>est</span> <span class='ocrx_word' id='word_1_297' title='bbox 3253 2856 3544 2919; x_wconf 85' lang='lat' dir='ltr'>voluntas</span> 
     </span>
     <span class='ocr_line' id='line_1_49' title="bbox 2050 2954 3548 3036; baseline -0.001 -18"><span class='ocrx_word' id='word_1_298' title='bbox 2050 2956 2287 3018; x_wconf 88' lang='lat' dir='ltr'>divina.</span> <span class='ocrx_word' id='word_1_299' title='bbox 2351 2956 2804 3017; x_wconf 87' lang='lat' dir='ltr'>Verumtamen</span> <span class='ocrx_word' id='word_1_300' title='bbox 2865 2954 3264 3036; x_wconf 87' lang='lat' dir='ltr'>Peripatetici</span> <span class='ocrx_word' id='word_1_301' title='bbox 3323 2955 3548 3016; x_wconf 85' lang='lat' dir='ltr'>dicunt</span> 
     </span>
    </p>
   </div>
   <div class='ocr_carea' id='block_1_10' title="bbox 437 3053 3550 3136">
    <p class='ocr_par' dir='ltr' id='par_1_11' title="bbox 437 3053 3550 3136">
     <span class='ocr_line' id='line_1_50' title="bbox 437 3053 3550 3136; baseline -0 -21"><span class='ocrx_word' id='word_1_302' title='bbox 437 3054 625 3115; x_wconf 89' lang='lat' dir='ltr'>niens</span> <span class='ocrx_word' id='word_1_303' title='bbox 674 3053 844 3135; x_wconf 91' lang='lat' dir='ltr'>quod</span> <span class='ocrx_word' id='word_1_304' title='bbox 891 3072 1015 3115; x_wconf 89' lang='lat' dir='ltr'>una</span> <span class='ocrx_word' id='word_1_305' title='bbox 1060 3054 1227 3115; x_wconf 91' lang='lat' dir='ltr'>actio</span> <span class='ocrx_word' id='word_1_306' title='bbox 1277 3055 1664 3136; x_wconf 88' lang='lat' dir='ltr'>producatur</span> <span class='ocrx_word' id='word_1_307' title='bbox 1706 3072 1782 3115; x_wconf 87' lang='lat' dir='ltr'>ex</span> <span class='ocrx_word' id='word_1_308' title='bbox 1826 3054 1939 3115; x_wconf 88' lang='lat' dir='ltr'>ali-</span> <span class='ocrx_word' id='word_1_309' title='bbox 1978 3059 2021 3123; x_wconf 90' lang='lat' dir='ltr'>C</span> <span class='ocrx_word' id='word_1_310' title='bbox 2054 3055 2254 3116; x_wconf 90' lang='lat' dir='ltr'>Deum</span> <span class='ocrx_word' id='word_1_311' title='bbox 2298 3072 2413 3136; x_wconf 90' lang='lat' dir='ltr'>per</span> <span class='ocrx_word' id='word_1_312' title='bbox 2452 3054 2794 3115; x_wconf 85' lang='lat' dir='ltr'>essentiam</span> <span class='ocrx_word' id='word_1_313' title='bbox 2842 3072 3022 3115; x_wconf 89' lang='lat' dir='ltr'>suam</span> <span class='ocrx_word' id='word_1_314' title='bbox 3071 3072 3254 3134; x_wconf 86' lang='lat' dir='ltr'>agere</span> <span class='ocrx_word' id='word_1_315' title='bbox 3295 3060 3359 3115; x_wconf 89' lang='lat' dir='ltr'>et</span> <span class='ocrx_word' id='word_1_316' title='bbox 3401 3072 3550 3115; x_wconf 90' lang='lat' dir='ltr'>cau-</span> 
     </span>
    </p>
   </div>
   <div class='ocr_carea' id='block_1_11' title="bbox 436 3152 1961 5398">
    <p class='ocr_par' dir='ltr' id='par_1_12' title="bbox 436 3152 1961 5398">
     <span class='ocr_line' id='line_1_51' title="bbox 437 3152 1941 3233; baseline -0.001 -19"><span class='ocrx_word' id='word_1_317' title='bbox 437 3171 568 3233; x_wconf 91' lang='lat' dir='ltr'>quo</span> <span class='ocrx_word' id='word_1_318' title='bbox 604 3160 829 3233; x_wconf 81' lang='lat' dir='ltr'>agente</span> <span class='ocrx_word' id='word_1_319' title='bbox 868 3161 927 3216; x_wconf 91' lang='lat' dir='ltr'>et</span> <span class='ocrx_word' id='word_1_320' title='bbox 966 3152 1107 3233; x_wconf 85' lang='lat' dir='ltr'>ejus</span> <span class='ocrx_word' id='word_1_321' title='bbox 1138 3153 1395 3227; x_wconf 88' lang='lat' dir='ltr'>virtute,</span> <span class='ocrx_word' id='word_1_322' title='bbox 1431 3153 1516 3214; x_wconf 91' lang='lat' dir='ltr'>ita</span> <span class='ocrx_word' id='word_1_323' title='bbox 1554 3170 1680 3215; x_wconf 91' lang='lat' dir='ltr'>non</span> <span class='ocrx_word' id='word_1_324' title='bbox 1719 3160 1815 3214; x_wconf 89' lang='lat' dir='ltr'>est</span> <span class='ocrx_word' id='word_1_325' title='bbox 1852 3152 1941 3214; x_wconf 91' lang='lat' dir='ltr'>in-</span> 
     </span>
     <span class='ocr_line' id='line_1_52' title="bbox 436 3250 1943 3333; baseline -0.001 -21"><span class='ocrx_word' id='word_1_326' title='bbox 436 3251 828 3313; x_wconf 86' lang='lat' dir='ltr'>conveniens</span> <span class='ocrx_word' id='word_1_327' title='bbox 858 3252 1024 3333; x_wconf 91' lang='lat' dir='ltr'>quod</span> <span class='ocrx_word' id='word_1_328' title='bbox 1060 3251 1226 3313; x_wconf 87' lang='lat' dir='ltr'>idem</span> <span class='ocrx_word' id='word_1_329' title='bbox 1260 3250 1528 3313; x_wconf 76' lang='lat' dir='ltr'>effectus</span> <span class='ocrx_word' id='word_1_330' title='bbox 1560 3251 1943 3332; x_wconf 89' lang='lat' dir='ltr'>producatur</span> 
     </span>
     <span class='ocr_line' id='line_1_53' title="bbox 438 3348 1941 3432; baseline 0.002 -23"><span class='ocrx_word' id='word_1_331' title='bbox 438 3349 521 3410; x_wconf 91' lang='lat' dir='ltr'>ab</span> <span class='ocrx_word' id='word_1_332' title='bbox 565 3348 852 3410; x_wconf 76' lang='lat' dir='ltr'>inferiori</span> <span class='ocrx_word' id='word_1_333' title='bbox 897 3357 1122 3430; x_wconf 81' lang='lat' dir='ltr'>agente</span> <span class='ocrx_word' id='word_1_334' title='bbox 1172 3357 1236 3410; x_wconf 88' lang='lat' dir='ltr'>et</span> <span class='ocrx_word' id='word_1_335' title='bbox 1277 3350 1426 3422; x_wconf 89' lang='lat' dir='ltr'>Deo,</span> <span class='ocrx_word' id='word_1_336' title='bbox 1474 3349 1767 3432; x_wconf 88' lang='lat' dir='ltr'>quamvis</span> <span class='ocrx_word' id='word_1_337' title='bbox 1817 3350 1941 3412; x_wconf 92' lang='lat' dir='ltr'>alio</span> 
     </span>
     <span class='ocr_line' id='line_1_54' title="bbox 438 3448 1938 3531; baseline -0.001 -21"><span class='ocrx_word' id='word_1_338' title='bbox 438 3448 659 3512; x_wconf 87' lang='lat' dir='ltr'>etalio</span> <span class='ocrx_word' id='word_1_339' title='bbox 701 3449 907 3510; x_wconf 91' lang='lat' dir='ltr'>modo.</span> <span class='ocrx_word' id='word_1_340' title='bbox 942 3449 1070 3511; x_wconf 90' lang='lat' dir='ltr'>Nec</span> <span class='ocrx_word' id='word_1_341' title='bbox 1111 3448 1177 3509; x_wconf 92' lang='lat' dir='ltr'>in</span> <span class='ocrx_word' id='word_1_342' title='bbox 1217 3449 1335 3510; x_wconf 90' lang='lat' dir='ltr'>hoc</span> <span class='ocrx_word' id='word_1_343' title='bbox 1369 3448 1781 3531; x_wconf 76' lang='lat' dir='ltr'>superfluitas</span> <span class='ocrx_word' id='word_1_344' title='bbox 1822 3456 1938 3522; x_wconf 90' lang='lat' dir='ltr'>est,</span> 
     </span>
     <span class='ocr_line' id='line_1_55' title="bbox 440 3545 1943 3626; baseline 0.001 -20"><span class='ocrx_word' id='word_1_345' title='bbox 440 3545 615 3626; x_wconf 88' lang='lat' dir='ltr'>quod</span> <span class='ocrx_word' id='word_1_346' title='bbox 665 3545 832 3607; x_wconf 88' lang='lat' dir='ltr'>Deus</span> <span class='ocrx_word' id='word_1_347' title='bbox 879 3545 1314 3608; x_wconf 85' lang='lat' dir='ltr'>causalitatem</span> <span class='ocrx_word' id='word_1_348' title='bbox 1365 3565 1547 3608; x_wconf 89' lang='lat' dir='ltr'>suam</span> <span class='ocrx_word' id='word_1_349' title='bbox 1590 3547 1797 3608; x_wconf 89' lang='lat' dir='ltr'>causis</span> <span class='ocrx_word' id='word_1_350' title='bbox 1848 3566 1943 3607; x_wconf 91' lang='lat' dir='ltr'>se-</span> 
     </span>
     <span class='ocr_line' id='line_1_56' title="bbox 442 3643 1945 3707; baseline 0.001 -2"><span class='ocrx_word' id='word_1_351' title='bbox 442 3643 675 3705; x_wconf 89' lang='lat' dir='ltr'>cundis</span> <span class='ocrx_word' id='word_1_352' title='bbox 706 3643 1156 3706; x_wconf 87' lang='lat' dir='ltr'>communicat.</span> <span class='ocrx_word' id='word_1_353' title='bbox 1177 3679 1257 3688; x_wconf 90' lang='lat'><strong>—</strong></span> <span class='ocrx_word' id='word_1_354' title='bbox 1276 3644 1419 3707; x_wconf 83' lang='lat' dir='ltr'>Haec</span> <span class='ocrx_word' id='word_1_355' title='bbox 1450 3644 1739 3707; x_wconf 79' lang='lat' dir='ltr'>Thomas,</span> <span class='ocrx_word' id='word_1_356' title='bbox 1767 3681 1846 3690; x_wconf 92' lang='lat'><em>-</em></span> <span class='ocrx_word' id='word_1_357' title='bbox 1870 3645 1945 3706; x_wconf 87' lang='lat' dir='ltr'>Et</span> 
     </span>
     <span class='ocr_line' id='line_1_57' title="bbox 440 3739 1942 3824; baseline 0.001 -22"><span class='ocrx_word' id='word_1_358' title='bbox 440 3743 525 3803; x_wconf 89' lang='lat' dir='ltr'>de</span> <span class='ocrx_word' id='word_1_359' title='bbox 553 3741 676 3802; x_wconf 90' lang='lat' dir='ltr'>hoc</span> <span class='ocrx_word' id='word_1_360' title='bbox 706 3739 1001 3803; x_wconf 87' lang='lat' dir='ltr'>Albertus</span> <span class='ocrx_word' id='word_1_361' title='bbox 1038 3760 1229 3823; x_wconf 90' lang='lat' dir='ltr'>super</span> <span class='ocrx_word' id='word_1_362' title='bbox 1260 3742 1532 3824; x_wconf 90' lang='lat' dir='ltr'>primam</span> <span class='ocrx_word' id='word_1_363' title='bbox 1566 3742 1942 3824; x_wconf 89' lang='lat' dir='ltr'>propositio-</span> 
     </span>
     <span class='ocr_line' id='line_1_58' title="bbox 444 3838 1943 3902; baseline -0.001 0"><span class='ocrx_word' id='word_1_364' title='bbox 444 3859 596 3902; x_wconf 86' lang='lat' dir='ltr'>nem</span> <span class='ocrx_word' id='word_1_365' title='bbox 646 3838 794 3901; x_wconf 90' lang='lat' dir='ltr'>libri</span> <span class='ocrx_word' id='word_1_366' title='bbox 838 3839 916 3901; x_wconf 91' lang='lat' dir='ltr'>de</span> <span class='ocrx_word' id='word_1_367' title='bbox 962 3840 1181 3902; x_wconf 91' lang='lat' dir='ltr'>Causis</span> <span class='ocrx_word' id='word_1_368' title='bbox 1230 3840 1451 3902; x_wconf 90' lang='lat' dir='ltr'>scribit</span> <span class='ocrx_word' id='word_1_369' title='bbox 1496 3839 1751 3902; x_wconf 74' lang='lat' dir='ltr'>diffuse.</span> <span class='ocrx_word' id='word_1_370' title='bbox 1786 3840 1943 3902; x_wconf 89' lang='lat' dir='ltr'>Nam</span> 
     </span>
     <span class='ocr_line' id='line_1_59' title="bbox 440 3937 1945 4020; baseline 0 -20"><span class='ocrx_word' id='word_1_371' title='bbox 440 3957 527 4000; x_wconf 85' lang='lat' dir='ltr'>ex</span> <span class='ocrx_word' id='word_1_372' title='bbox 576 3937 786 4020; x_wconf 86' lang='lat' dir='ltr'>prima</span> <span class='ocrx_word' id='word_1_373' title='bbox 843 3937 951 4000; x_wconf 88' lang='lat' dir='ltr'>illa</span> <span class='ocrx_word' id='word_1_374' title='bbox 1003 3938 1434 4020; x_wconf 88' lang='lat' dir='ltr'>propositione</span> <span class='ocrx_word' id='word_1_375' title='bbox 1496 3945 1666 4020; x_wconf 87' lang='lat' dir='ltr'>patet</span> <span class='ocrx_word' id='word_1_376' title='bbox 1716 3939 1945 4001; x_wconf 88' lang='lat' dir='ltr'>veritas</span> 
     </span>
     <span class='ocr_line' id='line_1_60' title="bbox 446 4035 1947 4100; baseline 0 -2"><span class='ocrx_word' id='word_1_377' title='bbox 446 4036 701 4098; x_wconf 90' lang='lat' dir='ltr'>horum.</span> <span class='ocrx_word' id='word_1_378' title='bbox 754 4035 897 4099; x_wconf 83' lang='lat' dir='ltr'>Haec</span> <span class='ocrx_word' id='word_1_379' title='bbox 956 4036 1193 4098; x_wconf 91' lang='lat' dir='ltr'>etenim</span> <span class='ocrx_word' id='word_1_380' title='bbox 1251 4045 1347 4098; x_wconf 88' lang='lat' dir='ltr'>est</span> <span class='ocrx_word' id='word_1_381' title='bbox 1407 4056 1421 4099; x_wconf 91' lang='lat'>:</span> <span class='ocrx_word' id='word_1_382' title='bbox 1484 4036 1703 4100; x_wconf 89' lang='lat' dir='ltr'>Omnis</span> <span class='ocrx_word' id='word_1_383' title='bbox 1760 4055 1947 4098; x_wconf 90' lang='lat' dir='ltr'>causa</span> 
     </span>
     <span class='ocr_line' id='line_1_61' title="bbox 449 4133 1951 4217; baseline 0 -21"><span class='ocrx_word' id='word_1_384' title='bbox 449 4134 757 4217; x_wconf 89' lang='lat' dir='ltr'>primaria</span> <span class='ocrx_word' id='word_1_385' title='bbox 805 4134 951 4216; x_wconf 87' lang='lat' dir='ltr'>plus</span> <span class='ocrx_word' id='word_1_386' title='bbox 1000 4133 1217 4196; x_wconf 79' lang='lat' dir='ltr'>influit</span> <span class='ocrx_word' id='word_1_387' title='bbox 1257 4153 1451 4215; x_wconf 89' lang='lat' dir='ltr'>super</span> <span class='ocrx_word' id='word_1_388' title='bbox 1498 4154 1686 4196; x_wconf 87' lang='lat' dir='ltr'>suum</span> <span class='ocrx_word' id='word_1_389' title='bbox 1738 4153 1951 4196; x_wconf 86' lang='lat' dir='ltr'>causa-</span> 
     </span>
     <span class='ocr_line' id='line_1_62' title="bbox 449 4233 1653 4314; baseline 0 -20"><span class='ocrx_word' id='word_1_390' title='bbox 449 4242 592 4295; x_wconf 87' lang='lat' dir='ltr'>tum</span> <span class='ocrx_word' id='word_1_391' title='bbox 635 4252 827 4314; x_wconf 89' lang='lat' dir='ltr'>quam</span> <span class='ocrx_word' id='word_1_392' title='bbox 870 4233 1247 4295; x_wconf 87' lang='lat' dir='ltr'>secundaria</span> <span class='ocrx_word' id='word_1_393' title='bbox 1290 4251 1500 4309; x_wconf 89' lang='lat' dir='ltr'>causa,</span> <span class='ocrx_word' id='word_1_394' title='bbox 1534 4241 1653 4295; x_wconf 87' lang='lat' dir='ltr'>etc.</span> 
     </span>
     <span class='ocr_line' id='line_1_63' title="bbox 538 4330 1953 4413; baseline -0.001 -18"><span class='ocrx_word' id='word_1_395' title='bbox 538 4331 885 4395; x_wconf 87' lang='lat' dir='ltr'>Concordat</span> <span class='ocrx_word' id='word_1_396' title='bbox 914 4339 978 4393; x_wconf 89' lang='lat' dir='ltr'>et</span> <span class='ocrx_word' id='word_1_397' title='bbox 1008 4331 1108 4394; x_wconf 87' lang='lat' dir='ltr'>bis</span> <span class='ocrx_word' id='word_1_398' title='bbox 1140 4332 1307 4413; x_wconf 90' lang='lat' dir='ltr'>quod</span> <span class='ocrx_word' id='word_1_399' title='bbox 1345 4332 1447 4393; x_wconf 89' lang='lat' dir='ltr'>bic</span> <span class='ocrx_word' id='word_1_400' title='bbox 1484 4331 1708 4393; x_wconf 87' lang='lat' dir='ltr'>scribit</span> <span class='ocrx_word' id='word_1_401' title='bbox 1736 4330 1953 4393; x_wconf 82' lang='lat' dir='ltr'>Alber-</span> 
     </span>
     <span class='ocr_line' id='line_1_64' title="bbox 456 4429 1950 4511; baseline -0.001 -20"><span class='ocrx_word' id='word_1_402' title='bbox 456 4439 561 4491; x_wconf 90' lang='lat' dir='ltr'>tus</span> <span class='ocrx_word' id='word_1_403' title='bbox 596 4447 610 4491; x_wconf 91' lang='lat'><strong>:</strong></span> <span class='ocrx_word' id='word_1_404' title='bbox 643 4429 792 4492; x_wconf 89' lang='lat' dir='ltr'>Sine</span> <span class='ocrx_word' id='word_1_405' title='bbox 834 4429 1207 4511; x_wconf 83' lang='lat' dir='ltr'>praejudicio</span> <span class='ocrx_word' id='word_1_406' title='bbox 1233 4429 1589 4511; x_wconf 88' lang='lat' dir='ltr'>(inquiens)</span> <span class='ocrx_word' id='word_1_407' title='bbox 1619 4429 1763 4491; x_wconf 92' lang='lat' dir='ltr'>dico</span> <span class='ocrx_word' id='word_1_408' title='bbox 1803 4449 1950 4490; x_wconf 90' lang='lat' dir='ltr'>cum</span> 
     </span>
     <span class='ocr_line' id='line_1_65' title="bbox 1700 4529 1953 4590; baseline -0.012 0"><span class='ocrx_word' id='word_1_409' title='bbox 1700 4547 1713 4590; x_wconf 91' lang='lat'>:</span> <span class='ocrx_word' id='word_1_410' title='bbox 1777 4529 1953 4590; x_wconf 88' lang='lat' dir='ltr'>Pater</span> 
     </span>
     <span class='ocr_line' id='line_1_66' title="bbox 458 4626 1951 4708; baseline -0.003 -18"><span class='ocrx_word' id='word_1_411' title='bbox 458 4645 642 4690; x_wconf 87' lang='lat' dir='ltr'>meus</span> <span class='ocrx_word' id='word_1_412' title='bbox 695 4644 895 4708; x_wconf 91' lang='lat' dir='ltr'>usque</span> <span class='ocrx_word' id='word_1_413' title='bbox 946 4626 1132 4688; x_wconf 91' lang='lat' dir='ltr'>modo</span> <span class='ocrx_word' id='word_1_414' title='bbox 1180 4633 1499 4707; x_wconf 87' lang='lat' dir='ltr'>operatur,</span> <span class='ocrx_word' id='word_1_415' title='bbox 1541 4632 1605 4686; x_wconf 90' lang='lat' dir='ltr'>et</span> <span class='ocrx_word' id='word_1_416' title='bbox 1646 4643 1762 4705; x_wconf 89' lang='lat' dir='ltr'>ego</span> <span class='ocrx_word' id='word_1_417' title='bbox 1804 4643 1951 4706; x_wconf 91' lang='lat' dir='ltr'>ope-</span> 
     </span>
     <span class='ocr_line' id='line_1_67' title="bbox 458 4722 1954 4806; baseline -0.002 -19"><span class='ocrx_word' id='word_1_418' title='bbox 458 4744 583 4788; x_wconf 87' lang='lat' dir='ltr'>ror.</span> <span class='ocrx_word' id='word_1_419' title='bbox 618 4725 860 4786; x_wconf 90' lang='lat' dir='ltr'>ldcirco</span> <span class='ocrx_word' id='word_1_420' title='bbox 895 4743 1315 4806; x_wconf 84' lang='lat' dir='ltr'>quaecumque</span> <span class='ocrx_word' id='word_1_421' title='bbox 1356 4722 1598 4785; x_wconf 87' lang='lat' dir='ltr'>faciunt</span> <span class='ocrx_word' id='word_1_422' title='bbox 1637 4731 1861 4785; x_wconf 90' lang='lat' dir='ltr'>natura</span> <span class='ocrx_word' id='word_1_423' title='bbox 1890 4730 1954 4785; x_wconf 93' lang='lat' dir='ltr'>et</span> 
     </span>
     <span class='ocr_line' id='line_1_68' title="bbox 456 4820 1955 4901; baseline -0.003 -15"><span class='ocrx_word' id='word_1_424' title='bbox 456 4824 777 4896; x_wconf 78' lang='lat' dir='ltr'>voluntaS,</span> <span class='ocrx_word' id='word_1_425' title='bbox 830 4821 1029 4901; x_wconf 84' lang='lat' dir='ltr'>magis</span> <span class='ocrx_word' id='word_1_426' title='bbox 1090 4820 1238 4882; x_wconf 77' lang='lat' dir='ltr'>facit</span> <span class='ocrx_word' id='word_1_427' title='bbox 1286 4822 1452 4883; x_wconf 90' lang='lat' dir='ltr'>Deus</span> <span class='ocrx_word' id='word_1_428' title='bbox 1503 4820 1569 4883; x_wconf 90' lang='lat' dir='ltr'>in</span> <span class='ocrx_word' id='word_1_429' title='bbox 1620 4829 1843 4882; x_wconf 89' lang='lat' dir='ltr'>natura</span> <span class='ocrx_word' id='word_1_430' title='bbox 1891 4827 1955 4882; x_wconf 88' lang='lat' dir='ltr'>et</span> 
     </span>
     <span class='ocr_line' id='line_1_69' title="bbox 454 4920 1954 5000; baseline -0.001 -17"><span class='ocrx_word' id='word_1_431' title='bbox 454 4921 807 4994; x_wconf 86' lang='lat' dir='ltr'>voluntate,</span> <span class='ocrx_word' id='word_1_432' title='bbox 849 4928 912 4981; x_wconf 89' lang='lat' dir='ltr'>et</span> <span class='ocrx_word' id='word_1_433' title='bbox 961 4920 1095 5000; x_wconf 90' lang='lat' dir='ltr'>ipse</span> <span class='ocrx_word' id='word_1_434' title='bbox 1144 4927 1443 5000; x_wconf 90' lang='lat' dir='ltr'>operatur</span> <span class='ocrx_word' id='word_1_435' title='bbox 1484 4926 1553 4981; x_wconf 92' lang='lat' dir='ltr'>ut</span> <span class='ocrx_word' id='word_1_436' title='bbox 1597 4938 1786 4982; x_wconf 91' lang='lat' dir='ltr'>causa</span> <span class='ocrx_word' id='word_1_437' title='bbox 1837 4920 1954 4981; x_wconf 91' lang='lat' dir='ltr'>im-</span> 
     </span>
     <span class='ocr_line' id='line_1_70' title="bbox 458 5017 1952 5093; baseline -0.001 -11"><span class='ocrx_word' id='word_1_438' title='bbox 458 5020 737 5082; x_wconf 88' lang='lat' dir='ltr'>mediata</span> <span class='ocrx_word' id='word_1_439' title='bbox 766 5026 829 5080; x_wconf 91' lang='lat' dir='ltr'>et</span> <span class='ocrx_word' id='word_1_440' title='bbox 865 5017 1259 5080; x_wconf 63' lang='lat' dir='ltr'>universalis</span> <span class='ocrx_word' id='word_1_441' title='bbox 1295 5017 1372 5079; x_wconf 88' lang='lat' dir='ltr'>Et</span> <span class='ocrx_word' id='word_1_442' title='bbox 1400 5018 1519 5080; x_wconf 89' lang='lat' dir='ltr'>hoc</span> <span class='ocrx_word' id='word_1_443' title='bbox 1558 5025 1655 5080; x_wconf 90' lang='lat' dir='ltr'>est</span> <span class='ocrx_word' id='word_1_444' title='bbox 1695 5019 1952 5093; x_wconf 89' lang='lat' dir='ltr'>mirum,</span> 
     </span>
     <span class='ocr_line' id='line_1_71' title="bbox 458 5116 1957 5202; baseline -0.001 -22"><span class='ocrx_word' id='word_1_445' title='bbox 458 5118 633 5202; x_wconf 88' lang='lat' dir='ltr'>quod</span> <span class='ocrx_word' id='word_1_446' title='bbox 670 5136 800 5179; x_wconf 90' lang='lat' dir='ltr'>una</span> <span class='ocrx_word' id='word_1_447' title='bbox 835 5135 1025 5179; x_wconf 87' lang='lat' dir='ltr'>causa</span> <span class='ocrx_word' id='word_1_448' title='bbox 1062 5117 1255 5179; x_wconf 89' lang='lat' dir='ltr'>simul</span> <span class='ocrx_word' id='word_1_449' title='bbox 1287 5125 1383 5178; x_wconf 91' lang='lat' dir='ltr'>est</span> <span class='ocrx_word' id='word_1_450' title='bbox 1411 5116 1779 5178; x_wconf 88' lang='lat' dir='ltr'>immediata</span> <span class='ocrx_word' id='word_1_451' title='bbox 1818 5117 1957 5179; x_wconf 88' lang='lat' dir='ltr'>uni-</span> 
     </span>
     <span class='ocr_line' id='line_1_72' title="bbox 460 5215 1957 5300; baseline -0.001 -21"><span class='ocrx_word' id='word_1_452' title='bbox 460 5217 721 5300; x_wconf 88' lang='lat' dir='ltr'>cuique,</span> <span class='ocrx_word' id='word_1_453' title='bbox 754 5223 819 5278; x_wconf 90' lang='lat' dir='ltr'>et</span> <span class='ocrx_word' id='word_1_454' title='bbox 846 5223 1059 5278; x_wconf 85' lang='lat' dir='ltr'>tamen</span> <span class='ocrx_word' id='word_1_455' title='bbox 1092 5215 1469 5277; x_wconf 85' lang='lat' dir='ltr'>universalis</span> <span class='ocrx_word' id='word_1_456' title='bbox 1500 5222 1595 5276; x_wconf 88' lang='lat' dir='ltr'>est</span> <span class='ocrx_word' id='word_1_457' title='bbox 1624 5215 1957 5294; x_wconf 85' lang='lat' dir='ltr'>omnibus3</span> 
     </span>
     <span class='ocr_line' id='line_1_73' title="bbox 460 5311 1961 5398; baseline -0.002 -21"><span class='ocrx_word' id='word_1_458' title='bbox 460 5322 527 5378; x_wconf 90' lang='lat' dir='ltr'>et</span> <span class='ocrx_word' id='word_1_459' title='bbox 560 5315 613 5377; x_wconf 89' lang='lat' dir='ltr'>si</span> <span class='ocrx_word' id='word_1_460' title='bbox 645 5314 803 5398; x_wconf 90' lang='lat' dir='ltr'>quid</span> <span class='ocrx_word' id='word_1_461' title='bbox 836 5319 1179 5395; x_wconf 87' lang='lat' dir='ltr'>operantur</span> <span class='ocrx_word' id='word_1_462' title='bbox 1214 5331 1417 5375; x_wconf 84' lang='lat' dir='ltr'>causae</span> <span class='ocrx_word' id='word_1_463' title='bbox 1452 5311 1614 5386; x_wconf 85' lang='lat' dir='ltr'>aliae,</span> <span class='ocrx_word' id='word_1_464' title='bbox 1650 5313 1767 5375; x_wconf 90' lang='lat' dir='ltr'>boc</span> <span class='ocrx_word' id='word_1_465' title='bbox 1796 5313 1961 5375; x_wconf 92' lang='lat' dir='ltr'>acci-</span> 
     </span>
    </p>
   </div>
   <div class='ocr_carea' id='block_1_12' title="bbox 2053 3150 3552 4215">
    <p class='ocr_par' dir='ltr' id='par_1_13' title="bbox 2053 3150 3552 4215">
     <span class='ocr_line' id='line_1_74' title="bbox 2053 3150 3549 3234; baseline -0.001 -20"><span class='ocrx_word' id='word_1_466' title='bbox 2053 3171 2214 3226; x_wconf 87' lang='lat' dir='ltr'>sare,</span> <span class='ocrx_word' id='word_1_467' title='bbox 2267 3152 2354 3213; x_wconf 90' lang='lat' dir='ltr'>ita</span> <span class='ocrx_word' id='word_1_468' title='bbox 2402 3151 2572 3234; x_wconf 90' lang='lat' dir='ltr'>quod</span> <span class='ocrx_word' id='word_1_469' title='bbox 2621 3150 2979 3213; x_wconf 87' lang='lat' dir='ltr'>essentialis</span> <span class='ocrx_word' id='word_1_470' title='bbox 3036 3159 3213 3213; x_wconf 89' lang='lat' dir='ltr'>actus</span> <span class='ocrx_word' id='word_1_471' title='bbox 3261 3151 3402 3231; x_wconf 87' lang='lat' dir='ltr'>ejus</span> <span class='ocrx_word' id='word_1_472' title='bbox 3452 3159 3549 3214; x_wconf 86' lang='lat' dir='ltr'>cst</span> 
     </span>
     <span class='ocr_line' id='line_1_75' title="bbox 2053 3250 3548 3332; baseline 0 -20"><span class='ocrx_word' id='word_1_473' title='bbox 2053 3250 2194 3331; x_wconf 87' lang='lat' dir='ltr'>ejus</span> <span class='ocrx_word' id='word_1_474' title='bbox 2225 3250 2530 3332; x_wconf 91' lang='lat' dir='ltr'>operatio,</span> <span class='ocrx_word' id='word_1_475' title='bbox 2555 3251 2721 3311; x_wconf 92' lang='lat' dir='ltr'>sicut</span> <span class='ocrx_word' id='word_1_476' title='bbox 2754 3250 2916 3312; x_wconf 90' lang='lat' dir='ltr'>lucis</span> <span class='ocrx_word' id='word_1_477' title='bbox 2948 3250 3176 3312; x_wconf 89' lang='lat' dir='ltr'>lucere.</span> <span class='ocrx_word' id='word_1_478' title='bbox 3199 3250 3548 3332; x_wconf 90' lang='lat' dir='ltr'>Utrumque</span> 
     </span>
     <span class='ocr_line' id='line_1_76' title="bbox 2053 3348 3550 3429; baseline -0.001 -18"><span class='ocrx_word' id='word_1_479' title='bbox 2053 3356 2149 3411; x_wconf 83' lang='lat' dir='ltr'>est</span> <span class='ocrx_word' id='word_1_480' title='bbox 2189 3368 2431 3411; x_wconf 88' lang='lat' dir='ltr'>verum.</span> <span class='ocrx_word' id='word_1_481' title='bbox 2471 3349 2534 3411; x_wconf 93' lang='lat' dir='ltr'>Si</span> <span class='ocrx_word' id='word_1_482' title='bbox 2581 3348 2754 3410; x_wconf 90' lang='lat' dir='ltr'>enim</span> <span class='ocrx_word' id='word_1_483' title='bbox 2797 3348 3134 3429; x_wconf 87' lang='lat' dir='ltr'>loquamur</span> <span class='ocrx_word' id='word_1_484' title='bbox 3171 3349 3248 3409; x_wconf 92' lang='lat' dir='ltr'>de</span> <span class='ocrx_word' id='word_1_485' title='bbox 3288 3348 3415 3411; x_wconf 89' lang='lat' dir='ltr'>Deo</span> <span class='ocrx_word' id='word_1_486' title='bbox 3455 3368 3550 3410; x_wconf 92' lang='lat' dir='ltr'>se-</span> 
     </span>
     <span class='ocr_line' id='line_1_77' title="bbox 2055 3446 3552 3528; baseline -0.001 -18"><span class='ocrx_word' id='word_1_487' title='bbox 2055 3449 2336 3510; x_wconf 90' lang='lat' dir='ltr'>cundum</span> <span class='ocrx_word' id='word_1_488' title='bbox 2383 3447 2616 3508; x_wconf 90' lang='lat' dir='ltr'>realem</span> <span class='ocrx_word' id='word_1_489' title='bbox 2657 3447 2797 3527; x_wconf 85' lang='lat' dir='ltr'>ejus</span> <span class='ocrx_word' id='word_1_490' title='bbox 2837 3446 3337 3528; x_wconf 88' lang='lat' dir='ltr'>simplicitatem,</span> <span class='ocrx_word' id='word_1_491' title='bbox 3371 3464 3552 3528; x_wconf 90' lang='lat' dir='ltr'>opor-</span> 
     </span>
     <span class='ocr_line' id='line_1_78' title="bbox 2056 3545 3547 3625; baseline 0 -19"><span class='ocrx_word' id='word_1_492' title='bbox 2056 3553 2145 3608; x_wconf 86' lang='lat' dir='ltr'>tet</span> <span class='ocrx_word' id='word_1_493' title='bbox 2173 3545 2357 3607; x_wconf 85' lang='lat' dir='ltr'>fateri</span> <span class='ocrx_word' id='word_1_494' title='bbox 2388 3545 2555 3625; x_wconf 89' lang='lat' dir='ltr'>quod</span> <span class='ocrx_word' id='word_1_495' title='bbox 2589 3551 2804 3606; x_wconf 89' lang='lat' dir='ltr'>causet</span> <span class='ocrx_word' id='word_1_496' title='bbox 2833 3563 2949 3625; x_wconf 90' lang='lat' dir='ltr'>per</span> <span class='ocrx_word' id='word_1_497' title='bbox 2978 3563 3159 3605; x_wconf 87' lang='lat' dir='ltr'>suam</span> <span class='ocrx_word' id='word_1_498' title='bbox 3189 3545 3547 3618; x_wconf 90' lang='lat' dir='ltr'>essentiam,</span> 
     </span>
     <span class='ocr_line' id='line_1_79' title="bbox 2058 3641 3550 3726; baseline -0.001 -22"><span class='ocrx_word' id='word_1_499' title='bbox 2058 3643 2209 3726; x_wconf 91' lang='lat' dir='ltr'>quia</span> <span class='ocrx_word' id='word_1_500' title='bbox 2248 3661 2361 3725; x_wconf 90' lang='lat' dir='ltr'>per</span> <span class='ocrx_word' id='word_1_501' title='bbox 2396 3641 2556 3704; x_wconf 91' lang='lat' dir='ltr'>nihil</span> <span class='ocrx_word' id='word_1_502' title='bbox 2597 3641 3078 3724; x_wconf 89' lang='lat' dir='ltr'>superadditum</span> <span class='ocrx_word' id='word_1_503' title='bbox 3107 3641 3187 3703; x_wconf 90' lang='lat' dir='ltr'>ei.</span> <span class='ocrx_word' id='word_1_504' title='bbox 3223 3641 3300 3703; x_wconf 90' lang='lat' dir='ltr'>Et</span> <span class='ocrx_word' id='word_1_505' title='bbox 3328 3661 3550 3723; x_wconf 87' lang='lat' dir='ltr'>quam-</span> 
     </span>
     <span class='ocr_line' id='line_1_80' title="bbox 2058 3740 3550 3814; baseline 0 -10"><span class='ocrx_word' id='word_1_506' title='bbox 2058 3741 2155 3804; x_wconf 86' lang='lat' dir='ltr'>vis</span> <span class='ocrx_word' id='word_1_507' title='bbox 2207 3741 2499 3804; x_wconf 89' lang='lat' dir='ltr'>voluntas</span> <span class='ocrx_word' id='word_1_508' title='bbox 2547 3740 2658 3802; x_wconf 91' lang='lat' dir='ltr'>Dei</span> <span class='ocrx_word' id='word_1_509' title='bbox 2704 3740 2784 3802; x_wconf 89' lang='lat' dir='ltr'>sit</span> <span class='ocrx_word' id='word_1_510' title='bbox 2833 3760 2948 3802; x_wconf 91' lang='lat' dir='ltr'>sua</span> <span class='ocrx_word' id='word_1_511' title='bbox 2995 3740 3291 3814; x_wconf 85' lang='lat' dir='ltr'>essentia,</span> <span class='ocrx_word' id='word_1_512' title='bbox 3339 3748 3550 3804; x_wconf 90' lang='lat' dir='ltr'>tamen</span> 
     </span>
     <span class='ocr_line' id='line_1_81' title="bbox 2060 3838 3550 3921; baseline 0.001 -21"><span class='ocrx_word' id='word_1_513' title='bbox 2060 3840 2179 3902; x_wconf 91' lang='lat' dir='ltr'>hoc</span> <span class='ocrx_word' id='word_1_514' title='bbox 2231 3840 2417 3902; x_wconf 90' lang='lat' dir='ltr'>modo</span> <span class='ocrx_word' id='word_1_515' title='bbox 2476 3838 2688 3921; x_wconf 85' lang='lat' dir='ltr'>potius</span> <span class='ocrx_word' id='word_1_516' title='bbox 2746 3839 2982 3902; x_wconf 89' lang='lat' dir='ltr'>dicitur</span> <span class='ocrx_word' id='word_1_517' title='bbox 3041 3858 3152 3921; x_wconf 90' lang='lat' dir='ltr'>per</span> <span class='ocrx_word' id='word_1_518' title='bbox 3209 3839 3550 3902; x_wconf 90' lang='lat' dir='ltr'>essentiam</span> 
     </span>
     <span class='ocr_line' id='line_1_82' title="bbox 2059 3937 3551 4020; baseline -0.001 -20"><span class='ocrx_word' id='word_1_519' title='bbox 2059 3937 2328 4019; x_wconf 89' lang='lat' dir='ltr'>operari,</span> <span class='ocrx_word' id='word_1_520' title='bbox 2373 3945 2445 3998; x_wconf 88' lang='lat' dir='ltr'>ut</span> <span class='ocrx_word' id='word_1_521' title='bbox 2482 3937 2843 4000; x_wconf 90' lang='lat' dir='ltr'>insinuetur</span> <span class='ocrx_word' id='word_1_522' title='bbox 2891 3938 3117 3999; x_wconf 88' lang='lat' dir='ltr'>modus</span> <span class='ocrx_word' id='word_1_523' title='bbox 3165 3957 3296 4001; x_wconf 82' lang='lat' dir='ltr'>suae</span> <span class='ocrx_word' id='word_1_524' title='bbox 3334 3956 3551 4020; x_wconf 90' lang='lat' dir='ltr'>opera-</span> 
     </span>
     <span class='ocr_line' id='line_1_83' title="bbox 2061 4036 3550 4118; baseline 0.001 -21"><span class='ocrx_word' id='word_1_525' title='bbox 2061 4036 2274 4110; x_wconf 79' lang='lat' dir='ltr'>tioniS,</span> <span class='ocrx_word' id='word_1_526' title='bbox 2307 4036 2417 4118; x_wconf 90' lang='lat' dir='ltr'>qui</span> <span class='ocrx_word' id='word_1_527' title='bbox 2456 4055 2581 4098; x_wconf 91' lang='lat' dir='ltr'>non</span> <span class='ocrx_word' id='word_1_528' title='bbox 2613 4044 2709 4098; x_wconf 88' lang='lat' dir='ltr'>est</span> <span class='ocrx_word' id='word_1_529' title='bbox 2739 4055 2853 4118; x_wconf 92' lang='lat' dir='ltr'>per</span> <span class='ocrx_word' id='word_1_530' title='bbox 2886 4036 3232 4117; x_wconf 87' lang='lat' dir='ltr'>potentiam</span> <span class='ocrx_word' id='word_1_531' title='bbox 3273 4037 3550 4098; x_wconf 89' lang='lat' dir='ltr'>mediam</span> 
     </span>
     <span class='ocr_line' id='line_1_84' title="bbox 2062 4133 3551 4215; baseline 0 -19"><span class='ocrx_word' id='word_1_532' title='bbox 2062 4136 2228 4198; x_wconf 87' lang='lat' dir='ltr'>inter</span> <span class='ocrx_word' id='word_1_533' title='bbox 2265 4135 2604 4197; x_wconf 88' lang='lat' dir='ltr'>essentiam</span> <span class='ocrx_word' id='word_1_534' title='bbox 2646 4141 2707 4195; x_wconf 86' lang='lat' dir='ltr'>et</span> <span class='ocrx_word' id='word_1_535' title='bbox 2745 4133 3177 4215; x_wconf 89' lang='lat' dir='ltr'>operationem</span> <span class='ocrx_word' id='word_1_536' title='bbox 3212 4151 3226 4195; x_wconf 71' lang='grc' dir='ltr'>ε</span> <span class='ocrx_word' id='word_1_537' title='bbox 3263 4135 3392 4196; x_wconf 92' lang='lat' dir='ltr'>imo</span> <span class='ocrx_word' id='word_1_538' title='bbox 3431 4153 3551 4196; x_wconf 88' lang='lat' dir='ltr'>nec</span> 
     </span>
    </p>
   </div>
   <div class='ocr_carea' id='block_1_13' title="bbox 1981 4231 3550 4317">
    <p class='ocr_par' dir='ltr' id='par_1_14' title="bbox 1981 4231 3550 4317">
     <span class='ocr_line' id='line_1_85' title="bbox 1981 4231 3550 4317; baseline -0.004 -18"><span class='ocrx_word' id='word_1_539' title='bbox 1981 4238 2030 4300; x_wconf 92' lang='lat' dir='ltr'>D</span> <span class='ocrx_word' id='word_1_540' title='bbox 2060 4231 2343 4317; x_wconf 89' lang='lat' dir='ltr'>operatio</span> <span class='ocrx_word' id='word_1_541' title='bbox 2401 4232 2509 4294; x_wconf 90' lang='lat' dir='ltr'>Dei</span> <span class='ocrx_word' id='word_1_542' title='bbox 2569 4239 2664 4294; x_wconf 91' lang='lat' dir='ltr'>est</span> <span class='ocrx_word' id='word_1_543' title='bbox 2723 4232 2932 4294; x_wconf 89' lang='lat' dir='ltr'>media</span> <span class='ocrx_word' id='word_1_544' title='bbox 2989 4231 3153 4293; x_wconf 91' lang='lat' dir='ltr'>inter</span> <span class='ocrx_word' id='word_1_545' title='bbox 3209 4233 3550 4294; x_wconf 89' lang='lat' dir='ltr'>essentiam</span> 
     </span>
    </p>
   </div>
   <div class='ocr_carea' id='block_1_14' title="bbox 2060 4329 3557 5392">
    <p class='ocr_par' dir='ltr' id='par_1_15' title="bbox 2060 4329 3557 5392">
     <span class='ocr_line' id='line_1_86' title="bbox 2060 4329 3555 4411; baseline -0.002 -18"><span class='ocrx_word' id='word_1_546' title='bbox 2060 4340 2125 4394; x_wconf 93' lang='lat' dir='ltr'>et</span> <span class='ocrx_word' id='word_1_547' title='bbox 2183 4330 2508 4392; x_wconf 80' lang='lat' dir='ltr'>effectum.</span> <span class='ocrx_word' id='word_1_548' title='bbox 2566 4331 2629 4392; x_wconf 91' lang='lat' dir='ltr'>Si</span> <span class='ocrx_word' id='word_1_549' title='bbox 2679 4337 2892 4392; x_wconf 89' lang='lat' dir='ltr'>autem</span> <span class='ocrx_word' id='word_1_550' title='bbox 2942 4329 3278 4411; x_wconf 90' lang='lat' dir='ltr'>loquamur</span> <span class='ocrx_word' id='word_1_551' title='bbox 3333 4349 3555 4392; x_wconf 91' lang='lat' dir='ltr'>secun-</span> 
     </span>
     <span class='ocr_line' id='line_1_87' title="bbox 2061 4426 3554 4511; baseline 0 -21"><span class='ocrx_word' id='word_1_552' title='bbox 2061 4429 2214 4490; x_wconf 92' lang='lat' dir='ltr'>dum</span> <span class='ocrx_word' id='word_1_553' title='bbox 2255 4428 2561 4490; x_wconf 89' lang='lat' dir='ltr'>rationem</span> <span class='ocrx_word' id='word_1_554' title='bbox 2604 4426 3009 4509; x_wconf 85' lang='lat' dir='ltr'>proprietatis</span> <span class='ocrx_word' id='word_1_555' title='bbox 3047 4427 3554 4511; x_wconf 86' lang='lat' dir='ltr'>uniuscujusque</span> 
     </span>
     <span class='ocr_line' id='line_1_88' title="bbox 2063 4524 3557 4608; baseline 0.001 -20"><span class='ocrx_word' id='word_1_556' title='bbox 2063 4525 2474 4608; x_wconf 77' lang='lat' dir='ltr'>perfectionis</span> <span class='ocrx_word' id='word_1_557' title='bbox 2523 4524 2777 4599; x_wconf 67' lang='lat' dir='ltr'>divium,</span> <span class='ocrx_word' id='word_1_558' title='bbox 2820 4524 2911 4587; x_wconf 91' lang='lat' dir='ltr'>sic</span> <span class='ocrx_word' id='word_1_559' title='bbox 2955 4525 3266 4588; x_wconf 74' lang='lat' dir='ltr'>differunt</span> <span class='ocrx_word' id='word_1_560' title='bbox 3315 4527 3382 4589; x_wconf 93' lang='lat' dir='ltr'>in</span> <span class='ocrx_word' id='word_1_561' title='bbox 3429 4527 3557 4589; x_wconf 91' lang='lat' dir='ltr'>Deo</span> 
     </span>
     <span class='ocr_line' id='line_1_89' title="bbox 2062 4622 3556 4707; baseline 0.001 -20"><span class='ocrx_word' id='word_1_562' title='bbox 2062 4623 2345 4707; x_wconf 88' lang='lat' dir='ltr'>operatio</span> <span class='ocrx_word' id='word_1_563' title='bbox 2383 4622 2831 4704; x_wconf 84' lang='lat' dir='ltr'>generationis,</span> <span class='ocrx_word' id='word_1_564' title='bbox 2864 4631 2928 4685; x_wconf 85' lang='lat' dir='ltr'>et</span> <span class='ocrx_word' id='word_1_565' title='bbox 2966 4624 3300 4687; x_wconf 88' lang='lat' dir='ltr'>causalitas</span> <span class='ocrx_word' id='word_1_566' title='bbox 3338 4643 3556 4707; x_wconf 90' lang='lat' dir='ltr'>opera-</span> 
     </span>
     <span class='ocr_line' id='line_1_90' title="bbox 2064 4720 3556 4804; baseline 0 -20"><span class='ocrx_word' id='word_1_567' title='bbox 2064 4723 2256 4785; x_wconf 88' lang='lat' dir='ltr'>tionis</span> <span class='ocrx_word' id='word_1_568' title='bbox 2291 4741 2305 4786; x_wconf 90' lang='lat'><strong>:</strong></span> <span class='ocrx_word' id='word_1_569' title='bbox 2340 4720 2643 4804; x_wconf 90' lang='lat' dir='ltr'>quoniam</span> <span class='ocrx_word' id='word_1_570' title='bbox 2693 4720 2802 4782; x_wconf 87' lang='lat' dir='ltr'>illa</span> <span class='ocrx_word' id='word_1_571' title='bbox 2840 4730 2938 4783; x_wconf 92' lang='lat' dir='ltr'>est</span> <span class='ocrx_word' id='word_1_572' title='bbox 2983 4729 3244 4797; x_wconf 81' lang='lat' dir='ltr'>naturae,</span> <span class='ocrx_word' id='word_1_573' title='bbox 3287 4723 3422 4786; x_wconf 85' lang='lat' dir='ltr'>haec</span> <span class='ocrx_word' id='word_1_574' title='bbox 3462 4742 3556 4784; x_wconf 87' lang='lat' dir='ltr'>ar-</span> 
     </span>
     <span class='ocr_line' id='line_1_91' title="bbox 2065 4819 3554 4901; baseline 0.001 -20"><span class='ocrx_word' id='word_1_575' title='bbox 2065 4821 2169 4894; x_wconf 88' lang='lat' dir='ltr'>tis,</span> <span class='ocrx_word' id='word_1_576' title='bbox 2205 4820 2389 4901; x_wconf 81' lang='lat' dir='ltr'>cujus</span> <span class='ocrx_word' id='word_1_577' title='bbox 2427 4819 2818 4900; x_wconf 87' lang='lat' dir='ltr'>principium</span> <span class='ocrx_word' id='word_1_578' title='bbox 2861 4837 2986 4881; x_wconf 91' lang='lat' dir='ltr'>non</span> <span class='ocrx_word' id='word_1_579' title='bbox 3017 4826 3112 4881; x_wconf 87' lang='lat' dir='ltr'>est</span> <span class='ocrx_word' id='word_1_580' title='bbox 3144 4828 3368 4882; x_wconf 88' lang='lat' dir='ltr'>natura</span> <span class='ocrx_word' id='word_1_581' title='bbox 3406 4821 3554 4883; x_wconf 88' lang='lat' dir='ltr'>arti-</span> 
     </span>
     <span class='ocr_line' id='line_1_92' title="bbox 2066 4917 3552 5000; baseline 0.001 -19"><span class='ocrx_word' id='word_1_582' title='bbox 2066 4919 2093 4981; x_wconf 85' lang='lat' dir='ltr'><strong>f</strong></span> <span class='ocrx_word' id='word_1_583' title='bbox 2098 4919 2232 4991; x_wconf 83' lang='lat' dir='ltr'>icis,</span> <span class='ocrx_word' id='word_1_584' title='bbox 2268 4918 2376 4979; x_wconf 89' lang='lat' dir='ltr'>sed</span> <span class='ocrx_word' id='word_1_585' title='bbox 2417 4936 2539 4990; x_wconf 73' lang='grc' dir='ltr'>ιιι-ε,</span> <span class='ocrx_word' id='word_1_586' title='bbox 2573 4925 2762 4998; x_wconf 89' lang='lat' dir='ltr'>atque</span> <span class='ocrx_word' id='word_1_587' title='bbox 2792 4917 3083 4979; x_wconf 89' lang='lat' dir='ltr'>voluntas</span> <span class='ocrx_word' id='word_1_588' title='bbox 3115 4918 3254 4998; x_wconf 86' lang='lat' dir='ltr'>ejus</span> <span class='ocrx_word' id='word_1_589' title='bbox 3283 4936 3552 5000; x_wconf 89' lang='lat' dir='ltr'>operans</span> 
     </span>
     <span class='ocr_line' id='line_1_93' title="bbox 2066 5015 3553 5100; baseline 0.002 -21"><span class='ocrx_word' id='word_1_590' title='bbox 2066 5036 2180 5100; x_wconf 91' lang='lat' dir='ltr'>per</span> <span class='ocrx_word' id='word_1_591' title='bbox 2212 5015 2568 5077; x_wconf 88' lang='lat' dir='ltr'>libertatem</span> <span class='ocrx_word' id='word_1_592' title='bbox 2595 5023 2659 5078; x_wconf 91' lang='lat' dir='ltr'>et</span> <span class='ocrx_word' id='word_1_593' title='bbox 2688 5015 2975 5078; x_wconf 88' lang='lat' dir='ltr'>ordinem</span> <span class='ocrx_word' id='word_1_594' title='bbox 3007 5017 3287 5079; x_wconf 78' lang='lat' dir='ltr'>rationis,</span> <span class='ocrx_word' id='word_1_595' title='bbox 3323 5018 3553 5100; x_wconf 89' lang='lat' dir='ltr'>Sicque</span> 
     </span>
     <span class='ocr_line' id='line_1_94' title="bbox 2069 5114 3554 5195; baseline 0.003 -19"><span class='ocrx_word' id='word_1_596' title='bbox 2069 5114 2268 5195; x_wconf 83' lang='lat' dir='ltr'>magis</span> <span class='ocrx_word' id='word_1_597' title='bbox 2324 5115 2580 5195; x_wconf 90' lang='lat' dir='ltr'>proprie</span> <span class='ocrx_word' id='word_1_598' title='bbox 2629 5133 2817 5176; x_wconf 92' lang='lat' dir='ltr'>causa</span> <span class='ocrx_word' id='word_1_599' title='bbox 2875 5133 3089 5177; x_wconf 89' lang='lat' dir='ltr'>rerum</span> <span class='ocrx_word' id='word_1_600' title='bbox 3138 5123 3400 5178; x_wconf 90' lang='lat' dir='ltr'>vocatur</span> <span class='ocrx_word' id='word_1_601' title='bbox 3447 5136 3554 5180; x_wconf 89' lang='lat' dir='ltr'>vo-</span> 
     </span>
     <span class='ocr_line' id='line_1_95' title="bbox 2070 5211 3554 5295; baseline 0.001 -20"><span class='ocrx_word' id='word_1_602' title='bbox 2070 5214 2277 5275; x_wconf 90' lang='lat' dir='ltr'>luntas</span> <span class='ocrx_word' id='word_1_603' title='bbox 2316 5231 2508 5294; x_wconf 91' lang='lat' dir='ltr'>quam</span> <span class='ocrx_word' id='word_1_604' title='bbox 2552 5212 2825 5273; x_wconf 88' lang='lat' dir='ltr'>essentia</span> <span class='ocrx_word' id='word_1_605' title='bbox 2862 5211 2993 5274; x_wconf 90' lang='lat' dir='ltr'>Dei.</span> <span class='ocrx_word' id='word_1_606' title='bbox 3030 5213 3106 5274; x_wconf 90' lang='lat' dir='ltr'>Et</span> <span class='ocrx_word' id='word_1_607' title='bbox 3144 5215 3436 5295; x_wconf 89' lang='lat' dir='ltr'>quamvis</span> <span class='ocrx_word' id='word_1_608' title='bbox 3475 5215 3554 5277; x_wconf 94' lang='lat' dir='ltr'>ad</span> 
     </span>
     <span class='ocr_line' id='line_1_96' title="bbox 2069 5310 3554 5392; baseline 0.001 -18"><span class='ocrx_word' id='word_1_609' title='bbox 2069 5310 2482 5375; x_wconf 74' lang='lat' dir='ltr'>artificiosam</span> <span class='ocrx_word' id='word_1_610' title='bbox 2527 5310 2960 5392; x_wconf 86' lang='lat' dir='ltr'>operationem</span> <span class='ocrx_word' id='word_1_611' title='bbox 3005 5311 3126 5374; x_wconf 87' lang='lat' dir='ltr'>tria</span> <span class='ocrx_word' id='word_1_612' title='bbox 3175 5321 3554 5378; x_wconf 85' lang='lat' dir='ltr'>concurrant</span> 
     </span>
    </p>
   </div>
  </div>
 </body>
</html>
