4359 6250
1009 503 1094 548 AN
1136 500 1390 549 GARrrAs
1433 501 1777 555 AUGEATUR,
1821 500 1894 544 ΕΤ
1935 500 2235 555 QUALITER
2277 501 2570 556 QUIBUSVE
2612 503 2862 548 ACTIBUS
3404 487 3483 550 35

382 671 628 751 origine
654 673 998 754 :quoniam
1028 672 1362 754 qualitates
1395 669 1710 733 naturales
1740 671 1888 731 edu·
1913 667 1963 730 A
1995 669 2245 731 ritatem
2286 672 2576 734 eamdem
2614 674 2966 735 secundum
3008 673 3312 753 majorem
3344 674 3484 754 ejus

385 777 620 830 cuntur
649 770 728 831 de
761 771 1042 852 potentia
1072 770 1372 842 materiae,
1399 787 1670 850 quarum
1702 787 1886 849 quas-

383 869 532 930 dam
593 869 1028 931 inchoationes
1089 869 1319 931 indidit
1377 869 1542 929 Deus
1605 868 1881 930 materioe

383 983 578 1047 opere
626 968 1004 1046 creationis3
1057 968 1200 1030 ideo
1247 968 1502 1049 quando
1551 967 1618 1028 in
1666 973 1878 1027 actum

385 1065 718 1146 prodeunt,
747 1075 844 1128 est
879 1067 1082 1128 exitus
1121 1067 1200 1128 de
1231 1065 1606 1147 imperfecto
1635 1065 1713 1127 ad
1747 1083 1879 1146 per-

381 1162 646 1226 fectum.
681 1165 856 1227 Dona
883 1182 1034 1227 vero
1061 1164 1335 1245 gratuita
1363 1181 1490 1226 non
1520 1163 1881 1224 educuntur

377 1262 460 1323 de
505 1263 786 1343 potentia
827 1271 1088 1336 naturae,
1132 1262 1438 1344 quoniam
1477 1260 1640 1323 nihil
1680 1269 1775 1322 est
1814 1260 1879 1321 in

375 1361 666 1440 potentia
695 1361 966 1423 naturali
999 1360 1168 1442 quod
1212 1379 1326 1441 per
1370 1377 1562 1440 agens
1593 1358 1878 1420 naturale

371 1475 510 1520 non
551 1459 750 1539 possit
787 1459 993 1520 educi.
1025 1459 1271 1521 Idcirco
1311 1459 1489 1538 origo
1525 1457 1742 1537 gratiae
1783 1464 1878 1517 est

371 1574 495 1636 per
543 1575 771 1619 novam
829 1556 1243 1630 infusionem,
1295 1557 1406 1618 sed
1463 1561 1877 1635 augmentum

367 1652 522 1733 ejus
566 1662 660 1716 est
709 1673 824 1735 per
863 1654 983 1716 hoc
1027 1655 1197 1736 quod
1247 1654 1325 1715 de
1374 1651 1751 1734 imperfecto
1800 1650 1878 1712 ad

369 1751 734 1832 perfectum
776 1761 956 1816 actus
1000 1752 1252 1814 infusus
1295 1751 1608 1813 educitur.

1995 769 2473 850 perfectionem,
2517 774 2869 834 secundum
2912 773 3080 855 quod
3122 773 3364 853 aliquid
3407 774 3485 834 de

1995 868 2371 950 imperfecto
2410 870 2704 932 educitur
2744 870 2822 932 ad
2875 871 3250 952 perfectum.
3282 907 3362 915 —
3392 871 3485 932 Ad

1993 963 2369 1040 secundu'm,
2404 969 2573 1049 quod
2614 987 2741 1030 non
2773 976 2869 1031 est
2898 969 2975 1032 de
3007 970 3247 1032 ratione
3288 970 3490 1031 inten-

1993 1064 2191 1127 sionis
2230 1066 2505 1146 alicujus
2546 1067 2893 1148 qualitatiS‚
2926 1068 3094 1149 quod
3135 1068 3217 1129 sit
3248 1086 3359 1149 per
3393 1086 3487 1128 re-

1995 1164 2339 1226 motionem
2397 1183 2434 1226 a
2492 1165 2857 1244 contrari03
2914 1167 3023 1227 sed
3084 1165 3202 1228 hoc
3258 1166 3490 1227 accidit

1989 1261 2278 1341 qualitati
2328 1264 2679 1324 secundum
2730 1263 2899 1344 quod
2940 1272 3035 1325 est
3085 1264 3149 1324 in
3199 1264 3488 1344 subjecto

1990 1361 2377 1421 contrarium
2420 1360 2860 1442 participante.
2895 1361 3028 1423 Imo
3067 1361 3185 1423 hoc
3227 1378 3353 1423 non
3392 1370 3487 1423 est

1989 1457 2066 1518 de
2107 1457 2481 1520 necessitate
2522 1458 2897 1520 intensionis
2936 1459 3281 1540 qualitatiS,
3315 1460 3484 1541 quod

1990 1554 2261 1635 qualitas
2316 1555 2454 1637 ipsa
2500 1557 2807 1618 educatur
2858 1557 2935 1618 de
2984 1557 3359 1638 imperfecto
3407 1559 3485 1619 ad

1992 1652 2369 1734 perfectum,
2417 1661 2485 1714 ut
2530 1661 2700 1736 patet
2747 1654 2823 1716 de
2867 1655 3205 1736 diaphano,
3252 1655 3317 1717 in
3359 1675 3489 1737 quo

1991 1750 2151 1812 nihil.
2192 1759 2287 1812 θεῖ
2318 1753 2706 1813 contrarium
2748 1752 2875 1814 luci
2912 1770 2925 1814 :
2961 1753 3025 1814 in
3067 1771 3194 1834 quo
3233 1754 3489 1835 diapha-

457 1849 692 1910 Verum
750 1849 851 1910 his
910 1849 1107 1930 objici
1167 1856 1392 1930 potest.
1447 1848 1674 1922 Prim0,
1727 1865 1879 1928 quo-
1917 1849 1962 1912 B
1993 1867 2074 1911 no
2106 1857 2313 1930 potest
2353 1849 2568 1911 lumen
2612 1851 2852 1912 intendi
2892 1852 3246 1914 secundum
3286 1852 3487 1913 incre-

371 1947 554 2008 niam
613 1947 774 2008 nihil
835 1955 1042 2029 potest
1088 1948 1416 2009 caritatem
1474 1963 1705 2026 augere
1755 1945 1877 2006 nisi

371 2045 568 2107 DeuS.
602 2046 767 2108 Deus
807 2054 1021 2108 autem
1053 2063 1181 2107 non
1220 2045 1352 2126 agit
1381 2044 1621 2125 aliquid
1655 2044 1719 2104 in
1749 2043 1880 2105 ani-

371 2162 486 2205 ma
526 2145 650 2206 nisi
691 2163 805 2225 per
843 2163 1082 2207 novum
1123 2142 1443 2205 influxum
1480 2160 1493 2204 :
1529 2143 1640 2223 qui
1681 2159 1882 2203 novus

373 2241 670 2304 influxus
712 2243 936 2324 nequit
981 2242 1248 2322 intelligi
1293 2241 1417 2303 nisi
1456 2241 1534 2302 de
1573 2257 1737 2302 novo
1775 2239 1886 2300 ali-

373 2339 540 2420 quid
597 2339 990 2402 infundatur.
1043 2375 1124 2384 —
1175 2339 1486 2410 SecundO,
1521 2338 1596 2398 -si
1657 2337 1883 2398 caritas

373 2457 512 2500 non
551 2446 820 2520 augetur
849 2457 964 2520 per
993 2437 1272 2500 caritatis
1311 2436 1721 2508 additionem,
1757 2452 1884 2496 non

369 2545 722 2618 augeretur
771 2537 896 2599 nisi
955 2555 1069 2619 per
1118 2554 1438 2598 recessum
1489 2553 1526 2596 a
1573 2551 1689 2596 suo
1739 2551 1884 2594 con·

370 2636 593 2698 trario.
629 2636 751 2698 Sed
789 2643 1206 2716 augmentum
1237 2633 1516 2696 caritatis
1559 2633 1765 2714 potuit
1794 2649 1886 2692 es-

371 2752 448 2795 se
483 2734 552 2795 in
583 2734 890 2796 creaturis
935 2734 998 2795 in
1031 2732 1266 2815 quibus
1310 2731 1471 2794 nihil
1502 2740 1599 2793 est
1629 2732 1705 2793 de
1739 2748 1883 2792 con-

375 2831 577 2894 trario
619 2831 923 2906 caritatis,
959 2831 1127 2893 sicut
1167 2831 1232 2892 in
1275 2830 1542 2912 angeliS,
1585 2837 1776 2910 atque
1817 2828 1884 2889 in

375 2929 644 2992 homine
688 2929 756 2992 in
798 2937 966 2992 statu
1010 2930 1409 2992 innocentiae.
1454 2929 1617 3008 Ergo
1657 2926 1884 2988 caritas

1994 1955 2280 2008 mentum
2311 1947 2565 2010 virtutis
2597 1947 3034 2011 illuminantis.
3059 1951 3203 2012 Haec
3227 1950 3487 2012 demum

1993 2045 2395 2127 imperfectio
2442 2055 2539 2108 est
2586 2065 2663 2108 ex
2713 2048 3175 2128 potentialitate
3224 2058 3484 2122 naturae,

1993 2163 2134 2224 quae
2175 2144 2518 2225 subjicitur
2556 2144 2931 2225 perfectioni
2963 2155 3025 2207 et
3054 2146 3245 2208 actui.
3280 2147 3485 2220 Quum

1993 2243 2164 2303 enim
2220 2243 2501 2323 potentia
2552 2243 2871 2324 receptiva
2910 2245 2988 2306 ad
3032 2245 3231 2306 multa
3272 2263 3339 2306 se
3383 2246 3490 2306 ha-

1994 2339 2159 2412 beat,
2214 2340 2565 2401 secundum
2616 2340 2779 2401 hanc
2828 2360 3007 2403 suam
3059 2342 3492 2424 multiplicita-

1998 2445 2124 2498 tem
2168 2437 2500 2499 dissimilis
2544 2445 2641 2499 est
2684 2439 3001 2520 principio
3045 2440 3277 2519 agenti,
3321 2440 3489 2521 quod

1995 2535 2410 2598 ‘terminatum
2459 2544 2557 2598 est
2602 2537 2681 2598 ad
2733 2556 2930 2598 unum
2992 2547 3243 2616 actum;
3294 2547 3357 2600 θῖ
3400 2557 3491 2600 se-

1996 2635 2280 2695 cundum
2322 2634 2490 2715 quod
2532 2635 2651 2696 ista
2682 2634 2972 2698 confusio
3012 2636 3491 2717 potentialitatis

1999 2733 2198 2812 magis
2228 2731 2569 2811 subjicitur
2596 2734 2767 2795 actui
2799 2734 3183 2815 perfectiori,
3207 2734 3493 2797 efficitur

1997 2831 2197 2910 magis
2227 2831 2381 2911 quid
2421 2849 2622 2892 unum
2654 2839 2718 2892 et
2745 2831 3064 2914 principio
3101 2833 3312 2913 agenti
3340 2834 3492 2895 assi·

1998 2928 2309 2990 milatum.
2344 2965 2424 2972 —
2451 2929 2544 2990 Ad
2582 2929 2861 3004 tertium,
2896 2931 3065 3012 quod
3094 2932 3318 2994 eodem
3360 2950 3490 2995 mo-

375 3047 510 3092 non
552 3037 822 3110 augetur
851 3029 972 3090 hoc
1005 3029 1214 3101 modo,
1248 3028 1359 3089 sed
1399 3027 1628 3109 primo,
1663 3025 1885 3087 videli-
1922 3028 1965 3091 C
1996 3027 2077 3088 do
2115 3046 2337 3088 sumus
2382 3044 2571 3088 causa
2608 3029 2934 3109 augmenti
2974 3030 3191 3109 gratiae
3230 3030 3397 3092 sicut
3429 3039 3493 3092 et

378 3136 483 3191 cet
535 3146 653 3209 per
700 3128 1120 3195 additionem..
1155 3162 1236 3172 —
1281 3127 1510 3201 Terti0,
1564 3126 1715 3207 quia
1760 3125 1884 3186 nisi

373 3228 476 3289 sic
513 3234 705 3297 esset,
749 3226 914 3287 Deus
958 3244 1084 3288 non
1127 3233 1294 3287 esset
1331 3243 1521 3287 causa
1560 3223 1883 3304 augmenti

375 3324 690 3398 caritatis,
721 3325 833 3386 sed
871 3324 1062 3387 homo
1102 3324 1211 3406 qui
1253 3342 1320 3386 se
1361 3323 1638 3385 refrenat
1667 3342 1704 3384 a
1741 3340 1886 3385 con-

375 3424 577 3486 trario
619 3422 922 3485 caritatis.

473 3522 550 3584 Et
613 3521 1128 3603 respondendum
1196 3521 1273 3581 ad
1345 3519 1646 3601 primum,
1712 3518 1883 3599 quod

375 3622 552 3681 Deus
583 3639 711 3681 una
737 3628 802 3681 et
828 3619 1050 3681 eadem
1091 3618 1456 3699 operatione
1490 3617 1618 3697 agit
1653 3616 1717 3678 in
1749 3634 1884 3677 om-

377 3718 493 3779 nia
551 3736 696 3799 qua)
753 3724 923 3789 sunt,
977 3715 1271 3797 quamvis
1329 3714 1542 3777 forsan
1601 3714 1885 3796 operatio

377 3816 494 3878 illa
523 3814 784 3878 differat
812 3814 1020 3877 solum
1053 3814 1407 3875 secundum
1441 3813 1773 3885 rationem,
1798 3830 1890 3873 se-

377 3914 672 3976 cundum
724 3914 896 3995 quod
943 3913 1075 3975 exit
1120 3931 1158 3974 a
1205 3910 1397 3973 variis
1455 3911 1776 3973 attributis
1825 3917 1886 3971 et

379 4011 570 4075 ideis,
605 4012 768 4074 Hinc
809 4030 934 4073 una
971 4019 1034 4072 et
1071 4011 1293 4073 eadem
1331 4010 1694 4090 operatione
1734 4008 1890 4070 cari-

381 4119 484 4173 tas
527 4109 894 4172 infunditur
921 4118 985 4171 et
1017 4117 1305 4189 augetur,
1341 4126 1458 4169 nec
1497 4115 1594 4168 est
1630 4106 1889 4169 diversi-

1997 3144 2187 3187 causa
2241 3127 2479 3207 gratiae,
2534 3135 2750 3209 utpote
2800 3128 3007 3190 solum
3066 3149 3180 3211 per
3230 3130 3489 3192 modum

1995 3224 2461 3305 dispositionis3
2484 3223 2833 3287 efficientia
2864 3244 3013 3288 vero
3042 3227 3381 3309 utrobique
3412 3247 3490 3289 ex

1998 3330 2174 3403 parte
2216 3330 2311 3384 est
2350 3322 2481 3385 Dei.
2516 3358 2597 3367 -
2623 3324 2766 3385 Haec
2798 3323 3065 3386 Thomas
3107 3325 3173 3387 in
3215 3326 3483 3407 Scripto.

2077 3420 2252 3493 Quod
2291 3429 2504 3482 autem
2546 3422 2611 3482 in
2663 3421 2780 3482 hac
2820 3422 3132 3502 positione
3170 3424 3439 3486 habetur
3472 3446 3486 3488 :

1998 3518 2165 3580 sicut
2203 3538 2317 3600 per
2355 3519 2629 3581 calorem
2669 3518 2956 3581 efficitur
2992 3520 3071 3581 de
3116 3539 3243 3584 non
3286 3522 3491 3585 calido
3558 3544 3599 3585 r·
3629 3529 3750 3573 ³⁴⁸¹-

1998 3616 2301 3690 calidum,
2364 3634 2491 3679 non
2550 3617 2719 3698 quod
2779 3626 3052 3697 ponatur
3112 3619 3200 3680 ibi
3257 3620 3489 3701 aliquis

1999 3716 2190 3787 calor,
2234 3716 2343 3777 sed
2392 3716 2695 3796 quoniam
2745 3716 2915 3777 calor
2963 3716 3072 3797 qui
3123 3725 3219 3779 est
3268 3718 3332 3778 in
3383 3737 3491 3799 po-

1997 3814 2215 3885 tentia,
2263 3813 2327 3873 in
2375 3820 2588 3875 actum
2633 3813 2957 3891 educitur3
3000 3814 3087 3875 ita
3127 3814 3205 3876 fit
3246 3815 3490 3897 aliquid

2001 3912 2199 3991 magis
2259 3910 2537 3974 calidum
2602 3930 2715 3993 per
2774 3911 3091 3974 actionem
3154 3913 3363 3987 calidi,
3426 3915 3489 3976 in

1999 4018 2310 4091 quantum
2341 4009 2634 4070 educitur
2664 4009 2834 4071 calor
2865 4010 2976 4091 qui
3018 4010 3178 4073 inest
3212 4020 3281 4073 ut
3313 4020 3491 4075 actus

2001 4106 2437 4188 imperfectuS,
2489 4106 2554 4167 in
2604 4105 2909 4187 maJ‘orem
2960 4107 3417 4189 perfectionem
3473 4128 3487 4171 :

382 4219 484 4272 tas
529 4209 657 4271 nisi
697 4227 776 4269 ex
817 4215 992 4289 parte
1033 4206 1422 4288 recipientiS,
1455 4207 1623 4287 quod
1664 4224 1741 4267 ex
1782 4205 1891 4268 illa
1920 4218 1969 4278 D
2003 4206 2193 4279 istud,
2254 4205 2537 4287 inquam,
2589 4205 2840 4267 videtur
2896 4206 3261 4269 obscurum.
3323 4210 3491 4290 Ignis

381 4308 758 4391 operatione
816 4306 962 4388 plus
1026 4306 1316 4367 minusve
1376 4305 1603 4386 recipit
1659 4322 1888 4366 secun-

379 4409 546 4469 dum
597 4405 766 4488 quod
807 4404 884 4467 ad
923 4422 1064 4465 eam
1113 4403 1539 4465 diversimode
1581 4422 1890 4485 praepara-

381 4514 494 4567 tur
525 4524 540 4568 :
577 4503 1118 4585 quemadmodum
1147 4502 1370 4563 eadem
1402 4501 1552 4563 solis
1584 4501 1890 4563 irradiati-

377 4622 508 4668 one
537 4602 826 4665 efficitur
853 4620 961 4663 aer
993 4602 1200 4664 clarus
1230 4608 1294 4661 et
1324 4599 1573 4673 clarior,
1607 4599 1888 4680 expulsis

377 4700 720 4765 nebulosis
763 4698 1108 4781 vaporibus
1156 4699 1271 4779 qui
1321 4698 1750 4779 receptionem
1801 4697 1893 4761 lu-

375 4800 582 4863 minis
623 4797 1078 4880 impediebant.
1113 4796 1259 4859 Ideo
1289 4814 1416 4858 non
1446 4804 1696 4877 oportet
1722 4796 1892 4878 quod

377 4900 470 4961 sit
530 4897 626 4959 ibi
681 4896 808 4957 alia
864 4902 929 4956 et
989 4894 1114 4956 alia
1171 4894 1398 4956 caritas
1461 4914 1474 4957 ε
1537 4894 1688 4968 imo,
1750 4895 1894 4957 dato

377 4996 562 5079 quod
604 5001 820 5057 essent
849 4993 992 5055 duae
1029 4992 1450 5075 operationeS,
1485 5011 1612 5056 non
1653 5001 1896 5075 oporte-

381 5103 486 5158 ret
534 5093 710 5176 quod
771 5092 1270 5154 terminarentur
1325 5092 1402 5153 ad
1462 5092 1589 5153 duo
1647 5091 1896 5153 diversa

377 5192 752 5256 secundum
789 5189 1251 5266 substantiam3
1287 5189 1398 5251 sed
1436 5188 1643 5271 prima
1682 5188 1895 5250 termi-

381 5298 658 5355 naretur
701 5289 782 5350 ad
824 5306 964 5350 esse
1011 5288 1312 5362 caritatiS,
1353 5288 1632 5349 secunda
1678 5287 1756 5349 ad
1797 5306 1896 5349 ca-

2001 4322 2278 4385 namque
2326 4303 2703 4365 calefaciens
2752 4322 3006 4385 aquam,
3060 4324 3207 4368 vere
3255 4307 3387 4387 agit
3431 4317 3494 4369 et

2001 4400 2317 4483 imprimit
2363 4400 2852 4463 similitudinem
2910 4403 3010 4464 sui
3068 4403 3134 4465 in
3192 4422 3421 4485 aquam
3476 4424 3489 4467 :

2003 4518 2128 4563 non
2161 4499 2332 4581 quod
2371 4499 2540 4561 idem
2582 4518 2848 4563 numero
2879 4500 3050 4563 calor
3089 4503 3387 4583 procedat
3416 4503 3493 4565 de

2003 4598 2146 4679 igne
2197 4598 2263 4659 in
2314 4615 2581 4679 aquam3
2622 4598 2733 4660 sed
2781 4599 2951 4680 quod
3006 4599 3167 4680 ignis
3220 4602 3498 4663 median-

2003 4704 2066 4758 te
2115 4714 2233 4759 suo
2281 4696 2509 4769 calore,
2564 4714 2709 4757 vere
2758 4697 3053 4777 producit
3099 4698 3373 4761 calorem
3426 4700 3490 4761 in

2003 4814 2256 4877 aquam,
2288 4795 2826 4877 quemadmodum
2857 4796 3173 4858 odorifera
3200 4797 3397 4859 herba
3429 4798 3493 4859 in

2003 4912 2146 4955 aere
2176 4901 2241 4954 et
2271 4892 2338 4953 in
2370 4910 2562 4953 manu
2593 4893 3002 4956 confricantis
3036 4894 3327 4975 producit
3356 4895 3498 4957 odo-

2004 5010 2160 5053 rem.
2224 4990 2352 5052 Nec
2410 4990 2582 5052 enim
2642 4991 2807 5072 ignis
2864 4990 2944 5053 ab
3002 5011 3167 5073 aqua
3223 4993 3497 5075 expelle·

2007 5097 2102 5150 ret
2131 5087 2357 5168 friguS,
2392 5088 2514 5150 nisi
2555 5088 2939 5151 caliditatem
2980 5090 3311 5171 frigiditati
3352 5108 3498 5154 con-

2007 5186 2264 5248 trariam
2312 5186 2581 5267 ejusque
2624 5188 3054 5269 corruptivam
3103 5189 3501 5271 imprimeret

2004 5306 2206 5369 aquae.
