4359 6250
616 495 916 554 QUALITER
956 500 1151 546 OMNIA
1193 497 1330 547 sim*
1371 497 1435 546 IN
1477 500 1596 547 DEo
1638 499 1958 546 mumma
1999 499 2197 556 ATQUF:
2239 500 2632 558 CAUSALITER,
2673 502 2748 548 ΒΤ
2787 501 2931 558 QUID
2972 503 3066 548 st'r
3106 502 3254 548 lnEA
3362 481 3481 548 403

385 670 740 732 secundum
801 672 968 752 quod
1027 679 1178 734 sunt
1233 671 1538 734 ordinata.
1585 671 1659 732 Et
1710 669 1958 752 quodA
1991 670 2325 752 subjungit
2382 673 2841 754 theologorum,
2896 673 3081 755 cujus
3139 671 3479 734 auctoritas

383 768 516 829 dixi
565 768 644 830 de
691 768 814 842 his,
858 769 1049 832 etiam
1100 771 1178 832 de
1225 770 1368 832 aliis
1416 770 1576 832 ideis
1625 788 1737 831 seu
1785 788 1880 830 ar-

385 865 674 949 chetypis
713 867 960 942 formiS,
1001 869 1300 932 videlicet
1333 869 1586 932 aeternis
1625 869 1878 931 rationi-

384 963 502 1025 bus
549 964 763 1038 Verbi,
809 973 904 1026 est
953 965 1380 1040 sentiendum,
1426 966 1601 1028 verbi
1651 967 1872 1047 gratia,

383 1081 494 1142 per
524 1081 592 1124 se
625 1062 896 1137 honitaS,
932 1084 1046 1146 per
1074 1085 1142 1126 se
1173 1065 1425 1138 veritaS,
1460 1083 1574 1146 per
1601 1084 1668 1127 se
1699 1072 1877 1127 aeter-

381 1161 566 1234 nitaS,
607 1181 722 1242 per
761 1181 827 1224 se
865 1163 1091 1237 virtus,
1133 1171 1196 1225 et
1239 1164 1496 1237 similia,
1539 1183 1681 1245 quae
1724 1164 1876 1226 sim-

382 1258 634 1340 pliciter
671 1268 734 1322 et
765 1261 1146 1323 aeternaliter
1186 1261 1544 1324 consistunt
1576 1261 1640 1322 in
1671 1262 1876 1324 Verbo

385 1356 514 1430 Dei,
560 1363 624 1419 et
667 1358 1163 1439 primordialiter
1206 1367 1465 1422 causant
1509 1359 1879 1421 exsistentia

383 1455 615 1517 omnia.
641 1456 804 1518 Ecce
835 1457 899 1518 in
931 1457 1144 1519 verbis
1174 1458 1274 1520 his
1308 1457 1877 1519 illuminatissimus

385 1571 455 1614 ac
513 1552 1028 1616 ferventissimus
1085 1555 1425 1638 Dionysius
1476 1557 1648 1618 ideas
1699 1564 1878 1617 vocat

389 1651 658 1712 rationes
695 1660 962 1714 aeternas
1001 1661 1062 1714 et
1103 1653 1338 1716 formas
1377 1655 1771 1736 archetypas,
1815 1653 1877 1714 id

387 1756 480 1809 est
509 1749 896 1832 principales
937 1751 1392 1814 similitudines
1435 1771 1671 1826 rerum,
1709 1770 1883 1814 mox-

1990 788 2117 832 non
2159 778 2257 831 est
2296 770 2504 833 minor
2532 772 2700 853 apud
2741 771 3086 852 theologoS,
3123 789 3310 852 quam
3344 769 3479 831 Ari-

1987 869 2231 931 stotelis
2261 869 2429 951 apud
2462 870 2872 952 philosophos
2897 869 3233 943 :Quamvis
3258 869 3323 930 B.
3350 868 3481 931 Cle-

1990 986 2170 1028 mens
2204 967 2301 1046 (in
2337 975 2647 1049 quantum
2697 967 3144 1050 philosophus)
3183 966 3480 1048 opinatus

1987 1065 2070 1126 sit
2116 1066 2286 1147 quod
2336 1066 2719 1148 principales
2766 1085 2971 1129 causae
3021 1085 3161 1147 quae
3208 1065 3274 1127 in
3324 1063 3481 1145 ipsis

1989 1163 2179 1226 rebus
2220 1171 2366 1226 sunt
2408 1172 2471 1226 et
2513 1171 2735 1228 creatae
2774 1172 2943 1237 sunt,
2985 1163 3199 1245 aliqua
3240 1162 3480 1224 ratione

1988 1261 2285 1323 dicantur
2340 1262 2729 1344 exemplaria
2786 1281 3021 1334 rerum,
3084 1260 3209 1324 illae
3267 1269 3480 1323 tamen

1989 1378 2197 1422 causae
2243 1378 2370 1422 non
2428 1361 2729 1422 dicuntur
2787 1361 3040 1443 proprie
3097 1358 3483 1441 exemplaria

1991 1477 2203 1520 rerum
2256 1465 2324 1519 ut
2373 1477 2489 1541 per
2535 1479 2623 1532 se,
2665 1461 2775 1522 sed
2826 1460 2977 1542 ipsae
3024 1466 3175 1521 sunt
3220 1457 3481 1520 causali-

1993 1565 2086 1617 ter
2133 1556 2214 1618 ab
2263 1558 2515 1619 aeternis
2563 1557 3035 1639 exemplaribus
3083 1556 3295 1629 Verbi,
3341 1575 3482 1637 quae

1991 1654 2248 1736 proprie
2278 1663 2341 1716 et
2370 1655 2649 1736 perfecte
2681 1663 2938 1718 causant
2971 1654 3208 1728 omnia,
3244 1661 3313 1716 ut-
3352 1673 3482 1716 me-

1992 1753 2112 1814 rito
2157 1753 2322 1814 Deus
2366 1761 2668 1835 tanquam
2711 1773 2901 1816 causa
2938 1753 3227 1816 omnium
3268 1752 3483 1814 adore-

389 1866 510 1928 que
538 1848 1024 1930 exemplificans
1056 1851 1133 1911 de
1166 1849 1736 1924 eisdem,nominat
1769 1869 1881 1932 per
1919 1852 1966 1914 B
1995 1859 2113 1912 tur.
2133 1852 2204 1913 In
2230 1852 2465 1935 quibus
2496 1852 2706 1914 verbis
2735 1852 3134 1934 apertissime
3164 1851 3481 1922 edocetur,

389 1965 452 2008 se
509 1946 884 2021 bonitatem,
937 1967 1052 2030 per
1109 1967 1174 2011 se
1234 1950 1589 2023 veritatem,
1644 1969 1756 2030 per
1815 1968 1881 2011 se

389 2045 824 2119 aeternitatem,
858 2066 972 2129 per
1001 2067 1066 2109 se
1097 2048 1418 2110 virtutem.
1451 2048 1579 2110 Nec
1610 2047 1879 2110 dubium

388 2142 540 2224 quin
572 2163 688 2226 per
716 2162 784 2206 se
817 2145 1168 2207 bonitatem
1200 2145 1511 2226 intelligat
1541 2145 1882 2207 bonitatem

389 2243 666 2305 divinam
717 2251 782 2304 et
831 2243 1198 2318 increatam,
1243 2245 1775 2327 imparticipatam
1821 2253 1883 2307 et

392 2340 942 2422 independentem‚
974 2343 1265 2405 omnium
1300 2344 1708 2418 causativam,
1743 2363 1884 2424 quae

391 2447 480 2500 est
512 2439 785 2521 ipsemet
817 2440 983 2502 Deus
1016 2441 1390 2504 naturaliter
1420 2448 1483 2503 et
1516 2442 1884 2504 intermina-

395 2536 602 2600 biliter
640 2538 865 2600 bonuS.
909 2539 984 2601 Et
1029 2539 1196 2601 idem
1245 2539 1584 2602 dicendum
1633 2559 1704 2602 ac
1749 2559 1887 2602 sen-

395 2634 672 2697 tiendum
704 2636 783 2698 de
812 2655 927 2718 per
955 2655 1022 2698 se
1053 2635 1339 2710 veritate,
1362 2638 1440 2699 de
1472 2656 1586 2718 per
1616 2656 1682 2699 se
1711 2646 1887 2700 aeter-

395 2733 604 2804 nitate,
637 2734 716 2795 de
757 2753 870 2815 per
907 2753 974 2796 se
1012 2735 1270 2808 virtute,
1303 2753 1376 2796 ac
1419 2735 1581 2797 aliis.
1619 2735 1707 2796 Ex
1747 2736 1885 2817 qui-

395 2831 510 2893 bus
549 2841 940 2895 monstratur
977 2833 1398 2916 propositum,
1433 2835 1602 2915 quod
1643 2834 1889 2896 scilicet

395 2931 744 2992 secundum
804 2931 862 2994 S.
912 2932 1196 3014 Dionysii
1242 2932 1682 3004 intentionem,
1733 2932 1888 2995 ideae

1992 1950 2161 2032 quod
2216 1951 2607 2032 exemplaria
2663 1970 2773 2013 seu
2828 1951 2985 2013 ideae
3036 1951 3163 2012 sint
3218 1950 3487 2032 ipsemet

1993 2049 2158 2110 Deus
2208 2068 2222 2112 ε
2262 2048 2414 2131 quia
2452 2049 2611 2112 ideis
2650 2048 3034 2111 adscribitur
3073 2049 3241 2130 quod
3281 2046 3487 2130 perfe-

1993 2153 2091 2207 cte
2135 2155 2395 2209 causant
2440 2154 2667 2209 cuncta
2708 2165 2781 2209 ac
2832 2147 3108 2229 proprie,
3151 2147 3319 2228 quod
3368 2145 3485 2208 soli

1994 2246 2292 2307 convenit
2335 2246 2479 2308 Deo.
2524 2246 2700 2308 Unde
2742 2253 2805 2307 et
2844 2245 2903 2308 S.
2947 2246 3283 2327 Dionysius
3321 2264 3487 2307 asse-

1996 2342 2078 2403 rit
2109 2361 2329 2405 causas
2362 2352 2600 2405 creatas
2631 2361 2758 2406 non
2790 2361 2927 2406 esse
2958 2343 3347 2424 exemplaria
3378 2363 3487 2426 ap-

1994 2441 2341 2522 pellandaS,
2394 2442 2545 2524 quia
2588 2441 2668 2504 ab
2715 2442 2967 2504 aeternis
3015 2440 3487 2522 exemplaribus

1993 2538 2184 2600 Verbi
2227 2539 2549 2620 productae
2591 2547 2759 2602 sunt.
2808 2540 3038 2621 Sicque
3081 2539 3244 2601 solas
3290 2539 3491 2601 incre-

1993 2645 2125 2700 atas
2169 2656 2385 2699 rerum
2430 2639 2703 2702 rationes
2745 2647 2809 2701 et
2853 2638 3307 2701 similitudines
3350 2637 3490 2699 vult

1998 2737 2254 2819 proprie
2285 2738 2673 2820 exemplaria
2702 2745 2765 2799 et
2795 2739 2966 2801 ideas
2998 2736 3242 2800 censeri
3274 2755 3347 2798 ac
3378 2755 3488 2818 ap-

1997 2835 2240 2918 pellari.
2290 2837 2463 2910 Quod
2516 2837 2665 2899 item
2718 2856 2794 2899 ex
2843 2837 2983 2899 aliis
3030 2835 3171 2918 ejus
3216 2835 3487 2898 auctori-

1997 2935 2235 2998 tatibus
2284 2944 2495 3016 posset
2542 2935 2869 2997 evidenter
2918 2935 3488 3017 multipliciterque

395 3031 645 3112 proprie
703 3030 1106 3112 appellentur
1164 3031 1458 3094 increatae
1516 3032 1887 3093 similitudi·
1927 3037 1970 3101 C
2001 3031 2278 3116 probari,
2324 3033 2433 3093 sed
2478 3032 2770 3094 brevitati
2815 3032 3200 3095 studendum
3241 3041 3355 3096 est.

395 3148 523 3203 neS,
558 3129 856 3204 rationes,
891 3128 1111 3193 formae
1141 3138 1202 3192 et
1233 3130 1479 3212 species
1511 3150 1722 3193 rerum
1757 3150 1889 3193 cre-

392 3235 658 3300 atarum,
702 3227 770 3288 in
818 3236 1030 3290 mente
1080 3227 1298 3290 divina
1341 3246 1488 3291 vere
1537 3248 1610 3290 ac
1658 3228 1889 3291 forma-

395 3326 532 3388 liter
576 3326 954 3389 exsistentes
1005 3346 1082 3389 eo
1133 3328 1322 3390 modo
1381 3346 1508 3409 quo
1555 3329 1886 3410 sapientia,

393 3425 642 3499 veritas,
667 3424 939 3497 bonitas,
972 3432 1344 3487 asseruntur
1372 3424 1724 3488 formaliter
1752 3444 1890 3489 esse

397 3512 478 3585 in*
505 3524 652 3586 Deo.
689 3558 770 3569 -—
811 3523 887 3585 Et
929 3523 1050 3585 boc
1102 3542 1321 3585 rursus
1371 3523 1696 3605 probatur,
1738 3542 1891 3605 quo-

399 3624 563 3684 niam
612 3622 676 3683 in
721 3621 948 3685 eodem
992 3620 1081 3684 ait
1125 3621 1406 3703 capitulo
1441 3641 1455 3685 :
1489 3622 1894 3704 Exemplaria

397 3720 460 3781 in
489 3721 616 3783 Deo
645 3720 926 3781 dicimus
965 3718 1442 3781 substantificas
1483 3718 1758 3782 rationes
1789 3738 1894 3781 ex-

402 3819 760 3881 sistentium
793 3818 1110 3891 omnium,
1137 3818 1202 3879 in
1233 3817 1516 3900 simplici
1545 3817 1752 3880 Verbo
1783 3819 1893 3881 Dei

404 3916 780 3979 aeternaliter
810 3916 1338 3998 praeexsistenteS,
1374 3936 1528 3998 quas
1559 3917 1894 3999 Apostolus

175 4026 380 4079 Romanu,
405 4017 480 4078 ad
521 4018 837 4080 Romanos
883 4016 1092 4077 innuit
1132 4016 1262 4078 dici
1303 4016 1534 4078 debere
1578 4016 1897 4099 praedesti-

155 4093 209 4135 ᾗ,
226 4094 286 4133 30.

407 4114 688 4177 nationes
720 4122 783 4175 et
812 4113 1168 4176 voluntates
1199 4113 1468 4185 divina5‚
1510 4132 1652 4194 quae
1693 4114 1897 4176 effici-

2079 3131 2357 3213 Apparet
2393 3132 2652 3193 demum
2692 3151 2769 3194 ex
2817 3132 2939 3206 his,
2981 3133 3151 3213 quod
3198 3132 3490 3196 Clemens

2002 3230 2130 3303 ille,
2177 3231 2255 3292 de
2305 3249 2431 3312 quo
2485 3231 2617 3312 jam
2678 3231 2917 3293 mentio
2977 3231 3142 3294 facta
3198 3241 3315 3306 est,
3367 3232 3492 3294 fuit

2003 3329 2061 3391 S.
2115 3328 2429 3401 ClemenS,
2481 3328 2834 3391 beatissimi
2890 3329 3056 3392 Petri
3112 3330 3487 3411 discipuluS.

2002 3427 2118 3501 Qui
2151 3426 2443 3490 Clemens
2472 3436 2617 3489 ante
2649 3447 2829 3489 suam
2859 3428 3339 3491 conversionem
3371 3427 3494 3489 fuit

2005 3544 2273 3606 magnus
2323 3525 2741 3607 philosophus
2796 3545 2809 3589 :
2864 3526 2993 3588 imo
3041 3544 3233 3607 quam
3284 3524 3496 3587 excel-

2005 3626 2140 3687 lens
2184 3631 2584 3685 astronomus
2626 3623 2842 3697 fuerit,
2886 3624 2950 3685 in
2989 3623 3129 3704 ejus
3168 3622 3499 3685 Itinerario

2005 3720 2365 3785 innotescit.
2400 3721 2526 3782 Nec
2556 3720 2810 3782 videtur
2848 3740 3087 3783 errasse
3116 3720 3181 3781 in
3214 3738 3290 3782 eo
3328 3719 3499 3801 quod

2005 3819 2188 3894 dixit,
2223 3817 2373 3900 quia
2410 3818 2573 3879 sicut
2608 3817 2741 3899 jam
2783 3837 2859 3880 ex
2897 3818 3108 3879 verbis
3148 3817 3207 3880 S.
3244 3818 3500 3880 Thomae

2008 3925 2334 3980 ostensum
2380 3924 2495 3989 est,
2539 3915 2657 3977 hoc
2703 3914 2913 3997 ipsum
2960 3915 3126 3996 quod
3171 3915 3352 3988 dixit,
3394 3915 3503 3977 ali-

2009 4034 2135 4098 quo
2161 4015 2351 4077 modo
2374 4013 2616 4075 exstitit
2640 4031 2885 4075 verum.
2910 4012 2983 4075 Et
3012 4014 3303 4093 quamvis
3328 4013 3504 4076 Udal-

2009 4115 2179 4175 ricus
2219 4111 2387 4174 dicat
2425 4130 2572 4174 eum
2616 4128 2744 4173 non
2782 4110 3071 4193 posuisse
3113 4110 3505 4191 exemplaria

409 4220 518 4274 unt
545 4220 610 4274 et
639 4211 1043 4291 distinguunt
1071 4210 1244 4273 entia
1273 4210 1510 4283 omnia,
1543 4212 1894 4273 secundum
1927 4213 1976 4275 D
2011 4212 2073 4273 in
2119 4211 2268 4284 Deo,
2314 4228 2715 4291 nequaquam
2762 4216 2970 4270 tamen
3016 4207 3368 4290 putandum
3409 4215 3505 4269 est

409 4331 554 4393 quas
579 4310 800 4373 divina
824 4308 1445 4391 supersubstantialis
1470 4309 1746 4371 essentia
1769 4327 1899 4371 om-

409 4410 511 4472 nia
550 4406 980 4491 praedefinivit
1024 4416 1086 4469 et
1135 4408 1214 4469 ad
1265 4426 1404 4469 esse
1448 4407 1762 4489 perduxit.
1809 4407 1898 4469 Ex

411 4506 504 4569 his
542 4508 755 4569 denuo
797 4505 1157 4579 innotescit,
1191 4506 1586 4587 exemplares
1625 4505 1899 4567 rationes

409 4606 638 4667 mentis
668 4604 905 4667 divinae
935 4624 1073 4667 esse
1105 4604 1413 4668 increatas
1454 4605 1900 4686 dispositiones

410 4711 470 4765 et
520 4704 1108 4787 praeconceptiones
1161 4704 1442 4766 causales
1499 4703 1902 4785 sapientiales

413 4820 662 4884 quoque
722 4802 1283 4884 praeordinationes
1333 4801 1777 4864 universorum
1837 4802 1902 4864 in

413 4902 552 4964 Deo.
587 4903 724 4975 Quo
755 4908 998 4963 constat
1030 4902 1196 4982 quod
1229 4900 1355 4962 sint
1386 4900 1774 4981 principium
1808 4918 1906 4963 co-

411 5000 754 5081 gnoscendi
787 4999 1054 5062 formale
1081 5007 1144 5061 et
1173 4999 1536 5081 exemplare
1563 4999 1752 5080 :quia
1779 4999 1905 5059 dis·

413 5118 666 5182 ponere,
729 5098 1159 5181 praedefinire‚
1223 5098 1667 5180 praeordinare,
1729 5105 1906 5159 actus

413 5205 558 5261 sunt
613 5196 964 5280 sapientiae.
1027 5232 1108 5243 —
1164 5196 1374 5259 Tertio
1433 5196 1908 5257 demonstratur

409 5295 526 5361 boc
573 5297 791 5385 ipsum
849 5314 928 5359 ex
976 5295 1076 5357 his
1124 5314 1266 5379 quae
1313 5293 1554 5357 ibidem
1607 5292 1906 5378 princeps

2009 4309 2178 4389 quod
2224 4326 2353 4371 non
2398 4307 2684 4391 posuerit
2734 4306 2800 4368 in
2844 4306 2971 4369 Deo
3017 4305 3250 4368 ideales
3298 4305 3501 4367 omni-

2010 4426 2120 4467 um
2149 4406 2445 4469 rationes,
2480 4405 2555 4467 Et
2586 4404 2799 4467 forsan
2830 4405 3087 4468 nomine
3122 4403 3501 4486 exemplaris

2011 4504 2275 4588 speciali
2314 4524 2467 4566 usus
2505 4512 2599 4566 est
2641 4505 2831 4567 modo
2865 4522 2879 4565 ε
2914 4524 3063 4567 nam
3099 4512 3162 4567 et
3198 4501 3500 4567 Platonici

2010 4604 2275 4669 nomine
2312 4603 2469 4665 ideae
2508 4603 2600 4664 uti
2640 4601 2926 4667 solebant
2966 4620 3081 4684 pro
3119 4602 3325 4665 forma
3362 4619 3502 4684 pro-

2011 4705 2219 4765 ducta.
2244 4703 2419 4766 Unde
2450 4701 2705 4765 Proclus
2735 4702 3088 4765 Platonicus
3121 4702 3186 4764 in
3216 4702 3505 4763 Elemen-

2013 4803 2249 4864 tatione
2288 4820 2402 4863 sua
2429 4801 2801 4882 theologica,
2838 4802 2903 4863 in
2936 4806 3297 4863 commento
3335 4800 3507 4860 theo·
3610 4852 3619 4859 .

2015 4900 2273 4962 rematis
2314 4898 2708 4979 nonagesimi
2749 4899 3005 4980 septimi
3043 4898 3132 4960 ait
3174 4915 3189 4959 ε
3234 4898 3297 4960 Si
3336 4896 3508 4958 enim

2015 4998 2446 5081 primordialis
2481 5017 2670 5059 causa
2708 4996 3008 5079 praecedit
3044 4996 3332 5059 ordinem
3372 4994 3509 5055 uni-

2016 5115 2296 5170 versum,
2330 5103 2394 5157 et
2426 5095 2641 5158 omnia
2678 5092 3157 5156 coelementalia
3193 5092 3272 5154 ad
3304 5092 3508 5174 ipsam

2017 5194 2488 5264 coordinantur,
2531 5191 2738 5273 palam
2778 5190 2948 5272 quod
2988 5189 3126 5273 ipsa
3162 5190 3268 5253 dat
3303 5190 3509 5253 omni-

2021 5292 2141 5354 bus
2185 5309 2378 5355 unam
2422 5289 2651 5353 ideam.
