4359 6250
745 427 748 430 ⁴
802 479 924 544 580

521 3157 564 3198 p.
593 3145 670 3185 578
683 3141 743 3187 C'.

545 3430 655 3474 Gen.
675 3442 760 3482 xix,

495 3496 563 3537 22.

531 4512 568 4556 ll
583 4512 696 4555 Tim.
709 4525 753 4562 n,

494 4578 560 4617 ¹3.

519 5001 630 5047 Gen.
642 5017 756 5055 xviii,

489 5068 646 5116 23‚25.

1457 498 1520 543 IN
1561 497 1783 543 LIBRUM
1827 497 1846 542 1
1889 495 2371 542 SENTENTIARUM.
2414 512 2496 522 —
2534 495 2688 541 DIST.
2734 495 2916 557 xt.111;
2958 495 3183 551 QUAEST.
3230 497 3274 542 11

803 670 986 750 juxta
1015 668 1435 730 intentionem
1466 667 2034 748 Philosophi,Deus
2065 666 2148 728 sit
2178 683 2309 728 mo·
2335 665 2387 728 A
2494 664 2994 747 RespondemuS,
3027 665 3195 749 quod
3238 665 3437 746 aliqui
3480 673 3629 726 sunt
3670 663 3923 745 simpli-

802 776 904 829 tor
931 769 1174 849 primus
1206 767 1273 828 in
1302 784 1530 847 genere
1557 784 1760 828 causae
1787 764 2024 838 finaliS,
2041 783 2305 826 movens

805 865 1084 946 reliquos
1133 871 1395 926 cunctos
1455 871 1730 925 motores
1778 862 1945 924 sicut
1991 861 2306 925 desidera-

803 971 941 1024 tum
983 969 1196 1024 movet
1242 961 1728 1034 desiderantem,
1771 968 1957 1041 prout
2001 979 2193 1041 super
2236 959 2307 1021 li-

803 1061 937 1123 bris
979 1061 1056 1122 de
1100 1060 1319 1122 Causis
1358 1058 1583 1121 scribit
1623 1059 1938 1120 Albertus.

883 1161 1149 1240 Insuper
1205 1159 1428 1220 Scotus
1486 1157 1591 1219 hic
1652 1156 1898 1239 quaerit,
1957 1176 2035 1219 an
2095 1156 2305 1237 prima

802 1259 962 1320 ratio
995 1256 1529 1339 impossibilitatis
1562 1254 1652 1317 rei
1682 1255 1914 1318 siendae
1945 1255 2028 1316 sit
2057 1273 2132 1316 ex
2165 1274 2304 1336 par-

801 1365 862 1417 te
911 1356 1044 1429 Dei,
1089 1355 1192 1418 vel
1239 1374 1316 1416 ex
1365 1362 1541 1436 parte
1591 1353 1702 1415 rei.
1748 1353 2052 1426 Quocirca
2094 1353 2301 1432 arguit

797 1455 952 1516 satis
999 1454 1266 1535 prolixe,
1316 1460 1379 1514 et
1428 1451 1681 1513 tandem
1733 1451 2076 1525 concludit,
2128 1451 2299 1531 quod

799 1552 1248 1634 principiative
1291 1552 1374 1613 sit
1421 1569 1497 1612 ex
1542 1557 1718 1631 parte
1768 1550 1901 1622 Dei,
1947 1549 2300 1612 formaliter

799 1668 950 1712 vero
997 1669 1074 1712 ex
1125 1658 1300 1732 parte
1348 1649 1461 1721 rei,
1515 1649 1618 1710 cui
1674 1647 1998 1710 fontaliter
2044 1667 2120 1709 ex
2168 1648 2297 1709 Deo

799 1749 1056 1830 propria
1087 1748 1384 1810 convenit
1411 1747 1590 1818 ratio,
1625 1753 1697 1807 ut
1728 1746 1894 1827 quod
1934 1746 2127 1808 homo
2155 1765 2295 1807 esse

797 1864 924 1908 non
968 1846 1169 1928 possit
1210 1846 1306 1907 leo
1349 1853 1455 1906 aut
1499 1845 1736 1906 asinus.

876 1946 954 2006 At
996 1962 1148 2006 vero
1189 1944 1459 2006 Thomas
1508 1944 1585 2004 de
1632 1942 1977 2023 Argentina
2018 1959 2031 2003 :
2073 1941 2294 2003 lnt'ini-

795 2051 932 2104 tum
983 2042 1250 2124 (inquit)
1303 2040 1640 2123 tripliciter
1696 2040 1951 2115 dicitur,
2005 2047 2223 2122 utpote
2275 2057 2289 2101 :

793 2141 1106 2222 negative,
1153 2158 1267 2222 pro
1316 2157 1439 2202 non
1489 2139 1698 2212 finito,
1744 2146 1808 2200 et
1855 2139 1946 2200 sic
1997 2139 2295 2200 convenit

797 2240 961 2317 De03
1003 2246 1064 2300 et
1096 2237 1427 2320 privative,
1463 2255 1577 2318 pro
1616 2253 1691 2298 eo
1733 2237 1900 2318 quod
1940 2243 2159 2298 natum
2198 2244 2294 2297 est

794 2337 994 2411 finiri,
1036 2355 1163 2399 non
1214 2345 1425 2398 tamen
1475 2336 1722 2409 sinitur,
1765 2342 1828 2396 et
1871 2335 1962 2397 sic
2011 2334 2294 2416 perfecto

793 2443 857 2498 et
905 2434 1420 2499 incommutabili
1480 2434 1607 2496 Deo
1655 2451 1782 2496 non
1843 2433 2184 2514 competit;
2232 2439 2295 2494 et

791 2534 1104 2596 contrarie
1144 2553 1255 2595 seu
1296 2533 1634 2614 disparate,
1668 2551 1782 2614 pro
1821 2549 1896 2594 eo
1936 2532 2106 2613 quod
2150 2549 2295 2592 con-

789 2631 1047 2694 trariam
1084 2631 1276 2694 habet
1303 2631 1786 2712 dispositionem
1819 2630 1896 2691 ad
1931 2629 2291 2691 finiendum

789 2730 1063 2812 passive,
1105 2730 1198 2791 sic
1236 2729 1429 2791 etiam
1473 2729 1771 2790 convenit
1819 2729 1967 2801 Deo,
2011 2727 2115 2788 cui
2163 2744 2291 2788 non

790 2829 1089 2891 convenit
1123 2827 1204 2890 ab
1242 2828 1374 2890 ullo
1416 2827 1618 2900 finiri,
1651 2827 1762 2888 sed
1805 2834 2033 2888 cuncta
2076 2825 2287 2887 finire.

861 2928 1182 2989 Postremo
1205 2926 1740 2988 Antisiodorensis
1774 2925 1839 2987 in
1865 2925 2130 2986 Summa
2159 2943 2288 2998 sua,

2414 765 2572 826 citer
2612 765 3015 826 condemnati
3064 783 3179 846 per
3220 763 3620 827 definitivam
3663 769 3922 824 senten-

2414 863 2589 936 tiam,
2653 870 2872 945 utpote
2928 863 3111 925 valde
3168 862 3341 937 mali,
3390 869 3453 924 et
3509 861 3707 943 aliqui
3764 867 3925 922 sunt

2413 959 2698 1023 absolute
2743 961 2987 1035 salvati,
3024 969 3093 1023 ut
3135 961 3317 1022 valde
3370 959 3558 1038 boni;
3601 968 3663 1021 et
3706 958 3771 1020 hi
3820 977 3923 1020 re-

2412 1060 2627 1122 vocari
2657 1077 2783 1123 non
2816 1068 3082 1141 possunt
3108 1079 3121 1123 :
3145 1060 3315 1122 unde
3344 1078 3463 1121 nec
3490 1059 3709 1121 Petrus
3739 1076 3925 1120 revo-

2412 1160 2539 1221 cari
2573 1166 2780 1241 potest
2808 1159 2982 1221 salva
3012 1158 3500 1221 confirmatione
3532 1157 3752 1241 ipsius.
3786 1157 3919 1219 Alii

2412 1266 2560 1320 sunt
2611 1257 3014 1319 mediocriter
3063 1256 3213 1319 boni
3260 1265 3371 1318 aut
3410 1256 3579 1331 mali,
3624 1256 3735 1337 qui
3782 1273 3921 1318 non

2410 1364 2559 1417 sunt
2582 1355 2870 1418 absolute
2896 1355 3522 1437 irrevocabiliterque
3546 1355 3767 1416 salvati
3797 1373 3918 1415 seu

2410 1453 2807 1516 condemnati
2844 1470 2858 1514 :
2892 1461 2963 1515 ut
2991 1453 3317 1534 Trajanus,
3350 1453 3461 1535 qui
3498 1453 3920 1514 resuscitatus

2409 1551 2531 1613 fuit
2573 1559 2635 1613 et
2678 1559 3006 1614 revocatus
3048 1552 3125 1614 ad
3170 1559 3403 1614 statum
3448 1551 3593 1613 vitae
3636 1570 3917 1632 praesen-

2409 1650 2489 1710 tis
2520 1650 2579 1712 S.
2616 1649 2898 1730 Gregorii
2940 1648 3259 1730 precihuS,
3296 1649 3609 1730 multique
3646 1647 3753 1710 alii
3794 1648 3915 1729 qui

2408 1747 2782 1810 Sanctorum
2823 1747 3119 1829 precibus
3154 1747 3429 1810 revocati
3468 1747 3783 1828 leguntur.
3820 1746 3915 1807 De

2226 1849 2233 1856 '
2330 1841 2378 1903 Β
2410 1845 2641 1908 talibus
2683 1845 2981 1920 dicimuS,
3024 1846 3192 1927 quod
3236 1847 3403 1908 Deus
3447 1852 3656 1926 potest
3699 1844 3917 1905 taliter

2406 1943 2603 2006 bonos
2634 1945 2955 2018 damnare,
2980 1951 3044 2005 et
3072 1943 3282 2005 taliter
3312 1943 3511 2005 malos
3541 1943 3801 2004 salvare.
3822 1977 3917 1986 —

2404 2043 2669 2123 Insuper
2698 2041 2775 2103 de
2806 2061 2919 2104 sua
2949 2041 3231 2123 potentia
3261 2059 3419 2123 pure
3448 2039 3738 2102 absolute
3767 2058 3919 2103 con-

2403 2140 2674 2202 siderata
2735 2147 2943 2222 potest
2998 2139 3253 2201 Petrum
3314 2139 3636 2212 damnare,
3690 2139 3917 2202 habito

2403 2246 2693 2320 respectu
2751 2239 2829 2300 ad
2888 2238 3240 2299 naturalem
3302 2238 3465 2299 Petri
3529 2238 3913 2320 potentiam,

2403 2356 2528 2417 qua
2557 2335 2765 2417 potuit
2794 2354 3057 2417 peccare
3087 2343 3150 2397 et
3180 2353 3305 2397 non
3340 2354 3621 2418 peccare.
3650 2372 3731 2382 —
3760 2337 3915 2400 Haec

2400 2433 2957 2497 AntisiodorensiS.

2483 2532 2679 2612 Cujus
2716 2531 2911 2594 verba
2949 2540 3096 2594 sunt
3136 2551 3285 2594 sane
3324 2531 3753 2614 intelligenda,
3786 2534 3917 2596 sic-

2401 2638 2473 2691 ut
2521 2630 2688 2711 quod
2738 2629 2826 2692 ait
2869 2647 2882 2690 :
2927 2630 3049 2692 Alii
3100 2639 3249 2692 sunt
3297 2630 3701 2694 mediocriter
3749 2630 3912 2694 boni

2400 2737 2509 2790 aut
2548 2729 2953 2791 mediocriter
2996 2729 3169 2802 mali,
3204 2729 3316 2810 qui
3361 2747 3485 2792 non
3534 2738 3683 2792 sunt
3723 2731 3913 2793 abso-

2403 2827 2532 2888 lute
2589 2827 2868 2889 damnati
2926 2834 3035 2888 aut
3090 2827 3332 2890 salvati.
3385 2829 3560 2900 Quod
3620 2847 3746 2891 non
3803 2837 3913 2892 est

2402 2924 2886 3005 intelligendum
2936 2925 3117 3007 quasi
3176 2925 3582 2988 mediocriter
3638 2927 3789 2990 boni
3838 2935 3913 2990 et

792 3025 1000 3106 primo
1058 3024 1244 3098 libro,
1297 3024 1566 3105 inquirit
1614 3023 1677 3085 id
1727 3024 1804 3086 de
1852 3041 1980 3105 quo
2037 3031 2099 3084 et
2145 3030 2291 3084 ante
2323 3022 2366 3085 C
2402 3022 2805 3085 mediocriter
2836 3022 3009 3097 mali,
3044 3023 3471 3086 communiter
3501 3025 3910 3106 regulariter-

792 3130 1163 3206 praetactum
1203 3132 1320 3197 est,
1352 3142 1433 3185 an
1468 3123 1711 3184 scilicet
1740 3123 1907 3184 Deus
1942 3130 2153 3203 posset
2185 3121 2291 3183 Pe-

789 3230 961 3283 trum
1009 3222 1310 3283 damnare
1350 3228 1414 3282 et
1453 3221 1678 3282 Judam
1723 3220 1982 3281 salvare.
2029 3220 2292 3280 Videtur

791 3319 961 3401 quod
1004 3319 1117 3393 sic,
1152 3318 1451 3400 quoniam
1497 3336 1689 3400 super
1729 3318 1885 3379 illud
1931 3316 1994 3378 in
2038 3317 2287 3389 Genesi,

789 3417 928 3480 Non
968 3425 1188 3499 potero
1225 3416 1432 3479 facere
1465 3417 1812 3498 quidquam
1854 3416 2052 3487 donec
2089 3415 2293 3495 ingre-

788 3514 1005 3590 diariS,
1048 3514 1332 3596 loquitur
1370 3513 1760 3595 Augustinus
1805 3514 1869 3574 in
1920 3514 2030 3574 Dei
2081 3531 2294 3593 perso-

789 3634 872 3677 na
913 3632 926 3675 :
969 3614 1104 3676 Non
1156 3632 1414 3696 possum
1467 3614 1544 3674 de
1590 3612 1857 3692 justitia,
1900 3612 2011 3672 sed
2059 3612 2136 3672 de
2181 3629 2291 3692 po-

787 3712 1004 3774 tentia.
1025 3713 1158 3786 Quo
1189 3718 1432 3774 constat
1461 3711 1630 3793 quod
1663 3711 1864 3773 multa
1894 3709 2291 3791 possitDeus

790 3812 866 3872 de
916 3810 1218 3892 potentia,
1270 3828 1412 3891 quae
1458 3827 1584 3871 non
1645 3816 1853 3890 potest
1895 3809 1974 3870 de
2016 3807 2283 3888 justitia.

787 3910 1149 3982 Item,Deus
1181 3916 1386 3990 potest
1417 3916 1762 3988 utrumque
1791 3908 1869 3969 ad
1900 3906 2093 3968 vitam
2127 3907 2290 3969 hanc

788 4024 1105 4081 revocare,
1140 4006 1205 4067 in
1239 4026 1364 4086 qua
1403 4012 1662 4086 possent
1701 4005 1930 4066 mereri
1969 4023 2040 4066 ac
2078 4005 2291 4066 deme-

788 4106 933 4168 reri.
965 4140 1046 4149 ——-
1085 4105 1204 4167 Sed
1249 4110 1486 4177 contra,
1520 4105 1686 4165 Deus
1730 4120 1857 4164 non
1909 4111 2116 4184 potest
2157 4123 2288 4166 suae

2402 3141 2523 3204 que
2555 3121 2894 3204 loquendo,
2913 3141 3037 3185 non
3070 3124 3456 3186 damnentur
3483 3124 3771 3187 absolute
3802 3145 3915 3188 ne·

2399 3238 2523 3301 que
2570 3220 2915 3294 salventur,
2968 3220 3091 3282 nisi
3148 3220 3414 3283 forsitan
3464 3222 3675 3283 dicere
3720 3222 3907 3297 velit,

2398 3319 2568 3399 quod
2597 3319 2674 3379 ad
2705 3327 2959 3400 tempus
2990 3318 3055 3380 in
3090 3320 3453 3400 purgatorio
3481 3320 3905 3383 detineantur.

2398 3417 2631 3479 Verum
2676 3418 2885 3479 omnis
2936 3418 3128 3480 homo
3172 3418 3238 3479 in
3280 3419 3539 3480 caritate
3588 3419 3910 3482 decedens

2399 3513 2695 3589 salvatur,
2748 3515 2839 3576 sic
2890 3523 3103 3577 tamen
3153 3516 3331 3597 quasi
3396 3534 3509 3597 per
3557 3516 3792 3597 ignem,
3847 3518 3909 3579 si

2399 3613 2551 3693 quid
2590 3612 2934 3675 cremabile
2979 3632 3195 3675 secum
3238 3614 3555 3675 detulerit.
3590 3614 3706 3687 Qui
3747 3632 3909 3677 vero

2398 3718 2574 3772 extra
2602 3710 2927 3773 caritatem
2960 3712 3249 3792 emigrat,
3273 3710 3632 3785 damnatur,
3657 3712 3911 3793 regula-

2398 3808 2550 3870 riter
2580 3810 3133 3893 communiterque
3165 3810 3501 3891 loquendO.
3534 3810 3745 3873 Nihilo
3781 3812 3907 3873 mi-

2398 3926 2520 3969 nus
2562 3908 2967 3989 omnipotens
3011 3910 3177 3971 Deus
3226 3908 3516 3971 omnium
3565 3910 3899 3989 praesciuS,

2400 4007 2813 4086 quorumdam
2849 4006 3110 4069 finalem
3148 4007 3482 4088 suspendit
3510 4007 3901 4070 sententiam

2397 4122 2468 4165 ac
2499 4103 2910 4166 definitivum
2937 4104 3280 4185 judicium,
3308 4104 3476 4166 sicut
3504 4112 3567 4166 et
3596 4104 3850 4184 Trajani
3882 4124 3900 4169 :

784 4204 1049 4284 jus'titiae
1104 4203 1424 4282 derogare,
1483 4208 1592 4262 aut
1650 4220 1778 4263 suae
1836 4201 2288 4264 misericordiae
2319 4206 2368 4267 D
2398 4202 2476 4263 de
2527 4220 2655 4282 quo
2708 4210 2856 4264 sunt
2904 4203 3169 4265 diversae
3212 4202 3561 4283 ‘opiniones
3618 4202 3906 4284 qualiter

788 4301 1122 4375 contraire,
1158 4319 1274 4362 nec
1305 4307 1524 4362 contra
1553 4318 1733 4360 suam
1767 4300 2146 4361 sententiam
2179 4299 2289 4361 ali-

787 4400 943 4482 quid
985 4417 1191 4479 agere,
1224 4417 1341 4460 nec
1381 4418 1568 4459 suum
1613 4398 2010 4479 propositum
2054 4398 2286 4459 immu-

788 4507 941 4571 tare,
1003 4506 1192 4578 atque
1249 4504 1320 4558 ut
1377 4495 1465 4558 ait
1521 4497 1881 4577 ApostoluS,
1943 4516 2010 4558 se
2071 4497 2285 4578 ipsum

787 4616 1016 4678 negare
1058 4592 1185 4659 non
1229 4602 1432 4677 potest
1469 4614 1482 4658 :
1517 4596 1686 4676 quod
1730 4602 1931 4657 totum
1981 4594 2189 4667 fieret,
2231 4595 2283 4656 si

782 4698 1032 4779 justum
1067 4695 1199 4777 jam
1239 4693 1667 4776 glorificatum
1707 4694 2035 4755 damnaret
2066 4692 2168 4754 vel
2208 4694 2284 4755 ad

787 4805 1021 4859 statum
1084 4795 1414 4856 reduceret
1477 4792 1822 4865 viatorum,
1883 4792 2286 4873 impiumque

787 4896 1154 4958 damnatum
1215 4891 1506 4967 salvaret,
1560 4890 1911 4972 praesertim
1967 4910 2165 4971 quum⁴
2220 4891 2284 4952 in

787 4993 1013 5057 Genesi
1042 4992 1358 5054 Abraham
1388 4990 1557 5051 dicat
1587 4990 1663 5051 ad
1694 4988 2035 5051 Dominum
2060 5005 2073 5050 ε
2097 4988 2287 5051 Num-

784 5092 941 5174 quid
980 5091 1205 5173 perdes
1242 5088 1488 5168 justum
1533 5106 1679 5151 cum
1729 5086 1972 5167 impio?
2010 5085 2148 5148 Non
2191 5094 2286 5148 est

785 5192 903 5253 hoc
937 5198 1121 5251 tuum
1157 5189 1267 5271 qui
1302 5188 1550 5268 judicas
1592 5204 1849 5248 omnem
1879 5192 2112 5247 terram
2131 5203 2149 5264 3
2181 5203 2287 5246 ne-

785 5308 1101 5375 quaquam
1148 5287 1342 5351 facies
1386 5288 1548 5348 hanc
1593 5304 1749 5347 rem.

2397 4299 2476 4361 ab
2525 4298 2761 4362 inferni
2812 4300 3022 4381 poenis
3079 4300 3164 4361 sit
3210 4299 3535 4375 liberatuS,
3588 4310 3776 4381 prout
3825 4302 3903 4365 in

2398 4396 2662 4478 legenda
2702 4400 2902 4461 sancti
2946 4400 3309 4462 continetur
3351 4398 3653 4479 Gregorii.

2842 4724 3313 4799 QUAESTIO
3378 4725 3454 4788 II

2518 4988 2778 5051 Ecundo
2808 4990 2911 5051 hic
2940 4988 3379 5071 principaliter
3411 4990 3739 5071 quaeritur,
3762 4994 3906 5061 An

2534 5088 2747 5155 Deus
2779 5090 3278 5168 omnipotens
3315 5091 3569 5170 possit
3607 5091 3905 5171 produ-

2394 5201 2572 5252 cere
2604 5186 2924 5267 aliquod
2960 5187 3369 5253 infinltum
3406 5188 3903 5266 magnitudi-

2397 5300 2494 5351 ne
2541 5287 2684 5350 aut
2726 5282 3280 5353 multitudine.
