4359 6250
533 541 622 588 AN
659 540 828 588 smur
865 541 929 587 m
966 540 1084 588 ono
1121 541 1440 588 ronunrmt
1477 539 1702 586 etms
1742 539 1922 598 inm-3,
1956 539 2022 586 m
2057 539 2134 585 130
2171 539 2457 586 Possum
2494 539 2631 586 sm·
2667 539 2862 586 rum
2900 537 3289 585 EXEMPLARIA
3358 517 3473 584 421

374 710 518 784 alia,
564 729 766 792 quum
817 711 1121 794 quaelibet
1169 711 1252 774 sit
1299 712 1516 775 divina
1563 711 1874 790 essentia3
1907 709 1959 774 A
1987 719 2050 774 et
2093 719 2402 774 vocantur
2450 711 2894 794 perfectioneS‚
2936 729 3010 773 ac
3052 712 3326 775 rationes
3374 730 3477 775 co-

375 827 493 872 nec
552 809 788 871 realem
849 809 1086 872 habent
1144 811 1515 874 relationem
1574 812 1653 875 ad
1709 811 1875 874 idea-

373 913 546 986 tum3
579 927 700 970 nec
731 928 858 971 una
886 917 982 971 est
1012 927 1202 972 causa
1239 911 1522 984 alteriuS,
1555 929 1673 972 nec
1704 911 1877 992 prior

374 1024 566 1087 quam
612 1005 757 1080 alia,
799 1025 1000 1088 quum
1047 1008 1212 1070 Deus
1257 1007 1472 1070 omnia
1511 1008 1702 1070 simul
1750 1024 1876 1070 uno

373 1103 858 1186 simplicissimo
885 1111 1030 1167 actu
1064 1107 1504 1186 cognoscat.ln
1535 1106 1693 1168 ideis
1726 1124 1878 1187 quo-

373 1222 499 1284 que
553 1202 848 1266 consistit
906 1203 1215 1278 infinitas,
1267 1221 1396 1266 non
1457 1203 1650 1284 igitur
1697 1205 1870 1267 ordo.

375 1301 608 1364 Tamen
671 1301 828 1366 ideae
877 1301 1168 1366 ordinem
1227 1303 1568 1385 quemdam
1619 1321 1732 1365 seu
1783 1322 1876 1365 re-

375 1406 663 1481 spectum
694 1407 759 1461 et
787 1400 1228 1464 habitudinem
1261 1401 1496 1464 habent
1525 1402 1603 1463 ad
1637 1401 1864 1475 ideata,

376 1515 499 1560 non
547 1499 630 1560 ad
681 1499 958 1560 invicem
1006 1518 1022 1561 :
1075 1501 1228 1563 ordo
1277 1507 1491 1562 aute-m
1540 1500 1697 1562 dicit
1745 1517 1871 1562 non

377 1598 578 1660 solum
622 1607 1008 1680 respectum,
1046 1600 1156 1661 sed
1197 1599 1387 1661 etiam
1431 1599 1870 1662 habitudinem

377 1703 680 1758 mutuam.
719 1697 992 1760 Excluso
1023 1715 1174 1760 vero
1213 1706 1505 1780 respectu
1547 1699 1625 1760 ad
1668 1698 1872 1759 ideata

374 1795 450 1856 ab
500 1795 640 1877 ipsa
699 1796 862 1870 idea,
915 1814 1042 1859 non
1099 1804 1310 1858 essent
1361 1797 1424 1858 in
1473 1797 1600 1858 Deo
1657 1795 1872 1878 plures

1984 810 2372 891 gnoscitivae,
2406 829 2479 872 ac
2508 811 2732 893 primae
2762 811 3006 874 entium
3048 829 3382 886 mensurae,
3416 819 3479 874 et

1985 909 2275 991 quaedam
2324 928 2543 972 earum
2596 917 2902 973 vocantur
2959 909 3137 984 ideae,
3187 910 3475 992 quaedam

1984 1007 2325 1087 attributa3
2367 1015 2580 1070 tamen
2629 1008 2750 1071 sub
2796 1008 2919 1071 alia
2967 1008 3209 1071 ratione
3261 1028 3276 1072 ε
3328 1009 3481 1089 quia

1985 1105 2411 1188 perfectiones
2450 1106 2774 1180 dicuntur,
2807 1107 2873 1168 in
2903 1114 3213 1190 quantum
3253 1106 3345 1169 eis
3386 1107 3479 1168 ni-

1983 1203 2076 1265 hil
2126 1205 2305 1267 deest
2353 1206 2430 1267 de
2478 1203 2809 1267 nobilitate
2858 1205 3126 1267 essendi.
3171 1205 3481 1278 Quemad-

1985 1303 2245 1365 modum
2290 1303 2461 1366 enim
2508 1302 2815 1385 perfectio
2859 1303 2924 1364 in
2966 1323 3197 1384 genere
3238 1321 3481 1366 nuncu-

1985 1409 2172 1482 patur
2203 1403 2306 1463 cui
2347 1402 2438 1464 nil
2478 1403 2653 1464 deest
2683 1402 2760 1464 de
2794 1401 3123 1464 nobilitate
3158 1403 3239 1464 ad
3276 1421 3477 1483 genus

1984 1499 2143 1560 illud
2204 1507 2551 1581 spectante,
2603 1500 2690 1561 ita
2747 1499 3056 1582 perfectio
3101 1499 3479 1582 simpliciter

1984 1598 2221 1661 dicitur
2250 1598 2353 1660 cui
2392 1599 2483 1660 nil
2515 1599 2691 1661 deest
2719 1600 2797 1661 de
2830 1598 3161 1661 nobilitate
3200 1599 3472 1673 essendi,

1983 1696 2271 1759 absolute
2314 1696 2819 1779 simpliciterque
2870 1697 3202 1778 loquendo.
3247 1696 3476 1758 Dicun-

1984 1803 2090 1856 tur
2116 1813 2372 1878 quoque
2402 1796 2675 1858 rationes
2709 1795 3173 1876 cognoscitivae‚
3193 1795 3256 1857 in
3289 1814 3483 1878 quan·

374 1895 526 1957 ideae
569 1913 584 1956 :
629 1895 869 1958 idcirco
917 1912 1044 1958 non
1095 1895 1330 1958 habent
1369 1896 1656 1958 ordinem
1707 1896 1872 1957 inter
1907 1899 1955 1961 B
1984 1901 2120 1955 tum
2164 1901 2313 1956 sunt
2343 1895 2470 1957 Deo
2501 1895 2660 1956 ratio
2691 1894 3110 1975 cognoscendi
3141 1894 3311 1955 entia
3345 1893 3479 1975 jam

373 2012 454 2055 se.
509 1993 585 2055 Et
635 1994 930 2076 quamvis
982 1995 1172 2056 homo
1221 1995 1304 2056 sit
1354 1994 1630 2056 nobilior
1679 2011 1866 2076 equ0‚

373 2109 495 2153 non
527 2098 742 2154 tamen
785 2092 926 2154 idea
961 2092 1242 2155 hominis
1278 2093 1340 2154 in
1381 2093 1530 2164 Deo,
1563 2099 1660 2153 est
1691 2091 1870 2154 nobi-

373 2189 490 2252 lior
519 2190 670 2272 equi
702 2191 861 2253 idea.
891 2191 1256 2254 Similitudo
1288 2210 1562 2274 namque
1594 2211 1671 2253 ex
1705 2209 1874 2253 com-

373 2289 696 2369 paratione
738 2289 817 2350 ad
857 2289 920 2351 id
961 2289 1147 2370 cujus
1191 2297 1287 2352 est
1329 2289 1706 2362 similitudo,
1749 2289 1874 2351 dis-

371 2386 704 2468 tinguitur,
757 2405 882 2450 non
943 2387 1378 2469 dignificatur,
1438 2387 1562 2450 nisi
1621 2386 1702 2448 ab
1762 2387 1873 2450 illo

369 2485 614 2566 aliquid
657 2493 867 2548 sumat
907 2493 1018 2548 aut
1061 2486 1380 2548 sortiatur.

446 2583 542 2646 Ad
572 2583 858 2665 primum
903 2584 1098 2665 igitur
1127 2585 1666 2667 respondendum,
1702 2585 1870 2666 quod

371 2699 486 2743 nec
517 2681 812 2744 confusio
854 2701 972 2744 nec
1013 2682 1396 2745 inordinatio
1425 2691 1520 2746 est
1552 2683 1718 2744 inter
1747 2683 1873 2745 ide-

371 2798 436 2840 as
479 2797 494 2841 :
540 2779 694 2861 quia
739 2778 1032 2842 confusio
1078 2788 1142 2842 et
1191 2780 1574 2843 inordinatio
1615 2781 1872 2862 proprie

373 2877 712 2959 capiuntur
753 2877 1085 2959 privative,
1119 2876 1418 2940 videlicet
1449 2896 1564 2959 pro
1593 2879 1872 2941 carentia

373 2976 786 3039 ordinationis
828 2996 940 3038 seu
970 2976 1213 3039 ordinis
1256 2975 1366 3038 ubi
1399 2995 1475 3038 ex
1507 2984 1730 3038 natura
1763 2985 1872 3039 aut

1984 1991 2245 2073 praefata
2275 1993 2627 2054 seeundum
2659 1992 2723 2054 id
2755 1993 2923 2073 quod
2958 1999 3125 2054 sunt.
3160 1991 3320 2054 Sunt
3350 1993 3477 2074 pri-

1983 2109 2101 2152 mae
2159 2108 2380 2153 eorum
2442 2109 2776 2164 mensurae,
2829 2091 2893 2152 in
2945 2097 3255 2172 quantum
3310 2091 3476 2152 Deus

1983 2189 2514 2262 certitudinaliter
2552 2190 2759 2252 noscit
2789 2209 2904 2271 per
2931 2208 3037 2252 eas
3075 2190 3339 2270 gradum
3372 2208 3475 2251 en-

1983 2286 2179 2349 titatis
2225 2287 2289 2348 in
2332 2287 2621 2370 quolibet
2663 2295 2826 2350 ente.

2063 2385 2297 2447 Harum
2342 2387 2599 2448 demum
2644 2385 3354 2468 superexcellentiarum
3403 2385 3475 2446 il-

1983 2483 2058 2545 1ae
2086 2483 2413 2546 dumtaxat
2443 2491 2591 2546 sunt
2621 2484 2799 2558 ideae,
2833 2504 2973 2566 quae
3003 2491 3151 2546 sunt
3182 2491 3475 2565 respectu

1983 2581 2297 2646 bonorum
2340 2582 2648 2645 factorum
2692 2590 2803 2644 aut
2844 2582 3300 2654 faciendorum.
3336 2580 3477 2643 Om-

1983 2679 2090 2742 nia
2142 2699 2397 2763 quoque
2458 2681 2763 2744 attributa
2822 2687 2971 2742 sunt
3026 2679 3472 2762 perfectioneS,

1983 2796 2110 2841 non
2151 2797 2513 2842 econverso.
2548 2779 2867 2842 Attributa
2904 2779 3145 2861 quippe
3188 2786 3338 2842 sunt
3376 2798 3477 2840 su-

1985 2877 2493 2960 perexcellentiae
2544 2878 3011 2960 perfectionum
3061 2877 3476 2940 circumstan-

1982 2975 2144 3036 tium
2179 2975 2270 3036 rei
2302 2982 2614 3048 naturam,
2648 2995 2918 3057 quarum
2956 2975 3313 3057 quamlibet
3352 2994 3479 3037 me-

373 3072 758 3158 proprietate
788 3073 880 3137 rei
911 3073 1100 3137 debet
1128 3093 1266 3137 esse
1306 3074 1497 3154 ordo;
1530 3082 1592 3137 et
1625 3075 1710 3137 ita
1739 3093 1867 3139 non
1909 3076 1952 3140 C
1985 3072 2108 3135 lius
2167 3080 2264 3135 est
2320 3073 2553 3137 habere
2611 3073 2990 3157 simpliciter
3047 3093 3162 3156 per
3214 3074 3475 3136 modum

373 3181 464 3236 est
509 3174 575 3236 in
621 3173 882 3247 divinis,
917 3173 1028 3235 ubi
1074 3173 1236 3236 nihil
1287 3174 1465 3255 prius
1509 3181 1618 3235 aut
1669 3182 1870 3256 poste-

373 3273 525 3347 rius,
559 3272 724 3334 nihil
759 3272 964 3353 majus
979 3274 1104 3335 'aut
1135 3272 1368 3334 minuS.
1405 3308 1484 3319 —
1514 3273 1610 3334 Ad
1651 3292 1872 3335 secun-

373 3372 543 3445 dum,
587 3372 757 3454 quod
801 3372 1024 3453 utique
1071 3371 1232 3433 ratio
1271 3371 1514 3433 ordinis
1556 3372 1871 3453 exempla-

373 3470 520 3532 riter
549 3479 648 3532 est.
679 3470 744 3532 in
777 3470 926 3543 Dec,
957 3470 1262 3552 quoniam
1294 3470 1448 3532 ordo
1481 3488 1691 3532 rerum
1723 3469 1871 3531 fluit

373 3588 410 3629 a
445 3570 608 3648 Deo;
656 3586 782 3631 non
831 3577 1044 3630 tamen
1095 3569 1236 3631 idea
1286 3588 1397 3631 seu
1448 3568 1608 3630 ratio
1652 3568 1758 3630 illa
1802 3568 1867 3630 in

373 3666 496 3728 Deo
523 3675 620 3729 est
664 3667 920 3749 proprie
960 3668 1250 3730 ordinata
1287 3686 1399 3729 seu
1431 3667 1720 3729 ordinem
1761 3668 1866 3729 ha-

375 3765 524 3827 bens
573 3766 782 3849 quoad
843 3784 932 3839 se,
986 3785 1186 3847 quum
1238 3773 1366 3828 tota
1425 3765 1508 3828 sit
1565 3765 1756 3827 simul
1805 3772 1868 3827 et

375 3864 640 3947 simplex
681 3883 756 3926 ac
797 3864 1234 3946 independens
1269 3883 1282 3927 ε
1317 3863 1442 3925 nisi
1484 3864 1731 3926 dicatur
1771 3882 1867 3926 or-

373 3962 579 4024 dinata
609 3962 916 4044 quoniam
958 3962 1292 4024 inconfusa
1329 3981 1446 4023 nec
1487 3962 1859 4025 inordinata.

374 4060 912 4134 Quemadmodum
951 4068 1014 4123 et
1053 4060 1208 4123 ideae
1253 4060 1319 4121 in
1364 4060 1492 4122 Deo
1539 4079 1666 4123 non
1717 4069 1865 4123 sunt

373 4160 524 4223 albae
562 4168 674 4222 aut
714 4160 1025 4231 coloratae,
1059 4167 1169 4221 aut
1208 4177 1452 4239 magnae
1490 4159 1590 4222 vel
1633 4178 1862 4241 parvae,

1983 3172 2075 3234 rei
2126 3172 2487 3235 intrinseeae
2535 3192 2725 3254 quam
2774 3191 2901 3235 non
2960 3173 3216 3248 habere,
3268 3173 3335 3235 in
3383 3173 3475 3236 di-

1979 3270 2130 3332 vina
2177 3270 2551 3333 exsistentes
2600 3272 2891 3345 essentia,
2940 3280 3009 3333 ut
3056 3272 3366 3354 sapientia
3414 3280 3477 3333 et

1980 3370 2283 3451 potentia.
2337 3369 2495 3431 Hinc
2548 3370 3131 3452 superexcellentiae
3179 3370 3475 3453 perfecti-

1978 3486 2177 3531 onum
2227 3488 2369 3550 quae
2424 3476 2573 3531 sunt
2624 3470 2701 3530 de
2756 3470 3028 3531 essentia
3079 3470 3471 3543 substantia),

1979 3585 2104 3630 non
2158 3574 2307 3629 sunt
2352 3566 2656 3629 attributa
2694 3586 2708 3629 ε
2751 3568 2918 3629 unde
2964 3588 3083 3630 nec
3132 3569 3473 3631 essentiam

1979 3667 2092 3728 Dei
2149 3666 2425 3729 dicimus
2480 3666 2878 3739 attributum,
2929 3667 3038 3728 sed
3097 3666 3473 3729 fundamen-

1979 3771 2117 3826 tum
2146 3766 2617 3827 attributorum.
2653 3764 3074 3827 perfectiones
3108 3765 3298 3827 etiam
3330 3786 3472 3848 quin

1977 3862 2285 3925 attributa
2320 3863 2641 3937 dicuntur,
2673 3862 2795 3925 alia
2830 3870 2893 3923 et
2925 3863 3049 3925 alia
3087 3864 3327 3927 ratione
3362 3882 3469 3927 vo-

1979 3968 2205 4023 cantur
2242 3962 2664 4045 perfectiones
2703 3968 2768 4022 et
2804 3962 3105 4024 attributa
3138 3981 3153 4024 τ
3187 3964 3339 4045 quia
3375 3966 3469 4027 di-

1979 4069 2212 4123 cuntur
2272 4060 2719 4144 perfectionem,
2780 4062 3081 4142 quoniam
3145 4062 3309 4125 nihil
3374 4064 3469 4127 eis

1977 4160 2154 4222 deest
2206 4161 2283 4221 de
2341 4158 2672 4221 nobilitate
2729 4160 2979 4222 essendi
3039 4160 3467 4243 simpliciter3

375 4260 660 4339 quamvis
712 4278 826 4341 per
873 4277 976 4320 eas
1027 4265 1495 4339 cognoscuntur
1552 4277 1650 4319 res
1700 4257 1865 4320 colo-
1896 4261 1945 4322 D
1977 4258 2281 4320 attributa
2328 4276 2499 4331 vero,
2542 4258 2608 4319 in
2658 4265 2965 4339 quantum
3016 4259 3247 4323 divinae
3294 4261 3469 4322 attri-

377 4364 537 4431 ratae,
580 4365 643 4419 et
695 4374 940 4438 magnae
985 4376 1059 4419 ac
1107 4374 1356 4439 parvae3
1401 4356 1493 4418 sic
1543 4374 1670 4418 non
1719 4363 1868 4418 sunt

377 4455 533 4518 inter
575 4474 644 4518 se
687 4455 1014 4529 ordinatae,
1057 4455 1352 4537 quamvis
1398 4474 1512 4537 per
1551 4473 1655 4516 eas
1699 4456 1865 4516 Deus

377 4562 706 4636 cognoscat
735 4562 800 4615 et
829 4553 1020 4615 faciat
1050 4554 1266 4616 omnia
1295 4554 1599 4616 ordinata.
1621 4588 1704 4598 —-
1723 4554 1866 4617 Haec

375 4652 828 4715 Bonaventura.

477 4850 800 4911 Postremo
875 4846 1224 4909 Richardus
1303 4846 1407 4908 hic
1483 4847 1862 4922 sciscitatur,

377 4946 590 5008 Utrum
631 4948 696 5009 in
739 4946 872 5008 Deo
909 4944 992 5007 sit
1030 4944 1357 5007 distinctio
1397 4945 1562 5007 inter
1601 4946 1772 5008 ideas
1805 4953 1866 5008 et

377 5045 688 5108 attributa.

452 5145 541 5207 Ad
590 5144 761 5227 quod
812 5144 1153 5225 respondet
1205 5160 1220 5204 :
1275 5143 1867 5224 Superexcellentiae

379 5241 836 5323 perfectionum
879 5241 1126 5305 entium
1168 5250 1523 5304 creatorum
1564 5250 1626 5303 et
1657 5261 1870 5304 crean-

379 5338 598 5401 dorum
637 5340 1174 5422 possibiliumque
1206 5339 1427 5415 creari,
1461 5340 1526 5401 in
1557 5340 1684 5401 Deo
1722 5347 1870 5401 sunt

1977 4356 2265 4418 buuntur
2303 4356 2613 4431 essentiae,
2648 4356 2799 4438 quia
2838 4356 3124 4420 absolute
3168 4360 3469 4440 praedica-

1978 4455 2133 4517 bilia
2176 4456 2255 4517 de
2296 4455 2535 4517 eadem.

2075 4556 2292 4635 ltaque
2352 4552 2655 4615 attributa
2706 4560 2769 4615 et
2825 4553 2980 4617 ideae
3038 4555 3348 4619 differunt
3402 4557 3467 4619 in

1977 4653 2120 4726 hoc,
2158 4652 2329 4733 quod
2372 4652 2659 4732 quaedam
2704 4653 3288 4734 superexcellentiae
3326 4674 3468 4737 per-

1977 4750 2327 4813 fect-ionum
2390 4758 2537 4812 sunt
2586 4750 2762 4823 ideae,
2810 4770 2951 4831 quae
2999 4768 3127 4815 non
3185 4761 3334 4814 sunt
3378 4761 3473 4814 at-

1978 4850 2237 4921 tributa,
2282 4855 2352 4911 ut
2394 4847 2959 4931 superexcellentia
3001 4850 3468 4931 perfectionum

1977 4947 2362 5009 asininitatis
2407 4954 2470 5008 et
2510 4946 2912 5009 leoninitatiS.
2951 4946 3469 5029 Superexcellen-

1979 5047 2080 5110 tiae
2125 5064 2275 5108 vero
2318 5044 2779 5127 perfectionum
2829 5064 2968 5126 quae
3017 5054 3166 5107 sunt
3206 5048 3471 5110 attribu·

1980 5154 2063 5219 ta,
2114 5144 2415 5206 dicuntur
2460 5141 2761 5203 attributa
2807 5142 3049 5206 ratione
3094 5144 3225 5225 jam
3276 5146 3467 5220 dicta,

1982 5243 2112 5305 imo
2161 5241 2455 5323 superius
2504 5238 2704 5320 magis
2752 5258 3067 5322 expressa.
3112 5242 3271 5306 ldeae
3319 5262 3473 5325 quo-

1982 5359 2107 5422 que
2153 5340 2372 5401 dicunt
2417 5344 2776 5419 respectum
2824 5339 2889 5401 in
2940 5339 3158 5403 divina
3196 5342 3473 5405 essentia
