4359 6250
198 1596 306 1638 Rom.
322 1612 409 1649 vm,

1551 526 1637 573 AN
1676 526 1845 572 ΒΑΕΔ
1886 526 2049 573 rtem
2090 527 2296 573 nomm
2337 528 2430 573 Sl‘l'

3415 498 3534 567 631

442 696 745 770 Rursum,
782 698 1021 760 malum
1064 695 1207 759 fieri
1249 716 1386 759 esse
1428 696 1669 759 bonum
1717 696 1932 767 alicui,
1966 694 2015 756 A
2047 698 2276 761 animae
2320 698 2843 771 consideratione,
2883 698 3258 778 procedatur
3303 696 3382 757 ad
3430 694 3537 757 bo-

443 796 695 858 duobus
738 804 945 878 potest
984 795 1191 859 modis
1232 795 1523 876 intelligi.
1560 795 1790 867 Primo,
1827 813 1939 875 per

442 914 511 955 se
546 912 561 955 ε
594 903 659 957 et
699 893 795 957 sic
830 894 991 957 nulli
1039 902 1137 955 est
1180 893 1441 955 bonum.
1480 892 1790 965 Secund0‚
1826 912 1939 974 per

440 993 739 1055 accidens
806 1012 820 1055 :
886 1000 947 1055 et
1010 994 1097 1055 ita
1160 993 1477 1054 interdum
1539 1000 1633 1053 est
1696 991 1934 1053 bonum

440 1091 725 1163 facienti,
780 1093 844 1154 in
893 1100 1203 1174 quantum
1252 1110 1327 1153 ex
1377 1091 1495 1153 hoc
1546 1090 1937 1170 recognoscit.

438 1210 620 1253 suam
666 1190 1133 1262 infirmitatem,
1168 1199 1231 1253 et.
1270 1190 1469 1270 magis
1510 1188 1805 1251 humiliat
1845 1208 1933 1259 se,

438 1298 631 1371 atque
682 1310 873 1371 quam
933 1289 1304 1351 detestabile
1365 1290 1447 1351 sit
1496 1287 1825 1370 superbire
1875 1295 1937 1349 et

440 1407 581 1449 esse
623 1387 949 1450 incautum
991 1388 1055 1449 in
1094 1387 1196 1449 his
1236 1407 1376 1469 quae
1416 1396 1807 1449 concernunt
1847 1406 1937 1447 sa-

444 1488 666 1560 lutem,
710 1487 1080 1568 cautiorque
1124 1487 1437 1567 resurgit3
1478 1494 1540 1547 et
1586 1486 1671 1547 ita
1715 1486 1937 1566 imple-

442 1594 547 1647 tur
577 1587 643 1647 in
679 1606 755 1649 eo
789 1586 946 1647 illud
978 1585 1259 1667 Apostoli
1298 1604 1311 1647 :
1346 1585 1593 1647 Scimus
1632 1584 1931 1665 quoniam

441 1682 858 1765 diligentibus
899 1684 1098 1745 Deum
1142 1682 1355 1745 omnia
1403 1692 1823 1763 cooperantur
1868 1683 1931 1744 iu

439 1782 705 1856 bonum,
739 1789 855 1843 etc.
894 1782 1217 1843 interdum
1260 1781 1453 1844 etiam
1498 1782 1735 1844 malum
1788 1779 1929 1843 fieri

2046 798 2309 859 nitate-m
2361 798 2501 877 ejus
2543 798 2710 879 quod
2754 804 2850 859 est
2893 797 2956 858 in
3002 816 3090 869 re,
3124 796 3244 858 erit
3290 793 3540 857 fallacia

2046 897 2411 959 accidentis,
2459 897 2600 959 Haec
2644 896 2934 959 Thomas.

2126 996 2391 1076 Insuper
2420 995 2858 1057 Bonaventura
2887 995 2962 1057 ad
2997 992 3348 1075 principale
3379 1011 3541 1074 quae-

2047 1094 2242 1155 situm
2275 1094 2663 1175 respondens
2685 1111 2698 1155 :
2719 1094 2787 1155 In
2818 1092 3116 1175 operibus
3145 1091 3412 1172 (inquit)
3438 1092 3540 1153 hu-

2048 1193 2254 1255 manis
2296 1192 2454 1254 illud
2498 1192 2733 1254 dieitur
2763 1192 3026 1264 bonum,
3053 1190 3206 1251 utile
3245 1197 3354 1251 aut
3394 1194 3539 1252 edn-

2047 1292 2281 1358 ferens,
2324 1290 2492 1371 quod
2541 1291 2716 1352 ducit
2767 1292 2832 1351 in
2882 1290 3081 1352 finem
3133 1289 3394 1361 bonum,
3428 1297 3538 1350 aut

2045 1391 2149 1452 via
2179 1398 2274 1452 est
2303 1390 2381 1451 ad
2414 1388 2922 1451 bonum.Ducere
2952 1396 3166 1459 autem,
3189 1387 3265 1448 ad
3297 1387 3535 1449 bonum

2050 1489 2383 1570 tripliciter
2413 1488 2644 1551 dicitur
2672 1487 2928 1568 aliquid,
2950 1494 3118 1568 puta,
3139 1504 3252 1567 per
3283 1472 3540 1549 modum

2045 1606 2272 1659 causae,
2307 1607 2420 1669 per
2469 1588 2724 1650 modum
2773 1606 2975 1659 casim,
3009 1592 3072 1647 et
3121 1603 3234 1667 per
3277 1584 3536 1647 modum

2043 1686 2414 1750 occasionis
2465 1686 2613 1760 Quae
2672 1685 2792 1747 tria
2847 1684 2939 1747 sic
2987 1683 3319 1755 differunt,
3369 1683 3538 1762 quod

2044 1802 2234 1846 causa
2271 1784 2448 1846 ducit
2479 1803 2591 1865 per
2619 1803 2685 1845 se
2723 1783 2802 1844 ad
2833 1782 2989 1844 illud
3031 1782 3201 1844 circa
3229 1780 3398 1862 quod
3431 1798 3539 1862 po-

436 1898 563 1943 non
612 1889 706 1942 est
752 1879 991 1943 bonum
1032 1880 1312 1950 facienti,
1347 1880 1457 1941 sed
1498 1879 1783 1960 patienti,
1819 1880 1926 1960 qui
1965 1880 2013 1943 B
2044 1882 2218 1944 nitur
2247 1883 2415 1964 quod
2445 1890 2541 1944 est
2573 1882 2928 1963 producens
2959 1887 3021 1941 et
3051 1878 3420 1957 intendens;
3443 1898 3540 1939 ca-

433 1999 511 2041 ex
576 1980 1016 2061 persecutione
1076 1986 1139 2040 et
1204 1977 1609 2058 improbitate
1669 1977 1929 2040 alterius

430 2085 785 2146 exercetur,
841 2077 1210 2158 patientiam
1270 2075 1477 2147 discit,
1531 2084 1593 2137 et
1642 2076 1928 2137 coronari

435 2184 735 2246 meretur,
770 2184 839 2237 ut
871 2176 937 2237 in
971 2174 1355 2257 martyribus
1396 2174 1750 2236 innotescit.
1788 2174 1928 2235 lla‘c

431 2276 799 2339 Richardus.

512 2374 816 2437 Praeterea
845 2372 1069 2455 quaerit
1102 2372 1472 2443 Richardus,
1508 2391 1586 2433 an
1620 2371 1782 2433 mala
1816 2371 1925 2433 fie-

433 2474 485 2535 ri
529 2474 610 2535 sit
652 2491 895 2535 verum.
937 2472 1012 2533 Et
1054 2471 1394 2552 respondet
1428 2490 1441 2533 ε
1478 2471 1544 2531 ln
1590 2469 1759 2531 malo
1803 2469 1929 2530 duo

434 2572 937 2642 considerantur,
973 2570 1291 2638 videlicet,
1334 2587 1435 2630 res
1483 2587 1595 2630 seu
1645 2568 1928 2648 operatio

432 2669 817 2733 deformitati
870 2670 1110 2750 peccat-i
1164 2667 1501 2736 substrata,
1536 2673 1599 2728 et
1642 2666 1775 2748 ipsa
1826 2666 1929 2726 ‹le-

430 2767 718 2830 formitas
778 2767 1002 2848 culpae.
1064 2766 1345 2827 Primum
1405 2766 1659 2827 realiter
1718 2764 1813 2837 fit,
1865 2772 1928 2825 et

433 2867 641 2948 ipsum
684 2865 827 2927 fieri
866 2865 1121 2927 realiter
1150 2884 1373 2926 verum
1402 2872 1514 2925 est.
1552 2862 1927 2925 Deformitas

429 2983 580 3027 vero
630 2964 741 3026 illa
786 2970 881 3026 est
941 2962 1215 3045 privatio
1264 2962 1461 3023 debiti
1514 2962 1663 3023 boni
1712 2978 1725 3023 :
1786 2961 1928 3022 ideo

2042 2000 2150 2041 sus
2181 1998 2332 2043 vero
2364 1980 2571 2061 privat
2607 1979 3048 2047 intentionem,
3083 1977 3190 2039 sed
3232 1995 3360 2039 non
3397 1994 3541 2058 ope-

2042 2079 2446 2152 rationem‚ut
2481 2085 2648 2161 patet
2679 2078 2741 2139 in
2775 2076 3053 2139 fodiente
3082 2076 3446 2156 sepulcrum
3475 2082 3539 2137 et

2042 2177 2407 2239 inveniente
2449 2177 2835 2238 thesaurum.
2873 2174 3131 2238 Occasio
3169 2182 3382 2235 autem
3415 2174 3538 2254 pri-

2041 2282 2145 2337 vat
2175 2283 2518 2357 utrumque
2548 2293 2561 2337 :
2596 2292 2720 2336 non
2752 2273 2924 2335 enim
2957 2272 3110 2334 dicit
3143 2270 3534 2353 principium

2041 2374 2397 2455 producens
2441 2373 2539 2435 vel
2585 2372 2941 2443 intendenS,
2976 2371 3084 2433 sed
3131 2369 3342 2451 potius
3381 2369 3537 2432 dicit

2037 2471 2278 2552 aliquid
2312 2472 2478 2552 quod
2513 2470 2903 2553 principium
2934 2468 3139 2531 afficit
3167 2475 3233 2528 ut
3261 2466 3533 2545 efficiat3

2040 2569 2579 2651 quemadmodum
2612 2568 2665 2629 si
2705 2567 2938 2649 aliquis
2977 2585 3055 2628 ex
3085 2565 3280 2627 verbo
3317 2565 3536 2627 audito

2040 2668 2316 2749 percutit
2344 2668 2563 2739 alium,
2589 2667 2858 2729 verbum
2890 2665 3047 2727 illud
3077 2664 3388 2739 auditum,
3414 2663 3537 2725 fuit

2037 2766 2286 2829 occasio
2315 2767 2468 2847 (non
2501 2765 2793 2827 efficiens
2835 2765 3051 2842 causa)
3081 2761 3532 2844 percussionis,

2039 2884 2157 2927 nec
2214 2864 2594 2946 percutienti
2651 2880 3018 2943 cooperanS,
3071 2861 3179 2923 sed
3230 2860 3532 2942 quodam-

2040 2963 2228 3024 modo
2273 2961 2588 3024 afficiens.
2628 2961 2768 3023 Haec
2818 2960 3078 3021 demum
3127 2958 3376 3020 occasio
3425 2958 3535 3019 du-

431 3082 557 3128 non
598 3062 905 3146 competit
944 3063 999 3124 ei
1038 3061 1291 3125 realiter
1319 3060 1487 3133 fieri,
1520 3060 1644 3121 nisi
1687 3079 1799 3141 per
1834 3080 1929 3121 ae·
1964 3060 2007 3124 C
2041 3060 2186 3144 plex
2235 3068 2333 3121 est
2385 3078 2398 3123 :
2454 3079 2580 3121 una
2627 3058 3094 3141 quodammodo
3151 3056 3392 3119 habens
3445 3076 3537 3118 ra-

431 3163 671 3234 cidenS,
721 3163 784 3224 in
827 3170 1135 3244 quantum
1178 3161 1256 3222 fit
1298 3160 1360 3220 id
1402 3160 1502 3220 cui
1544 3159 1921 3221 annectitur.

432 3262 662 3343 Sicque
710 3260 947 3322 malum
991 3259 1133 3321 sieri
1179 3277 1307 3320 non
1348 3265 1444 3319 est
1482 3276 1702 3318 verum
1748 3257 1927 3319 reali-

432 3369 548 3432 ter,
592 3359 716 3421 nisi
768 3378 880 3440 per
922 3357 1215 3420 accidens
1262 3377 1277 3420 ε
1324 3356 1415 3418 sic
1464 3357 1637 3418 enim
1687 3356 1923 3418 malum

434 3475 561 3520 non
602 3457 791 3520 habet
833 3476 1087 3518 causam
1120 3455 1511 3518 efficientem
1556 3474 1667 3535 per
1696 3475 1781 3516 se.
1817 3455 1930 3516 Ve-

436 3564 797 3618 rumtamen
847 3574 1045 3636 quum
1089 3553 1471 3635 privationes
1522 3554 1647 3614 sint
1696 3573 1795 3614 res
1836 3573 1928 3614 ra-

434 3654 629 3717 tionis
681 3654 744 3715 in
792 3661 1101 3734 quantum
1160 3661 1309 3713 sunt-
1357 3650 1693 3713 intellectae
1740 3659 1929 3733 atque

440 3773 553 3836 per
601 3752 929 3834 oppositos
973 3751 1227 3813 habitus
1278 3749 1734 3830 intelligibileS,
1789 3750 1929 3812 ideo

436 3852 661 3914 dicunt
700 3851 921 3932 aliqui,
958 3850 1124 3931 quod
1166 3869 1277 3930 per
1313 3869 1379 3911 se
1417 3868 1637 3911 verum
1679 3857 1775 3910 est
1808 3868 1933 3910 ma-

439 3951 643 4013 litiam
711 3949 877 4020 sieri,
945 3948 1263 4029 loquendo
1325 3947 1401 4009 de
1465 3947 1727 4008 veritate
1789 3966 1929 4028 quae

435 4047 851 4129 consequitur
908 4065 1041 4108 rem
1101 4045 1453 4108 secundum
1511 4063 1649 4106 esse
1708 4065 1928 4127 appre-

434 4147 709 4209 hensum
761 4164 874 4207 seu
926 4143 1319 4206 intellectum
1360 4161 1374 4204 :
1414 4150 1477 4205 et
1520 4143 1652 4204 haec
1695 4143 1932 4204 dicitur

2038 3160 2278 3222 tionem
2327 3160 2542 3233 activi,
2589 3159 2737 3240 quia
2790 3156 3256 3240 quodammodo
3304 3155 3538 3218 excitat

2038 3259 2457 3332 efficientem,
2506 3257 2671 3320 sicut
2724 3257 2960 3318 malum
3019 3255 3385 3337 exemplum
3436 3274 3537 3317 ex-

2040 3358 2190 3418 citat
2242 3357 2318 3418 ad
2364 3356 2805 3437 peccandum;
2850 3354 2974 3417 alia
3016 3373 3158 3436 quae
3205 3353 3394 3415 habet
3442 3372 3537 3416 ra-

2039 3455 2278 3517 tionem
2329 3453 2587 3535 passivi,
2631 3461 2700 3514 ut
2752 3471 2829 3514 ex
2877 3470 3005 3534 quo
3055 3451 3287 3532 aliquis
3339 3451 3535 3512 sumit

2040 3554 2371 3626 rationem,
2415 3552 2578 3613 sicut
2625 3551 2857 3632 aliquis
2906 3569 2981 3611 ex
3033 3548 3533 3612 consideratione

2040 3652 2190 3714 mali
2223 3651 2481 3712 alterius
2512 3650 2740 3711 excitat
2775 3668 2840 3710 se
2881 3649 2958 3709 ad
2990 3646 3152 3709 bene
3192 3647 3528 3727 agendum.

2041 3751 2116 3812 Et
2153 3750 2336 3829 juxta
2377 3748 2518 3821 hoc,
2556 3747 3036 3827 intelligendum
3081 3746 3249 3826 quod
3292 3744 3531 3806 malum

2040 3851 2165 3912 duo
2215 3848 2391 3920 dicit,
2437 3853 2609 3928 puta,
2653 3845 3096 3927 privationem,
3131 3851 3192 3905 et
3241 3853 3530 3906 naturam

2040 3945 2460 4011 ordinabilem
2507 3945 2570 4006 in
2615 3944 2882 4006 salutem
2920 3961 2933 4005 ε
2968 3950 3030 4004 et
3073 3942 3314 4006 ratione
3359 3942 3535 4003 mali-

2044 4047 2143 4109 tiae
2184 4045 2339 4108 dicit
2378 4043 2913 4124 comparationem
2959 4042 3036 4103 ad
3081 4041 3320 4103 bonum
3364 4041 3532 4122 quod

2040 4145 2295 4206 elicitur
2341 4161 2418 4203 ex
2467 4159 2564 4215 e0,
2606 4141 2773 4202 sicut
2821 4139 3071 4221 passiva
3117 4137 3402 4216 occasi03
3445 4157 3538 4200 ra-

435 4245 669 4308 veritas
712 4242 996 4313 rationis,
1041 4260 1167 4304 non
1216 4241 1326 4303 rei.
1372 4242 1514 4304 llaec
1558 4241 1924 4305 Richardus.
1962 4246 2009 4307 D
2043 4244 2212 4305 tione
2243 4240 2393 4302 boni
2424 4239 2592 4320 quod
2625 4237 3073 4310 substernitur,
3093 4237 3259 4299 sicut
3286 4236 3534 4299 occasio

517 4343 867 4406 Concordat
915 4341 1183 4403 Thomas
1242 4340 1307 4401 in
1367 4339 1614 4420 Scripto
1672 4339 1859 4421 primi
1912 4358 1925 4401 :

434 4443 702 4514 Verium,
752 4439 1071 4521 inquienS,
1114 4447 1209 4500 est
1258 4438 1335 4500 de
1384 4437 1483 4499 his
1532 4456 1644 4499 seu
1694 4439 1771 4499 de
1820 4457 1932 4500 nu-

439 4556 615 4602 mero
645 4539 873 4600 horum
914 4555 1184 4619 quorum
1226 4536 1385 4598 ratio
1424 4537 1781 4617 completur
1822 4556 1932 4617 per

436 4637 867 4719 operationem
909 4634 1158 4706 animae,
1192 4641 1255 4696 et
1292 4634 1777 4696 fundamentum
1826 4635 1931 4696 ha-

438 4737 591 4799 bent
641 4735 704 4796 in
755 4753 841 4795 rc.
890 4733 1025 4796 Non
1074 4740 1168 4794 est
1214 4740 1426 4794 autem
1477 4733 1931 4795 inconveniens

437 4833 605 4916 quod
645 4833 723 4895 de
758 4851 822 4894 re
864 4831 1029 4893 mala
1066 4830 1147 4891 sit
1185 4830 1469 4911 operatio
1507 4850 1619 4892 seu
1650 4831 1933 4892 conside-

438 4932 596 4994 ratio
634 4929 865 4992 animae
905 4928 1087 4990 bona.
1123 4928 1225 4990 Sic
1264 4947 1517 5009 quoque
1550 4946 1673 4990 non
1714 4947 1826 4990 ens
1868 4929 1930 4990 in

438 5049 526 5099 re,
569 5029 805 5091 dicitur
847 5046 961 5088 ens
1015 5026 1079 5088 in
1129 5026 1341 5088 anima
1387 5025 1822 5100 ratiocinante,
1866 5037 1931 5089 ut

439 5128 805 5209 negationes
869 5133 932 5187 et
992 5125 1400 5207 privationeS,
1463 5134 1651 5206 prout
1710 5135 1935 5207 quarto

440 5225 881 5307 Metaphysicae
911 5223 1136 5286 asserit
1166 5223 1654 5286 Commentator.
1691 5224 1754 5286 Si
1787 5243 1936 5305 ergo

444 5345 481 5387 a
530 5322 815 5386 veritatis
875 5321 1154 5385 bonitate
1212 5329 1396 5404 prout
1459 5322 1814 5403 completur
1872 5323 1935 5384 in

2040 4341 2254 4422 aliquo
2286 4339 2474 4400 modo
2502 4338 2726 4400 activa.
2764 4336 3022 4418 Propter
3052 4336 3220 4418 quod
3257 4335 3528 4397 dicitur:

2040 4439 2268 4501 Malum
2303 4445 2400 4498 est
2428 4436 2676 4497 occasio
2706 4435 2877 4497 boni.
2901 4471 2982 4480 —
3011 4435 3216 4507 Quum
3246 4452 3396 4514 ergo
3425 4433 3535 4496 ali-

2041 4537 2198 4620 quid
2246 4537 2436 4598 ducat
2487 4535 2552 4595 in
2603 4533 2844 4597 bonum
2896 4532 2996 4595 his
3047 4532 3252 4594 tribus
3307 4533 3531 4605 modiS,

2041 4635 2234 4698 habet.
2292 4633 2722 4696 differentiam
2785 4632 2848 4693 in
2909 4632 3216 4694 ducendo.
3278 4631 3534 4713 Aliquid

2041 4735 2212 4796 enim
2247 4741 2452 4815 potest
2482 4732 2714 4793 ducere
2743 4730 2983 4811 aliquid
3015 4731 3092 4790 ad
3123 4730 3393 4790 alterum
3427 4737 3536 4791 aut

2041 4853 2117 4895 ex
2164 4853 2253 4904 se,
2286 4839 2396 4893 aut
2439 4849 2550 4912 per
2596 4828 2836 4909 aliquid
2882 4827 2978 4888 sui
3016 4835 3124 4889 :et
3169 4835 3320 4889 tunc
3365 4835 3535 4889 tenet

2043 4931 2350 4993 rationem
2384 4948 2587 4991 causae
2619 4946 2731 5009 per
2762 4945 2850 4998 se,
2877 4934 2946 4986 ut.
2979 4925 3217 4987 malitia
3248 4933 3534 5008 tyranno—

2044 5049 2186 5091 rum
2228 5028 2303 5090 ad
2349 5025 2717 5108 patientiam
2761 5022 3171 5105 martyrum‚*
3199 5029 3260 5084 et
3295 5023 3534 5105 patien-

2042 5127 2130 5188 tia
2157 5125 2236 5188 ad
2265 5123 2550 5204 gloriam.
2586 5123 2709 5184 Aut
2740 5127 2944 5201 potest
2973 5120 3203 5182 ducere
3245 5139 3356 5202 per
3384 5121 3533 5182 alte-

2046 5243 2211 5296 rum,
2253 5223 2331 5284 ad
2381 5219 2550 5302 quod
2599 5227 2808 5280 tamen
2857 5235 2982 5280 non
3032 5217 3380 5289 ordinatur,
3421 5219 3532 5280 sed

2048 5321 2206 5386 illud
2251 5319 2579 5384 ordinatur
2620 5317 2698 5379 ad
2747 5315 3024 5394 tertium,
3059 5323 3314 5400 sumpta
3359 5334 3535 5379 occa-

3615 5025 3634 5044 ·
3651 5023 3741 5066 Hoc
3759 5034 3828 5064 ex-

3560 5087 3748 5142 emplum
3775 5099 3826 5128 ex

3560 5149 3708 5193 codiee
3717 5161 3830 5191 men-

3561 5213 3670 5255 doso
3715 5212 3830 5254 vide·

3562 5280 3633 5318 tur
3664 5274 3832 5317 desum-

3563 5341 3700 5393 ptum.
