4359 6250
553 1574 703 1627 quest..
730 1575 767 1616 t.

824 488 947 555 642

1394 760 1749 824 SUMMA

850 934 1350 991 DISTINCTIONIS
1388 934 1955 1001 QUADRAGESIMAE
1992 933 2303 988 SEPTIMAE

983 1169 1100 1230 hac
1136 1168 1543 1231 distinctione
1574 1167 1847 1230 declarat
1876 1166 2168 1248 Magister
2196 1166 2318 1227 dif-

932 1267 1137 1329 fusius
1180 1286 1323 1349 quae
1372 1266 1435 1327 in
1484 1265 1863 1347 praecedenti
1910 1264 2318 1327 distinctione

823 1372 972 1427 sunt
1030 1364 1218 1435 dicta,
1280 1371 1497 1446 utpote
1557 1364 1945 1426 voluntatem
2007 1362 2117 1424 Dei
2178 1381 2317 1424 esse

819 1463 1057 1545 jugiter
1104 1463 1437 1525 efficacem
1496 1461 2047 1543 infallibiliterque
2096 1461 2318 1542 imple-

822 1561 876 1623 ri
912 1578 926 1623 z
961 1561 1128 1643 quod
1157 1560 1339 1641 juxta
1369 1560 1714 1642 praehabita
1742 1559 2190 1641 accipiendum
2222 1566 2318 1620 est

821 1659 899 1720 de
948 1658 1273 1720 voluntate
1321 1658 1431 1720 Dei
1492 1656 1746 1739 proprie
1804 1676 1877 1719 ac
1936 1656 2317 1737 simpliciter

820 1757 1009 1831 dicta,
1050 1776 1192 1838 quae
1239 1764 1335 1821 est
1383 1756 1675 1819 voluntas
1724 1755 2129 1837 beneplaciti,
2172 1773 2318 1816 con-

1270 511 1333 557 ΙΝ
1373 512 1656 575 LIBRUM-1
1700 506 2181 557 SENTENTIARL'M.
2223 527 2304 536 —
2344 492 2702 553 nlsr.'x¹.vll
2747 506 2997 569 summm
3040 504 3264 563 QUAEST.
3312 503 3496 551 UNICA
3578 510 3604 533 ⁶

2352 678 2404 740 A
2432 697 2556 760 que
2595 677 2836 760 aliquid
2875 677 3159 758 jubendo
3198 677 3522 757 signamus
3553 674 3719 737 velle
3759 672 3924 743 fieri,

2433 777 2600 857 quod
2635 783 2844 839 tamen
2877 776 3017 838 fieri
3053 776 3374 848 nolumuS‚
3407 774 3519 836 sed
3551 780 3794 835 tantum
3827 790 3932 833 ex-

2434 874 2861 955 perimentum
2893 874 3270 937 obedientiae
3300 873 3648 955 quaerimus
3673 890 3688 935 :
3714 888 3932 953 quem·

2431 974 2774 1035 admodum
2840 972 3157 1035 Abraham
3217 991 3254 1033 a
3311 972 3581 1034 Domino
3648 975 3926 1032 tentatus
3958 981 4258 1033 Gemmas.

2434 1070 2665 1152 legitur
2705 1079 2768 1133 et
2805 1072 3022 1152 jussus
3071 1069 3282 1133 filium
3336 1069 3687 1142 immolare,
3731 1086 3926 1149 quem

2432 1170 2597 1231 Deus
2638 1168 2891 1231 nolebat
2927 1168 3008 1231 ab
3048 1187 3124 1232 eo
3161 1168 3386 1233 occidi.
3423 1168 3498 1229 Et
3538 1167 3657 1229 hoc
3701 1165 3930 1248 probat

2429 1266 2802 1329 Ambrosius
2841 1286 2916 1329 ex
2958 1268 3076 1329 hoc
3108 1268 3277 1349 quod
3323 1265 3628 1329 Dominus
3658 1264 3820 1326 dixit
3846 1263 3926 1325 ad

2432 1364 2768 1439 Abraham,
2813 1366 2948 1428 Non
2999 1366 3298 1427 extendas
3349 1383 3612 1427 manum
3659 1363 3724 1424 in
3776 1381 3930 1444 pue-
3987 1374 4224 1418 mid-12.

2431 1483 2574 1525 rum
2609 1483 2624 1527 :
2661 1472 2959 1546 tanquam
3005 1464 3192 1537 dicat,
3223 1463 3546 1525 Affectum
3591 1459 3924 1543 inquisivi,

2431 1581 2556 1626 non
2602 1582 2763 1645 opus
2806 1563 3006 1645 exegi.
3051 1561 3354 1625 Tentabat
3401 1562 3566 1623 Deus
3613 1558 3924 1621 affectum

2432 1662 2648 1743 patriS‚
2711 1682 2790 1724 an
2851 1662 2961 1724 Dei
3025 1668 3340 1743 praecepta
3401 1656 3727 1743 praeferret
3783 1657 3928 1720 filio

2429 1778 2563 1823 suo.
2613 1761 2700 1822 Ex
2752 1761 2870 1823 hac
2919 1760 3326 1823 distinctione
3375 1766 3548 1841 patet
3594 1757 3764 1840 quod
3814 1758 3928 1819 du-

820 1874 1116 1937 sequens,
1169 1862 1231 1916 et
1292 1855 1502 1936 ipsum
1563 1854 1725 1916 velle
1784 1854 2187 1935 omnipotens
2250 1853 2314 1914 in
2350 1855 2396 1917 B
2429 1859 2574 1940 plex
2612 1867 2706 1921 est.
2747 1866 3159 1941 praeceptum,
3193 1857 3489 1921 videlicet
3533 1854 3926 1938 probationis

822 1954 950 2015 Deo
1000 1954 1375 2027 consistenS,
1418 1961 1480 2015 et
1524 1953 1693 2014 idem
1742 1971 1888 2014 cum
1939 1970 2077 2013 csse
2126 1959 2316 2033 atque

2427 1964 2486 2018 et
2530 1958 2974 2020 exsecutionis.
3009 1956 3284 2039 Vultque
3323 1954 3719 2027 AmbrosiuS,
3752 1953 3924 2035 quod

524 2066 790 2171 fanen-xm.
820 2052 1095 2113 essentia
1143 2051 1253 2113 Dei
1304 2068 1317 2112 :
1370 2050 1470 2111 cui
1523 2050 1830 2112 voluntati
1885 2049 2059 2111 nulla
2110 2056 2316 2130 potest
2429 2055 2492 2116 in
2560 2064 2875 2137 praecepto
2936 2054 3327 2137 probationis
3387 2054 3714 2135 signamus
3777 2050 3922 2113 fieri

821 2157 1109 2211 creatura
1156 2147 1449 2211 resistere
1501 2168 1617 2209 nec
1666 2146 2025 2229 praevalere.
2074 2146 2313 2208 Deinde

764 2318 774 2328 ,
820 2256 1032 2310 movet
1076 2248 1245 2310 circa
1287 2247 1406 2309 hoc
1451 2246 1666 2319 dubia,
1698 2254 1760 2307 et
1800 2266 1873 2308 ea
1915 2246 2212 2318 declarat,
2240 2264 2312 2305 ac

816 2346 927 2407 illa
981 2365 1123 2428 quae
1183 2345 1455 2408 invicem
1512 2344 1808 2407 videntur
1866 2341 2313 2406 contrariantia

815 2444 1175 2517 concordat,
1211 2444 1543 2525 pandendo
1574 2443 1847 2525 qualiter
1877 2442 2167 2505 voluntas
2201 2440 2311 2503 Dei

814 2541 879 2603 in
925 2541 1269 2623 Scripturis
1308 2549 1370 2603 et
1409 2541 1474 2602 in
1515 2540 1729 2603 verbis
1773 2541 2103 2603 doctorum
2150 2539 2312 2601 mul-

809 2639 1117 2720 tipliciter
1149 2638 1517 2721 accipiatur.
1554 2640 1811 2713 Verum,
1847 2646 1913 2700 ut
1946 2638 2102 2700 mihi
2136 2638 2310 2700 vide-

808 2744 934 2811 tur,
985 2737 1200 2800 omnia
1248 2737 1313 2799 in
1363 2737 1771 2799 distinctione
1820 2738 1939 2799 ista
1988 2743 2306 2809 contenta,

810 2835 877 2897 in
937 2834 1318 2916 praecedenti
1378 2835 1785 2897 distinctione
1846 2834 2310 2897 sententialiter

810 2933 1235 2994 continentur.
1272 2933 1628 2995 Solutiones
1660 2932 1847 2995 etiam
1882 2933 2306 3013 quaestionum

2426 2153 2595 2234 quod
2654 2151 2798 2215 fieri
2858 2154 3178 2227 nolumuS,
3241 2152 3352 2215 sed
3410 2150 3922 2234 experimentum

2425 2250 2825 2313 solummodo
2877 2250 3262 2332 quoerimus3
3320 2250 3386 2311 in
3437 2258 3755 2331 praecepto
3811 2268 3922 2309 au-

2428 2356 2554 2408 tem
2628 2348 3056 2410 exsecutionis
3133 2346 3459 2427 signamus
3530 2346 3678 2408 fieri
3749 2346 3920 2428 quod

2426 2444 2566 2506 fieri
2628 2446 2942 2508 volumus.
3009 2445 3237 2526 Sicque
3305 2452 3693 2527 praeceptum
3762 2444 3920 2506 illud

2422 2542 2688 2606 Abrahae
2739 2541 2979 2605 factum
3030 2543 3108 2604 de
3161 2542 3302 2605 filio
3354 2542 3768 2616 immolando,
3822 2541 3922 2603 fu-

2424 2641 2473 2702 it
2539 2648 2930 2723 praeceptum
3001 2639 3414 2722 probationis,
3477 2641 3648 2723 quod
3717 2639 3919 2703 animi

2423 2740 2971 2821 praeparationem,
3037 2757 3164 2801 non
3227 2737 3379 2801 facti
3442 2738 3920 2801 exsecutionem

2421 2837 2649 2917 exegit.

2498 2935 2802 2998 Praeterea
2831 2934 3058 3017 quaerit
3087 2934 3456 3006 Alexander,
3471 2953 3552 2995 an
3584 2935 3748 2995 Deus
3775 2953 3924 3015 que-

808 3050 967 3112 quas
1015 3032 1277 3113 quidam
1328 3032 1432 3092 hic
1484 3039 1760 3104 movent,
1816 3030 1902 3091 ibi
1955 3038 2100 3092 sunt
2150 3030 2304 3091 assi-
2345 3032 2387 3094 C
2419 3044 2480 3097 at
2527 3042 2746 3096 contra
2792 3034 2994 3114 legem
3039 3032 3386 3115 praecipere
3429 3032 3803 3093 naturalem.
3843 3032 3920 3094 Et

808 3138 1031 3210 gnatae.
1066 3129 1222 3192 Nam
1254 3131 1545 3205 Thomas,
1578 3130 1897 3204 Albertus,
1930 3130 2213 3211 AEgidius
2243 3137 2306 3190 et

808 3226 942 3300 alii,
988 3235 1281 3308 quaerunt
1328 3228 1455 3298 hic,
1510 3234 1725 3289 utrum
1776 3227 2069 3290 voluntas
2117 3227 2305 3289 bene-

808 3325 1025 3406 placiti
1067 3326 1177 3387 Dei
1218 3345 1471 3408 semper
1504 3326 1855 3388 efficaciter
1902 3327 2243 3408 impleatur
2287 3345 2300 3388 :

806 3424 886 3485 ad
930 3424 1099 3505 quod
1144 3424 1524 3505 praecedenti
1572 3424 1980 3486 distinctione
2029 3422 2306 3486 formali-

807 3530 905 3583 ter
952 3529 1047 3584 est
1096 3540 1493 3603 responsum.
1540 3523 1777 3585 Deinde
1826 3523 1930 3584 hic
1972 3522 2300 3605 quaeritur,

805 3639 885 3682 an
922 3619 1166 3702 aliquid
1202 3619 1315 3682 fiat
1348 3628 1574 3702 praeter
1608 3621 1719 3683 Dei
1750 3620 2141 3683 voluntatem
2178 3637 2194 3682 ε
2227 3621 2300 3682 ad

806 3718 978 3800 quod
1036 3719 1188 3780 item
1248 3737 1625 3801 responsum
1677 3727 1791 3781 est.
1848 3719 1923 3780 Et
1972 3727 2188 3780 utrum
2241 3719 2303 3779 id

806 3817 977 3899 quod
1017 3817 1094 3878 fit
1136 3825 1365 3899 praeter
1395 3818 1784 3880 voluntatem
1828 3817 1961 3891 Dei,
1995 3815 2305 3897 obsequa-

806 3923 911 3977 tur
954 3922 1015 3977 et
1061 3916 1297 3978 serviat
1339 3916 1647 3978 voluntati
1701 3916 1905 3997 ipsius
1949 3933 1963 3977 :
2007 3915 2085 3977 ad
2133 3916 2303 3996 quod

810 4014 1042 4077 solutio
1084 4022 1180 4076 est
1222 4014 1499 4076 inducta.

1132 4277 1605 4351 QUAESTIO
1672 4275 1990 4341 UNICA

952 4501 1221 4565 Uaeritur
1262 4501 1415 4564 item
1468 4501 1592 4576 hic,
1627 4504 1755 4569 An
1798 4505 2009 4570 Deus
2051 4505 2308 4584 possit

978 4602 1407 4683 praeoipere
1450 4614 1545 4667 ea
1585 4615 1757 4683 quae
1798 4605 1987 4668 sunt
2028 4604 2307 4668 contra

805 4704 947 4769 aut
990 4703 1283 4781 praeter
1321 4701 1831 4768 voluntatem
1870 4716 2121 4767 suam.

884 4801 978 4862 Ad
1010 4798 1183 4881 quod
1224 4799 1507 4861 nondum
1540 4807 1668 4860 tam
1702 4799 2031 4861 evidenter
2070 4799 2303 4861 solutio

802 4906 900 4960 est
929 4914 1246 4979 expressa.
1276 4897 1561 4958 Breviter
1591 4897 1785 4976 igitur
1814 4898 2126 4977 tangenda
2155 4905 2305 4958 sunt

801 4996 1016 5077 aliqua
1058 5013 1173 5076 pro
1216 4994 1468 5057 clariori
1514 4995 1935 5076 intelligentia
1975 4995 2227 5057 horum.

882 5195 1098 5274 ltaque
1142 5191 1496 5254 Alexander
1540 5191 1886 5254 conscribit
1931 5210 1945 5254 :
1990 5193 2165 5255 Sicut
2213 5193 2301 5255 ait

798 5290 1171 5353 Ambrosius
1207 5289 1272 5350 in
1305 5289 1467 5352 libro
1496 5290 1572 5350 de
1604 5290 2299 5372 patriarchis‚quando-

2421 3134 2758 3215 respondet
2793 3151 2807 3194 ε
2844 3133 3046 3213 Super
3087 3131 3245 3193 illud
3284 3132 3364 3193 ad
3395 3131 3729 3204 Romanos,
3763 3132 3920 3195 Con·
3951 3155 4252 3210 namnet,

2421 3241 2514 3293 tra
2554 3239 2842 3294 naturam
2886 3230 3160 3292 insertus
3190 3248 3258 3292 es
3289 3230 3356 3291 in
3393 3229 3623 3292 bonam
3654 3230 3912 3303 olivam,

2418 3329 2753 3409 distinguit
2787 3329 3004 3392 Glossa
3042 3338 3272 3388 contra
3306 3337 3620 3388 naturam
3650 3327 3914 3410 triplici-

2421 3436 2532 3490 ter.
2568 3429 2644 3490 Et
2673 3428 2950 3490 sumitur
2991 3427 3110 3488 ista
3150 3424 3475 3489 distinctio
3511 3426 3592 3487 ab
3622 3427 3920 3508 Augusti-

2419 3545 2502 3589 no
2561 3534 2780 3588 contra
2835 3527 3138 3588 Faustum
3197 3525 3446 3587 dicente
3509 3542 3525 3586 z
3578 3525 3920 3606 Apostolus

2419 3625 2573 3686 dicit
2632 3623 2696 3685 id
2756 3642 2894 3686 esse
2953 3631 3172 3686 contra
3229 3631 3544 3697 naturam,
3596 3623 3765 3704 quod
3825 3631 3924 3684 est

2421 3729 2641 3784 contra
2688 3721 3216 3784 consuetudinem
3275 3728 3514 3784 natura}
3562 3739 3756 3802 quam
3816 3739 3926 3784 no—

2420 3819 2558 3881 titia
2595 3818 3077 3899 comprehendit
3107 3819 3403 3880 humana.
3439 3817 3734 3881 Secundo
3775 3837 3924 3882 cou-

2423 3927 2519 3980 tra
2549 3927 2841 3980 naturam
2874 3916 3127 3990 dicitur,
3147 3925 3368 3980 contra
3397 3916 3755 3978 naturalem
3787 3937 3929 4000 pos-

2418 4016 2788 4078 sibilitatem
2823 4023 3060 4077 naturae
3091 4015 3352 4076 inditam
3381 4021 3450 4076 ut
3473 4015 3551 4076 de
3585 4013 3693 4076 illa
3721 4015 3926 4076 valeat

2418 4115 2626 4177 facere
2669 4115 2834 4176 Deus
2875 4112 3188 4194 quidquid
3230 4113 3387 4175 vult.
3423 4113 3654 4194 Sicque
3696 4113 3924 4174 asserit

2337 4216 2385 4276 D
2417 4212 2811 4294 Augustinus
2856 4230 2870 4274 :
2921 4211 3087 4272 Deus
3135 4211 3425 4272 omnium
3477 4211 3770 4274 conditor
3817 4229 3925 4273 na-

2415 4319 2696 4372 turarum
2729 4309 2892 4371 nihil
2924 4309 3055 4389 agit
3085 4315 3302 4370 contra
3333 4316 3638 4370 naturam.
3658 4309 3725 4371 ld
3755 4309 3923 4371 enim

2413 4409 2536 4471 erit
2576 4407 2926 4489 unicuique
2969 4406 3275 4480 naturale,
3309 4407 3480 4488 quod
3525 4407 3690 4468 Deus
3739 4408 3804 4469 in
3847 4426 3924 4469 ea

2416 4515 2480 4569 et
2527 4506 2604 4567 de
2654 4524 2728 4568 ea
2775 4505 3085 4578 effecerit,
3137 4523 3175 4566 a
3223 4522 3353 4586 quo
3405 4505 3616 4568 omnis
3665 4507 3918 4578 moduS‚

2415 4623 2721 4666 numerus
2761 4611 2824 4664 et
2862 4603 3017 4665 ordo
3056 4602 3246 4663 fluxit
3285 4610 3546 4665 naturae.
3581 4603 3792 4666 Tertio
3831 4604 3924 4666 di-

2417 4702 2583 4764 citur
2623 4709 2843 4764 contra
2887 4709 3202 4774 naturam,
3237 4709 3456 4763 contra
3499 4719 3766 4764 summae
3815 4721 3922 4764 na-

2415 4809 2574 4864 turae
2623 4801 2848 4881 legem.
2903 4800 2979 4861 Et
3034 4800 3169 4862 haec
3228 4807 3324 4861 est
3383 4818 3636 4862 summa
3694 4809 3923 4863 natura

2415 4918 2556 4980 quae
2601 4906 2699 4960 est
2744 4898 2808 4959 in
2855 4899 3004 4970 Deo,
3048 4897 3203 4958 alias
3255 4897 3550 4977 regulans
3599 4905 3855 4960 naturas
3899 4917 3916 4960 ε

2415 5003 2633 5058 contra
2671 5015 2864 5078 quam
2908 4996 3074 5056 Deus
3113 4994 3204 5056 nil
3235 5002 3535 5076 operatur
3573 5013 3692 5056 nec
3733 5014 3920 5076 agere

2416 5102 2644 5175 potest,
2697 5113 2814 5156 nec
2873 5101 3092 5156 contra
3142 5092 3344 5172 legem
3394 5099 3634 5154 naturae
3691 5111 3918 5155 secun-

2414 5193 2494 5254 do
2545 5193 2734 5254 modo
2791 5198 3142 5272 acceptam,
3191 5190 3358 5252 sicut
3413 5208 3533 5252 nec
3581 5198 3801 5252 contra
3847 5209 3918 5253 se

2415 5291 2666 5373 ipsum3
2712 5290 2822 5352 sed
2872 5296 3092 5352 contra
3141 5308 3400 5351 cursum
3448 5297 3510 5352 et
3554 5289 3756 5371 legem
3807 5309 3918 5352 na·
