4359 6250
760 504 961 553 mm(
1003 505 1067 553 IN
1108 504 1227 553 DEO
1270 504 1363 551 sl'r
1404 502 1737 562 VOLUNTAS,
1778 503 1852 550 13⁹1·
1892 502 2035 561 Qum
2078 463 2440 550 SIT'DIVINAE
2480 502 2852 551 vOLUNTA'rls
2893 502 3194 550 omEcTuu

422 674 827 740 nobilissimo
876 677 1065 739 modo
1122 683 1271 738 sunt
1319 676 1383 737 in
1434 675 1563 739 Deo
1614 695 1629 739 :

420 792 551 835 non
590 774 784 837 habet
820 775 1197 858 appetitum.
1234 766 1485 848 Quarta,
1521 773 1672 855 quia
1700 772 1921 834 volun-

424 880 517 934 tas
560 873 1034 937 diversificatur
1081 874 1437 936 secundum
1481 872 1691 934 volita.
1727 870 1917 945 Quin-

418 978 503 1043 ta,
555 972 859 1053 quoniam
918 990 1108 1034 omne
1159 972 1381 1034 volens
1436 977 1531 1032 est
1583 970 1727 1031 duo.
1780 969 1917 1031 Non

416 1069 591 1130 enim
637 1078 735 1131 est
772 1070 1013 1143 volenS,
1056 1070 1178 1133 nisi
1231 1069 1527 1131 nuntium
1574 1068 1632 1130 ei
1684 1066 1797 1129 fiat
1839 1068 1917 1128 de

416 1167 617 1229 volito
670 1188 685 1231 ε
738 1170 1039 1231 nuntians
1096 1176 1310 1230 autem
1370 1176 1431 1229 et
1490 1168 1710 1230 volens
1770 1173 1917 1228 sunt

417 1266 566 1327 duo.

498 1364 621 1425 Sed
672 1372 891 1427 eontra
951 1364 1119 1427 istud
1169 1364 1496 1445 objicitur,
1548 1364 1699 1446 quia
1746 1363 1915 1445 quod

416 1462 612 1524 habet
658 1462 723 1524 in
766 1482 836 1525 se
878 1463 1155 1525 liberum
1198 1483 1329 1525 suae
1370 1462 1639 1526 actionis
1684 1462 1916 1544 princi-

418 1559 623 1640 pium,
658 1560 879 1623 volens
919 1569 1013 1621 est
1047 1580 1061 1623 z
1095 1568 1318 1623 natura
1358 1561 1597 1643 quippe
1638 1578 1765 1622 non
1810 1560 1917 1621 ha-

417 1656 527 1719 bet
575 1658 641 1719 in
692 1676 761 1720 se
809 1658 1085 1720 liberum
1134 1658 1521 1740 operationis
1570 1677 1699 1720 suae
1743 1658 1915 1739 prin-

414 1755 682 1838 cipium.
719 1756 885 1818 Deus
928 1764 1140 1818 autem
1188 1755 1378 1817 habet
1423 1756 1487 1817 in
1530 1776 1599 1818 se
1640 1755 1913 1817 liberum

3401 481 3523 549 605

1683 673 2204 737 idcircoAaetus
2261 672 2624 735 voluntatis
2687 673 2832 735 Ideo
2895 673 3060 734 sicut
3117 671 3183 733 in
3242 672 3369 734 Deo
3426 678 3524 733 est

2028 789 2228 845 amor,
2263 772 2350 832 ita
2377 778 2438 832 et
2469 771 2778 834 voluntas
2807 771 3040 853 Estque
3070 770 3362 833 voluntas
3393 770 3522 833 Deo

2028 869 2415 931 conveniens
2455 887 2580 931 non
2622 870 2863 932 ratione
2901 870 3151 950 generis
3195 868 3318 943 sui,
3352 868 3522 950 quod

2026 975 2122 1029 est
2150 968 2493 1049 appetituS‚
2517 968 2628 1029 sed
2657 987 2734 1029 ex
2766 967 3021 1050 propria
3051 968 3292 1030 ratione
3326 984 3341 1028 t
3374 966 3525 1049 quia

2026 1085 2101 1127 ex
2148 1068 2405 1148 propria
2447 1067 2688 1130 ratione
2732 1065 2884 1128 dicit
2930 1067 2992 1128 id
3035 1065 3204 1148 quod
3246 1072 3342 1127 est
3385 1083 3522 1146 per-

2025 1164 2323 1228 fectionis
2389 1165 2454 1227 in
2523 1165 2936 1227 intellectuali
3005 1174 3246 1226 natura.
3310 1164 3516 1237 Quum

2025 1263 2199 1324 enim
2246 1264 2455 1326 omnis
2499 1270 2724 1324 natura
2771 1262 2996 1325 habeat
3037 1262 3368 1345 preprium
3413 1261 3522 1323 bo-

2025 1381 2206 1433 num,
2241 1361 2408 1443 quod
2447 1368 2615 1423 amat
2645 1369 2833 1443 atque
2863 1360 3178 1422 desiderat
3206 1360 3520 1422 desiderio

2027 1460 2415 1542 competenti
2459 1478 2590 1521 suae
2629 1466 2890 1532 naturae‚
2925 1459 3372 1520 intellectualis
3415 1477 3520 1520 na-

2028 1566 2167 1619 tura
2217 1558 2444 1619 ceteris
2491 1556 2791 1619 omnibus
2851 1556 3283 1639 imperfectior
3329 1566 3516 1629 esset,

2026 1655 2076 1716 si
2120 1656 2222 1717 vel
2264 1656 2503 1717 bonum
2543 1655 2800 1736 aliquod
2845 1674 2974 1717 suae
3013 1664 3252 1718 naturae
3294 1674 3519 1717 conve-

2026 1753 2211 1815 niens
2261 1772 2389 1815 non
2450 1753 2730 1829 haberet,
2783 1754 2883 1815 vel
2946 1754 3104 1815 illud
3160 1772 3376 1817 amore
3425 1755 3518 1818 in-

414 1854 805 1935 operationis
836 1874 965 1916 suae
997 1853 1407 1935 principium.
1432 1888 1513 1898 ——-
1540 1854 1800 1925 RurSUS,
1826 1871 1916 1914 se-
1950 1853 1996 1915 B
2028 1852 2392 1923 tellectuali,
2444 1851 2553 1933 qui
2603 1870 2782 1915 amor
2827 1860 2923 1915 est
2971 1853 3337 1927 voluntatiS,
3391 1871 3518 1917 non

416 1952 700 2013 cundum
759 1951 1239 2033 Philosophum,
1299 1952 1731 2014 voluntarium
1792 1959 1909 2025 est,

416 2049 603 2130 cujus
657 2050 1051 2132 principium
1104 2058 1200 2112 est
1255 2051 1317 2112 in
1366 2070 1433 2113 se
1483 2052 1620 2131 ipso
1671 2051 1913 2113 consci-

414 2155 562 2209 ente
605 2147 857 2228 singula
901 2148 967 2209 in
1012 2147 1246 2230 quibus
1290 2158 1386 2210 est
1428 2156 1624 2211 actus.
1674 2149 1750 2210 Et
1794 2149 1913 2211 hoc

418 2246 695 2307 maxime
736 2246 1033 2309 convenit
1067 2248 1195 2309 Deo
1228 2264 1243 2309 ε
1278 2246 1427 2328 qnia
1467 2247 1911 2309 universorum

416 2342 785 2405 distinctam
822 2344 1011 2406 habet
1040 2345 1393 2406 scientiam.
1430 2344 1730 2407 Omnium
1762 2362 1913 2427 quo-

415 2461 541 2523 que
588 2462 733 2524 quae
778 2441 953 2515 facit,
1007 2443 1071 2504 in
1124 2444 1261 2525 ipso
1310 2451 1406 2505 est
1453 2444 1845 2526 principium
1894 2462 1908 2505 ε

412 2557 541 2601 non
581 2539 757 2601 enim
795 2539 1053 2601 aliunde
1090 2540 1413 2602 inducitur
1450 2540 1529 2602 ad
1570 2542 1907 2621 agendum,

412 2656 531 2700 nec
580 2644 727 2699 ante
776 2657 844 2699 se
893 2655 1147 2700 causam
1203 2637 1410 2699 habet.
1462 2674 1542 2684 —
1591 2639 1907 2721 AmpliuS,

410 2756 555 2818 quae
600 2736 925 2798 voluntate
978 2753 1105 2797 non
1153 2734 1342 2809 fiunt,
1387 2736 1733 2799 laudabilia
1782 2755 1909 2800 non

410 2842 581 2907 sunt,
618 2834 921 2915 quoniam
954 2832 1152 2895 libere
1184 2851 1309 2896 non
1340 2841 1631 2914 aguntur.
1664 2834 1727 2897 Si
1759 2854 1908 2917 ergo

409 2932 578 2993 Deus
613 2950 727 3012 per
755 2930 1148 2993 voluntatem
1178 2948 1304 2993 non
1335 2940 1725 3012 operaretur,
1760 2950 1907 3015 ope-

408 3029 686 3092 rationes
726 3028 864 3109 ejus
906 3046 1033 3091 non
1078 3038 1289 3091 essent
1332 3028 1703 3092 laudabiles,

490 3129 613 3191 Sed
650 3128 728 3190 ad
769 3129 902 3192 haee
933 3130 1337 3211 respondere,
1372 3129 1619 3211 istaque
1652 3149 1907 3194 concor-

304 3229 313 3234 “
404 3228 579 3302 dare,
614 3235 711 3290 est
752 3228 941 3290 facile
976 3248 989 3292 :
1025 3229 1327 3311 quoniam
1368 3229 1765 3311 Peripatetici
1810 3231 1905 3292 illi

404 3345 538 3390 non
596 3327 1007 3389 intenderunt
1054 3344 1378 3388 removere
1426 3347 1463 3389 a
1511 3328 1639 3391 Deo
1687 3329 1907 3392 volun-

402 3434 601 3487 tatem
664 3423 1016 3486 immobilis
1076 3425 1552 3507 complacentiae
1603 3428 1667 3489 in
1720 3427 1905 3490 bonis

398 3522 640 3584 habitis
672 3529 736 3584 et
766 3523 1097 3604 possessiS,
1130 3541 1249 3584 nec
1287 3523 1480 3587 etiam
1512 3525 1905 3588 voluntatem

398 3640 547 3702 quae
586 3629 683 3683 est
716 3620 879 3683 liber
915 3620 1115 3682 animi
1158 3629 1382 3696 motor,
1417 3622 1493 3684 de
1529 3642 1656 3704 qua
1692 3623 1903 3686 dicere

396 3719 572 3781 soliti
634 3739 856 3782 sumus
910 3739 924 3783 ε
977 3719 1041 3783 Si
1092 3720 1257 3793 volo,
1309 3720 1605 3800 ambulo;
1656 3721 1710 3784 si
1758 3724 1902 3786 volo

395 3819 545 3893 hoc,
578 3817 764 3880 facio.
788 3817 1191 3880 Voluntatem
1223 3837 1373 3882 vero
1409 3839 1550 3900 quae
1584 3829 1680 3882 est
1710 3841 1902 3904 appe-

396 3917 555 3978 titus
608 3915 757 3979 boni
819 3933 945 3978 non
997 3915 1219 3990 habiti,
1270 3937 1397 4000 quo
1443 3919 1665 3982 volens
1714 3921 1904 4003 perii-

397 4015 631 4088 ciatur,
676 4022 1083 4076 removerunt
1131 4034 1168 4077 a
1214 4016 1342 4077 Deo
1385 4035 1399 4078 :
1442 4026 1505 4079 et
1552 4018 1671 4081 hoc
1719 4019 1903 4082 ratio-

398 4111 727 4186 nabiliter,
779 4111 944 4173 sicut
994 4121 1305 4194 praetactae
1354 4132 1575 4177 eorum
1625 4116 1899 4179 rationes

400 4210 829 4293 praetendunt.
862 4245 945 4255 —
972 4210 1115 4273 Haec
1160 4210 1329 4273 idem
1373 4212 1632 4275 ibidem.

484 4309 595 4371 His
643 4308 859 4370 verbis
907 4307 1148 4371 Alberti
1197 4309 1392 4391 objici
1453 4319 1680 4392 potest,
1730 4314 1900 4394 quod

398 4406 823 4489 Porphyrium
888 4415 1071 4469 vocat
1132 4407 1641 4490 Peripateticum,
1708 4430 1898 4492 quem

398 4504 799 4584 Augustinus
840 4504 904 4566 in
946 4504 1111 4566 libro
1141 4506 1217 4567 de
1250 4506 1515 4569 Civitate
1546 4507 1656 4569 Dei
1698 4517 1761 4570 et
1788 4509 1899 4571 ali-

398 4602 469 4664 bi
520 4621 713 4684 saepe,
763 4603 919 4664 dicit
965 4601 1165 4665 fuisse
1216 4604 1625 4667 Platonicum.
1681 4606 1903 4669 Dicen-

396 4701 579 4774 dum,
604 4701 777 4782 quod
807 4701 1039 4782 partim
1068 4701 1523 4783 Peripateticus
1555 4703 1695 4765 suit.
1724 4705 1898 4767 Unde

394 4805 463 4860 et
506 4798 571 4860 in
613 4798 871 4861 exordio
905 4798 1411 4861 praedicabilium
1453 4819 1737 4876 suorum,
1770 4803 1901 4865 Ari·

396 4896 645 4959 stotelis
694 4895 1005 4970 meminit,
1039 4895 1122 4958 ob
1163 4897 1350 4978 cujus
1390 4898 1741 4961 doctrinam
1780 4902 1900 4963 cla-

398 4994 535 5056 rius
576 4993 974 5075 capiendam,
1010 5012 1075 5054 se
1117 4993 1353 5056 librum
1394 4995 1897 5060 Praedicabilium

398 5092 749 5173 compilare
794 5089 1044 5152 fatetur.

486 5191 757 5271 Insuper
815 5189 982 5251 circa
1038 5189 1174 5252 haec
1232 5191 1457 5253 scribit
1516 5191 1579 5253 in
1639 5194 1901 5256 Summa

400 5307 540 5362 sua,
583 5287 751 5350 libro
796 5288 1097 5362 secundo,
1140 5288 1469 5351 Udalricus
1511 5307 1526 5350 ε
1567 5290 1762 5353 Amor
1806 5301 1903 5354 est

2024 1957 2282 2011 amaret.
2317 1950 2496 2025 Item,
2531 1969 2608 2012 ex
2648 1952 2766 2013 hoc
2810 1958 2982 2033 patet
3025 1951 3194 2032 quod
3238 1951 3403 2013 Deus
3447 1952 3519 2013 li·

2024 2048 2173 2110 bere
2230 2067 2304 2110 ac
2356 2048 2710 2111 voluntarie
2764 2058 3083 2131 operatur,
3135 2050 3282 2133 quia
3335 2069 3520 2132 ange-

2026 2148 2214 2209 licam
2264 2154 2556 2210 naturam
2616 2148 2911 2221 instituit,
2963 2149 3253 2211 omnium
3302 2168 3516 2211 rerum

2022 2246 2362 2327 generibus
2412 2246 2851 2328 providentem
2912 2267 3025 2329 per
3073 2256 3282 2311 motus
3333 2250 3518 2313 coele-

2022 2352 2171 2419 steS,
2215 2353 2276 2406 et
2323 2345 2686 2426 specialiter
2733 2346 3066 2408 hominum
3119 2347 3512 2412 directivam.

2019 2479 2099 2488 —
2147 2444 2434 2525 Denique
2483 2464 2682 2526 quum
2741 2444 2852 2506 Dei
2901 2445 3193 2507 voluntas
3253 2463 3380 2508 non
3435 2448 3518 2509 sit

2019 2542 2174 2624 quid
2220 2541 2595 2603 distinctum
2639 2541 2719 2604 ab
2760 2541 2898 2622 ejus
2942 2543 3237 2617 essentia,
3271 2552 3517 2606 constat

2020 2640 2188 2721 quod
2221 2639 2278 2700 ei
2311 2657 2439 2701 non
2471 2639 2768 2701 convenit
2797 2640 2966 2722 quod
2996 2641 3348 2703 secundum
3378 2641 3516 2703 Phi-

2020 2738 2380 2818 losophum,
2425 2736 2722 2800 convenit
2765 2738 2938 2799 omni
2982 2739 3292 2801 voluntati
3341 2758 3513 2803 crea-

2020 2843 2117 2908 tae,
2153 2842 2223 2896 ut
2254 2835 2500 2897 seilicet
2533 2842 2781 2898 moveat
2813 2844 2982 2899 mota
3014 2838 3093 2899 ab
3125 2838 3460 2919 appetibili
3495 2856 3510 2901 :

2017 2933 2318 3014 quoniam
2357 2935 2494 3016 ipsa
2534 2934 3034 2997 substantialiter
3062 2943 3157 2999 est
3187 2955 3514 2999 summum

1942 3031 1985 3095 C
2021 3030 2281 3105 bonum,
2315 3040 2379 3093 et
2423 3039 2667 3094 certum
2719 3033 2887 3114 quod
2937 3033 3098 3095 nihil
3149 3042 3397 3097 moveat
3445 3054 3512 3097 se

2018 3130 2228 3210 ipsum
2262 3131 2615 3193 secundum
2649 3131 2840 3205 idem,
2871 3139 2991 3194 ete.
3026 3132 3270 3195 Dicit-ur
3299 3142 3510 3197 tamen

2016 3227 2258 3291 moveri
2290 3248 2327 3290 a
2358 3228 2639 3291 bonitate
2671 3238 2732 3291 et
2761 3249 2976 3293 amore
3008 3231 3086 3292 ad
3118 3232 3508 3294 causandum

2016 3345 2113 3388 res
2163 3345 2176 3389 :
2226 3327 2764 3409 quemadmodum
2813 3330 2872 3391 S.
2917 3329 3254 3412 Dionysius
3306 3339 3509 3412 prote-

2014 3431 2235 3498 statur,
2291 3426 2458 3507 quod
2515 3426 2772 3488 divinus
2829 3445 3007 3488 amor
3066 3445 3192 3490 non
3251 3428 3510 3511 reliquit

2013 3523 2215 3585 Deum
2252 3523 2390 3585 sine
2429 3524 2714 3603 germine
2753 3543 2910 3586 esse.
2946 3525 3119 3598 Quod
3151 3544 3374 3587 verum
3413 3536 3510 3588 est

2014 3623 2078 3684 in
2118 3629 2428 3705 quantum
2471 3624 2972 3705 unumquodque
3013 3624 3278 3687 istorum
3317 3625 3510 3688 habet

2014 3721 2079 3782 in
2120 3721 2249 3784 Deo
2293 3721 2614 3803 propriam
2663 3721 2992 3784 rationem.
3028 3722 3130 3785 Sic
3175 3723 3349 3785 enim
3399 3723 3506 3786 bo-

2012 3819 2175 3882 nitas
2209 3819 2554 3881 voluntatis
2586 3839 2700 3881 sua
2731 3819 3174 3883 benevolentia
3204 3831 3416 3885 movet
3445 3830 3508 3884 et

2010 3918 2242 3979 excitat
2271 3917 2349 3978 ad
2381 3917 2982 3980 communicandum
3014 3920 3156 3981 aliis
3188 3921 3506 4003 propriam

2010 4015 2382 4077 bonitatem.
2416 4015 2611 4077 Amor
2641 4033 2895 4097 quoque
2927 4034 3054 4098 quo
3084 4037 3264 4079 suam
3297 4019 3506 4101 diligit

2011 4112 2382 4188 bonitatem,
2419 4121 2630 4176 movet
2663 4113 3054 4177 voluntatem
3097 4116 3175 4177 ad
3213 4117 3504 4197 ejusdem

1930 4216 1979 4278 D
2012 4211 2310 4274 bonitatis
2345 4212 2962 4294 multiplicationem.
2993 4215 3301 4278 Similiter
3328 4233 3507 4280 amor

2009 4327 2137 4391 quo
2197 4310 2405 4391 diligit
2453 4318 2771 4372 creaturas
2832 4313 2896 4373 in
2958 4312 3096 4395 ipso
3142 4313 3223 4376 ab
3271 4323 3506 4378 aeterno

2010 4407 2300 4469 idealiter
2330 4409 2728 4483 exsistenteS,
2763 4419 2975 4472 movet
3004 4412 3398 4475 voluntatem
3427 4415 3505 4476 ad

2009 4524 2226 4567 earum
2269 4506 2752 4587 productionem
2783 4517 2847 4570 et
2877 4510 3327 4590 provisionem.
3363 4512 3506 4576 Haec

2010 4605 2356 4667 Udalricus,

2091 4702 2286 4784 Cujus
2318 4704 2511 4766 verba
2543 4705 2774 4787 partim
2805 4706 2989 4769 aliter
3019 4708 3275 4771 recitavi
3309 4728 3498 4790 quam

2012 4801 2145 4882 ipse
2195 4802 2391 4883 ponit.
2437 4803 2678 4884 Nempe
2725 4823 2840 4885 pro
2882 4823 2957 4867 eo
2997 4807 3164 4886 quod
3210 4807 3364 4880 dixi,
3398 4807 3501 4870 Sic

2010 4900 2184 4961 enim
2232 4899 2478 4963 bonitas
2521 4902 2864 4964 voluntatis
2906 4923 3020 4965 sua
3061 4904 3503 4969 benevolentia

2013 5005 2224 5060 movet
2255 5006 2316 5060 et
2345 4998 2573 5061 excitat
2604 5000 2684 5061 ad
2716 5003 3318 5065 communicandum
3358 5005 3500 5067 aliis

2010 5097 2334 5179 propriam
2371 5096 2755 5177 bonitatem3
2789 5099 2924 5181 ipse
2962 5100 3054 5162 sic
3093 5101 3315 5163 scribit
3347 5122 3361 5166 :
3396 5103 3500 5165 Sic

2009 5195 2183 5257 enim
2228 5195 2474 5257 bonitas
2512 5197 2858 5259 voluntatis
2897 5217 3076 5280 aeque
3119 5217 3242 5262 non
3295 5208 3502 5283 potest

2012 5313 2151 5356 esse
2187 5293 2324 5355 sine
2361 5293 2808 5371 beneficentia,
2840 5315 2955 5379 per
2988 5316 3180 5379 quam
3220 5317 3502 5364 commu-

3581 3344 3642 3388 De
3661 3344 3804 3390 Divin.

3535 3421 3802 3463 noncupnv.
