4359 6250
821 475 941 551 644

1380 500 1445 555 {N
1483 499 1705 554 mamm
1747 509 1768 554 1
1809 500 2292 555 SENTEN'HARUM.
2337 526 2418 536 —
2457 507 2610 554 nlsr.
2656 504 2859 572 va113
2905 506 3128 564 QuAEsr.
3165 507 3349 555 UNch

824 694 893 737 se
937 693 951 737 ε
994 676 1159 738 sicut
1202 692 1580 757 cognoscere
1630 694 1757 737 non
1804 696 2007 751 suam,
2050 684 2145 739 est
2189 695 2320 738 ma·
2348 676 2400 738 A
2431 676 2720 739 voluntas
2770 694 3184 759 consequens.
3228 677 3375 739 Ideo
3423 676 3587 739 sicut
3638 694 3766 739 non
3817 694 3922 758 po-

825 772 961 835 lum
1001 774 1069 835 in
1108 792 1213 854 se3
1256 793 1633 855 cognoscere
1663 792 1813 837 vero
1854 793 1980 837 non
2021 795 2200 837 suam
2241 795 2319 837 ex

826 872 1116 948 libidine,
1168 882 1263 936 est
1312 874 1551 936 malum
1602 874 1955 936 secundum
2014 893 2099 936 se.
2151 876 2317 936 Deus

824 970 1037 1053 itaque
1083 972 1149 1033 in
1193 973 1527 1054 praeceptis
1572 973 1865 1035 secundae
1910 972 2141 1035 tabulae
2189 972 2315 1033 dis-

822 1089 1089 1151 pensare
1114 1079 1416 1153 potest,et
1440 1079 1659 1134 contra
1687 1090 1761 1133 ea
1794 1071 2170 1153 praecipere3
2199 1090 2314 1134 nec

819 1177 1034 1231 tamen
1066 1169 1250 1251 jubet
1284 1171 1618 1244 contraria,
1651 1170 1803 1252 quia
1838 1170 2112 1251 speciale
2149 1190 2319 1233 man-

820 1267 1038 1329 datum
1091 1267 1364 1330 absolvit
1414 1288 1451 1329 a
1507 1269 1855 1343 communi,
1906 1268 2316 1350 quemadmo-

820 1365 975 1426 dum
1006 1366 1431 1447 privilegium'
1456 1367 1730 1448 speciale
1767 1387 1802 1428 a
1840 1368 1975 1448 lege
2012 1367 2311 1449 generali.

821 1463 1010 1525 Porro
1042 1464 1107 1525 in
1139 1465 1475 1546 praeceptis
1516 1466 1739 1547 primae
1770 1465 2000 1527 tabulae
2041 1484 2166 1527 non
2207 1483 2316 1546 po-

819 1568 944 1623 test
972 1561 1359 1644 dispensare,
1394 1582 1511 1625 nec
1552 1571 1769 1625 contra
1805 1582 1879 1625 ea
1919 1563 2263 1645 praecipere
2298 1580 2311 1623 ε

821 1660 972 1742 quia
1000 1677 1221 1722 eorum
1253 1662 1545 1743 opposita
1580 1669 1728 1723 sunt
1760 1661 1923 1723 mala
1962 1662 2315 1723 secundum

822 1776 908 1819 se.
962 1758 1105 1839 Ipsa
1150 1759 1324 1820 enim
1382 1768 1698 1841 praecepta
1756 1759 2101 1841 important
2148 1759 2314 1821 ordi-

2431 782 2551 836 test
2594 774 2837 856 aliquid
2887 774 3030 837 fieri
3077 782 3295 838 contra
3337 776 3728 838 voluntatem
3781 792 3927 837 con-

2429 874 2950 954 sequentem,sed
2980 882 3210 956 praeter
3237 892 3412 953 eam;
3444 875 3532 937 ita
3561 894 3678 937 nec
3707 881 3926 937 contra

2429 970 2882 1051 operationem,
2935 972 3044 1034 sed
3103 981 3332 1053 praeter
3377 992 3538 1035 eam.
3589 972 3928 1035 Permissio

2429 1087 2580 1131 vero
2610 1077 2852 1151 spectat
2878 1070 2956 1131 ad
2989 1090 3244 1133 causam
3275 1091 3418 1154 quae
3448 1070 3756 1133 voluntati
3789 1087 3932 1132 con-

2429 1168 2720 1249 sequenti
2760 1168 3124 1249 subjicit-ur,
3159 1177 3227 1232 ut
3267 1170 3351 1231 sit
3389 1178 3612 1251 potens
3649 1168 3926 1230 deficere

2428 1273 2490 1327 et
2521 1284 2648 1328 non
2683 1266 2960 1329 deficere
2995 1284 3008 1328 :
3045 1267 3231 1348 cujus
3261 1274 3474 1329 tamen
3510 1266 3782 1329 effectus
3813 1266 3926 1347 qui

2428 1371 2522 1425 est
2552 1363 2851 1438 deficere,
2887 1384 3003 1427 nec
3037 1367 3113 1427 ad
3155 1373 3648 1448 consequentem
3692 1382 3808 1426 nec
3845 1365 3924 1426 ad

2427 1462 2905 1525 antecedentem
2951 1463 3224 1545 pertinet
3264 1464 3693 1542 voluntatem3
3735 1463 3928 1544 perti-

2429 1566 2535 1620 net
2565 1567 2777 1621 tamen
2815 1561 2894 1622 ad
2926 1580 3182 1623 causam
3223 1561 3399 1623 illam
3435 1561 3621 1642 cujus
3661 1560 3928 1643 permis-

2427 1655 2522 1718 sio
2551 1658 2811 1738 respicit
2839 1657 3396 1720 facultatem.Hinc
3429 1676 3554 1721 non
3587 1657 3666 1719 fit
3695 1666 3929 1739 praeter

2427 1755 2914 1835 permissionem
2954 1757 3124 1839 quod
3159 1756 3236 1819 fit
3274 1765 3502 1838 praeter
3530 1757 3926 1820 voluntatem

822 1856 1145 1918 nationem
1186 1858 1264 1919 ad
1298 1858 1499 1919 Deum
1538 1858 1673 1920 sive
1708 1858 1773 1919 in
1817 1857 2017 1920 finem
2052 1877 2129 1919 ex
2172 1876 2312 1939 pro·
2349 1857 2398 1920 B
2427 1862 2940 1935 consequentem.
2973 1855 3145 1918 Unde
3176 1862 3405 1938 praeter
3434 1855 3924 1937 permissionem

820 1954 961 2036 pria
1004 1956 1246 2017 ratione
1281 1974 1293 2017 :
1330 1954 1568 2018 idcirco
1612 1974 1833 2019 eorum
1876 1957 2168 2037 opposita
2214 1957 2316 2018 de-

819 2052 1283 2115 ordinationem
1327 2054 1679 2117 includunt.
1716 2055 1889 2117 Unde
1923 2054 1975 2116 si
2008 2055 2173 2116 Deus
2206 2054 2316 2115 illa

820 2150 1215 2232 praeciperet,
1269 2158 1487 2213 contra
1535 2172 1603 2213 se
1654 2151 1863 2233 ipsum
1914 2151 2307 2233 praeciperet.

818 2282 899 2293 —-
928 2246 1074 2311 Haec
1114 2249 1571 2312 Bonaventura.

924 2347 1191 2429 Insuper
1250 2348 1420 2409 cirea
1477 2348 1611 2410 haec
1669 2349 1939 2411 Thomas
2000 2348 2233 2411 fatetur
2294 2366 2308 2411 t

816 2444 1183 2508 Econtrario
1226 2454 1324 2507 est
1364 2447 1441 2508 de
1482 2447 1805 2509 voluntate
1846 2455 1908 2509 et
1951 2446 2312 2527 cognitione

815 2544 1245 2625 speculativa:
1270 2545 1423 2627 quia
1452 2545 1727 2626 cognitio
1758 2546 2149 2628 speculativa
2178 2563 2314 2627 per·

814 2641 1035 2703 ficitur
1073 2642 1139 2704 in
1179 2643 1604 2705 abstractione
1632 2661 1669 2703 a
1698 2642 2166 2724 singularibus;
2199 2644 2309 2704 sed

814 2739 1131 2814 voluntas,
1164 2748 1227 2803 et
1270 2741 1581 2823 quidquid
1630 2741 1960 2803 ordinatur
2001 2742 2080 2803 ad
2123 2760 2306 2823 opuS,

812 2837 1149 2918 perficitur
1192 2857 1305 2919 per
1347 2857 1672 2901 accessum
1713 2846 1776 2900 et
1814 2838 2308 2920 applicationem

810 2936 887 2997 ad
932 2936 1360 3017 particularia,
1394 2935 1563 2998 circa
1604 2956 1745 3018 quae
1784 2938 2066 3019 operatio
2105 2956 2310 2999 versa-

2427 1951 2537 2012 Dei
2589 1952 2677 2013 nil
2727 1951 2870 2014 fieri
2921 1960 3149 2035 potest,
3191 1972 3310 2015 nec
3354 1960 3574 2015 contra
3615 1972 3775 2015 eam.
3819 1954 3928 2015 At-

2423 2057 2635 2112 tamen
2685 2050 2829 2112 fieri
2889 2058 3096 2132 potest
3142 2050 3509 2133 oppositum
3561 2052 3701 2132 ejus
3750 2053 3922 2133 quod

2425 2149 2809 2229 permissum
2859 2158 2955 2212 est
2998 2168 3013 2211 :
3055 2150 3226 2232 quod
3271 2158 3484 2212 tamen
3527 2150 3918 2232 oppositum,

2423 2254 2518 2308 est
2575 2248 2927 2309 secundum
2992 2248 3506 2329 permissionem,
3567 2249 3720 2330 quia
3778 2266 3924 2330 per-

2423 2345 2643 2407 missio
2673 2346 2932 2427 respicit
2963 2346 3314 2428 potentiam
3343 2365 3549 2409 causae
3577 2347 3656 2408 ad
3688 2356 3930 2409 utrum-

2421 2462 2546 2524 que
2604 2444 3044 2526 oppositorum
3103 2464 3170 2507 se
3230 2444 3590 2507 habentem.
3645 2481 3728 2490 —
3777 2446 3924 2509 Haec

2421 2542 2691 2604 Thomas
2749 2544 2817 2604 in
2874 2544 3140 2626 Script0.
3201 2544 3318 2618 Qui
3378 2544 3446 2606 in
3504 2543 3732 2606 ceteris
3788 2544 3924 2625 jam

2423 2640 2739 2719 praetactis
2799 2642 3138 2703 concordat
3193 2640 3548 2703 Alexandro
3605 2649 3670 2704 et
3727 2642 3926 2703 Bona-

2423 2746 2722 2801 venturae.
2771 2739 3079 2801 Similiter
3119 2740 3338 2802 Petrus
3380 2747 3444 2801 et
3484 2740 3856 2803 Richardus.

2499 2837 2782 2918 AEgidius
2823 2857 3077 2920 quoque
3116 2838 3221 2900 hic
3257 2838 3478 2901 scribit
3515 2856 3528 2900 :
3562 2838 3733 2901 Nihil
3773 2838 3921 2900 fieri

2423 2953 2605 3016 posse
2655 2943 2874 2998 contra
2922 2937 3315 2999 voluntatem
3367 2937 3479 2999 Dei
3531 2955 3923 3018 consequen-

812 3041 935 3095 tur.
969 3034 1116 3096 ldeo
1156 3034 1314 3096 illud
1354 3033 1640 3097 absolute
1679 3044 1773 3096 est
1812 3034 2103 3109 volitum,
2137 3036 2308 3117 quod
2345 3038 2390 3103 C
2421 3040 2570 3107 tem,
2604 3033 2908 3115 probatur
2937 3035 3280 3117 dupliciter
3311 3053 3324 3097 ε
3357 3035 3586 3117 primo,
3611 3054 3688 3096 ex
3719 3035 3924 3097 omni-

814 3133 1115 3195 omnibus
1173 3133 1646 3195 conditionibus
1696 3141 1759 3196 et
1808 3134 2308 3196 circumstantiis

810 3230 952 3310 ejus
982 3230 1261 3312 pensatis
1290 3239 1386 3292 est
1414 3231 1697 3293 volitum.
1715 3232 1943 3313 Sicque
1976 3232 2112 3295 vult
2142 3233 2308 3294 Deus

814 3328 973 3396 illud
1024 3329 1195 3411 quod
1249 3338 1677 3411 consequente
1725 3330 1863 3391 vult
1911 3331 2236 3393 voluntate
2290 3347 2303 3391 :

814 3435 1075 3508 propter
1122 3427 1293 3508 quod
1342 3426 1500 3489 illud
1550 3428 1849 3509 impediri
1899 3446 2025 3490 non
2076 3435 2304 3509 potest,

814 3543 933 3586 nec
964 3525 1255 3588 voluntas
1287 3525 1396 3587 Dei
1427 3526 1521 3587 sic
1552 3527 1768 3588 volens
1800 3528 2055 3600 cassari,
2090 3545 2309 3608 quem-

811 3623 1156 3685 admodum
1201 3642 1317 3685 nec
1360 3624 1781 3705 praescientia,
1816 3625 1920 3685 cui
1964 3623 2309 3705 subjicitur

813 3739 913 3782 res
961 3721 1313 3782 secundum
1362 3739 1584 3784 omnes
1634 3723 2027 3784 conditiones
2069 3722 2308 3804 quibus

813 3818 881 3880 in
922 3826 1066 3880 actu
1110 3819 1419 3881 consistit.

892 3917 1177 3999 Denique
1236 3917 1553 3998 loquendo
1606 3918 1683 3979 de
1733 3919 2055 3981 voluntate
2115 3919 2305 3980 bene-

744 4073 747 4078 .
812 4014 1028 4096 placiti
1062 4025 1505 4098 consequente,
1520 4017 1762 4098 aliquid
1793 4017 1870 4079 fit
1900 4025 2127 4099 praeter
2150 4037 2303 4090 eam,

812 4113 923 4174 sed
954 4131 1081 4176 non
1112 4123 1331 4176 contra
1360 4134 1499 4176 eam
1537 4132 1550 4176 :
1586 4115 1737 4198 quia
1764 4123 1969 4178 totum
2003 4115 2308 4197 impletur

2421 3133 2702 3212 potentia
2731 3133 2902 3213 ejus3
2931 3135 3226 3209 secund0,
3245 3153 3322 3196 ex
3354 3153 3513 3215 pura
3545 3134 3923 3196 immateria-

2419 3231 2594 3293 litate
2626 3231 2847 3312 ipsius.
2874 3233 3079 3306 Quum
3110 3233 3284 3295 enim
3317 3234 3482 3296 Deus
3513 3232 3920 3314 omnipotens

2419 3328 2522 3402 sit,
2565 3348 2602 3390 a
2644 3347 2772 3410 quo
2819 3328 3028 3391 omnis
3077 3330 3426 3414 appetitiva
3473 3331 3572 3393 vis
3619 3329 3809 3391 fluxit
3855 3337 3921 3391 et

2420 3446 2601 3488 suam
2651 3436 2941 3489 naturam
2990 3446 3062 3489 ac
3114 3428 3592 3491 inclinationem
3645 3427 3914 3510 accepit,

2419 3523 2630 3586 dicere
2679 3525 2848 3606 quod
2905 3525 3123 3587 divina
3169 3525 3463 3588 voluntas
3521 3544 3920 3608 consequens

2419 3623 2708 3686 absoluta
2747 3642 2873 3687 non
2919 3625 3282 3706 impleatur,
3317 3643 3444 3688 non
3487 3633 3581 3688 est
3609 3625 3786 3687 aliud
3825 3625 3920 3686 di-

2419 3739 2562 3784 cere
2619 3742 2810 3804 quam
2867 3724 3037 3804 quod
3095 3723 3234 3805 ipsa
3293 3742 3422 3786 non
3474 3724 3736 3786 exsistat
3785 3741 3922 3786 om-

2417 3821 2733 3902 nipot-enS,
2785 3840 2904 3883 nec
2963 3822 3164 3903 possit
3221 3840 3476 3886 movere
3526 3823 3922 3885 voluntatem

2419 3927 2695 3981 creatam
2736 3937 3123 4002 omnemque
3157 3939 3412 3983 causam
3455 3920 3808 3983 naturalem
3850 3921 3922 3983 in

2419 4035 2606 4080 omne
2647 4017 2817 4100 quod
2859 4018 3170 4100 placuerit
3199 4019 3256 4080 ei
3295 4037 3308 4082 :
3342 4019 3514 4101 quod
3551 4027 3648 4081 est
3678 4019 3922 4082 directe

2419 4123 2638 4178 contra
2696 4117 3175 4198 omnipotentiae
3233 4116 3562 4180 rationem.
3627 4117 3924 4180 Secundo

812 4211 983 4292 quod
1014 4211 1337 4275 voluntate
1378 4221 1804 4295 consequente
1846 4212 2000 4275 vult.
2035 4214 2155 4276 Sed
2196 4231 2307 4296 op·
2338 4222 2387 4283 D
2420 4221 2591 4296 patet
2621 4215 2741 4277 hoc
2773 4234 2851 4276 ex
2881 4215 3417 4277 immaterialitate
3450 4215 3674 4297 ipsius.
3699 4215 3926 4288 Quem-

812 4309 1092 4390 positum
1132 4310 1273 4390 ejus
1312 4312 1481 4393 quod
1522 4312 1659 4374 vult
1696 4313 2018 4374 voluntate
2057 4321 2307 4376 antece-

812 4407 1021 4481 dente,
1056 4407 1200 4469 fieri
1240 4415 1468 4489 potest,
1500 4429 1701 4491 quum
1742 4427 1870 4472 non
1908 4429 2163 4492 semper
2193 4412 2308 4474 im·

814 4505 1062 4586 pleatur
1094 4525 1108 4568 ε
1143 4514 1206 4567 et
1249 4505 1391 4568 ideo
1432 4515 1496 4568 et
1536 4517 1761 4588 praeter
1804 4525 1943 4570 eam
1986 4517 2050 4570 et
2087 4519 2306 4572 contra

811 4623 952 4666 eam
999 4603 1145 4667 fieri
1195 4611 1421 4686 potest.
1464 4641 1545 4652 —-
1583 4606 1773 4687 Signa
1818 4615 2031 4669 autem
2082 4609 2304 4670 volun-

810 4702 956 4765 tatis
987 4703 1277 4785 quaedam
1308 4705 1693 4786 respondent
1717 4706 2025 4768 voluntati
2059 4715 2306 4770 antece-

807 4802 1006 4876 denti,
1041 4809 1111 4863 ut
1157 4811 1568 4885 praeceptum,
1604 4804 1943 4866 consilium
1986 4813 2049 4867 et
2092 4806 2305 4886 prohi-

807 4901 967 4964 bitio
1000 4919 1015 4963 ε
1050 4901 1219 4964 unde
1258 4910 1321 4964 et
1352 4911 1580 4984 praeter
1610 4921 1683 4964 66
1711 4911 1772 4964 et
1804 4909 2022 4965 contra
2056 4922 2130 4965 ea
2161 4902 2304 4966 fieri

806 5007 1032 5082 potest.
1067 4999 1366 5074 Quamvis
1409 5008 1622 5062 autem
1674 5001 2013 5083 permissio
2056 5009 2119 5063 et
2162 5020 2308 5084 ope-

804 5098 965 5161 ratio
1002 5099 1415 5180 consequenti
1452 5100 1985 5182 correspondeant
2016 5101 2305 5162 volunta-

805 5197 876 5269 ti,
918 5197 1039 5259 hoc
1087 5203 1299 5259 tamen
1347 5205 1443 5261 est
1487 5198 1913 5261 diversimode
1948 5215 1962 5259 ε
1999 5198 2304 5280 quoniam

805 5295 1089 5378 operatio
1128 5296 1402 5377 pertinet
1446 5297 1525 5358 ad
1569 5296 1875 5359 effectum
1917 5297 1994 5359 de
2038 5315 2166 5379 quo
2210 5306 2304 5359 est

2418 4313 2760 4375 admodum
2805 4313 2978 4375 enim
3022 4331 3244 4375 omnes
3287 4314 3556 4376 virtutes
3598 4315 3920 4376 naturales

2419 4411 2778 4493 corporales
2809 4411 3142 4491 organicae,
3177 4430 3383 4475 causae
3413 4412 3656 4474 coelesti
3688 4412 3789 4475 vel
3822 4413 3918 4474 in-

2416 4509 2702 4572 fluentiae
2751 4509 3106 4572 coelestium
3166 4526 3505 4591 corporum
3565 4509 3920 4591 subjiciun-

2419 4616 2524 4670 tur
2553 4613 2616 4671 et
2647 4607 2794 4670 inde
2825 4608 3194 4689 regulantur
3222 4627 3295 4669 ac
3325 4606 3784 4689 gubernantur,
3799 4609 3919 4671 sic-

2417 4715 2488 4768 ut
2516 4706 2606 4768 ait
2635 4706 3075 4788 PhilosophuS,
3109 4706 3362 4788 Oportet
3396 4706 3568 4769 hunc
3599 4707 3915 4769 mundum

2416 4825 2554 4868 esse
2587 4805 2957 4885 contiguum
2999 4804 3340 4867 lat10nibus
3381 4805 3810 4885 superiorum,
3845 4813 3916 4867 ut

2417 4911 2547 4965 tota
2583 4903 2722 4983 ejus
2753 4903 2956 4964 virt-us
2998 4902 3144 4964 inde
3177 4900 3605 4982 gubernetur3
3645 4903 3741 4964 sic
3770 4903 3914 4964 uni·

2417 5020 2614 5063 vcrsae
2657 4999 2956 5082 potentiae
2995 5019 3067 5062 ac
3107 5000 3372 5062 virtutes
3415 5001 3763 5082 simplices,
3798 5002 3916 5063 im·

2417 5098 2774 5161 materiales
2831 5117 2904 5160 ac
2953 5097 3339 5180 spiritualeS‚
3391 5099 3785 5160 reducuntur
3842 5099 3912 5161 in

2417 5197 2691 5280 primam
2739 5216 2811 5259 ac
2861 5197 3407 5278 simplicissimam
3451 5196 3563 5259 Dei
3609 5197 3914 5259 virtutem

2415 5305 2477 5358 et
2525 5295 2942 5370 voluntatem,
2991 5305 3060 5356 ut
3108 5296 3254 5358 inde
3314 5304 3612 5378 regantur
3658 5313 3730 5357 ac
3781 5313 3916 5360 mo-
