4359 6250
856 472 936 537 42
1493 496 1556 541 m
1598 495 1820 542 uanum
1861 495 1882 540 1
1925 493 2408 540 sammumm.
2455 511 2535 520 —
2576 493 2730 538 ms'r.
2776 493 2945 554 xvu3
2990 494 3212 549 oufflsr.
3252 494 3316 540 v1

932 663 1222 745 Amplius
1254 667 1474 728 Scotus
1506 667 1673 727 circa
1703 665 1838 726 haec
1871 663 2070 724 multa
2097 661 2341 736 scribit,
2375 660 2427 723 A
2458 678 2585 744 quo
2642 663 2829 724 modo
2888 663 2952 724 in
3016 663 3295 745 potentia
3357 662 3609 726 habitus
3668 663 3947 725 caritatis

850 769 914 822 et
945 762 1200 844 longum
1232 772 1328 826 est
1355 764 1569 826 omnia
1601 762 1885 824 recitare.
1907 763 2101 824 Tenet
2130 768 2341 822 autem

849 861 1018 940 quod
1080 861 1146 922 in
1202 862 1480 924 caritatis
1542 860 2055 942 augmentatione
2117 859 2343 920 caritas

851 957 1024 1038 prior
1052 977 1177 1021 non
1210 969 1654 1042 corrumpatur
1685 959 2062 1021 adveniente
2097 957 2339 1037 majori.

849 1057 1298 1119 Verumtamen
1338 1059 1514 1129 dicit,
1548 1059 1717 1138 quod
1757 1075 1884 1119 non
1924 1063 2052 1118 tota
2091 1055 2344 1117 realitas

851 1155 1130 1218 caritatis
1191 1157 1450 1238 maJoris
1504 1155 1757 1238 praefuit
1807 1155 1872 1216 in
1922 1155 2180 1215 caritate
2232 1154 2345 1214 mi—

851 1254 1014 1327 nori,
1049 1273 1165 1315 nec
1199 1255 1449 1317 realitas
1489 1255 1598 1317 illa
1639 1253 1902 1315 minoris
1944 1251 2223 1314 caritatis
2264 1251 2345 1313 sit

852 1360 979 1432 tota
1019 1353 1294 1415 essentia
1337 1353 1614 1415 caritatis
1660 1351 1937 1432 majoris,
1971 1351 2126 1413 Nam
2170 1349 2344 1412 addit

851 1452 1019 1533 quod
1061 1453 1285 1513 caritas
1324 1458 1628 1533 augeatur
1667 1469 1780 1532 per
1810 1450 2153 1511 adventum
2196 1449 2343 1510 novi

851 1550 1081 1628 gradus
1120 1549 1398 1611 caritatis
1429 1548 1508 1611 ab
1539 1558 1736 1621 extra,
1771 1554 1990 1628 utpote
2023 1566 2137 1629 per
2174 1547 2347 1609 addi-

851 1647 1091 1708 tionem
1131 1647 1408 1708 caritatis
1451 1648 1528 1708 ad
1573 1647 1921 1718 caritatem,
1956 1652 2018 1706 et
2056 1646 2225 1726 quod
2267 1664 2344 1706 ex

850 1745 1150 1826 gradibus
1196 1746 1324 1807 illis
1367 1746 1477 1806 fiat
1523 1745 1749 1807 caritas
1793 1763 1918 1805 una
1956 1763 2032 1805 ex
2072 1743 2342 1805 naturali

2458 760 2818 842 perfectior,
2852 781 2965 823 seu
3007 763 3144 845 ipsa
3172 762 3451 824 caritatis
3490 761 3817 844 perfectio,
3850 780 3944 822 se-

2457 860 2736 921 cundum
2781 861 2949 940 quod
3000 861 3353 942 perfectum
3397 861 3633 922 dicitur
3666 858 3950 922 virtuali-

2456 964 2551 1018 ter
2598 975 2708 1018 seu
2762 958 3189 1038 potentialiter
3234 976 3307 1020 ac
3350 957 3708 1020 radicaliter
3750 956 3947 1020 conti—

2458 1055 2593 1117 neri
2627 1055 2691 1116 in
2724 1055 3119 1137 imperfecto,
3152 1065 3215 1118 et
3242 1065 3421 1118 actus
3454 1056 3518 1118 in
3552 1056 3853 1138 potentia,
3886 1063 3949 1116 et

2456 1153 2701 1215 fructus
2732 1153 2796 1215 in
2838 1155 3103 1229 semine,
3135 1174 3208 1217 ae
3239 1154 3427 1218 arbor
3456 1155 3520 1216 in
3564 1155 3791 1217 radice.
3826 1155 3949 1216 Un-

2455 1253 2533 1313 de
2585 1259 2649 1313 et
2698 1253 2980 1333 potent-ia
3026 1254 3263 1316 dicitur
3314 1273 3451 1316 esse
3511 1253 3799 1335 quaedam
3860 1253 3950 1314 in-

2456 1350 2706 1412 choatio
2745 1352 2843 1413 sui
2886 1360 3083 1413 actus,
3116 1387 3196 1397 —
3228 1352 3290 1414 Si
3332 1360 3546 1414 autem
3586 1351 3947 1432 objiciat-ur,

2456 1449 2625 1531 quod
2674 1450 3025 1511 secundum
3085 1450 3240 1519 haec,
3291 1451 3520 1512 caritas
3578 1449 3951 1531 imperfecta

2456 1555 2622 1609 esset
2683 1546 2746 1608 in
2806 1549 3087 1629 potentia
3140 1551 3217 1611 ad
3280 1549 3605 1629 majorem,
3666 1555 3729 1610 et
3784 1555 3952 1610 esset

2459 1646 2826 1709 mutationis
2874 1648 3259 1728 subjectum,
3303 1648 3470 1729 quod
3512 1665 3635 1709 non
3674 1647 3946 1720 videtur,

2458 1763 2660 1826 quum
2698 1745 2781 1806 sit
2820 1745 3023 1808 forma
3056 1753 3120 1808 et
3156 1755 3333 1808 actus
3369 1765 3382 1810 :
3418 1746 3757 1827 respondet
3792 1746 3951 1807 Hen—

853 1843 1294 1906 convenientia
1339 1843 1707 1905 eorumdem
1753 1862 1766 1905 :
1808 1841 2345 1923 quemadmodum
2382 1842 2429 1904 B
2460 1843 2652 1915 ricus,
2686 1845 2855 1926 quod
2901 1845 3127 1906 caritas
3168 1844 3542 1926 imperfecta
3580 1861 3707 1906 non
3744 1851 3843 1906 est
3884 1843 3947 1904 in

849 1941 1041 2003 etiam
1081 1941 1317 2003 dicitur
1359 1942 1424 2002 in
1467 1959 1610 2003 aere
1654 1941 1905 2002 diversa
1952 1939 2198 2001 lumina
2244 1958 2347 2020 ge-

850 2041 1056 2102 nerari
1099 2059 1176 2101 ex
1221 2038 1646 2101 luminaribus
1692 2037 2007 2121 pluribuS‚
2040 2046 2230 2118 atque
2270 2057 2347 2100 ex

849 2138 976 2199 illis
1019 2137 1372 2201 luminibus
1415 2157 1614 2198 unum
1652 2136 2120 2218 quodammodo
2151 2136 2348 2197 resul-

845 2244 978 2298 tare
1008 2255 1080 2298 ac
1111 2236 1274 2298 fieri.
1296 2273 1376 2280 —
1396 2235 1626 2316 Sicque
1659 2235 1726 2296 in
1756 2235 1854 2296 his
1887 2233 2067 2314 sequi
2097 2233 2351 2295 videtur

846 2334 1215 2415 opinionem
1253 2333 1517 2406 Alberti,
1561 2334 2014 2395 Bonaventurae
2057 2339 2119 2392 et
2159 2332 2346 2403 Petri,

850 2441 1036 2514 prout
1061 2451 1137 2494 ex
1165 2431 1376 2494 verbis
1409 2431 1691 2513 ipsorum
1719 2430 2083 2513 praehabitis
2111 2430 2352 2492 innote-

849 2531 987 2592 scit.
1013 2530 1172 2604 Quid
1200 2549 1352 2593 vero
1381 2530 1481 2593 his
1510 2529 1706 2611 objici
1731 2537 1941 2611 queat,
1963 2529 2096 2609 jam
2122 2528 2344 2609 patuit.

930 2630 1233 2691 Praeterea
1281 2628 1529 2710 quaerit,
1571 2648 1650 2690 an
1697 2628 1760 2689 in
1806 2628 2065 2689 caritate
2117 2625 2350 2688 minori

850 2727 932 2790 sit
978 2727 1192 2808 aliqua
1241 2745 1384 2808 pars
1434 2727 1713 2788 caritatis
1765 2726 1830 2787 in
1880 2725 2183 2807 potentia,
2235 2742 2349 2805 per

851 2825 1037 2906 cujus
1085 2824 1541 2886 extractionem
1590 2825 1665 2886 ad
1717 2832 1928 2885 actum
1975 2823 2203 2884 caritas
2254 2822 2347 2883 in-

850 2924 1145 2985 tendatur
1171 2930 1236 2984 et
1264 2931 1585 3003 augeatur.
1613 2921 1916 2994 Quocirca
1946 2919 2180 2982 recitat·
2200 2938 2349 3001 prae-

2461 1942 2743 2023 potentia
2801 1941 3076 2023 subjecti
3125 1961 3235 2004 seu
3296 1942 3673 2023 subjectiva,
3724 1942 3836 2004 sed
3883 1942 3950 2002 in

2461 2040 2744 2121 potentia
2786 2048 3046 2113 natum,
3082 2041 3233 2122 quia
3269 2060 3347 2103 ex
3387 2060 3501 2103 sua
3542 2049 3767 2102 natura
3808 2057 3953 2102 con-

2460 2138 2635 2200 venit
2672 2138 2731 2200 ei
2772 2157 2955 2220 posse
2999 2139 3262 2202 intendi.
3297 2141 3531 2201 Verum
3575 2147 3795 2201 contra
3834 2139 3952 2201 hoc

2463 2237 2652 2298 instat
2695 2237 2915 2299 Scotus
2961 2254 2974 2298 :
3018 2238 3169 2318 quia
3211 2238 3263 2299 si
3309 2238 3535 2300 caritas
3581 2236 3955 2318 imperfecta

2462 2353 2588 2397 non
2630 2343 2724 2396 est
2768 2336 2834 2396 in
2882 2336 3164 2417 potentia
3218 2335 3574 2416 subjectiva
3620 2336 3699 2397 ad
3747 2335 3951 2417 perfe-

2462 2434 2747 2506 ctiorem,
2781 2451 2930 2516 ergo
2962 2435 3233 2516 ipsamet
3270 2434 3643 2516 imperfecta
3682 2452 3808 2496 non
3849 2452 3954 2514 po-

2462 2539 2583 2593 test
2613 2531 2755 2593 fieri
2788 2530 3087 2613 perlecta.
3123 2533 3215 2594 Ad
3246 2533 3415 2614 quod
3453 2539 3717 2613 apparet
3746 2532 3955 2594 dicen-

2460 2631 2637 2704 dum,
2670 2630 2839 2711 quod
2882 2631 3191 2692 Henricus
3234 2648 3359 2693 non
3410 2630 3685 2692 intendit
3726 2647 3953 2710 negare

2460 2729 2786 2790 caritatem
2854 2728 3293 2810 imperfectam
3352 2747 3489 2790 esse
3549 2729 3616 2790 in
3675 2727 3956 2810 potentia

2459 2826 2814 2907 subjectiva
2851 2827 2928 2888 ad
2964 2827 3431 2908 perfectiorem,
3464 2826 3647 2909 quasi
3686 2827 3957 2909 ipsamet

2460 2925 2685 2986 caritas
2727 2924 3101 3005 imperfecta
3150 2943 3277 2988 non
3328 2925 3527 3006 possit
3569 2924 3714 2986 fieri
3753 2923 3957 3005 perfe-

851 3028 1081 3083 tactam
1139 3019 1517 3102 positionem
1573 3018 1825 3080 Henrici
1885 3039 1898 3082 :
1950 3017 2163 3099 Aliqui
2222 3017 2345 3098 (in-
2383 3017 2427 3080 C
2459 3031 2593 3100 cta3
2636 3024 2745 3084 sed
2787 3022 2949 3096 ideo,
2984 3024 3286 3103 quoniam
3317 3023 3543 3085 caritas
3586 3022 3957 3104 imperfecta

851 3119 1107 3203 quiens)
1145 3119 1387 3191 dicunt,
1427 3118 1595 3200 quod
1643 3117 1870 3180 caritas
1917 3124 2187 3198 augetur
2234 3135 2346 3197 per

849 3218 1305 3281 extractionem
1349 3217 1580 3299 gradus
1623 3216 1902 3278 caritatis
1944 3216 2022 3277 de
2066 3215 2347 3297 potentia

849 3318 928 3379 ad
967 3326 1203 3386 actum,
1240 3316 1520 3378 dicentes
1560 3304 1730 3397 quod
1772 3314 1979 3377 forma
2015 3332 2344 3394 nunquam

855 3416 1057 3497 major
1102 3423 1199 3477 est
1251 3414 1315 3477 in
1374 3413 1665 3493 subjecto
1720 3413 1846 3475 nisi
1904 3413 1970 3473 in
2029 3431 2097 3473 se
2152 3411 2347 3473 fuerit

855 3515 1091 3596 major3
1135 3523 1198 3577 et
1238 3514 1409 3595 quod
1451 3512 1632 3593 juxta
1675 3512 2100 3592 Simplicium,
2146 3510 2349 3573 forma

854 3612 1253 3676 latitudinem
1303 3612 1493 3673 habet
1535 3632 1548 3675 ε
1597 3611 1738 3673 ideo
1788 3610 2041 3692 quando
2088 3617 2185 3671 est
2226 3608 2347 3670 sub

850 3713 1046 3795 gradu
1100 3711 1386 3784 remiss0,
1429 3718 1636 3792 potest
1687 3709 1929 3771 intendi
1981 3727 2095 3789 per
2144 3714 2347 3769 extra-

853 3812 1127 3874 ctionem
1173 3811 1448 3892 partium
1492 3808 1883 3871 virtualium.
1919 3807 2158 3868 Deinde
2203 3806 2347 3868 Sco-

852 3917 952 3971 tus
1002 3916 1219 3972 contra
1268 3908 1402 3971 haec
1451 3907 1676 3987 arguit.
1731 3905 1927 3986 Cujus
1975 3913 2349 3985 argumenta

851 4009 1207 4072 virtualiter
1235 4015 1484 4069 exstant
1525 4004 1892 4088 praehabita,
1927 4012 1990 4065 et
2025 4003 2193 4065 infra
2230 4002 2349 4065 sol-

851 4116 1098 4170 ventur.
1149 4106 1276 4168 Nec
1327 4104 1625 4167 videntur
1679 4102 2034 4165 secundum
2095 4101 2350 4163 intenti-

853 4224 1039 4268 onem
1097 4203 1351 4265 Henrici
1411 4202 1752 4283 procedere
1809 4218 1823 4262 :

855 4310 1120 4364 testatur
1173 4307 1585 4381 augmentum
1643 4298 1922 4360 caritatis
1980 4317 2017 4359 a
2065 4298 2195 4359 Deo
2251 4315 2347 4359 so·

857 4402 916 4463 lo
955 4398 1519 4481 supernaturaliter
1547 4404 1610 4458 et
1647 4396 1943 4458 effective
1981 4396 2344 4477 procedere,

856 4518 981 4563 non
1013 4506 1225 4561 autem
1254 4517 1291 4559 a
1325 4504 1534 4558 mente
1565 4503 1793 4567 creata,
1819 4494 1944 4556 nisi
1973 4494 2348 4575 dispositive

855 4618 928 4661 ac
964 4596 1281 4659 meritorie
1312 4601 1578 4656 tantum.
1605 4593 1844 4655 Idcirco
1875 4594 2042 4674 quod
2074 4592 2161 4653 ait
2192 4592 2348 4654 cari-

855 4704 1048 4760 tatem
1081 4694 1323 4757 intendi
1357 4712 1470 4775 per
1499 4691 1954 4754 extractionem
1998 4690 2346 4772 praefatam,

856 4813 981 4857 non
1024 4793 1323 4873 intelligit
1364 4790 1488 4853 nisi
1530 4791 1594 4851 in
1635 4797 1946 4871 quantum
1986 4788 2351 4869 subjectum

855 4892 1136 4957 caritatis
1174 4890 1466 4953 faciendo
1494 4889 1663 4970 quod
1706 4889 1771 4949 in
1814 4906 1883 4949 se
1911 4894 2098 4949 estet
2137 4895 2351 4949 actum

857 4990 1137 5054 caritatis
1186 5009 1264 5051 ex
1311 4988 1534 5051 habitu
1592 4987 1804 5050 infuso
1861 4986 2198 5059 eliciendo,
2252 5004 2353 5049 co-

857 5098 1156 5173 operatur
1194 5088 1566 5169 dispositive
1604 5105 1678 5148 ac
1719 5086 2040 5149 meritorie
2079 5086 2156 5148 ad
2202 5085 2357 5148 cari-

861 5188 1006 5251 tatis
1065 5193 1500 5267 augmentum,
1552 5192 1740 5267 atque
1801 5184 1868 5246 in
1927 5193 2239 5267 quantum
2291 5184 2355 5244 in

863 5285 1086 5349 habitu
1125 5284 1402 5346 caritatis
1445 5282 1819 5364 imperfecto
1849 5281 2211 5345 continetur
2246 5280 2356 5342 ali-

1880 4199 2030 4281 quia
2088 4207 2152 4260 et
2212 4199 2347 4281 ipse
2380 4203 2430 4263 D
2461 4202 2633 4264 ciora
2691 4201 2909 4263 formae
2967 4210 3030 4263 et
3086 4203 3410 4282 augmenti
3471 4203 3673 4284 ipsius

2458 3141 2583 3185 non
2646 3130 2913 3202 augetur
2962 3141 3076 3204 per
3127 3123 3515 3185 additionem
3577 3140 3757 3185 novae
3802 3121 3957 3185 cari-

2460 3221 2603 3282 tatis
2635 3220 2821 3300 cujus
2862 3220 3002 3301 ipsa
3042 3220 3157 3282 fiat
3198 3220 3581 3302 subjectum.
3616 3257 3698 3266 —
3725 3221 3957 3294 Quaerit

2456 3319 2649 3381 etiam
2682 3318 2928 3391 ScotuS,
2963 3319 3119 3400 quid
3150 3319 3459 3382 Henricus
3498 3319 3815 3400 intelligat
3844 3339 3959 3401 per

2460 3425 2704 3497 partem
2746 3417 3025 3479 caritatis
3055 3417 3413 3479 virtualem.
3449 3418 3541 3479 Ad
3574 3419 3742 3500 quod
3782 3426 3957 3499 pote-

2460 3515 2542 3576 rit
2579 3514 2730 3587 dici,
2763 3514 2932 3596 quod
2970 3514 3253 3596 aliquem
3294 3515 3648 3577 latitudinis
3687 3516 3957 3596 gradum

2459 3632 2588 3694 quo
2632 3613 2770 3695 ipsa
2814 3613 3183 3675 intenditur.

2540 3712 2861 3774 Postremo
2924 3712 2987 3773 id
3048 3712 3219 3793 quod
3280 3711 3563 3774 affirmat
3624 3711 3954 3786 HenricuS,

2460 3829 2789 3891 nunquam
2833 3829 2909 3872 ex
2964 3818 3140 3891 parte
3190 3809 3465 3890 subjecti
3514 3829 3653 3872 esse
3700 3829 3957 3873 causam

2462 3907 2839 3969 intensionis
2872 3907 3091 3970 formae
3121 3907 3552 3981 accidentaliS,
3573 3909 3825 3971 videtur
3856 3928 3961 3990 pa-

2459 4005 2507 4066 ti
2560 4005 2949 4067 instantiam.
3002 4005 3297 4079 Quaedam
3347 4025 3622 4087 namque
3670 4006 3959 4087 subjecta

2460 4124 2535 4165 ex
2584 4123 2699 4165 sua
2749 4111 2974 4166 natura
3014 4122 3087 4165 ac
3126 4104 3544 4185 dispositione
3586 4112 3735 4167 sunt
3776 4124 3958 4187 capa-

3728 4224 3741 4265 :
3794 4204 3961 4265 sicut

2460 4300 2752 4361 videmus
2804 4300 2973 4379 ligna
3020 4299 3195 4361 arida
3234 4307 3297 4361 et
3336 4308 3634 4381 stuppam
3683 4299 3956 4369 facilius,

2462 4398 2731 4459 celerius
2781 4406 2971 4479 atque
3022 4397 3336 4459 intensius
3385 4398 3660 4461 calorem
3706 4406 3771 4461 et
3818 4399 3959 4478 ejus

2464 4496 2886 4559 intensionem
2935 4495 3016 4558 ab
3062 4496 3205 4577 igne
3254 4497 3603 4578 suscipere,
3643 4516 3835 4579 quam
3886 4496 3961 4559 li-

2460 4614 2584 4677 gna
2613 4594 2872 4674 viridia3
2906 4594 3203 4658 similiter
3232 4612 3496 4678 corpora
3526 4596 3815 4677 quaedam
3848 4604 3965 4657 ter·

2463 4714 2553 4767 sa,
2616 4693 2834 4775 pervia
2888 4700 2952 4755 et
3013 4694 3229 4775 polita,
3292 4694 3540 4775 plenius
3598 4694 3963 4776 suscipiunt

2464 4793 2673 4854 lucem
2715 4798 2778 4852 et
2816 4790 2957 4871 ejus
3002 4790 3466 4853 incrementum
3504 4812 3541 4854 a
3580 4793 3733 4863 sole,
3768 4811 3963 4875 quam

2466 4906 2730 4970 corpora
2770 4895 2933 4950 tetra
2970 4896 3033 4950 et
3060 4906 3295 4968 grossa.
3332 4889 3505 4951 Unde
3536 4899 3763 4971 quarto
3790 4892 3963 4972 capi-

2468 4986 2601 5049 tulo
2635 4986 2712 5047 de
2743 4986 2987 5047 Divinis
3027 4985 3395 5047 nominibus
3436 4986 3772 5069 Dionysius
3811 4990 3967 5051 scri-

2468 5084 2582 5157 bit,
2624 5084 2792 5165 quod
2833 5083 2925 5145 sol
2975 5089 3285 5164 quantum
3324 5091 3421 5145 est
3446 5103 3535 5145 ex
3585 5093 3761 5165 parte
3809 5087 3963 5168 ipsi-

2470 5201 2567 5255 uS,
2610 5179 2910 5243 omnibus
2955 5179 3336 5261 susceptivis
3381 5179 3541 5243 lucis
3584 5200 3713 5244 suae
3757 5183 3967 5248 radios

2471 5298 2651 5361 aeque
2700 5277 3130 5342 communicat
3170 5284 3233 5339 et
3282 5276 3597 5357 infundit;
3642 5280 3753 5341 sed
3800 5299 3971 5361 quae-
