4359 6250
886 506 971 550 AN
1014 507 1459 552 PROPROETATES
1500 507 1814 552 RELATWAE
1858 506 2270 552 coNsTlrttANT
2313 509 2374 552 IN
2417 510 2644 554 mlels
2687 512 3018 566 PERSONAS‚
3063 511 3188 556 E‘rc.

3464 492 3584 562 2¹5

487 673 964 752 distinguantur
1008 695 1120 755 per
1158 675 1483 752 absoluta;
1521 675 1628 736 sed
1678 675 1795 736 ista
1833 675 1987 754 adji-
2015 676 2067 738 A
2098 678 2612 758 appropriantur,
2658 681 2819 741 sicut
2871 683 3148 762 potentia
3199 683 3380 754 Patri,
3425 685 3586 764 sapi-

489 769 575 830 eit
617 771 694 832 ad
740 790 1044 841 errorem,
1086 773 1253 854 quod
1307 774 1527 835 relatio
1575 793 1691 834 nec
1744 773 1805 834 in
1860 775 1985 835 Deo

490 885 697 948 neque
744 869 809 930 in
855 871 1162 932 creaturis
1212 869 1295 932 sit
1336 890 1449 932 ens
1500 871 1687 943 reale,
1730 871 1839 932 sed
1890 889 1985 933 so-

490 965 625 1026 lnm
656 986 769 1028 ens
802 969 1083 1031 rationis.
1103 968 1197 1030 Ad
1228 968 1736 1049 reprobationem
1768 977 1981 1030 autem

490 1066 824 1147 utriusque
856 1067 1179 1148 opinionis
1208 1076 1516 1148 quantum
1552 1069 1629 1129 ad
1664 1068 1783 1130 hoc
1814 1068 1980 1149 quod

487 1163 645 1226 dicit
706 1165 1211 1247 supersublimes
1272 1167 1620 1228 adorandas
1683 1184 1981 1246 personas

489 1282 605 1343 per
632 1263 953 1326 absolutas
996 1265 1413 1345 proprietates
1448 1264 1775 1344 distingui,
1812 1281 1982 1345 pror-

486 1381 597 1422 sus
654 1361 993 1424 sufficiunt
1040 1363 1447 1426 auctoritates
1498 1363 1869 1425 Sanctorum
1919 1371 1981 1424 et

484 1461 1068 1540 argumentationes
1127 1462 1457 1524 doctorum
1515 1461 1593 1523 ad
1653 1461 1771 1523 hoc
1830 1461 1980 1522 hinc

490 1558 638 1620 inde
681 1567 745 1620 et
784 1559 977 1622 etiam
1024 1561 1089 1621 in
1132 1562 1249 1623 hac
1294 1562 1641 1642 quaestione
1686 1561 1977 1623 inductae.

485 1657 668 1719 Nunc
711 1667 923 1720 tamen
966 1659 1179 1739 aliqua
1223 1668 1372 1720 sunt
1408 1659 1714 1732 addenda,
1746 1666 1809 1720 et
1849 1677 1985 1739 spe-

487 1755 735 1817 cialiter
778 1765 997 1818 contra
1044 1775 1324 1819 errorem
1375 1759 1453 1819 de
1500 1757 1781 1819 realitate
1834 1758 1985 1818 rela-

488 1853 682 1915 tionis
720 1854 856 1934 jam
901 1862 1158 1916 tactum.

572 1952 647 2014 Et
692 1952 995 2026 breviter,
1038 1973 1114 2014 ex
1161 1953 1447 2015 doctrina
1489 1953 1547 2015 S.
1594 1954 1875 2035 Dionysii
1924 1954 1985 2015 in

488 2050 655 2112 libro
704 2069 821 2113 suo
872 2052 950 2112 de
988 2051 1291 2113 Trinitate
1330 2053 1551 2132 (quem
1601 2052 1859 2132 quidam
1911 2053 1987 2113 de

488 2149 737 2211 Divinis
790 2149 1285 2224 characteribuS,
1338 2150 1445 2212 alii
1506 2150 1691 2211 aliter
1750 2171 1989 2211 nuncu-

490 2249 692 2329 pant),
727 2256 791 2309 et
822 2267 900 2309 ex
930 2255 1063 2310 toto
1102 2267 1401 2329 processu
1442 2250 1506 2311 B.
1544 2249 1879 2328 Augustini
1921 2249 1985 2309 in

490 2346 655 2408 libro
704 2364 823 2408 suo
873 2346 951 2407 de
1000 2347 1326 2419 Trinitate,
1368 2347 1568 2409 Boetii
1620 2365 1871 2428 quoque
1924 2347 1985 2408 in

488 2463 609 2507 suo
648 2445 725 2506 de
770 2444 1079 2506 Trinitate
1127 2453 1417 2518 tractatu,
1460 2445 1742 2507 Anselmi
1794 2445 1986 2506 etiam

491 2544 555 2604 in
601 2542 765 2604 libro
805 2543 885 2605 de
923 2543 1328 2605 processione
1369 2544 1643 2624 Spiritus
1685 2544 1893 2605 Sancti
1928 2552 1989 2604 et

485 2641 666 2714 alibi,
704 2660 781 2702 ac
822 2641 1195 2702 Damasceni
1240 2642 1449 2722 primo
1494 2642 1677 2714 libro,
1722 2642 1990 2703 clarissi-

492 2759 595 2800 me
644 2739 1009 2812 innotescit,
1056 2741 1225 2819 quod
1274 2740 1585 2820 quidquid
1638 2740 1703 2800 in
1754 2740 1987 2802 divinis

488 2839 724 2900 dicitur
769 2857 929 2919 pure
967 2838 1278 2911 absolute,
1315 2837 1518 2900 tribus
1558 2838 1988 2920 supersanctis

490 2937 780 3018 personis
819 2944 1023 2998 exstat
1062 2955 1419 2998 commune.
1457 2937 1856 3018 Impossibile
1896 2956 1988 2997 er-

2094 776 2266 836 entia
2325 777 2504 849 Filio,
2565 778 2763 859 pietas
2825 780 3085 860 Spiritui
3147 782 3393 843 Sancto.
3447 783 3580 843 Non

2096 881 2306 937 tamen
2355 877 2834 957 distinguuntur
2884 899 2996 960 per
3043 899 3169 952 eas,
3225 888 3293 940 ut
3342 880 3582 942 clarum

2092 980 2209 1040 est,
2243 992 2442 1053 quum
2484 974 2608 1037 illae
2650 977 2994 1058 unicuique
3033 995 3318 1059 personae
3357 997 3582 1041 conve-

2093 1071 2271 1131 niant
2334 1091 2347 1134 :
2411 1091 2558 1134 nam
2619 1074 2814 1135 Filius
2874 1094 2998 1138 non
3058 1076 3266 1138 solum
3324 1084 3584 1138 vocatur

2094 1168 2438 1250 Sapientia,
2482 1191 2706 1233 verum
2755 1173 2946 1235 etiam
2990 1174 3191 1235 virtus
3235 1184 3297 1236 et
3337 1175 3583 1236 brachi·
3609 1190 3872 1297 2⁶⁰'·¹·²‡³

3371 1291 3378 1296 .
3651 1267 3826 1304 s-xcvu,
3862 1285 3873 1298 .

2097 1287 2204 1328 um
2247 1287 2320 1330 ac
2365 1270 2620 1332 dextera
2662 1272 2877 1333 PatriS.

2173 1366 2378 1446 Atque
2419 1375 2488 1427 ut
2517 1368 2687 1430 circa
2725 1370 2859 1432 haec
2897 1379 3372 1451 argumentatur
3401 1380 3464 1434 et
3493 1372 3582 1434 in-

2097 1463 2220 1526 fert
2271 1465 2624 1540 Durandus‚
2677 1488 2876 1549 quum
2926 1469 3028 1530 isti
3087 1488 3213 1532 non
3262 1471 3585 1550 assignent

2098 1582 2215 1624 nec
2247 1565 2606 1645 exprimant
2638 1568 3056 1648 proprietates
3096 1568 3234 1630 illas
3268 1569 3588 1631 absolutas

2100 1680 2214 1742 per
2245 1681 2400 1742 quas
2443 1682 2726 1743 personae
2758 1667 3107 1727 secundum
3140 1685 3247 1730 eos
3278 1668 3592 1730 distinctae

2102 1769 2270 1832 sunt,
2324 1761 2489 1822 sicut
2548 1781 2660 1824 nos
2721 1763 3117 1844 assignamus
3178 1766 3594 1847 proprietates

2024 1855 2071 1917 B
2102 1858 2396 1920 relativas
2458 1878 2570 1940 per
2631 1880 2788 1941 quas
2848 1862 3235 1924 confitemur
3293 1883 3397 1925 eas
3457 1883 3596 1928 esse

2102 1956 2454 2030 distinctaS,
2499 1958 2751 2019 videtur
2795 1960 3016 2040 opinio
3065 1979 3287 2022 eorum
3337 1981 3475 2023 esse
3526 1963 3599 2024 fi-

2101 2055 2384 2116 cticium.
2421 2055 2608 2117 Porro
2651 2057 2705 2116 si
2749 2057 2962 2118 dicant
3006 2060 3174 2138 quod
3220 2059 3436 2132 latent,
3481 2080 3597 2123 nec

2100 2154 2238 2214 sine
2271 2153 2656 2216 revelatione
2684 2163 2920 2235 queant
2951 2157 3206 2236 agnosci
3244 2175 3257 2218 :
3293 2159 3599 2238 quaeritur

2102 2251 2268 2312 unde
2317 2251 2436 2332 ipsi
2481 2252 2684 2314 sciant
2723 2261 2830 2314 aut
2866 2253 3210 2334 opinentur
3243 2256 3344 2317 vel
3385 2257 3596 2337 potius

2100 2350 2418 2411 somnient
2449 2369 2552 2412 eas
2584 2370 2743 2422 esse,
2763 2371 2962 2432 quum
2996 2371 3112 2414 nec
3143 2372 3218 2414 ex
3252 2354 3596 2435 Scripturis

2100 2467 2218 2509 nec
2272 2467 2348 2508 ex
2398 2449 2633 2510 sanctis
2694 2449 3068 2512 Doctoribus
3127 2469 3307 2512 suam
3360 2460 3594 2532 queant

2098 2547 2467 2627 opinionem
2519 2547 2808 2626 probare,
2853 2549 2981 2610 imo
3025 2567 3102 2610 ex
3145 2549 3490 2630 Scripturis
3533 2558 3594 2612 et

2099 2644 2286 2705 dictis
2333 2645 2706 2706 Sanctorum
2757 2646 3060 2726 probetur
3101 2648 3489 2728 oppositum,
3525 2658 3596 2711 ut

2100 2742 2304 2822 patuit
2335 2749 2396 2803 et
2429 2742 2706 2823 patebit3
2744 2763 2859 2805 nec
2901 2744 3254 2807 innitantur
3293 2746 3417 2807 nisi
3460 2766 3598 2828 per-

2100 2839 2508 2901 suasionibus
2569 2847 2632 2900 et
2693 2840 3258 2920 imaginationibus
3324 2843 3598 2925 propriae

2101 2937 2364 2999 rationis
2419 2945 2481 2998 et
2530 2938 3000 3001 adinventionis
3059 2939 3374 3014 humanae,
3427 2943 3596 3022 quod

486 3053 569 3116 go
616 3043 731 3105 est,
789 3052 1087 3114 personas
1139 3034 1278 3096 illas
1332 3035 1673 3096 altissimas
1723 3055 1837 3115 per
1884 3036 1989 3096 ab·
2026 3035 2165 3099 Cin
2225 3036 2487 3097 materia
2538 3035 2690 3097 fidei
2753 3055 3010 3117 prorsus
3061 3039 3414 3100 cavendum
3463 3048 3595 3118 est;

486 3134 694 3195 soluta
733 3152 847 3195 seu
881 3151 994 3214 per
1031 3133 1351 3195 absolutas
1393 3134 1809 3215 proprietates
1849 3153 1987 3195 esse

487 3232 823 3293 distinctas
860 3252 873 3293 :
912 3232 1040 3294 imo
1080 3231 1235 3293 tales
1281 3231 1699 3313 proprietates
1744 3232 1989 3293 unicui-

484 3348 613 3411 que
655 3330 893 3392 divina»,
937 3348 1220 3411 personae
1264 3349 1411 3391 vere
1454 3330 1860 3391 conveniunt.

570 3431 898 3503 Praeterea,
932 3428 1091 3490 nihil
1134 3446 1291 3509 pure
1331 3428 1695 3490 absolutum
1736 3428 1801 3489 in
1830 3428 1987 3489 divi-

485 3530 591 3591 nis
639 3527 1125 3609 multiplic-atur,
1168 3527 1297 3589 imo
1337 3526 1648 3607 quidquid
1698 3525 1984 3589 absolute

485 3627 726 3689 dicitur
777 3625 889 3699 ibi,
943 3632 1273 3707 permanet
1332 3643 1597 3687 numero
1650 3644 1871 3698 unum,
1924 3634 1985 3685 et.

482 3725 657 3786 sieut
691 3725 768 3785 de
808 3723 1094 3804 qualibet
1137 3741 1405 3804 persona
1443 3724 1659 3785 divina
1696 3741 1983 3785 seorsum

482 3842 561 3885 ac
620 3822 1016 3903 singulatim,
1071 3822 1157 3883 ita
1214 3822 1291 3883 de
1342 3821 1588 3882 duabus
1647 3841 1719 3883 ac
1782 3821 1983 3883 tribus

484 3922 683 3983 simul
736 3939 863 3983 non
922 3920 1177 4001 proprie
1228 3920 1559 4000 pluraliter
1605 3921 1714 3981 sed
1775 3920 1985 4000 singu—

485 4020 708 4083 lariter
753 4019 1151 4101 praedicatur.
1190 4019 1449 4081 Nullum
1496 4018 1689 4099 igitur
1729 4020 1852 4080 tale
1897 4020 1985 4080 di-

484 4118 757 4199 stinguit
818 4117 1283 4199 multiplicatve
1344 4135 1667 4197 personae,
1732 4117 1858 4179 imo
1918 4117 1979 4177 in

486 4218 603 4279 illo
648 4233 931 4297 personae
977 4223 1126 4276 sunt
1170 4234 1370 4276 unum
1414 4222 1476 4276 et
1522 4215 1709 4277 idem.

570 4316 858 4395 Insuper,
910 4332 985 4375 ea
1042 4332 1183 4393 quae
1243 4314 1374 4375 sola
1432 4314 1674 4376 ratione
1736 4322 1796 4375 et.
1856 4331 1981 4375 non

483 4412 745 4474 realiter
804 4411 885 4472 ab
950 4410 1227 4473 invicem
1289 4411 1789 4491 distinguuntur,
1856 4429 1983 4473 non

482 4518 637 4573 sunt
669 4510 828 4572 ratio
859 4509 1048 4570 realis
1086 4528 1161 4570 ac
1191 4509 1601 4590 suppositalis
1636 4510 1984 4571 distinctio-

480 4609 588 4671 nis
620 4610 683 4669 in
721 4608 885 4669 aliis.
914 4608 1033 4670 Sed
1068 4607 1482 4688 proprietates
1521 4607 1824 4669 absolutae
1858 4626 1981 4670 non

480 4708 967 4787 distinguuntur
1010 4705 1090 4767 ab
1132 4704 1407 4766 invicem
1455 4705 1727 4779 realiter,
1772 4714 1841 4765 ut
1883 4725 1985 4786 pa—

482 4813 579 4868 tet
617 4824 695 4867 ex
736 4805 926 4867 dietis
966 4823 979 4867 ε
1022 4821 1149 4865 non
1199 4821 1347 4883 ergo
1393 4822 1675 4884 personae
1726 4823 1840 4884 per
1878 4824 1983 4867 eas

2102 3136 2231 3198 imo
2271 3155 2412 3216 quae
2451 3136 2693 3209 dicunt,
2730 3154 2855 3198 non
2901 3138 3108 3198 solum
3153 3139 3386 3200 sanctis
3431 3141 3598 3201 theo-

2102 3234 2280 3313 logiS,
2333 3234 2442 3295 sed
2504 3236 2827 3295 communi
2886 3253 3140 3316 quoque
3187 3256 3261 3298 ac
3311 3238 3592 3301 solidiori

2098 3332 2402 3394 doctrinm
2434 3333 2960 3413 philosophorum
2993 3336 3494 3397 contrarientur:
3526 3346 3594 3399 ut

2096 3430 2265 3510 quod
2295 3430 2382 3490 ait
2414 3429 2789 3492 Guillelmus
2823 3430 3190 3492 relationem
3224 3449 3348 3493 non
3380 3434 3590 3494 dicere

2095 3528 2248 3610 quid
2301 3528 2488 3596 reale,
2536 3528 2702 3608 quod
2753 3535 2822 3588 ut
2865 3528 2994 3607 jam
3048 3530 3434 3603 ostendetur,
3484 3531 3589 3593 Pe-

2095 3624 2573 3705 ripateticorum
2619 3625 2832 3687 obviat
2872 3627 3290 3687 documentis,
3325 3628 3420 3689 An
3463 3628 3588 3690 sor-

2096 3742 2208 3784 san
2272 3722 2410 3783 istis
2470 3722 2864 3785 scholasticis
2923 3724 3423 3804 disputatoribus
3482 3728 3586 3788 de-

2096 3840 2288 3902 super
2327 3822 2674 3882 revelatum
2717 3828 2824 3882 aut
2863 3821 3244 3901 inspiratum
3285 3830 3380 3883 est
3419 3826 3587 3904 quod

2095 3926 2406 3999 quantum
2457 3938 2533 3980 ex
2584 3918 2927 4000 Scripturis
2980 3919 3588 4003 rationabilibusque

2097 4015 2351 4078 motivis
2399 4015 2702 4096 perpendi
2749 4015 2937 4089 valet,
2973 4034 3089 4077 nec
3133 4017 3448 4098 Apostolis
3487 4037 3590 4079 ne-

2095 4132 2219 4195 que
2263 4114 2590 4193 Prophetis
2634 4121 2728 4174 est
2775 4114 3124 4175 revelatum
3173 4122 3282 4175 aut
3326 4116 3592 4196 inspira—

2015 4217 2062 4278 D
2096 4216 2272 4272 tum?
2312 4212 2530 4274 Nonne
2575 4211 2712 4292 ipse
2756 4212 2920 4273 Deus
2972 4212 3354 4287 incarnatuS,
3397 4215 3589 4293 hujus

2094 4310 2396 4372 doctrinae
2442 4310 2659 4371 doctor
2701 4310 3083 4391 praecipuUS,
3118 4312 3182 4372 in
3228 4319 3354 4374 toto
3393 4313 3592 4375 Evan-

2092 4408 2260 4488 gelio
2307 4409 2506 4469 Deum
2557 4408 2800 4469 Patrem
2861 4409 3119 4471 nomine
3169 4410 3364 4473 Patris
3412 4421 3475 4474 et
3524 4432 3590 4475 se

2096 4506 2305 4587 ipsum
2351 4506 2608 4567 nomine
2651 4505 2792 4566 Filii
2835 4526 2906 4567 ac
2949 4506 3265 4588 Unigeniti
3311 4509 3589 4572 ubertim

2093 4603 2426 4685 expressit,
2460 4612 2523 4664 et
2565 4604 2817 4665 tandem
2864 4606 3066 4685 ipsam
3110 4609 3588 4688 superbeatissi—

2096 4722 2262 4765 mam
2321 4702 2692 4764 Trinitatem
2754 4704 3050 4767 distinete
3111 4706 3461 4781 insinuanS,
3513 4728 3587 4771 ac

2096 4804 2364 4866 formam
2438 4801 2798 4882 baptizandi
2873 4803 3229 4884 praefigenS,
3306 4807 3583 4868 relativis

484 4904 739 4966 realiter
775 4902 1275 4982 distinguuntur.

568 5000 881 5080 AmpliuS‚
929 5000 983 5061 si
1032 5018 1146 5079 per
1197 4998 1615 5081 proprietates
1665 4999 1984 5062 absolutas

482 5098 1036 5179 distinguerentur
1066 5115 1373 5179 personae,
1399 5098 1517 5159 hoc
1550 5098 1869 5179 praecipue
1899 5120 1989 5161 es-

484 5202 588 5258 set
630 5213 743 5276 per
772 5214 880 5257 eas
912 5212 1055 5275 quae
1096 5213 1243 5255 cum
1286 5194 1573 5275 personis
1614 5196 1990 5257 convenien-

492 5292 651 5355 tiam
701 5291 941 5355 habent
988 5292 1297 5371 majorem
1347 5299 1409 5353 et
1458 5310 1598 5372 quae
1646 5290 1739 5353 eis
1790 5294 1990 5375 magis

2093 4920 2232 4963 eam
2278 4900 2589 4981 expressit
2629 4900 3019 4975 nominibus,
3061 4904 3126 4963 In
3173 4905 3450 4977 nomine,
3495 4907 3585 4966 in·
3663 4926 3840 4970 Macen.

2095 4999 2344 5081 quienS,
2377 4998 2574 5059 Patris
2619 5007 2680 5059 et
2724 4998 2864 5060 Filii
2909 5005 2971 5059 et
3014 4999 3284 5079 Spiritus
3328 5002 3583 5065 Sancti?
3611 5003 3755 5039 '‘m''
3783 4992 3848 5032 ¹⁹·

2096 5098 2199 5159 Sic
2256 5105 2318 5157 et
2365 5097 2632 5159 Joannes
2691 5096 3010 5176 apostolus
3062 5116 3076 5158 :
3129 5098 3298 5171 Tres,
3353 5099 3582 5181 inquit,
3629 5123 3877 5172 manna,

2098 5204 2247 5257 sunt
2278 5196 2387 5277 qui
2425 5193 2860 5257 testimonium
2899 5193 3236 5272 perhibent
3268 5195 3332 5257 in
3373 5200 3534 5261 coelo
3569 5220 3582 5263 ε
3615 5188 3656 5229 ⁷·

2100 5295 2302 5369 Pater,
2355 5294 2654 5366 Verbum,
2716 5298 2779 5353 et
2834 5290 3106 5373 Spiritus
3165 5293 3449 5358 Sanctus
3508 5334 3590 5344 --
