4359 6250
787 562 792 566 ,
835 489 956 560 584

1461 509 1525 556 IN
1565 508 1786 556 unum(
1827 509 1846 555 1
1888 509 2371 556 SENTENUARUM.
2416 527 2497 538 -
2536 510 2690 555 msr.
2736 509 2922 573 xun3
2966 509 3189 565 QUAEST.
3237 505 3305 554 m

834 680 1563 763 dupliciter,secundum
1595 681 1722 742 duo
1753 679 1818 742 in
1851 679 2082 761 quibus
2113 678 2331 741 differt
2356 677 2408 740 A
2436 679 2697 741 modum
2731 699 2857 743 non
2888 680 3346 752 concernendO,
3380 685 3477 741 est
3502 675 3943 740 communica-

829 797 1020 860 agens
1079 780 1362 843 naturale
1409 770 1488 842 ab
1537 786 1759 860 agente
1808 797 1921 860 per
1967 785 2166 840 artem
2221 785 2330 840 aut

827 899 866 942 a
912 879 1254 961 proposito.
1310 879 1516 940 Unum
1569 886 1684 952 est,
1739 877 1908 959 quod
1964 895 2156 956 agens
2218 894 2330 958 per

827 985 1053 1050 artem,
1090 977 1544 1058 praecognoscit
1587 977 1755 1058 quod
1798 976 1958 1056 agit3
1990 994 2181 1056 agens
2226 993 2329 1035 ve-

828 1094 900 1137 ro
929 1094 1042 1156 per
1073 1083 1386 1150 naturam,
1410 1093 1555 1137 non.
1577 1075 1766 1136 Aliud
1797 1081 1913 1148 est,
1939 1075 2106 1154 quod
2137 1091 2329 1153 agens

827 1192 942 1256 per
983 1181 1297 1246 naturam,
1332 1181 1642 1255 quantum
1682 1180 1778 1235 est
1817 1173 1894 1234 de
1931 1190 2020 1245 se,
2055 1189 2181 1233 non
2225 1189 2333 1252 po-

829 1279 952 1334 test
999 1289 1126 1334 non
1182 1290 1404 1352 agere3
1452 1291 1642 1353 agens
1699 1279 1908 1333 autem
1964 1288 2078 1353 per
2123 1277 2325 1331 artem

831 1377 896 1432 et
938 1390 976 1432 a
1016 1371 1364 1453 proposito,
1409 1369 1607 1433 libere
1655 1378 1972 1453 ope-ratur,
2013 1376 2076 1430 et
2123 1376 2331 1450 potest

833 1486 958 1531 non
999 1487 1200 1549 agere.
1237 1469 1622 1550 Certumque
1655 1476 1752 1531 est
1789 1467 1955 1550 quod
1996 1468 2162 1529 Deus
2201 1485 2327 1529 non

830 1567 957 1648 agit
1005 1569 1084 1630 de
1133 1567 1506 1630 necessitate
1561 1575 1801 1631 naturae
1849 1567 2057 1650 primo
2115 1567 2327 1636 modo,

833 1665 1133 1747 quoniam
1173 1666 1486 1748 quidquid
1519 1673 1838 1748 operatur,
1872 1665 2228 1747 praenoscit.
2264 1665 2330 1726 Si

831 1772 1042 1826 autem
1086 1763 1474 1845 intelligatur
1504 1764 1769 1846 quaestio
1805 1765 1990 1826 modo
2023 1764 2325 1836 secundo,

2435 776 2563 839 bile
2599 778 2939 856 creaturis3
2972 797 3113 859 quae
3151 785 3363 840 autem
3408 777 3738 856 designant
3773 775 3942 836 emi-

2436 878 2667 940 nentiae
2710 878 2971 940 modum
3017 895 3144 959 quo
3186 875 3493 959 perfectio
3534 883 3631 938 est
3671 875 3735 936 in
3779 875 3938 946 Deo,

2435 975 2741 1038 creaturis
2782 994 2906 1038 non
2948 983 3321 1057 competunt
3348 981 3480 1036 nec'
3504 973 3945 1036 communica-

2437 1073 2593 1135 bilia
2629 1082 2799 1148 sunt,
2835 1082 2905 1136 ut
2940 1092 3079 1136 esse
3122 1093 3451 1136 summum
3496 1070 3761 1146 bonum,
3792 1090 3941 1134 6556

2437 1171 2710 1253 primam
2770 1172 3126 1245 veritatem,
3177 1179 3287 1234 aut
3342 1189 3479 1234 esse
3535 1169 3944 1252 omnipoten-

2436 1277 2587 1331 tem.
2622 1270 2765 1332 Haec
2808 1270 3079 1332 Thomas
3123 1269 3187 1331 in
3232 1270 3497 1351 Scripto.

2517 1369 2865 1431 Concordat
2892 1367 3150 1430 Petrus:
3175 1368 3352 1430 Sicut
3384 1367 3547 1429 nulli
3576 1367 3944 1448 (inquiens)

2437 1454 2740 1529 creaturae
2798 1474 3006 1549 potest
3054 1466 3515 1529 communicari
3572 1465 3789 1528 divina
3834 1485 3943 1527 es-

2436 1566 2660 1637 sentia,
2686 1565 2773 1628 ita
2800 1585 2918 1628 nec
2950 1565 3166 1627 divina
3192 1565 3675 1647 omnipotentia,
3693 1563 3939 1645 triplici

2438 1663 2697 1725 ratione.
2733 1665 2963 1754 Primo,
2996 1664 3297 1745 quoniam
3331 1663 3793 1745 omnipotentia
3826 1664 3945 1724 ha-

2438 1761 2545 1822 bet
2591 1762 2975 1824 causalitatis
3033 1762 3597 1836 universalitatem,
3649 1771 3949 1824 creatura

830 1861 1151 1936 videlicet,
1186 1881 1266 1924 an
1306 1863 1471 1924 Deus
1512 1863 1820 1944 producat
1855 1881 1955 1924 res
1994 1863 2072 1923 de
2111 1880 2328 1923 neces-
2362 1858 2409 1920 B
2437 1867 2646 1922 autem
2699 1861 2905 1923 solum
2967 1859 3198 1923 habere
3246 1867 3452 1943 potest
3499 1860 3943 1922 causalitatem

832 1959 1017 2022 sitate
1055 1967 1318 2033 naturae,
1350 1977 1477 2022 non
1514 1961 1774 2042 quidem
1813 1960 2056 2041 absque
2096 1978 2331 2041 praeco-

832 2058 1114 2139 gnitione
1157 2065 1348 2139 atque
1391 2058 1715 2131 volitione,
1750 2058 1859 2120 sed
1906 2057 2056 2139 quia
2096 2077 2172 2118 ex
2223 2077 2330 2119 ne-

832 2155 1123 2218 cessitate
1170 2156 1310 2218 vult
1365 2175 1470 2218 eas
1527 2157 1897 2237 producere,
1949 2174 2065 2217 nec
2124 2163 2333 2236 potest

836 2271 964 2315 non
995 2253 1158 2316 velle
1188 2254 1340 2332 hoc;
1363 2254 1455 2317 sic
1487 2253 1936 2316 intellexerunt
1966 2253 2331 2335 philosophi

836 2351 1094 2432 quidam
1153 2351 1351 2414 Deum
1413 2353 1491 2414 de
1548 2352 1922 2414 necessitate
1983 2352 2331 2433 producere

831 2448 976 2523 alia,
1011 2449 1098 2510 ita
1134 2450 1303 2530 quod
1353 2467 1479 2512 non
1528 2450 1734 2512 solum
1788 2450 2109 2532 propriam
2157 2448 2333 2511 boni·

835 2555 1052 2621 tatem,
1085 2549 1194 2610 sed
1229 2556 1292 2610 et
1322 2549 1447 2611 alia
1473 2548 1629 2610 velit
1663 2549 1739 2610 de
1776 2548 2167 2610 necessitate.
2204 2548 2330 2610 Hoc

834 2653 1048 2708 autem
1102 2663 1221 2708 nec
1271 2645 1426 2708 fidei
1475 2647 1834 2720 concordat,
1876 2665 1992 2709 nec
2047 2645 2274 2708 rationi
2314 2663 2328 2707 z

834 2743 1138 2824 quoniam
1200 2743 1448 2806 bonitas
1507 2745 1616 2806 Dei
1667 2750 1763 2806 est
1812 2744 1990 2824 quasi
2045 2743 2200 2805 finis
2248 2743 2327 2805 ei.

835 2843 1042 2914 Quum
1101 2849 1316 2904 autem
1377 2841 1531 2904 finis
1588 2842 1869 2923 perfecte
1925 2849 1988 2904 et
2037 2849 2334 2923 prompte

836 2948 1044 3022 potest
1074 2940 1294 3001 haberi
1325 2940 1463 3002 sine
1497 2941 1746 3014 mediis,
1781 2947 1932 3002 tunc
1967 2941 2176 3002 media
2205 2958 2333 3001 non

2438 1959 2885 2040 particularem
2922 1976 2935 2020 :
2970 1958 3125 2021 alias
3168 1966 3380 2040 posset
3421 1978 3560 2021 esse
3604 1977 3795 2021 causa
3832 1959 3943 2021 sui

2438 2057 2662 2139 ipsiuS‚
2695 2077 2893 2139 quum
2929 2057 3330 2119 contineatur
3364 2057 3485 2119 sub
3518 2055 3771 2138 obiecto
3800 2074 3945 2120 om-

2434 2155 2826 2237 nipotentiae,
2860 2155 3030 2237 quod
3073 2162 3169 2217 est
3216 2174 3329 2218 ens
3378 2155 3795 2238 producibile.
3834 2157 3951 2218 Se-

2440 2255 2663 2326 cund0,
2680 2253 2870 2316 habet
2898 2254 3363 2337 omnipotentia
3390 2253 3699 2317 efficaciae
3728 2253 3824 2316 inf
3826 2254 3953 2316 ini-

2438 2360 2655 2426 tatem,
2688 2360 2974 2414 creatura
3002 2360 3217 2414 autem
3248 2352 3602 2415 necessarie
3628 2360 3726 2414 est
3752 2351 3952 2416 finita

2441 2451 2507 2511 in
2555 2469 2694 2512 esse
2740 2458 2805 2511 et
2851 2469 3055 2533 posse.
3104 2451 3334 2525 Tertio,
3380 2451 3570 2513 habet
3611 2451 3953 2514 sufficien-

2441 2548 2618 2622 tiam,
2653 2557 2940 2611 creatura
2969 2567 3120 2612 vero
3148 2568 3405 2632 semper
3434 2549 3730 2611 innititur
3756 2549 3951 2612 Crea-

2439 2647 2559 2709 tori
2594 2655 2655 2708 et
2688 2646 2929 2729 indiget
2959 2647 3316 2709 influentiis
3346 2648 3667 2729 ejus.Haec
3696 2649 3945 2710 Petrus,

2522 2746 2683 2808 Hinc
2727 2746 2816 2808 ait
2860 2746 3145 2828 AEgidius
3187 2763 3202 2808 :
3248 2746 3723 2828 omnipotentia
3768 2767 3951 2810 crea-

2441 2843 2602 2904 turis
2661 2851 2991 2924 repugnat,
3053 2844 3355 2924 quoniam
3418 2844 3620 2906 virtus
3680 2863 3757 2907 ex
3817 2846 3951 2908 hoc

2442 2942 2677 3004 dicitur
2716 2941 2971 3004 infinita
3008 2943 3142 3004 sive
3176 2943 3602 3023 omnipotens,
3635 2943 3949 3025 quoniam

837 3043 1226 3119 appetuntur
1263 3057 1380 3099 nec
1415 3046 1800 3120 expetuntur
1828 3039 1905 3100 de
1935 3039 2329 3101 necessitate.
2368 3036 2411 3100 C
2444 3039 2509 3101 in
2554 3039 2817 3101 materia
2860 3057 2986 3102 non
3030 3047 3126 3101 est
3164 3048 3439 3121 recepta,
3472 3059 3679 3123 neque
3720 3041 3799 3102 ad
3838 3061 3954 3123 ge-

839 3136 1004 3197 Deus
1043 3143 1253 3197 autem
1287 3137 1364 3198 ad
1396 3156 1524 3199 suae
1555 3135 1852 3199 honitatis
1893 3137 2332 3218 plenissimam

840 3232 1304 3314 possessionem
1351 3241 1412 3295 et
1447 3233 1842 3309 fruitionem,
1877 3235 2067 3297 rebus
2111 3235 2337 3297 creatis

841 3348 968 3393 non
1025 3330 1267 3412 indiget
1317 3351 1330 3396 :
1384 3332 1620 3395 idcirco
1671 3334 1749 3395 de
1801 3334 2175 3396 necessitate
2231 3352 2335 3395 eas

842 3446 968 3491 non
1012 3428 1168 3491 vult.
1203 3430 1346 3492 Haec
1388 3430 1740 3493 DuranduS.

921 3628 1188 3708 Insuper
1217 3627 1524 3709 quaeritur
1561 3627 1687 3701 hic,
1721 3628 1816 3689 An
1856 3628 2021 3690 Deus
2050 3628 2341 3710 omnipo-

843 3724 1104 3786 tentiam
1148 3744 1327 3787 suam
1361 3726 1564 3787 valeat
1598 3734 1900 3789 creaturae
1939 3726 2130 3788 alicui
2171 3744 2339 3787 com-

844 3822 1192 3885 municare.

923 3921 1016 3982 Ad
1047 3922 1215 4003 quod
1247 3921 1518 3983 Thomas
1558 3924 1896 4003 respondet
1929 3942 1942 3987 :
1976 3923 2189 3985 Virtus
2228 3944 2341 3986 seu

842 4018 1128 4101 potentia
1174 4020 1514 4081 essentiam
1567 4020 1656 4081 rei
1716 4038 1970 4102 semper
2015 4021 2346 4103 consequi-

843 4125 966 4178 tur.
988 4116 1146 4178 Hinc
1177 4115 1570 4197 impossibile
1601 4126 1696 4179 est
1726 4126 1796 4179 ut
1824 4118 2024 4181 finitae
2054 4120 2344 4182 essentiae

2444 3158 2563 3199 nus
2594 3137 3153 3219 differentiamque
3183 3146 3524 3211 contracta,
3544 3147 3606 3201 et
3636 3140 3947 3221 quoniam

2442 3236 2623 3298 alteri
2668 3236 2888 3298 virtuti
2932 3254 3058 3297 non
3109 3236 3405 3298 innititur
3452 3236 3516 3297 in
3566 3239 3828 3318 agendo.
3864 3238 3949 3299 Et

2444 3334 2737 3415 quamvis
2796 3334 3075 3414 primum
3135 3334 3365 3396 horum
3412 3335 3751 3397 conveniat
3800 3336 3949 3418 qui-

2445 3432 2710 3494 busdam
2745 3432 2971 3494 creatis
3002 3431 3325 3513 potentiiS,
3345 3434 3697 3495 secundum
3730 3442 3949 3497 tamen

2446 3537 2508 3591 et
2553 3530 2813 3591 tertium
2873 3537 3226 3611 repugnant
3279 3530 3628 3593 conditioni
3684 3540 3749 3594 et
3807 3551 3953 3615 pro-

2447 3628 2700 3709 prietati
2740 3628 2949 3691 omnis
2993 3636 3313 3691 creaturae.
3347 3628 3491 3691 Haec
3528 3629 3833 3711 AEgidius.
3866 3668 3955 3677 —

2448 3728 2620 3789 Idem
2666 3727 3015 3788 DuranduS.

2528 3923 2851 3986 Postremo
2880 3922 2985 3984 hic
3015 3922 3344 4004 quaeritur,
3376 3922 3472 3985 An
3503 3925 3669 3986 Deus
3704 3924 3951 4007 aliquid

2450 4022 2652 4105 possit
2680 4022 2757 4083 de
2796 4040 2910 4083 sua
2948 4022 3230 4102 potentia
3269 4021 3577 4097 absoluta,
3610 4024 3781 4105 quod
3822 4042 3954 4087 non

2453 4128 2661 4202 potest
2702 4120 2779 4181 de
2824 4120 3105 4200 potentia
3146 4120 3452 4182 ordinata.

846 4214 998 4277 insit
1042 4222 1152 4277 aut
1190 4214 1524 4277 conveniat
1568 4215 1823 4278 infinita
1866 4218 2162 4297 potentia.
2198 4220 2345 4280 ldeo
2373 4222 2423 4283 D
2531 4219 2625 4281 Ad
2669 4218 2787 4280 hoc
2833 4218 3171 4298 respondet
3216 4218 3567 4281 Richardus
3610 4238 3625 4281 ε
3668 4220 3733 4283 Si
3785 4221 3955 4283 Deus

846 4312 1013 4375 sicut
1070 4312 1470 4393 impossibile
1529 4321 1623 4375 est
1670 4322 1941 4376 cre-atam
2001 4316 2341 4378 essentiam

847 4410 1152 4473 exsistere
1197 4410 1542 4484 infinitam,
1575 4412 1668 4473 sic
1715 4412 2113 4495 impossibile
2149 4422 2247 4475 est
2284 4416 2343 4476 ei

846 4507 1376 4589 omnipotentiam
1429 4510 1788 4572 convenire.
1834 4546 1915 4556 —
1961 4511 2038 4573 Et
2084 4512 2138 4573 si
2186 4512 2346 4592 obji-

844 4606 1072 4681 ciatur,
1118 4606 1288 4688 quod
1335 4606 1667 4688 sapientia,
1721 4607 1991 4681 bonitaS,
2038 4609 2341 4691 potentia,

843 4712 908 4766 et
937 4704 1299 4767 consimilia
1335 4703 1444 4766 Dei
1482 4704 1806 4781 attributa,
1841 4707 2146 4769 creaturis
2180 4725 2347 4769 com-

843 4802 1272 4878 municantur,
1295 4821 1444 4883 ergo
1474 4810 1538 4865 et
1568 4804 2061 4887 omnipotentia3
2093 4824 2349 4887 respon-

842 4902 1148 4976 dendum,
1185 4902 1354 4983 quod
1397 4902 1821 4984 perfectiones
1869 4904 1979 4965 Dei
2026 4922 2152 4965 non
2197 4912 2348 4966 sunt

844 4998 1418 5063 communicabiles
1455 5001 1761 5063 creaturis
1799 5002 2154 5065 secundum
2195 5004 2348 5065 emi-

844 5098 1126 5161 nentiam
1159 5106 1223 5162 et
1252 5098 1716 5181 plenitudinem
1751 5118 1876 5181 qua
1905 5100 2179 5163 Creatori
2212 5120 2351 5165 con-

848 5196 1115 5258 veniunt
1150 5214 1164 5260 :
1199 5196 1341 5259 ideo
1375 5214 1566 5259 omne
1597 5214 1829 5259 nomen
1862 5199 2032 5279 quod
2062 5198 2345 5262 divinam

851 5293 1138 5373 designat
1172 5292 1628 5375 perfectionem
1659 5294 1969 5369 absolute,
2003 5297 2345 5378 specialem

2454 4317 2700 4379 dicatur
2729 4332 2912 4397 posse
2945 4315 3021 4377 de
3053 4315 3335 4398 potentia
3364 4316 3653 4379 ordinata
3682 4319 3853 4399 quod
3885 4338 3955 4381 56

2451 4415 2766 4487 facturum
2820 4412 3150 4495 proposuit
3193 4413 3782 4496 rationabiliterque
3830 4416 3957 4477 dis-

2453 4511 2687 4595 posuit,
2734 4510 2825 4571 sic
2874 4510 3087 4591 aliqua
3137 4516 3345 4591 potest
3392 4512 3469 4573 de
3518 4512 3804 4592 potentia
3848 4513 3959 4575 ab·

2452 4611 2679 4685 soluta,
2720 4628 2862 4691 quae
2907 4626 3034 4670 non
3084 4616 3293 4689 potest
3333 4609 3411 4669 de
3454 4610 3739 4689 potentia
3786 4612 3957 4673 ordi-

2452 4717 2597 4771 nata
2640 4728 2653 4771 ε
2697 4706 2999 4789 quoniam
3044 4707 3334 4769 absolute
3384 4714 3593 4788 potest
3638 4709 3957 4792 quidquid

2454 4805 3016 4869 contradictionem
3056 4823 3184 4868 non
3225 4805 3533 4887 implicat.
3566 4805 3631 4868 Si
3671 4825 3825 4871 vero
3865 4808 3959 4870 di-

2453 4910 2633 4966 catur
2673 4920 2859 4986 posse
2901 4903 2977 4964 de
3021 4902 3305 4984 potentia
3346 4903 3633 4966 ordinata
3675 4904 3737 4966 id
3784 4905 3953 4987 quod

2454 5022 2521 5064 se
2550 5001 2869 5063 facturum
2901 5001 3232 5083 proposuit
3260 5008 3451 5083 atque
3480 5001 3820 5084 disposuit,
3852 5002 3957 5065 vel

2454 5100 2623 5182 quod
2668 5119 2735 5161 se
2776 5097 3093 5161 facturum
3137 5106 3345 5181 potest
3383 5099 3547 5160 velle
3588 5117 3664 5161 ac
3706 5101 3957 5183 sapien·

2455 5206 2550 5260 ter
2579 5198 2952 5278 disponere3
2992 5196 3084 5258 sic
3119 5196 3281 5259 nihil
3323 5204 3531 5279 potest
3559 5198 3638 5260 de
3670 5198 3957 5279 potentia

2454 5296 2763 5367 absoluta,
2798 5295 2967 5375 quod
3010 5312 3135 5356 non
3181 5294 3381 5375 possit
3418 5295 3496 5358 de
3536 5296 3821 5378 potentia
3856 5314 3955 5361 or-
