4359 6250
834 450 956 517 662
1455 470 1519 515 IN
1557 469 1782 516 LIBRUM
1824 468 1845 515 1
1886 468 2369 514 SENTENTMRUM.
2414 485 2494 495 —-
2535 466 2688 513 DIST.
2733 466 2963 527 xtvl113
3006 465 3230 521 QUAEST.
3277 465 3321 511 11

919 639 1013 701 Ad
1046 638 1324 721 primum
1356 640 1663 721 arguitur,
1697 639 1867 721 quod
1897 656 2025 701 non
2059 638 2183 700 t'uit
2213 656 2337 700 me·
2366 639 2417 700 A
2448 636 2826 717 intelligitur
2867 637 2945 698 de
2985 634 3424 717 compassio'ne
3461 635 3819 698 voluntaria
3857 635 3938 696 ad

842 737 1133 800 ritorium
1184 739 1333 813 illis,
1366 738 1518 821 quia
1567 738 1867 801 nolebant
1915 738 2083 818 quod
2132 737 2336 800 voluit
2448 734 2761 817 passionis
2812 733 3253 796 imitationem.
3295 769 3377 779 -—
3415 733 3607 796 Porro
3651 734 3728 795 de
3776 732 3938 795 fletu
3970 748 4212 795 Luca-ui.

844 837 1032 911 DeuS,
1065 844 1127 898 et
1170 838 1340 919 quod
1390 838 1588 899 Deum
1633 836 1797 898 velle
1846 835 2131 898 sciebant
2161 853 2175 897 ε
2208 854 2336 898 non
2448 832 2679 896 Christi
2711 851 2903 913 super
2929 832 3580 905 Jerusalem,dicimus
3609 833 3776 914 quod
3808 848 3940 893 non

844 942 1057 996 autem
1098 943 1194 997 est
1234 935 1631 998 meritorium
1674 934 1796 995 tale
1832 933 2021 1007 nolle,
2057 934 2186 997 imo
2220 953 2338 995 nec

847 1031 1116 1105 licitum,
1152 1041 1222 1094 ut
1253 1039 1531 1115 apparet.
1566 1068 1647 1078 —
1676 1033 1987 1106 SecundO,
2022 1033 2171 1113 quia
2211 1049 2336 1094 non

786 1194 789 1197 ,
845 1130 969 1192 fuit
1009 1150 1087 1193 ex
1131 1131 1411 1205 caritate,
1445 1151 1585 1213 quac
1628 1131 2019 1193 voluntatem
2062 1130 2342 1193 hominis

554 1644 819 1691 &teutmu-

583 1740 619 1784 n
634 1740 735 1784 Cor.
748 1753 819 1791 xu,

555 1808 710 1908 2ἑξονη.
734 1878 818 1911 vm.

560 1931 623 1971 17.

581 1990 661 2032 Pa.
684 2000 820 2044 txvut,

556 2056 624 2095 21.

593 3010 779 3055 Ibidem.

846 1229 1157 1292 voluntati
1189 1229 1538 1292 conformat
1580 1230 1831 1292 divinae.
1866 1264 1948 1275 —
1976 1229 2186 1291 Tertio
2220 1228 2344 1290 fuit

846 1346 923 1389 ex
962 1328 1391 1401 sensualitate,
1424 1346 1549 1409 qua
1588 1345 1714 1390 non
1758 1346 2095 1389 meremur.

927 1426 998 1487 ln
1031 1426 1418 1488 contrarium
1449 1426 1748 1507 est,quod
1781 1426 2081 1488 nolebant
2110 1425 2344 1489 Christi

849 1523 1210 1604 passionem
1240 1543 1318 1585 ex
1350 1524 1589 1604 ingenti
1624 1541 1837 1585 amore
1878 1524 2079 1605 ipsius
2108 1543 2184 1585 ac
2215 1524 2344 1605 pie-

850 1629 994 1684 tate.
1050 1622 1334 1685 Christus
1392 1640 1645 1703 quoque
1705 1621 2025 1683 civitatem
2084 1622 2348 1684 deflevit

848 1719 1217 1795 Jerusalem,
1271 1728 1335 1781 et
1389 1720 1727 1802 Apostolus
1782 1721 2048 1784 Judaeos.
2106 1720 2227 1782 Sed
2283 1728 2347 1781 et

2450 931 2634 993 flevit
2674 949 2790 1012 pro
2828 931 3006 993 urbis
3045 932 3495 1005 destructione,
3529 932 3638 993 sed
3681 948 3796 1012 pro
3833 931 3942 992 ha·

2453 1030 2796 1092 bitatorum
2841 1029 2982 1109 ejus
3027 1029 3542 1109 transgressione.
3578 1030 3721 1093 Haec
3769 1028 3945 1091 Anti-

2455 1127 2856 1190 siodorensiS.

2536 1226 2707 1287 Hanc
2763 1225 3130 1307 opinionem
3191 1224 3411 1287 recitat
3463 1225 3838 1299 Alexander,
3887 1232 3954 1287 et

2457 1322 2750 1405 quamvis
2787 1323 3122 1385 evidenter·
3149 1341 3276 1386 non
3316 1322 3612 1406 reprobet
3649 1342 3813 1397 eam,
3847 1341 3956 1405 po-

2457 1422 2583 1485 tius
2637 1432 2848 1484 tamen
2898 1423 3151 1484 videtur
3199 1422 3500 1503 positioni
3547 1422 3818 1484 aliorum
3865 1421 3956 1483 fa-

2457 1539 2626 1592 vere,
2660 1520 2990 1582 subdendo
3029 1520 3198 1601 quod
3227 1520 3418 1601 Virgo
3456 1519 3858 1582 sanctissima
3889 1528 3954 1581 et

2459 1618 2740 1699 Apostoli
2786 1625 3158 1680 meruerunt-
3197 1618 3447 1681 Christo
3483 1619 3946 1700 compatiendo.

2457 1753 2537 1762 —
2585 1718 2919 1798 Quumque
2977 1716 3280 1797 objicitur
3328 1717 3496 1799 quod
3544 1734 3672 1779 non
3721 1716 3952 1779 condo-

850 1818 1186 1899 Apostolus
1248 1818 1528 1900 loquitur
1585 1836 1598 1879 :
1655 1819 1719 1880 Si
1777 1818 2223 1900 compatimur,
2284 1827 2341 1880 et
2378 1820 2423 1881 B
2459 1816 2712 1877 luerunt
2742 1834 2819 1877 ex
2851 1816 3130 1889 caritate,
3154 1815 3658 1878 dicendumzssst
3689 1815 3950 1897 quidam

852 1917 1401 1997 conregnabimus.
1435 1917 1639 1998 Atque
1672 1906 1952 1979 Salvator
1986 1934 2000 1977 ε
2034 1917 2342 1989 Sustinui,

852 2013 1082 2095 inquit,
1133 2014 1244 2095 qui
1301 2014 1492 2076 simul
1552 2015 2050 2088 contristaretur,
2098 2024 2159 2076 et
2218 2033 2342 2076 non

850 2112 993 2174 fuit.
1048 2113 1209 2194 Ergo
1258 2113 1651 2175 contristatio
1708 2121 1771 2173 et
1819 2114 2176 2193 compassio
2227 2113 2346 2174 fuit

853 2210 1085 2292 placita
1128 2210 1393 2273 Christo.

926 2408 1020 2469 Ad
1063 2407 1199 2469 haec
1240 2406 1773 2470 Antisiodorensis
1814 2408 1877 2468 in
1922 2407 2131 2489 prima
2170 2414 2346 2489 parte

849 2506 1127 2569 Summae
1172 2524 1301 2567 suae
1348 2504 1517 2566 circa
1565 2505 1761 2567 finem
1814 2506 2151 2587 respondet
2187 2524 2200 2567 :
2234 2507 2347 2568 'Vo-

850 2604 1059 2667 luntas
1104 2603 1212 2665 illa
1260 2603 1687 2665 sensualitatis
1735 2610 1889 2677 erat,
1924 2624 2041 2665 nec
2092 2606 2344 2667 merito-

849 2702 960 2764 ria.
986 2702 1267 2783 Apostoli
1301 2721 1576 2782 namque
1610 2710 1757 2763 tunc
1791 2721 1991 2783 usque
2023 2702 2344 2765 Christum

850 2800 1186 2862 carnaliter
1224 2799 1595 2881 diligebant,
1628 2808 1691 2861 et
1730 2808 1909 2862 erant
1938 2801 2243 2875 carnale-S,
2279 2809 2343 2863 ut

850 2898 1054 2980 patuit
1105 2898 1167 2959 in
1219 2898 1399 2960 Petro
1441 2906 1747 2979 negante3
1780 2906 1844 2960 et
1886 2899 2191 2979 probatur
2234 2918 2348 2980 per

2460 1922 2667 1977 motus
2725 1914 3004 1976 caritatis
3063 1914 3414 1976 secundum
3466 1914 3754 1976 debitum
3805 1914 3945 1985 viee,

2457 2022 2518 2075 et
2575 2020 2672 2075 est
2723 2020 2931 2074 motus
2982 2011 3214 2093 aliquis
3263 2011 3543 2074 caritatis
3595 2013 3948 2074 secundum

2459 2110 2913 2193 perfectionem
2961 2110 3197 2192 patriae.
3237 2110 3309 2171 Et
3353 2111 3705 2172 secundum
3747 2111 3950 2193 perle-

2457 2210 2734 2272 ctionem
2780 2210 3000 2290 patriae.
3044 2226 3168 2270 non
3215 2216 3310 2269 est
3358 2208 3521 2271 velle
3565 2210 3950 2272 contrarium

2457 2309 2598 2388 ejus
2629 2308 2796 2389 quod
2839 2306 3079 2369 scimus
3119 2308 3319 2369 Deum
3350 2307 3552 2386 velle3
3584 2308 3693 2370 sed
3726 2309 3954 2369 caritas

2459 2405 2810 2467 secundum
2862 2404 3149 2466 debitum
3201 2404 3842 2487 convenientiamque
3889 2406 3954 2468 in

2457 2503 2561 2564 via
2590 2502 2708 2564 etsi
2741 2520 2866 2564 non
2898 2502 3037 2564 vult
3076 2502 3390 2583 quidquid
3421 2503 3587 2564 Deus
3626 2504 3785 2577 vult,
3819 2504 3956 2565 vult

2460 2609 2669 2663 tamen
2703 2600 3014 2681 quidquid
3057 2600 3222 2661 Deus
3253 2600 3392 2662 vult
3432 2619 3545 2663 nos
3578 2601 3763 2663 velle.
3798 2603 3952 2664 Nam

2457 2706 2518 2761 et
2577 2698 3050 2780 gloriosissimae
3098 2698 3340 2779 Virgini
3394 2718 3517 2761 non
3567 2701 3954 2782 congruebat

2458 2816 2584 2859 non
2617 2798 2829 2860 dolere
2861 2798 2938 2858 de
2979 2804 3181 2858 morte
3212 2796 3354 2859 Filii
3395 2797 3492 2860 sui
3531 2816 3544 2859 :
3582 2798 3722 2861 ideo
3753 2800 3952 2861 voluit

2460 2896 2848 2959 contrarium
2899 2896 3038 2975 ejus
3086 2896 3254 2976 quod
3305 2896 3508 2957 voluit
3561 2896 3748 2968 Deus,
3801 2915 3952 2979 quo-

850 2996 1010 3058 illud
1060 2996 1123 3057 in
1168 2996 1436 3069 Psalm0,
1471 2996 1755 3058 Sustinui
1800 2998 1911 3078 qui
1960 2997 2149 3059 simul
2201 3017 2347 3060 con·
2384 3000 2427 3062 C
2459 2996 2628 3056 niam
2675 2994 2834 3056 illud
2879 2993 3048 3075 quod
3097 2994 3262 3055 Deus
3310 2994 3582 3069 volebat,
3617 2995 3740 3057 sibi
3791 2996 3952 3058 velle

849 3093 1229 3167 tristaretur,
1262 3102 1325 3156 et
1355 3112 1481 3157 non
1514 3094 1655 3157 ruit.
1691 3094 2082 3158 Tristabatur
2110 3096 2346 3159 etenim

852 3192 1137 3254 Christus
1170 3193 1484 3274 spirituali
1524 3193 1782 3255 tristitia
1812 3195 1889 3256 de
1929 3196 2348 3258 excaecatione

848 3291 1232 3364 Judaeorum,
1266 3299 1329 3353 et
1373 3309 1497 3353 non
1543 3291 1665 3353 fuit
1707 3293 1817 3373 qui
1862 3293 1953 3355 sic
1994 3293 2352 3355 tristaretur

852 3406 999 3449 cum
1050 3405 1143 3450 e0.
1180 3424 1260 3433 —
1292 3389 1355 3451 Si
1398 3397 1607 3451 autem
1651 3390 2011 3471 objiciatur,
2054 3392 2206 3472 quia
2247 3392 2350 3453 tri-

852 3485 1025 3548 stitia
1072 3486 1183 3548 illa
1226 3487 1595 3567 subjacebat
1638 3488 1840 3550 libero
1883 3489 2167 3563 arbitrio,
2203 3508 2351 3571 ergo

855 3584 1179 3647 meritoria
1208 3585 1309 3647 vel
1342 3586 1747 3649 demeritoria
1776 3586 1933 3666 fuit3
1967 3589 2350 3669 responden-

853 3682 1030 3758 dum,
1065 3684 1233 3766 quod
1275 3684 1531 3765 quidam
1576 3693 1722 3746 sunt
1767 3693 1977 3747 motus
2022 3686 2099 3747 ad
2139 3705 2353 3747 neces-

854 3781 1114 3856 sarium,
1148 3789 1211 3843 et
1241 3781 1475 3844 habent
1504 3803 1763 3844 sensum
1796 3784 2247 3857 necessarium,
2283 3793 2352 3846 ut

853 3879 1055 3942 fames
1095 3886 1157 3942 et
1197 3880 1337 3942 sitis
1372 3899 1385 3943 :
1419 3888 1483 3942 et
1522 3881 1624 3942 isti
1669 3899 1785 3943 nec
1820 3883 2169 3944 secundum
2213 3902 2350 3944 esse

854 3998 1045 4040 suum
1094 3998 1211 4040 nec
1269 3980 1621 4041 secundum
1678 3998 2081 4061 progressum
2143 3981 2352 4061 subja-

856 4082 1002 4139 cent
1050 4076 1250 4139 libero
1295 4076 1575 4139 arbitrio.
1612 4077 1732 4139 Alii
1785 4086 1933 4140 sunt
1982 4087 2192 4141 motus
2240 4080 2349 4161 qui

2460 3112 2584 3157 non
2636 3093 3040 3175 congruebat.
3077 3129 3156 3138 -
3200 3093 3374 3168 Quod
3425 3093 3578 3156 item
3626 3094 3950 3175 objicitur,

2459 3213 2585 3256 non
2636 3193 2835 3255 fuisse
2885 3192 3004 3254 hoc
3055 3191 3476 3262 meritorium,
3514 3192 3663 3274 quia
3707 3193 3831 3255 fuit
3877 3214 3952 3255 ex

2461 3292 2889 3363 sensualitate,
2925 3291 3015 3352 sic
3046 3290 3335 3364 solvitur,
3372 3292 3538 3372 quod
3583 3292 3955 3354 sensualitas

2461 3389 2716 3472 proprie
2762 3389 2920 3450 dicit
2961 3389 3426 3452 ordinationem
3472 3390 3549 3451 ad
3596 3391 3951 3453 rationem:

2463 3497 2722 3571 propter
2751 3489 2920 3570 quod
2953 3488 3158 3550 brutis
3190 3506 3316 3550 non
3349 3489 3648 3578 convenit
3678 3491 3950 3572 proprie.

2461 3588 2606 3649 Ideo
2649 3587 2816 3648 sicut
2859 3586 2925 3646 in
2968 3585 3374 3649 sensualitate
3420 3596 3627 3669 potest
3673 3607 3812 3651 esse
3855 3608 3955 3652 ve-

2462 3686 2628 3747 niale
2660 3693 3014 3767 peccatum,
3052 3684 3134 3745 ita
3166 3692 3228 3746 et
3262 3685 3578 3747 meritum.
3604 3687 3746 3750 Haec
3777 3689 3954 3750 Alex·

2460 3784 2674 3846 ander.

2540 3882 2684 3944 Haec
2715 3881 2946 3964 positio
2975 3881 3184 3944 verior
3222 3900 3360 3943 6556
3392 3882 3663 3956 videtur,
3697 3892 3761 3945 et
3793 3884 3956 3946 solu-

2460 3981 2551 4043 tio
2590 3981 2698 4042 illa
2727 3980 3262 4054 Antisiodorensis
3303 3981 3381 4043 de
3411 3981 3753 4062 Apostolis,
3787 3984 3953 4064 quod

2460 4089 2640 4142 erant
2670 4078 2952 4141 carnales
2991 4084 3055 4139 et
3085 4078 3404 4141 Christum
3447 4078 3786 4141 carnaliter
3820 4081 3955 4142 dili-

858 4175 1003 4237 licet
1052 4175 1180 4237 sint
1227 4176 1303 4236 ad
1354 4176 1805 4250 necessarium,
1854 4177 2092 4239 habent
2136 4187 2348 4240 tamen
2382 4182 2431 4243 D
2459 4178 2712 4260 gebant,
2746 4176 3106 4238 nullatenus
3139 4176 3203 4237 in
3235 4175 3700 4258 perfectissima
3729 4197 3804 4240 ac
3835 4179 3954 4261 spi-

855 4273 1279 4334 voluntariam
1325 4293 1549 4335 sensus
1594 4293 1872 4348 causam,
1905 4275 2070 4337 sicut
2109 4276 2347 4350 videre,

855 4371 1075 4432 audire
1120 4389 1132 4432 :
1178 4371 1448 4452 talisque
1497 4371 1618 4432 ruit
1666 4373 2110 4453 Apostolorum
2161 4375 2352 4436 tristi-

855 4469 965 4544 tia,
999 4469 1149 4550 quia
1188 4469 1475 4532 videntes
1520 4470 1841 4532 Christum
1888 4472 2039 4553 pati,
2080 4491 2208 4535 non
2249 4491 2353 4554 po·

855 4575 1061 4630 terant
1112 4586 1237 4630 non
1287 4567 1550 4645 dolere;
1604 4576 1813 4631 tamen
1862 4570 2080 4632 videre
2132 4571 2351 4633 volun-

853 4666 1087 4728 tarium
1119 4665 1259 4728 fuit.
1298 4666 1373 4727 Et
1406 4666 1545 4728 talis
1579 4667 1835 4728 tristitia
1866 4668 2121 4730 suberat
2153 4669 2353 4732 libero

854 4764 1140 4839 arbitrio,
1176 4783 1303 4828 non
1343 4773 1650 4846 quantum
1691 4766 1768 4826 ad
1808 4785 1968 4840 esse,
2002 4767 2112 4828 sed
2160 4787 2354 4848 quan-

854 4871 994 4924 tum
1050 4864 1129 4925 ad
1187 4882 1615 4945 progressum,
1670 4883 1748 4925 ne
1802 4864 2047 4926 scilicet
2105 4873 2353 4927 'tantum

856 4963 1361 5044 progrederetur,
1422 4963 1592 5043 quod
1665 4961 1957 5024 timorem
2024 4971 2354 5044 generaret

856 5060 1208 5121 humanum
1263 5077 1276 5122 :
1329 5078 1490 5142 opus
1539 5077 1689 5122 vero
1749 5060 2145 5122 meritorium
2206 5062 2352 5123 sub-

858 5176 996 5220 esse
1026 5157 1212 5220 debet
1241 5157 1444 5220 libero
1472 5156 1733 5219 arbitrio
1761 5158 1963 5239 quoad
1994 5177 2133 5221 esse
2162 5167 2351 5241 atque

862 5273 1285 5336 progressum.
1307 5255 1754 5317 -Auctoritas
1784 5274 2037 5338 quoque
2067 5255 2351 5338 Apostoli

2461 4276 2872 4338 ritualissima
2909 4275 3166 4356 Virgine
3206 4275 3416 4336 locum
3461 4275 3741 4339 sortitur.
3778 4278 3956 4340 Deni-

2460 4394 2584 4457 que
2625 4375 3000 4436 sensualitas
3039 4373 3180 4453 ejus
3221 4373 3500 4454 perfecte
3540 4375 3805 4438 omnino
3841 4376 3958 4438 tuit

2461 4472 2690 4535 rationi
2721 4481 2784 4535 et
2821 4473 2949 4534 Deo
2990 4471 3301 4552 subjecta,
3335 4480 3397 4533 et
3439 4473 3576 4554 ipsa
3613 4479 3806 4536 tantae
3839 4474 3958 4536 fuit

2461 4570 2892 4652 perlectioniS,
2928 4571 3096 4652 quod
3130 4570 3196 4633 in
3236 4569 3409 4632 omni
3451 4570 3700 4632 actione
3731 4579 3794 4633 et
3828 4591 3960 4653 pas-

2460 4668 2637 4730 sione
2698 4675 2889 4749 atque
2955 4667 3392 4749 compassione
3456 4669 3955 4749 promerebatur,

2461 4775 2530 4828 ut
2581 4766 2646 4827 in
2708 4766 2870 4828 libro
2919 4766 2996 4827 de
3055 4766 3376 4828 Laudibus
3436 4765 3956 4848 incomparabilis

2459 4865 2734 4946 Virginis
2767 4863 2990 4946 probat
3019 4863 3334 4924 AlbertuS.
3365 4864 3625 4936 RursuS,
3649 4864 3955 4926 naturalis

2459 4981 2636 5024 amor
2667 4962 2806 5041 ejus
2837 4961 2915 5022 ad
2949 4960 3268 5023 Christum
3303 4959 3425 5021 tuit
3452 4959 3771 5040 spirituali
3803 4979 3956 5024 amo—

2461 5080 2527 5122 re
2574 5060 2853 5142 perfecte
2897 5059 3205 5122 formatus
3253 5065 3314 5119 et
3363 5059 3734 5137 decoratus3
3767 5067 3951 5142 atque

2460 5167 2530 5220 ut
2577 5158 2835 5240 quidam
2886 5157 3276 5239 expositores
3324 5165 3655 5232 testantur,
3703 5158 3787 5220 ob
3835 5159 3950 5220 hoc

2458 5257 2862 5340 potissimum
2906 5255 3190 5319 Christus
3231 5255 3540 5337 sapientia
3579 5255 3945 5340 Dei-Patris,
3975 5275 4073 5317 icor

4076 5271 4194 5318 .ι,ἐῐ.
4278 5269 4279 5318 ᾗ
