<?xml version="1.0" encoding="UTF-8"?>
<!DOCTYPE html PUBLIC "-//W3C//DTD XHTML 1.0 Transitional//EN"
    "http://www.w3.org/TR/xhtml1/DTD/xhtml1-transitional.dtd">
<html xmlns="http://www.w3.org/1999/xhtml" xml:lang="en" lang="en">
 <head>
  <title>
</title>
<meta http-equiv="Content-Type" content="text/html;charset=utf-8" />
  <meta name='ocr-system' content='tesseract 3.04.00' />
  <meta name='ocr-capabilities' content='ocr_page ocr_carea ocr_par ocr_line ocrx_word'/>
</head>
<body>
  <div class='ocr_page' id='page_1' title='image "./doctorisecstati11unkngoog_0207.png"; bbox 0 0 4359 6250; ppageno 0'>
   <div class='ocr_carea' id='block_1_1' title="bbox 1289 479 3450 549">
    <p class='ocr_par' dir='ltr' id='par_1_1' title="bbox 1289 479 3450 549">
     <span class='ocr_line' id='line_1_1' title="bbox 1289 479 3450 549; baseline -0.002 -1"><span class='ocrx_word' id='word_1_1' title='bbox 1289 503 1463 549; x_wconf 75' lang='lat' dir='ltr'><strong>uasa</strong></span> <span class='ocrx_word' id='word_1_2' title='bbox 1502 503 1521 548; x_wconf 88' lang='lat'>1</span> <span class='ocrx_word' id='word_1_3' title='bbox 1561 501 2041 548; x_wconf 69' lang='lat' dir='ltr'><strong>samammamr.</strong></span> <span class='ocrx_word' id='word_1_4' title='bbox 2073 518 2154 528; x_wconf 89' lang='lat'>—</span> <span class='ocrx_word' id='word_1_5' title='bbox 2183 501 2334 546; x_wconf 77' lang='lat' dir='ltr'><strong>msr.</strong></span> <span class='ocrx_word' id='word_1_6' title='bbox 2369 501 2516 546; x_wconf 75' lang='lat' dir='ltr'><strong>xxvi</strong></span> <span class='ocrx_word' id='word_1_7' title='bbox 3331 479 3450 544; x_wconf 76' lang='lat'><strong>195</strong></span> 
     </span>
    </p>
   </div>
   <div class='ocr_carea' id='block_1_2' title="bbox 1186 914 2616 1028">
    <p class='ocr_par' dir='ltr' id='par_1_2' title="bbox 1186 914 2616 1028">
     <span class='ocr_line' id='line_1_2' title="bbox 1186 914 2616 1028; baseline -0.003 -2"><span class='ocrx_word' id='word_1_8' title='bbox 1186 915 2095 1028; x_wconf 88' lang='lat' dir='ltr'>DISTINCTIO</span> <span class='ocrx_word' id='word_1_9' title='bbox 2237 914 2616 1024; x_wconf 89' lang='lat' dir='ltr'><strong>XXVI</strong></span> 
     </span>
    </p>
   </div>
   <div class='ocr_carea' id='block_1_3' title="bbox 838 1268 2962 1459">
    <p class='ocr_par' dir='ltr' id='par_1_3' title="bbox 838 1268 2962 1459">
     <span class='ocr_line' id='line_1_3' title="bbox 838 1268 2962 1344; baseline -0.001 -11"><span class='ocrx_word' id='word_1_10' title='bbox 838 1271 921 1334; x_wconf 80' lang='lat' dir='ltr'><strong>A.</strong></span> <span class='ocrx_word' id='word_1_11' title='bbox 970 1273 1067 1332; x_wconf 84' lang='lat' dir='ltr'><strong>De</strong></span> <span class='ocrx_word' id='word_1_12' title='bbox 1105 1268 1695 1344; x_wconf 72' lang='lat' dir='ltr'><strong>proprietatibus</strong></span> <span class='ocrx_word' id='word_1_13' title='bbox 1731 1279 2239 1341; x_wconf 78' lang='lat' dir='ltr'><strong>personarum</strong></span> <span class='ocrx_word' id='word_1_14' title='bbox 2251 1287 2280 1343; x_wconf 90' lang='lat'><strong>,·</strong></span> <span class='ocrx_word' id='word_1_15' title='bbox 2328 1268 2400 1329; x_wconf 83' lang='lat' dir='ltr'><strong>et</strong></span> <span class='ocrx_word' id='word_1_16' title='bbox 2436 1271 2656 1342; x_wconf 76' lang='lat' dir='ltr'><strong>prius</strong></span> <span class='ocrx_word' id='word_1_17' title='bbox 2701 1272 2787 1330; x_wconf 82' lang='lat' dir='ltr'><strong>de</strong></span> <span class='ocrx_word' id='word_1_18' title='bbox 2830 1271 2962 1332; x_wconf 82' lang='lat' dir='ltr'><strong>hoc</strong></span> 
     </span>
     <span class='ocr_line' id='line_1_4' title="bbox 1496 1384 2305 1459; baseline -0.005 -11"><span class='ocrx_word' id='word_1_19' title='bbox 1496 1386 1822 1458; x_wconf 79' lang='lat' dir='ltr'><strong>nomine,</strong></span> <span class='ocrx_word' id='word_1_20' title='bbox 1871 1384 2305 1459; x_wconf 71' lang='lat' dir='ltr'><em>hypostasis.</em></span> 
     </span>
    </p>
   </div>
   <div class='ocr_carea' id='block_1_4' title="bbox 358 1713 3740 4353">
    <p class='ocr_par' dir='ltr' id='par_1_4' title="bbox 358 1713 3740 4353">
     <span class='ocr_line' id='line_1_5' title="bbox 625 1713 3453 1798; baseline -0.001 -17"><span class='ocrx_word' id='word_1_21' title='bbox 625 1718 1059 1796; x_wconf 80' lang='lat' dir='ltr'><strong>moravimuS,</strong></span> <span class='ocrx_word' id='word_1_22' title='bbox 1092 1716 1342 1796; x_wconf 86' lang='lat' dir='ltr'><strong>aliquid</strong></span> <span class='ocrx_word' id='word_1_23' title='bbox 1387 1715 1571 1796; x_wconf 89' lang='lat' dir='ltr'><strong>loqui</strong></span> <span class='ocrx_word' id='word_1_24' title='bbox 1608 1731 1731 1778; x_wconf 90' lang='lat' dir='ltr'><strong>nos</strong></span> <span class='ocrx_word' id='word_1_25' title='bbox 1780 1714 2057 1794; x_wconf 83' lang='lat' dir='ltr'>oportet.</span> <span class='ocrx_word' id='word_1_26' title='bbox 2092 1713 2222 1776; x_wconf 88' lang='lat' dir='ltr'><strong>Sed</strong></span> <span class='ocrx_word' id='word_1_27' title='bbox 2268 1713 2560 1794; x_wconf 90' lang='lat' dir='ltr'><strong>primum</strong></span> <span class='ocrx_word' id='word_1_28' title='bbox 2609 1714 2958 1779; x_wconf 82' lang='lat' dir='ltr'><strong>audiamus</strong></span> <span class='ocrx_word' id='word_1_29' title='bbox 3003 1717 3164 1798; x_wconf 89' lang='lat' dir='ltr'><strong>quid</strong></span> <span class='ocrx_word' id='word_1_30' title='bbox 3199 1717 3280 1780; x_wconf 92' lang='lat' dir='ltr'><strong>de</strong></span> <span class='ocrx_word' id='word_1_31' title='bbox 3327 1717 3453 1779; x_wconf 89' lang='lat' dir='ltr'><strong>hoc</strong></span> 
     </span>
     <span class='ocr_line' id='line_1_6' title="bbox 622 1828 3451 1914; baseline -0.001 -17"><span class='ocrx_word' id='word_1_32' title='bbox 622 1835 919 1914; x_wconf 85' lang='lat' dir='ltr'><strong>nomine,</strong></span> <span class='ocrx_word' id='word_1_33' title='bbox 965 1832 1363 1914; x_wconf 54' lang='lat' dir='ltr'><strong>hypos&#39;tasiS,</strong></span> <span class='ocrx_word' id='word_1_34' title='bbox 1406 1831 1855 1910; x_wconf 85' lang='lat' dir='ltr'><strong>Hieronymus</strong></span> <span class='ocrx_word' id='word_1_35' title='bbox 1901 1829 2081 1892; x_wconf 88' lang='lat' dir='ltr'><strong>dicit.</strong></span> <span class='ocrx_word' id='word_1_36' title='bbox 2117 1828 2233 1891; x_wconf 88' lang='lat' dir='ltr'><strong>Ait</strong></span> <span class='ocrx_word' id='word_1_37' title='bbox 2269 1831 2446 1893; x_wconf 90' lang='lat' dir='ltr'><strong>enim</strong></span> <span class='ocrx_word' id='word_1_38' title='bbox 2490 1829 2614 1894; x_wconf 91' lang='lat' dir='ltr'><strong>sub</strong></span> <span class='ocrx_word' id='word_1_39' title='bbox 2651 1830 2777 1894; x_wconf 92' lang='lat' dir='ltr'><strong>hoc</strong></span> <span class='ocrx_word' id='word_1_40' title='bbox 2821 1833 3090 1895; x_wconf 91' lang='lat' dir='ltr'><strong>nomine</strong></span> <span class='ocrx_word' id='word_1_41' title='bbox 3127 1849 3451 1896; x_wconf 85' lang='lat' dir='ltr'><strong>venenum</strong></span> 
     </span>
     <span class='ocr_line' id='line_1_7' title="bbox 364 1945 3452 2029; baseline -0.001 -16"><span class='ocrx_word' id='word_1_42' title='bbox 364 1953 567 2016; x_wconf 86' lang='lat' dir='ltr'><strong>latere.</strong></span> <span class='ocrx_word' id='word_1_43' title='bbox 610 1951 741 2016; x_wconf 89' lang='lat' dir='ltr'><strong>Sed</strong></span> <span class='ocrx_word' id='word_1_44' title='bbox 779 1951 905 2014; x_wconf 92' lang='lat' dir='ltr'><strong>hoc</strong></span> <span class='ocrx_word' id='word_1_45' title='bbox 943 1949 1104 2012; x_wconf 83' lang='lat' dir='ltr'><strong>dicit</strong></span> <span class='ocrx_word' id='word_1_46' title='bbox 1139 1949 1498 2012; x_wconf 89' lang='lat' dir='ltr'><strong>secundum</strong></span> <span class='ocrx_word' id='word_1_47' title='bbox 1531 1946 1709 2029; x_wconf 85' lang='lat' dir='ltr'><strong>quod</strong></span> <span class='ocrx_word' id='word_1_48' title='bbox 1745 1945 2037 2010; x_wconf 86' lang='lat' dir='ltr'><strong>haeretici</strong></span> <span class='ocrx_word' id='word_1_49' title='bbox 2076 1962 2154 2008; x_wconf 93' lang='lat' dir='ltr'><strong>eo</strong></span> <span class='ocrx_word' id='word_1_50' title='bbox 2185 1945 2535 2009; x_wconf 87' lang='lat' dir='ltr'><strong>utebantur</strong></span> <span class='ocrx_word' id='word_1_51' title='bbox 2575 1947 2648 2008; x_wconf 91' lang='lat' dir='ltr'><strong>ut</strong></span> <span class='ocrx_word' id='word_1_52' title='bbox 2675 1946 3009 2028; x_wconf 90' lang='lat' dir='ltr'><strong>simplices</strong></span> <span class='ocrx_word' id='word_1_53' title='bbox 3046 1947 3452 2027; x_wconf 80' lang='lat' dir='ltr'><strong>seducerent,</strong></span> 
     </span>
     <span class='ocr_line' id='line_1_8' title="bbox 362 2061 3454 2149; baseline -0.001 -19"><span class='ocrx_word' id='word_1_54' title='bbox 362 2067 597 2131; x_wconf 88' lang='lat' dir='ltr'><strong>scilicet</strong></span> <span class='ocrx_word' id='word_1_55' title='bbox 637 2084 757 2149; x_wconf 89' lang='lat' dir='ltr'><strong>pro</strong></span> <span class='ocrx_word' id='word_1_56' title='bbox 805 2083 1087 2147; x_wconf 87' lang='lat' dir='ltr'><strong>persona</strong></span> <span class='ocrx_word' id='word_1_57' title='bbox 1128 2067 1191 2128; x_wconf 88' lang='lat' dir='ltr'><strong>et</strong></span> <span class='ocrx_word' id='word_1_58' title='bbox 1228 2082 1347 2146; x_wconf 91' lang='lat' dir='ltr'><strong>pro</strong></span> <span class='ocrx_word' id='word_1_59' title='bbox 1386 2063 1667 2127; x_wconf 84' lang='lat' dir='ltr'><strong>essentia</strong></span> <span class='ocrx_word' id='word_1_60' title='bbox 1701 2082 1715 2122; x_wconf 91' lang='lat'>:</span> <span class='ocrx_word' id='word_1_61' title='bbox 1748 2064 1825 2126; x_wconf 90' lang='lat' dir='ltr'><strong>ut</strong></span> <span class='ocrx_word' id='word_1_62' title='bbox 1858 2062 1999 2125; x_wconf 90' lang='lat' dir='ltr'><strong>sive</strong></span> <span class='ocrx_word' id='word_1_63' title='bbox 2036 2061 2364 2124; x_wconf 84' lang='lat' dir='ltr'><strong>diceretur</strong></span> <span class='ocrx_word' id='word_1_64' title='bbox 2406 2079 2539 2125; x_wconf 89' lang='lat' dir='ltr'><strong>una</strong></span> <span class='ocrx_word' id='word_1_65' title='bbox 2579 2063 2836 2125; x_wconf 85' lang='lat' dir='ltr'><strong>tantum</strong></span> <span class='ocrx_word' id='word_1_66' title='bbox 2875 2064 3273 2145; x_wconf 82' lang='lat' dir='ltr'><strong>hypostasis,</strong></span> <span class='ocrx_word' id='word_1_67' title='bbox 3314 2066 3454 2128; x_wconf 86' lang='lat' dir='ltr'><strong>sive</strong></span> 
     </span>
     <span class='ocr_line' id='line_1_9' title="bbox 362 2179 3453 2264; baseline -0.001 -17"><span class='ocrx_word' id='word_1_68' title='bbox 362 2185 503 2264; x_wconf 79' lang='lat' dir='ltr'><strong>treS‚</strong></span> <span class='ocrx_word' id='word_1_69' title='bbox 534 2184 760 2247; x_wconf 91' lang='lat' dir='ltr'><strong>minus</strong></span> <span class='ocrx_word' id='word_1_70' title='bbox 797 2182 1047 2264; x_wconf 86' lang='lat' dir='ltr'><strong>peritos</strong></span> <span class='ocrx_word' id='word_1_71' title='bbox 1073 2181 1157 2244; x_wconf 93' lang='lat' dir='ltr'><strong>ad</strong></span> <span class='ocrx_word' id='word_1_72' title='bbox 1194 2180 1663 2244; x_wconf 83' lang='lat' dir='ltr'><strong>inconveniens</strong></span> <span class='ocrx_word' id='word_1_73' title='bbox 1700 2179 2119 2257; x_wconf 87' lang='lat' dir='ltr'><strong>deducerent,</strong></span> <span class='ocrx_word' id='word_1_74' title='bbox 2153 2195 2362 2259; x_wconf 88' lang='lat' dir='ltr'><strong>quum</strong></span> <span class='ocrx_word' id='word_1_75' title='bbox 2391 2195 2525 2242; x_wconf 90' lang='lat' dir='ltr'><strong>non</strong></span> <span class='ocrx_word' id='word_1_76' title='bbox 2561 2181 2700 2243; x_wconf 85' lang='lat' dir='ltr'><strong>erat</strong></span> <span class='ocrx_word' id='word_1_77' title='bbox 2736 2181 2862 2244; x_wconf 89' lang='lat' dir='ltr'><strong>hoc</strong></span> <span class='ocrx_word' id='word_1_78' title='bbox 2889 2198 3132 2245; x_wconf 88' lang='lat' dir='ltr'><strong>nomen</strong></span> <span class='ocrx_word' id='word_1_79' title='bbox 3162 2183 3253 2244; x_wconf 89' lang='lat' dir='ltr'><strong>ita</strong></span> <span class='ocrx_word' id='word_1_80' title='bbox 3280 2182 3453 2262; x_wconf 89' lang='lat' dir='ltr'><strong>apud</strong></span> 
     </span>
     <span class='ocr_line' id='line_1_10' title="bbox 364 2294 3456 2380; baseline 0 -18"><span class='ocrx_word' id='word_1_81' title='bbox 364 2299 723 2364; x_wconf 84' lang='lat' dir='ltr'><strong>Catholicos</strong></span> <span class='ocrx_word' id='word_1_82' title='bbox 770 2299 1117 2380; x_wconf 86' lang='lat' dir='ltr'><strong>vulgatum</strong></span> <span class='ocrx_word' id='word_1_83' title='bbox 1160 2314 1280 2362; x_wconf 88' lang='lat' dir='ltr'><strong>nec</strong></span> <span class='ocrx_word' id='word_1_84' title='bbox 1329 2297 1423 2360; x_wconf 89' lang='lat' dir='ltr'><strong>ita</strong></span> <span class='ocrx_word' id='word_1_85' title='bbox 1472 2297 1617 2377; x_wconf 89' lang='lat' dir='ltr'><strong>ejus</strong></span> <span class='ocrx_word' id='word_1_86' title='bbox 1667 2295 2061 2378; x_wconf 85' lang='lat' dir='ltr'><strong>significatio</strong></span> <span class='ocrx_word' id='word_1_87' title='bbox 2114 2294 2549 2359; x_wconf 90' lang='lat' dir='ltr'><strong>determinata</strong></span> <span class='ocrx_word' id='word_1_88' title='bbox 2587 2299 2663 2360; x_wconf 89' lang='lat' dir='ltr'><strong>ut</strong></span> <span class='ocrx_word' id='word_1_89' title='bbox 2708 2298 2928 2361; x_wconf 91' lang='lat' dir='ltr'><strong>modo.</strong></span> <span class='ocrx_word' id='word_1_90' title='bbox 2971 2299 3056 2360; x_wconf 89' lang='lat' dir='ltr'><strong>Et</strong></span> <span class='ocrx_word' id='word_1_91' title='bbox 3094 2299 3243 2362; x_wconf 92' lang='lat' dir='ltr'><strong>ideo</strong></span> <span class='ocrx_word' id='word_1_92' title='bbox 3295 2299 3456 2362; x_wconf 91' lang='lat' dir='ltr'><strong>Hie-</strong></span> 
     </span>
     <span class='ocr_line' id='line_1_11' title="bbox 362 2411 3454 2496; baseline 0 -18"><span class='ocrx_word' id='word_1_93' title='bbox 362 2433 669 2495; x_wconf 88' lang='lat' dir='ltr'><strong>ronymus</strong></span> <span class='ocrx_word' id='word_1_94' title='bbox 722 2416 887 2479; x_wconf 87' lang='lat' dir='ltr'><strong>dicit</strong></span> <span class='ocrx_word' id='word_1_95' title='bbox 932 2415 1058 2478; x_wconf 92' lang='lat' dir='ltr'><strong>hoc</strong></span> <span class='ocrx_word' id='word_1_96' title='bbox 1116 2414 1383 2477; x_wconf 90' lang='lat' dir='ltr'><strong>nomine</strong></span> <span class='ocrx_word' id='word_1_97' title='bbox 1438 2428 1571 2476; x_wconf 92' lang='lat' dir='ltr'><strong>non</strong></span> <span class='ocrx_word' id='word_1_98' title='bbox 1618 2413 1939 2477; x_wconf 89' lang='lat' dir='ltr'><strong>utendum</strong></span> <span class='ocrx_word' id='word_1_99' title='bbox 1996 2412 2135 2475; x_wconf 88' lang='lat' dir='ltr'><strong>fore</strong></span> <span class='ocrx_word' id='word_1_100' title='bbox 2191 2412 2334 2476; x_wconf 90' lang='lat' dir='ltr'><strong>sine</strong></span> <span class='ocrx_word' id='word_1_101' title='bbox 2390 2411 2809 2478; x_wconf 90' lang='lat' dir='ltr'><strong>distinctione</strong></span> <span class='ocrx_word' id='word_1_102' title='bbox 2864 2415 2967 2478; x_wconf 90' lang='lat' dir='ltr'><strong>vel</strong></span> <span class='ocrx_word' id='word_1_103' title='bbox 3019 2416 3454 2496; x_wconf 85' lang='lat' dir='ltr'><strong>expositione,</strong></span> 
     </span>
     <span class='ocr_line' id='line_1_12' title="bbox 362 2528 3456 2613; baseline 0 -19"><span class='ocrx_word' id='word_1_104' title='bbox 362 2533 505 2595; x_wconf 85' lang='lat' dir='ltr'><strong>tunc</strong></span> <span class='ocrx_word' id='word_1_105' title='bbox 558 2533 814 2596; x_wconf 86' lang='lat' dir='ltr'><strong>scilicet</strong></span> <span class='ocrx_word' id='word_1_106' title='bbox 864 2530 1127 2613; x_wconf 88' lang='lat' dir='ltr'><strong>quando</strong></span> <span class='ocrx_word' id='word_1_107' title='bbox 1188 2546 1341 2594; x_wconf 88' lang='lat' dir='ltr'><strong>cum</strong></span> <span class='ocrx_word' id='word_1_108' title='bbox 1392 2529 1721 2594; x_wconf 86' lang='lat' dir='ltr'><strong>haereticis</strong></span> <span class='ocrx_word' id='word_1_109' title='bbox 1768 2528 2302 2608; x_wconf 82' lang='lat' dir='ltr'><strong>contendebatur,</strong></span> <span class='ocrx_word' id='word_1_110' title='bbox 2343 2529 2437 2592; x_wconf 90' lang='lat' dir='ltr'><strong>ita</strong></span> <span class='ocrx_word' id='word_1_111' title='bbox 2479 2529 2771 2593; x_wconf 90' lang='lat' dir='ltr'><strong>scribens</strong></span> <span class='ocrx_word' id='word_1_112' title='bbox 2827 2531 2907 2594; x_wconf 91' lang='lat' dir='ltr'><strong>de</strong></span> <span class='ocrx_word' id='word_1_113' title='bbox 2956 2531 3084 2594; x_wconf 92' lang='lat' dir='ltr'><strong>fide</strong></span> <span class='ocrx_word' id='word_1_114' title='bbox 3135 2531 3456 2595; x_wconf 87' lang='lat' dir='ltr'><strong>catholica</strong></span> 
     </span>
     <span class='ocr_line' id='line_1_13' title="bbox 363 2641 3712 2729; baseline -0 -19"><span class='ocrx_word' id='word_1_115' title='bbox 363 2648 439 2710; x_wconf 88' lang='lat' dir='ltr'><strong>ad</strong></span> <span class='ocrx_word' id='word_1_116' title='bbox 488 2649 853 2712; x_wconf 80' lang='lat' dir='ltr'><strong>Damasum</strong></span> <span class='ocrx_word' id='word_1_117' title='bbox 917 2647 1169 2729; x_wconf 88' lang='lat' dir='ltr'><strong>Papam</strong></span> <span class='ocrx_word' id='word_1_118' title='bbox 1222 2667 1237 2708; x_wconf 75' lang='grc' dir='ltr'><strong><em>ε</em></strong></span> <span class='ocrx_word' id='word_1_119' title='bbox 1296 2647 1399 2710; x_wconf 91' lang='lat' dir='ltr'><strong>Ab</strong></span> <span class='ocrx_word' id='word_1_120' title='bbox 1454 2646 1851 2709; x_wconf 85' lang='lat' dir='ltr'><strong>Arianorum</strong></span> <span class='ocrx_word' id='word_1_121' title='bbox 1912 2645 2194 2726; x_wconf 88' lang='lat' dir='ltr'><strong>praesule</strong></span> <span class='ocrx_word' id='word_1_122' title='bbox 2215 2641 2240 2666; x_wconf 85' lang='lat'>*</span> <span class='ocrx_word' id='word_1_123' title='bbox 2305 2646 2748 2726; x_wconf 83' lang='lat' dir='ltr'><strong>hypostaseon</strong></span> <span class='ocrx_word' id='word_1_124' title='bbox 2811 2647 3148 2710; x_wconf 90' lang='lat' dir='ltr'><strong>novellum</strong></span> <span class='ocrx_word' id='word_1_125' title='bbox 3213 2664 3454 2711; x_wconf 89' lang='lat' dir='ltr'><strong>nomen</strong></span> <span class='ocrx_word' id='word_1_126' title='bbox 3537 2665 3712 2710; x_wconf 68' lang='lat' dir='ltr'><strong>mom.</strong></span> 
     </span>
     <span class='ocr_line' id='line_1_14' title="bbox 360 2727 3728 2842; baseline -0.001 -16"><span class='ocrx_word' id='word_1_127' title='bbox 360 2780 395 2826; x_wconf 89' lang='lat' dir='ltr'><strong>a</strong></span> <span class='ocrx_word' id='word_1_128' title='bbox 434 2781 535 2828; x_wconf 89' lang='lat' dir='ltr'><strong>me</strong></span> <span class='ocrx_word' id='word_1_129' title='bbox 572 2763 846 2826; x_wconf 89' lang='lat' dir='ltr'><strong>homine</strong></span> <span class='ocrx_word' id='word_1_130' title='bbox 880 2763 1187 2826; x_wconf 89' lang='lat' dir='ltr'><strong>Romano</strong></span> <span class='ocrx_word' id='word_1_131' title='bbox 1224 2761 1529 2842; x_wconf 81' lang='lat' dir='ltr'><strong>exigitur.</strong></span> <span class='ocrx_word' id='word_1_132' title='bbox 1568 2761 2081 2841; x_wconf 79' lang='lat' dir='ltr'><strong>InterrogamuS‚</strong></span> <span class='ocrx_word' id='word_1_133' title='bbox 2113 2759 2274 2840; x_wconf 90' lang='lat' dir='ltr'><strong>quid</strong></span> <span class='ocrx_word' id='word_1_134' title='bbox 2311 2761 2443 2823; x_wconf 86' lang='lat' dir='ltr'><strong>tres</strong></span> <span class='ocrx_word' id='word_1_135' title='bbox 2489 2759 2878 2840; x_wconf 85' lang='lat' dir='ltr'><strong>hypostases</strong></span> <span class='ocrx_word' id='word_1_136' title='bbox 2915 2761 3309 2825; x_wconf 82' lang='lat' dir='ltr'><strong>arbitrentur</strong></span> <span class='ocrx_word' id='word_1_137' title='bbox 3353 2763 3455 2824; x_wconf 89' lang='lat' dir='ltr'><strong>in·</strong></span> <span class='ocrx_word' id='word_1_138' title='bbox 3481 2727 3728 2841; x_wconf 56' lang='lat' dir='ltr'><strong>ff?³3⁸‚¹2,¹v&#39;</strong></span> 
     </span>
     <span class='ocr_line' id='line_1_15' title="bbox 360 2854 3698 2960; baseline -0 -19"><span class='ocrx_word' id='word_1_139' title='bbox 360 2879 581 2960; x_wconf 83' lang='lat' dir='ltr'><strong>telligi.</strong></span> <span class='ocrx_word' id='word_1_140' title='bbox 643 2878 805 2942; x_wconf 88' lang='lat' dir='ltr'><strong>Tres</strong></span> <span class='ocrx_word' id='word_1_141' title='bbox 868 2894 1183 2960; x_wconf 84' lang='lat' dir='ltr'><strong>personas</strong></span> <span class='ocrx_word' id='word_1_142' title='bbox 1244 2876 1699 2955; x_wconf 80' lang='lat' dir='ltr'><strong>subsistenteS‚</strong></span> <span class='ocrx_word' id='word_1_143' title='bbox 1754 2876 1960 2939; x_wconf 88' lang='lat' dir='ltr'><strong>aiunt.</strong></span> <span class='ocrx_word' id='word_1_144' title='bbox 2021 2875 2554 2956; x_wconf 89' lang='lat' dir='ltr'><strong>Respondemus,</strong></span> <span class='ocrx_word' id='word_1_145' title='bbox 2617 2894 2740 2940; x_wconf 91' lang='lat' dir='ltr'><strong>nos</strong></span> <span class='ocrx_word' id='word_1_146' title='bbox 2804 2877 2897 2940; x_wconf 88' lang='lat' dir='ltr'><strong>ita</strong></span> <span class='ocrx_word' id='word_1_147' title='bbox 2960 2877 3239 2941; x_wconf 91' lang='lat' dir='ltr'><strong>credere.</strong></span> <span class='ocrx_word' id='word_1_148' title='bbox 3305 2878 3455 2942; x_wconf 92' lang='lat' dir='ltr'><strong>Non</strong></span> <span class='ocrx_word' id='word_1_149' title='bbox 3533 2854 3554 2875; x_wconf 67' lang='lat'><em>⁶</em></span> <span class='ocrx_word' id='word_1_150' title='bbox 3579 2854 3698 2908; x_wconf 53' lang='grc' dir='ltr'><strong>’Μ’</strong></span> 
     </span>
     <span class='ocr_line' id='line_1_16' title="bbox 360 2991 3456 3076; baseline 0.001 -20"><span class='ocrx_word' id='word_1_151' title='bbox 360 2994 591 3058; x_wconf 88' lang='lat' dir='ltr'><strong>sufficit</strong></span> <span class='ocrx_word' id='word_1_152' title='bbox 638 2995 733 3058; x_wconf 88' lang='lat' dir='ltr'><strong>eis</strong></span> <span class='ocrx_word' id='word_1_153' title='bbox 784 3011 1044 3058; x_wconf 88' lang='lat' dir='ltr'><strong>sensus.</strong></span> <span class='ocrx_word' id='word_1_154' title='bbox 1092 2993 1322 3074; x_wconf 89' lang='lat' dir='ltr'><strong>Ipsum</strong></span> <span class='ocrx_word' id='word_1_155' title='bbox 1368 3009 1611 3056; x_wconf 89' lang='lat' dir='ltr'><strong>nomen</strong></span> <span class='ocrx_word' id='word_1_156' title='bbox 1662 2991 2040 3074; x_wconf 88' lang='lat' dir='ltr'><strong>efflagitant,</strong></span> <span class='ocrx_word' id='word_1_157' title='bbox 2092 2992 2251 3072; x_wconf 86' lang='lat' dir='ltr'><strong>quia</strong></span> <span class='ocrx_word' id='word_1_158' title='bbox 2295 2992 2517 3054; x_wconf 91' lang='lat' dir='ltr'><strong>nescio</strong></span> <span class='ocrx_word' id='word_1_159' title='bbox 2569 2993 2730 3073; x_wconf 88' lang='lat' dir='ltr'><strong>quid</strong></span> <span class='ocrx_word' id='word_1_160' title='bbox 2773 2993 3008 3057; x_wconf 86' lang='lat' dir='ltr'><strong>veneni</strong></span> <span class='ocrx_word' id='word_1_161' title='bbox 3059 2995 3126 3057; x_wconf 93' lang='lat' dir='ltr'><strong>in</strong></span> <span class='ocrx_word' id='word_1_162' title='bbox 3182 2994 3456 3076; x_wconf 82' lang='lat' dir='ltr'><strong>syllabis</strong></span> 
     </span>
     <span class='ocr_line' id='line_1_17' title="bbox 361 3107 3456 3193; baseline 0.001 -21"><span class='ocrx_word' id='word_1_163' title='bbox 361 3108 525 3175; x_wconf 86' lang='lat' dir='ltr'><strong>latet.</strong></span> <span class='ocrx_word' id='word_1_164' title='bbox 571 3110 957 3175; x_wconf 87' lang='lat' dir='ltr'><strong>Clamamus</strong></span> <span class='ocrx_word' id='word_1_165' title='bbox 998 3131 1013 3171; x_wconf 79' lang='lat' dir='ltr'><em>z</em></span> <span class='ocrx_word' id='word_1_166' title='bbox 1055 3111 1126 3177; x_wconf 89' lang='lat' dir='ltr'><strong>Si</strong></span> <span class='ocrx_word' id='word_1_167' title='bbox 1174 3110 1325 3193; x_wconf 86' lang='lat' dir='ltr'><strong>quis</strong></span> <span class='ocrx_word' id='word_1_168' title='bbox 1370 3111 1503 3175; x_wconf 90' lang='lat' dir='ltr'><strong>tres</strong></span> <span class='ocrx_word' id='word_1_169' title='bbox 1558 3109 1973 3191; x_wconf 80' lang='lat' dir='ltr'><strong>hypostaseS,</strong></span> <span class='ocrx_word' id='word_1_170' title='bbox 2019 3108 2086 3171; x_wconf 88' lang='lat' dir='ltr'><strong>id</strong></span> <span class='ocrx_word' id='word_1_171' title='bbox 2134 3109 2236 3173; x_wconf 89' lang='lat' dir='ltr'><strong>est</strong></span> <span class='ocrx_word' id='word_1_172' title='bbox 2285 3108 2417 3172; x_wconf 91' lang='lat' dir='ltr'><strong>tres</strong></span> <span class='ocrx_word' id='word_1_173' title='bbox 2463 3107 2896 3174; x_wconf 85' lang='lat' dir='ltr'><strong>subsistentes</strong></span> <span class='ocrx_word' id='word_1_174' title='bbox 2942 3128 3278 3193; x_wconf 80' lang='lat' dir='ltr'><strong>personaS,</strong></span> <span class='ocrx_word' id='word_1_175' title='bbox 3322 3130 3456 3176; x_wconf 92' lang='lat' dir='ltr'><strong>non</strong></span> 
     </span>
     <span class='ocr_line' id='line_1_18' title="bbox 360 3225 3456 3308; baseline 0.001 -19"><span class='ocrx_word' id='word_1_176' title='bbox 360 3228 719 3308; x_wconf 88' lang='lat' dir='ltr'><strong>confitetur,</strong></span> <span class='ocrx_word' id='word_1_177' title='bbox 764 3228 1114 3291; x_wconf 86' lang='lat' dir='ltr'><strong>anathema</strong></span> <span class='ocrx_word' id='word_1_178' title='bbox 1160 3228 1269 3291; x_wconf 90' lang='lat' dir='ltr'><strong>sit.</strong></span> <span class='ocrx_word' id='word_1_179' title='bbox 1320 3226 1389 3291; x_wconf 88' lang='lat' dir='ltr'><strong>Si</strong></span> <span class='ocrx_word' id='word_1_180' title='bbox 1439 3226 1589 3308; x_wconf 85' lang='lat' dir='ltr'><strong>quis</strong></span> <span class='ocrx_word' id='word_1_181' title='bbox 1636 3227 1857 3289; x_wconf 89' lang='lat' dir='ltr'><strong>autem</strong></span> <span class='ocrx_word' id='word_1_182' title='bbox 1908 3225 2324 3305; x_wconf 85' lang='lat' dir='ltr'><strong>hypostasim</strong></span> <span class='ocrx_word' id='word_1_183' title='bbox 2378 3226 2572 3289; x_wconf 69' lang='grc' dir='ltr'>οὐσίαν</span> <span class='ocrx_word' id='word_1_184' title='bbox 2620 3225 3020 3307; x_wconf 83' lang='lat' dir='ltr'><strong>intelligenS,</strong></span> <span class='ocrx_word' id='word_1_185' title='bbox 3061 3245 3195 3291; x_wconf 92' lang='lat' dir='ltr'><strong>non</strong></span> <span class='ocrx_word' id='word_1_186' title='bbox 3245 3229 3456 3292; x_wconf 88' lang='lat' dir='ltr'><strong>tribus</strong></span> 
     </span>
     <span class='ocr_line' id='line_1_19' title="bbox 360 3340 3456 3424; baseline 0.001 -19"><span class='ocrx_word' id='word_1_187' title='bbox 360 3342 653 3423; x_wconf 89' lang='lat' dir='ltr'><strong>personis</strong></span> <span class='ocrx_word' id='word_1_188' title='bbox 685 3359 887 3406; x_wconf 90' lang='lat' dir='ltr'><strong>unam</strong></span> <span class='ocrx_word' id='word_1_189' title='bbox 914 3342 1329 3424; x_wconf 87' lang='lat' dir='ltr'><strong>hypostasim</strong></span> <span class='ocrx_word' id='word_1_190' title='bbox 1358 3342 1611 3421; x_wconf 88' lang='lat' dir='ltr'><strong>indicit,</strong></span> <span class='ocrx_word' id='word_1_191' title='bbox 1636 3342 1891 3405; x_wconf 89' lang='lat' dir='ltr'><strong>alienus</strong></span> <span class='ocrx_word' id='word_1_192' title='bbox 1926 3357 1965 3404; x_wconf 92' lang='lat' dir='ltr'><strong>a</strong></span> <span class='ocrx_word' id='word_1_193' title='bbox 1996 3340 2256 3404; x_wconf 90' lang='lat' dir='ltr'><strong>Christo</strong></span> <span class='ocrx_word' id='word_1_194' title='bbox 2289 3342 2387 3403; x_wconf 89' lang='lat' dir='ltr'><strong>est</strong></span> <span class='ocrx_word' id='word_1_195' title='bbox 2418 3358 2432 3400; x_wconf 91' lang='lat'><strong>:</strong></span> <span class='ocrx_word' id='word_1_196' title='bbox 2466 3340 2581 3421; x_wconf 85' lang='lat' dir='ltr'><strong>qui</strong></span> <span class='ocrx_word' id='word_1_197' title='bbox 2620 3340 2871 3405; x_wconf 87' lang='lat' dir='ltr'><strong>scilicet</strong></span> <span class='ocrx_word' id='word_1_198' title='bbox 2897 3343 3029 3405; x_wconf 87' lang='lat' dir='ltr'><strong>tres</strong></span> <span class='ocrx_word' id='word_1_199' title='bbox 3067 3342 3456 3424; x_wconf 88' lang='lat' dir='ltr'><strong>hypostases</strong></span> 
     </span>
     <span class='ocr_line' id='line_1_20' title="bbox 360 3456 3453 3540; baseline 0.001 -19"><span class='ocrx_word' id='word_1_200' title='bbox 360 3458 601 3539; x_wconf 80' lang='lat' dir='ltr'><strong>dicenS,</strong></span> <span class='ocrx_word' id='word_1_201' title='bbox 646 3458 771 3523; x_wconf 92' lang='lat' dir='ltr'><strong>sub</strong></span> <span class='ocrx_word' id='word_1_202' title='bbox 824 3459 1093 3523; x_wconf 92' lang='lat' dir='ltr'><strong>nomine</strong></span> <span class='ocrx_word' id='word_1_203' title='bbox 1151 3458 1416 3540; x_wconf 90' lang='lat' dir='ltr'><strong>pietatis</strong></span> <span class='ocrx_word' id='word_1_204' title='bbox 1470 3460 1603 3521; x_wconf 90' lang='lat' dir='ltr'><strong>tres</strong></span> <span class='ocrx_word' id='word_1_205' title='bbox 1652 3458 1920 3521; x_wconf 88' lang='lat' dir='ltr'><strong>naturas</strong></span> <span class='ocrx_word' id='word_1_206' title='bbox 1978 3458 2253 3520; x_wconf 89' lang='lat' dir='ltr'><strong>conatur</strong></span> <span class='ocrx_word' id='word_1_207' title='bbox 2300 3472 2608 3520; x_wconf 86' lang='lat' dir='ltr'><strong>asserere.</strong></span> <span class='ocrx_word' id='word_1_208' title='bbox 2660 3456 2951 3520; x_wconf 86' lang='lat' dir='ltr'><strong>Sufficiat</strong></span> <span class='ocrx_word' id='word_1_209' title='bbox 2999 3458 3189 3522; x_wconf 90' lang='lat' dir='ltr'><strong>nobis</strong></span> <span class='ocrx_word' id='word_1_210' title='bbox 3238 3460 3453 3524; x_wconf 87' lang='lat' dir='ltr'><strong>dicere</strong></span> 
     </span>
     <span class='ocr_line' id='line_1_21' title="bbox 358 3556 3449 3655; baseline 0 -17"><span class='ocrx_word' id='word_1_211' title='bbox 358 3592 547 3639; x_wconf 87' lang='lat' dir='ltr'><strong>unam</strong></span> <span class='ocrx_word' id='word_1_212' title='bbox 596 3575 1036 3640; x_wconf 88' lang='lat' dir='ltr'><strong>substantiam</strong></span> <span class='ocrx_word' id='word_1_213' title='bbox 1084 3576 1151 3640; x_wconf 91' lang='lat' dir='ltr'><strong>et</strong></span> <span class='ocrx_word' id='word_1_214' title='bbox 1193 3577 1326 3640; x_wconf 88' lang='lat' dir='ltr'><strong>tres</strong></span> <span class='ocrx_word' id='word_1_215' title='bbox 1372 3556 1687 3655; x_wconf 78' lang='lat' dir='ltr'><strong>personas</strong></span> <span class='ocrx_word' id='word_1_216' title='bbox 1733 3573 2053 3655; x_wconf 83' lang='lat' dir='ltr'><strong>perfectas</strong></span> <span class='ocrx_word' id='word_1_217' title='bbox 2104 3571 2426 3653; x_wconf 83' lang='lat' dir='ltr'><strong>aequales3</strong></span> <span class='ocrx_word' id='word_1_218' title='bbox 2477 3573 2810 3635; x_wconf 88' lang='lat' dir='ltr'><strong>taceamus</strong></span> <span class='ocrx_word' id='word_1_219' title='bbox 2857 3575 2988 3638; x_wconf 86' lang='lat' dir='ltr'><strong>tres</strong></span> <span class='ocrx_word' id='word_1_220' title='bbox 3038 3574 3449 3655; x_wconf 79' lang='lat' dir='ltr'><strong>hypostaseS,</strong></span> 
     </span>
     <span class='ocr_line' id='line_1_22' title="bbox 360 3687 3451 3773; baseline 0 -20"><span class='ocrx_word' id='word_1_221' title='bbox 360 3691 410 3753; x_wconf 87' lang='lat' dir='ltr'><strong>si</strong></span> <span class='ocrx_word' id='word_1_222' title='bbox 446 3692 680 3773; x_wconf 85' lang='lat' dir='ltr'><strong>placet.</strong></span> <span class='ocrx_word' id='word_1_223' title='bbox 710 3692 971 3756; x_wconf 87' lang='lat' dir='ltr'><strong>Nomen</strong></span> <span class='ocrx_word' id='word_1_224' title='bbox 1008 3692 1133 3755; x_wconf 89' lang='lat' dir='ltr'><strong>hoc</strong></span> <span class='ocrx_word' id='word_1_225' title='bbox 1169 3708 1302 3755; x_wconf 92' lang='lat' dir='ltr'><strong>non</strong></span> <span class='ocrx_word' id='word_1_226' title='bbox 1354 3690 1543 3754; x_wconf 88' lang='lat' dir='ltr'><strong>bonae</strong></span> <span class='ocrx_word' id='word_1_227' title='bbox 1581 3689 1981 3771; x_wconf 89' lang='lat' dir='ltr'><strong>suspicionis</strong></span> <span class='ocrx_word' id='word_1_228' title='bbox 2019 3690 2140 3766; x_wconf 94' lang='lat' dir='ltr'><strong>est,</strong></span> <span class='ocrx_word' id='word_1_229' title='bbox 2174 3705 2383 3770; x_wconf 86' lang='lat' dir='ltr'><strong>quum</strong></span> <span class='ocrx_word' id='word_1_230' title='bbox 2422 3688 2491 3750; x_wconf 90' lang='lat' dir='ltr'><strong>in</strong></span> <span class='ocrx_word' id='word_1_231' title='bbox 2530 3687 2762 3751; x_wconf 91' lang='lat' dir='ltr'><strong>eodem</strong></span> <span class='ocrx_word' id='word_1_232' title='bbox 2800 3688 2998 3752; x_wconf 84' lang='lat' dir='ltr'><strong>verbo</strong></span> <span class='ocrx_word' id='word_1_233' title='bbox 3041 3706 3274 3753; x_wconf 88' lang='lat' dir='ltr'><strong>sensus</strong></span> <span class='ocrx_word' id='word_1_234' title='bbox 3311 3691 3451 3754; x_wconf 90' lang='lat' dir='ltr'><strong>dis-</strong></span> 
     </span>
     <span class='ocr_line' id='line_1_23' title="bbox 360 3804 3450 3888; baseline -0 -18"><span class='ocrx_word' id='word_1_235' title='bbox 360 3808 665 3871; x_wconf 88' lang='lat' dir='ltr'><strong>sentiunt.</strong></span> <span class='ocrx_word' id='word_1_236' title='bbox 699 3807 837 3872; x_wconf 87' lang='lat' dir='ltr'><strong>Aut</strong></span> <span class='ocrx_word' id='word_1_237' title='bbox 878 3808 935 3869; x_wconf 92' lang='lat' dir='ltr'><strong>si</strong></span> <span class='ocrx_word' id='word_1_238' title='bbox 970 3808 1225 3871; x_wconf 90' lang='lat' dir='ltr'><strong>rectum</strong></span> <span class='ocrx_word' id='word_1_239' title='bbox 1270 3806 1518 3888; x_wconf 89' lang='lat' dir='ltr'><strong>putatis</strong></span> <span class='ocrx_word' id='word_1_240' title='bbox 1554 3807 1687 3869; x_wconf 88' lang='lat' dir='ltr'><strong>tres</strong></span> <span class='ocrx_word' id='word_1_241' title='bbox 1723 3806 2112 3886; x_wconf 88' lang='lat' dir='ltr'><strong>hypostases</strong></span> <span class='ocrx_word' id='word_1_242' title='bbox 2156 3820 2308 3867; x_wconf 89' lang='lat' dir='ltr'><strong>cum</strong></span> <span class='ocrx_word' id='word_1_243' title='bbox 2355 3804 3001 3883; x_wconf 84' lang='lat' dir='ltr'><strong>interpretationibus</strong></span> <span class='ocrx_word' id='word_1_244' title='bbox 3039 3806 3181 3869; x_wconf 90' lang='lat' dir='ltr'><strong>suis</strong></span> <span class='ocrx_word' id='word_1_245' title='bbox 3217 3805 3450 3870; x_wconf 90' lang='lat' dir='ltr'><strong>debere</strong></span> 
     </span>
     <span class='ocr_line' id='line_1_24' title="bbox 358 3917 3740 4004; baseline 0 -19"><span class='ocrx_word' id='word_1_246' title='bbox 358 3940 471 3986; x_wconf 87' lang='lat' dir='ltr'><strong>nos</strong></span> <span class='ocrx_word' id='word_1_247' title='bbox 508 3924 751 4001; x_wconf 86' lang='lat' dir='ltr'><strong>dicere,</strong></span> <span class='ocrx_word' id='word_1_248' title='bbox 792 3941 927 3987; x_wconf 89' lang='lat' dir='ltr'><strong>non</strong></span> <span class='ocrx_word' id='word_1_249' title='bbox 971 3940 1311 4004; x_wconf 83' lang='lat' dir='ltr'><strong>negamus.</strong></span> <span class='ocrx_word' id='word_1_250' title='bbox 1353 3922 1483 3987; x_wconf 89' lang='lat' dir='ltr'><strong>Sed</strong></span> <span class='ocrx_word' id='word_1_251' title='bbox 1524 3922 1691 3985; x_wconf 90' lang='lat' dir='ltr'><strong>mihi</strong></span> <span class='ocrx_word' id='word_1_252' title='bbox 1730 3920 1993 4001; x_wconf 90' lang='lat' dir='ltr'><strong>credite,</strong></span> <span class='ocrx_word' id='word_1_253' title='bbox 2028 3935 2357 3983; x_wconf 87' lang='lat' dir='ltr'><strong>venenum</strong></span> <span class='ocrx_word' id='word_1_254' title='bbox 2405 3917 2532 3981; x_wconf 89' lang='lat' dir='ltr'><strong>sub</strong></span> <span class='ocrx_word' id='word_1_255' title='bbox 2569 3918 2762 3983; x_wconf 91' lang='lat' dir='ltr'><strong>melle</strong></span> <span class='ocrx_word' id='word_1_256' title='bbox 2798 3920 2975 3983; x_wconf 90' lang='lat' dir='ltr'><strong>latet.</strong></span> <span class='ocrx_word' id='word_1_257' title='bbox 3009 3921 3453 4003; x_wconf 84' lang='lat' dir='ltr'><strong>&#39;l&#39;ransfigurat</strong></span> <span class='ocrx_word' id='word_1_258' title='bbox 3503 3942 3538 3986; x_wconf 91' lang='grc' dir='ltr'><strong>ιι</strong></span> <span class='ocrx_word' id='word_1_259' title='bbox 3561 3942 3740 3993; x_wconf 61' lang='lat' dir='ltr'><strong>cmx..</strong></span> 
     </span>
     <span class='ocr_line' id='line_1_25' title="bbox 360 4009 3547 4121; baseline 0 -20"><span class='ocrx_word' id='word_1_260' title='bbox 360 4040 525 4102; x_wconf 90' lang='lat' dir='ltr'><strong>enim</strong></span> <span class='ocrx_word' id='word_1_261' title='bbox 570 4057 647 4104; x_wconf 85' lang='lat' dir='ltr'><strong>se</strong></span> <span class='ocrx_word' id='word_1_262' title='bbox 691 4040 966 4121; x_wconf 83' lang='lat' dir='ltr'><strong>angelus</strong></span> <span class='ocrx_word' id='word_1_263' title='bbox 1012 4040 1270 4104; x_wconf 80' lang='lat' dir='ltr'><strong>Satanae</strong></span> <span class='ocrx_word' id='word_1_264' title='bbox 1326 4040 1395 4102; x_wconf 92' lang='lat' dir='ltr'><strong>in</strong></span> <span class='ocrx_word' id='word_1_265' title='bbox 1450 4038 1757 4119; x_wconf 89' lang='lat' dir='ltr'><strong>angelum</strong></span> <span class='ocrx_word' id='word_1_266' title='bbox 1814 4038 2004 4101; x_wconf 74' lang='lat' dir='ltr'><strong>lucis,</strong></span> <span class='ocrx_word' id='word_1_267' title='bbox 2047 4036 2171 4099; x_wconf 90' lang='lat' dir='ltr'><strong>His</strong></span> <span class='ocrx_word' id='word_1_268' title='bbox 2225 4034 2446 4098; x_wconf 87' lang='lat' dir='ltr'><strong>verbis</strong></span> <span class='ocrx_word' id='word_1_269' title='bbox 2503 4051 2636 4098; x_wconf 90' lang='lat' dir='ltr'><strong>non</strong></span> <span class='ocrx_word' id='word_1_270' title='bbox 2690 4038 2885 4117; x_wconf 87' lang='lat' dir='ltr'><strong>negat</strong></span> <span class='ocrx_word' id='word_1_271' title='bbox 2937 4038 3258 4101; x_wconf 90' lang='lat' dir='ltr'><strong>utendum</strong></span> <span class='ocrx_word' id='word_1_272' title='bbox 3310 4056 3452 4102; x_wconf 89' lang='lat' dir='ltr'><strong>esse</strong></span> <span class='ocrx_word' id='word_1_273' title='bbox 3483 4009 3547 4049; x_wconf 77' lang='lat'><strong>¹⁴‘</strong></span> 
     </span>
     <span class='ocr_line' id='line_1_26' title="bbox 359 4150 3454 4237; baseline 0.001 -20"><span class='ocrx_word' id='word_1_274' title='bbox 359 4156 617 4219; x_wconf 89' lang='lat' dir='ltr'><strong>nomine</strong></span> <span class='ocrx_word' id='word_1_275' title='bbox 660 4155 1062 4237; x_wconf 77' lang='lat' dir='ltr'><strong>hypostasiS,</strong></span> <span class='ocrx_word' id='word_1_276' title='bbox 1095 4154 1209 4219; x_wconf 91' lang='lat' dir='ltr'><strong>sed</strong></span> <span class='ocrx_word' id='word_1_277' title='bbox 1248 4154 1597 4219; x_wconf 63' lang='lat' dir='ltr'><strong>haereticos</strong></span> <span class='ocrx_word' id='word_1_278' title='bbox 1630 4170 1707 4218; x_wconf 94' lang='lat' dir='ltr'><strong>eo</strong></span> <span class='ocrx_word' id='word_1_279' title='bbox 1746 4170 1945 4235; x_wconf 88' lang='lat' dir='ltr'><strong>prave</strong></span> <span class='ocrx_word' id='word_1_280' title='bbox 1981 4169 2140 4216; x_wconf 89' lang='lat' dir='ltr'><strong>usos</strong></span> <span class='ocrx_word' id='word_1_281' title='bbox 2181 4150 2494 4226; x_wconf 88' lang='lat' dir='ltr'><strong>ostendit,</strong></span> <span class='ocrx_word' id='word_1_282' title='bbox 2527 4152 2751 4213; x_wconf 87' lang='lat' dir='ltr'><strong>contra</strong></span> <span class='ocrx_word' id='word_1_283' title='bbox 2788 4170 2956 4234; x_wconf 85' lang='lat' dir='ltr'><strong>quos</strong></span> <span class='ocrx_word' id='word_1_284' title='bbox 2994 4154 3247 4217; x_wconf 87' lang='lat' dir='ltr'><strong>cautela</strong></span> <span class='ocrx_word' id='word_1_285' title='bbox 3287 4171 3454 4236; x_wconf 87' lang='lat' dir='ltr'><strong>opus</strong></span> 
     </span>
     <span class='ocr_line' id='line_1_27' title="bbox 361 4266 3457 4353; baseline 0 -19"><span class='ocrx_word' id='word_1_286' title='bbox 361 4272 487 4334; x_wconf 85' lang='lat' dir='ltr'><strong>erat</strong></span> <span class='ocrx_word' id='word_1_287' title='bbox 522 4270 592 4334; x_wconf 90' lang='lat' dir='ltr'><strong>in</strong></span> <span class='ocrx_word' id='word_1_288' title='bbox 632 4270 1053 4335; x_wconf 87' lang='lat' dir='ltr'><strong>distinctione</strong></span> <span class='ocrx_word' id='word_1_289' title='bbox 1090 4270 1592 4353; x_wconf 83' lang='lat' dir='ltr'><strong>significationis</strong></span> <span class='ocrx_word' id='word_1_290' title='bbox 1635 4288 1649 4330; x_wconf 91' lang='lat'><strong>:</strong></span> <span class='ocrx_word' id='word_1_291' title='bbox 1692 4270 1942 4351; x_wconf 86' lang='lat' dir='ltr'><strong>alioqui</strong></span> <span class='ocrx_word' id='word_1_292' title='bbox 1980 4268 2107 4332; x_wconf 88' lang='lat' dir='ltr'><strong>sibi</strong></span> <span class='ocrx_word' id='word_1_293' title='bbox 2147 4266 2645 4346; x_wconf 89' lang='lat' dir='ltr'><strong>contradiceret,</strong></span> <span class='ocrx_word' id='word_1_294' title='bbox 2681 4268 2796 4348; x_wconf 86' lang='lat' dir='ltr'><strong>qui</strong></span> <span class='ocrx_word' id='word_1_295' title='bbox 2835 4285 3036 4351; x_wconf 87' lang='lat' dir='ltr'><strong>supra</strong></span> <span class='ocrx_word' id='word_1_296' title='bbox 3071 4272 3204 4334; x_wconf 88' lang='lat' dir='ltr'><strong>tres</strong></span> <span class='ocrx_word' id='word_1_297' title='bbox 3240 4270 3457 4353; x_wconf 91' lang='lat' dir='ltr'><strong>hypo-</strong></span> 
     </span>
    </p>
   </div>
   <div class='ocr_carea' id='block_1_5' title="bbox 360 4386 975 4451">
    <p class='ocr_par' dir='ltr' id='par_1_5' title="bbox 360 4386 975 4451">
     <span class='ocr_line' id='line_1_28' title="bbox 360 4386 975 4451; baseline 0.003 -4"><span class='ocrx_word' id='word_1_298' title='bbox 360 4386 559 4451; x_wconf 59' lang='lat' dir='ltr'><strong>stases</strong></span> <span class='ocrx_word' id='word_1_299' title='bbox 606 4386 975 4450; x_wconf 81' lang='lat' dir='ltr'><strong>confitetur.</strong></span> 
     </span>
    </p>
   </div>
   <div class='ocr_carea' id='block_1_6' title="bbox 370 1598 3454 1902">
    <p class='ocr_par' dir='ltr' id='par_1_6' title="bbox 370 1598 3454 1902">
     <span class='ocr_line' id='line_1_29' title="bbox 370 1598 3454 1902; baseline -0.001 -233"><span class='ocrx_word' id='word_1_300' title='bbox 370 1603 775 1902; x_wconf 86' lang='lat' dir='ltr'>NUNC</span> <span class='ocrx_word' id='word_1_301' title='bbox 812 1604 895 1666; x_wconf 87' lang='lat' dir='ltr'><strong>de</strong></span> <span class='ocrx_word' id='word_1_302' title='bbox 930 1599 1441 1683; x_wconf 88' lang='lat' dir='ltr'><strong>proprietatibus</strong></span> <span class='ocrx_word' id='word_1_303' title='bbox 1476 1615 1929 1681; x_wconf 89' lang='lat' dir='ltr'><strong>personarum,</strong></span> <span class='ocrx_word' id='word_1_304' title='bbox 1971 1616 2137 1680; x_wconf 85' lang='lat' dir='ltr'><strong>quas</strong></span> <span class='ocrx_word' id='word_1_305' title='bbox 2177 1598 2548 1680; x_wconf 83' lang='lat' dir='ltr'><strong>frequenter</strong></span> <span class='ocrx_word' id='word_1_306' title='bbox 2586 1600 2654 1662; x_wconf 88' lang='lat' dir='ltr'><strong>in</strong></span> <span class='ocrx_word' id='word_1_307' title='bbox 2690 1599 2816 1664; x_wconf 91' lang='lat' dir='ltr'><strong>hoc</strong></span> <span class='ocrx_word' id='word_1_308' title='bbox 2853 1602 3130 1666; x_wconf 87' lang='lat' dir='ltr'><strong>tractatu</strong></span> <span class='ocrx_word' id='word_1_309' title='bbox 3167 1619 3454 1667; x_wconf 87' lang='lat' dir='ltr'><strong>comme-</strong></span> 
     </span>
    </p>
   </div>
   <div class='ocr_carea' id='block_1_7' title="bbox 464 4608 3332 4685">
    <p class='ocr_par' dir='ltr' id='par_1_7' title="bbox 464 4608 3332 4685">
     <span class='ocr_line' id='line_1_30' title="bbox 464 4608 3332 4685; baseline 0.002 -13"><span class='ocrx_word' id='word_1_310' title='bbox 464 4608 541 4673; x_wconf 89' lang='lat' dir='ltr'><strong>B.</strong></span> <span class='ocrx_word' id='word_1_311' title='bbox 597 4614 697 4674; x_wconf 83' lang='lat' dir='ltr'><strong>De</strong></span> <span class='ocrx_word' id='word_1_312' title='bbox 735 4612 1324 4685; x_wconf 75' lang='lat' dir='ltr'><strong>proprietatibus</strong></span> <span class='ocrx_word' id='word_1_313' title='bbox 1362 4625 1889 4685; x_wconf 78' lang='lat' dir='ltr'><strong>personarum,</strong></span> <span class='ocrx_word' id='word_1_314' title='bbox 1940 4611 2011 4672; x_wconf 85' lang='lat' dir='ltr'><strong>et</strong></span> <span class='ocrx_word' id='word_1_315' title='bbox 2056 4615 2142 4674; x_wconf 79' lang='lat' dir='ltr'><strong>de</strong></span> <span class='ocrx_word' id='word_1_316' title='bbox 2188 4613 2610 4675; x_wconf 80' lang='lat' dir='ltr'><strong>nominibus</strong></span> <span class='ocrx_word' id='word_1_317' title='bbox 2653 4626 2922 4676; x_wconf 77' lang='lat' dir='ltr'><strong>earum</strong></span> <span class='ocrx_word' id='word_1_318' title='bbox 2964 4616 3332 4678; x_wconf 76' lang='lat' dir='ltr'><strong>relativis.</strong></span> 
     </span>
    </p>
   </div>
   <div class='ocr_carea' id='block_1_8' title="bbox 362 4824 3744 5257">
    <p class='ocr_par' dir='ltr' id='par_1_8' title="bbox 362 4824 3744 5257">
     <span class='ocr_line' id='line_1_31' title="bbox 484 4824 3456 4906; baseline 0.001 -19"><span class='ocrx_word' id='word_1_319' title='bbox 484 4824 636 4887; x_wconf 90' lang='lat' dir='ltr'><strong>Jam</strong></span> <span class='ocrx_word' id='word_1_320' title='bbox 664 4825 747 4888; x_wconf 91' lang='lat' dir='ltr'><strong>de</strong></span> <span class='ocrx_word' id='word_1_321' title='bbox 776 4824 1285 4906; x_wconf 89' lang='lat' dir='ltr'><strong>proprietatibus</strong></span> <span class='ocrx_word' id='word_1_322' title='bbox 1313 4841 1741 4906; x_wconf 88' lang='lat' dir='ltr'><strong>personarum</strong></span> <span class='ocrx_word' id='word_1_323' title='bbox 1770 4824 2134 4904; x_wconf 84' lang='lat' dir='ltr'><strong>videamuS‚</strong></span> <span class='ocrx_word' id='word_1_324' title='bbox 2169 4842 2317 4905; x_wconf 84' lang='lat' dir='ltr'><strong>quae</strong></span> <span class='ocrx_word' id='word_1_325' title='bbox 2356 4824 2555 4889; x_wconf 89' lang='lat' dir='ltr'><strong>etiam</strong></span> <span class='ocrx_word' id='word_1_326' title='bbox 2593 4825 2896 4890; x_wconf 88' lang='lat' dir='ltr'><strong>notiones</strong></span> <span class='ocrx_word' id='word_1_327' title='bbox 2931 4826 3071 4890; x_wconf 88' lang='lat' dir='ltr'><strong>sive</strong></span> <span class='ocrx_word' id='word_1_328' title='bbox 3108 4826 3456 4891; x_wconf 87' lang='lat' dir='ltr'><strong>relationes</strong></span> 
     </span>
     <span class='ocr_line' id='line_1_32' title="bbox 362 4936 3454 5024; baseline 0.001 -25"><span class='ocrx_word' id='word_1_329' title='bbox 362 4936 425 4999; x_wconf 92' lang='lat' dir='ltr'><strong>in</strong></span> <span class='ocrx_word' id='word_1_330' title='bbox 458 4940 796 5022; x_wconf 85' lang='lat' dir='ltr'><strong>Scriptura</strong></span> <span class='ocrx_word' id='word_1_331' title='bbox 840 4940 1229 5023; x_wconf 89' lang='lat' dir='ltr'><strong>plerumque</strong></span> <span class='ocrx_word' id='word_1_332' title='bbox 1265 4942 1572 5006; x_wconf 89' lang='lat' dir='ltr'><strong>dicuntur</strong></span> <span class='ocrx_word' id='word_1_333' title='bbox 1608 4942 1676 5005; x_wconf 90' lang='lat' dir='ltr'><strong>in</strong></span> <span class='ocrx_word' id='word_1_334' title='bbox 1716 4940 1830 5005; x_wconf 88' lang='lat' dir='ltr'><strong>illa</strong></span> <span class='ocrx_word' id='word_1_335' title='bbox 1866 4943 2091 5005; x_wconf 89' lang='lat' dir='ltr'><strong>sancta</strong></span> <span class='ocrx_word' id='word_1_336' title='bbox 2126 4940 2448 5004; x_wconf 87' lang='lat' dir='ltr'><strong>Trinitate</strong></span> <span class='ocrx_word' id='word_1_337' title='bbox 2482 4961 2496 5002; x_wconf 91' lang='lat'><strong>:</strong></span> <span class='ocrx_word' id='word_1_338' title='bbox 2530 4959 2679 5024; x_wconf 82' lang='lat' dir='ltr'><strong>quae</strong></span> <span class='ocrx_word' id='word_1_339' title='bbox 2717 4941 2865 5005; x_wconf 90' lang='lat' dir='ltr'><strong>ideo</strong></span> <span class='ocrx_word' id='word_1_340' title='bbox 2902 4960 2942 5005; x_wconf 90' lang='lat' dir='ltr'><strong>a</strong></span> <span class='ocrx_word' id='word_1_341' title='bbox 2975 4941 3167 5006; x_wconf 90' lang='lat' dir='ltr'><strong>nobis</strong></span> <span class='ocrx_word' id='word_1_342' title='bbox 3214 4942 3454 5023; x_wconf 88' lang='lat' dir='ltr'><strong>repeti-</strong></span> 
     </span>
     <span class='ocr_line' id='line_1_33' title="bbox 364 5054 3446 5139; baseline 0 -22"><span class='ocrx_word' id='word_1_343' title='bbox 364 5054 481 5136; x_wconf 87' lang='lat' dir='ltr'><strong>tur,</strong></span> <span class='ocrx_word' id='word_1_344' title='bbox 510 5059 588 5121; x_wconf 90' lang='lat' dir='ltr'><strong>ut</strong></span> <span class='ocrx_word' id='word_1_345' title='bbox 622 5056 805 5121; x_wconf 89' lang='lat' dir='ltr'><strong>cordi</strong></span> <span class='ocrx_word' id='word_1_346' title='bbox 840 5057 1065 5121; x_wconf 91' lang='lat' dir='ltr'><strong>nostro</strong></span> <span class='ocrx_word' id='word_1_347' title='bbox 1104 5058 1399 5122; x_wconf 88' lang='lat' dir='ltr'><strong>tenacius</strong></span> <span class='ocrx_word' id='word_1_348' title='bbox 1436 5058 1764 5139; x_wconf 87' lang='lat' dir='ltr'><strong>infigatur.</strong></span> <span class='ocrx_word' id='word_1_349' title='bbox 1798 5057 1913 5121; x_wconf 87' lang='lat' dir='ltr'><strong>Ait</strong></span> <span class='ocrx_word' id='word_1_350' title='bbox 1939 5058 2354 5139; x_wconf 87' lang='lat' dir='ltr'><strong>Augustinus</strong></span> <span class='ocrx_word' id='word_1_351' title='bbox 2391 5058 2457 5121; x_wconf 93' lang='lat' dir='ltr'><strong>in</strong></span> <span class='ocrx_word' id='word_1_352' title='bbox 2495 5057 2664 5121; x_wconf 91' lang='lat' dir='ltr'><strong>libro</strong></span> <span class='ocrx_word' id='word_1_353' title='bbox 2702 5059 2784 5121; x_wconf 93' lang='lat' dir='ltr'><strong>de</strong></span> <span class='ocrx_word' id='word_1_354' title='bbox 2819 5057 2980 5122; x_wconf 92' lang='lat' dir='ltr'><strong>Fide</strong></span> <span class='ocrx_word' id='word_1_355' title='bbox 3016 5057 3096 5121; x_wconf 90' lang='lat' dir='ltr'><strong>ad</strong></span> <span class='ocrx_word' id='word_1_356' title='bbox 3123 5058 3398 5122; x_wconf 86' lang='lat' dir='ltr'><strong>Petrum</strong></span> <span class='ocrx_word' id='word_1_357' title='bbox 3431 5077 3446 5118; x_wconf 76' lang='grc' dir='ltr'><strong><em>ε</em></strong></span> 
     </span>
     <span class='ocr_line' id='line_1_34' title="bbox 364 5170 3744 5257; baseline -0.001 -23"><span class='ocrx_word' id='word_1_358' title='bbox 364 5170 555 5236; x_wconf 77' lang='lat' dir='ltr'><strong>Aliud</strong></span> <span class='ocrx_word' id='word_1_359' title='bbox 600 5176 701 5237; x_wconf 87' lang='lat' dir='ltr'><strong>est</strong></span> <span class='ocrx_word' id='word_1_360' title='bbox 744 5173 1053 5255; x_wconf 87' lang='lat' dir='ltr'><strong>genuisse</strong></span> <span class='ocrx_word' id='word_1_361' title='bbox 1098 5191 1299 5256; x_wconf 88' lang='lat' dir='ltr'><strong>quam</strong></span> <span class='ocrx_word' id='word_1_362' title='bbox 1347 5175 1577 5237; x_wconf 90' lang='lat' dir='ltr'><strong>natum</strong></span> <span class='ocrx_word' id='word_1_363' title='bbox 1626 5192 1792 5253; x_wconf 91' lang='lat' dir='ltr'><strong>esse,</strong></span> <span class='ocrx_word' id='word_1_364' title='bbox 1838 5174 2148 5257; x_wconf 86' lang='lat' dir='ltr'><strong>aliudque</strong></span> <span class='ocrx_word' id='word_1_365' title='bbox 2201 5176 2301 5238; x_wconf 87' lang='lat' dir='ltr'><strong>est</strong></span> <span class='ocrx_word' id='word_1_366' title='bbox 2347 5175 2694 5256; x_wconf 88' lang='lat' dir='ltr'><strong>procedere</strong></span> <span class='ocrx_word' id='word_1_367' title='bbox 2742 5192 2942 5255; x_wconf 84' lang='lat' dir='ltr'><strong>quam</strong></span> <span class='ocrx_word' id='word_1_368' title='bbox 2988 5174 3294 5257; x_wconf 90' lang='lat' dir='ltr'><strong>genuisse</strong></span> <span class='ocrx_word' id='word_1_369' title='bbox 3343 5174 3447 5237; x_wconf 87' lang='lat' dir='ltr'><strong>vel</strong></span> <span class='ocrx_word' id='word_1_370' title='bbox 3492 5188 3670 5244; x_wconf 53' lang='lat' dir='ltr'><strong>angae</strong></span> <span class='ocrx_word' id='word_1_371' title='bbox 3685 5186 3744 5231; x_wconf 57' lang='lat' dir='ltr'><strong>aa</strong></span> 
     </span>
    </p>
   </div>
   <div class='ocr_carea' id='block_1_9' title="bbox 364 5250 3746 5372">
    <p class='ocr_par' dir='ltr' id='par_1_9' title="bbox 364 5250 3746 5372">
     <span class='ocr_line' id='line_1_35' title="bbox 364 5250 3746 5372; baseline 0.002 -22"><span class='ocrx_word' id='word_1_372' title='bbox 364 5288 583 5353; x_wconf 85' lang='lat' dir='ltr'><strong>natum</strong></span> <span class='ocrx_word' id='word_1_373' title='bbox 622 5306 785 5355; x_wconf 82' lang='lat' dir='ltr'><strong>esse.</strong></span> <span class='ocrx_word' id='word_1_374' title='bbox 816 5288 1005 5353; x_wconf 89' lang='lat' dir='ltr'><strong>Unde</strong></span> <span class='ocrx_word' id='word_1_375' title='bbox 1043 5289 1469 5355; x_wconf 85' lang='lat' dir='ltr'><strong>manifestum</strong></span> <span class='ocrx_word' id='word_1_376' title='bbox 1506 5292 1627 5370; x_wconf 87' lang='lat' dir='ltr'><strong>est,</strong></span> <span class='ocrx_word' id='word_1_377' title='bbox 1660 5290 1839 5371; x_wconf 84' lang='lat' dir='ltr'><strong>quod</strong></span> <span class='ocrx_word' id='word_1_378' title='bbox 1875 5290 2046 5355; x_wconf 89' lang='lat' dir='ltr'><strong>alius</strong></span> <span class='ocrx_word' id='word_1_379' title='bbox 2083 5292 2184 5354; x_wconf 85' lang='lat' dir='ltr'><strong>est</strong></span> <span class='ocrx_word' id='word_1_380' title='bbox 2219 5291 2434 5371; x_wconf 88' lang='lat' dir='ltr'><strong>Pater,</strong></span> <span class='ocrx_word' id='word_1_381' title='bbox 2475 5290 2645 5355; x_wconf 89' lang='lat' dir='ltr'><strong>alius</strong></span> <span class='ocrx_word' id='word_1_382' title='bbox 2681 5290 2915 5370; x_wconf 87' lang='lat' dir='ltr'><strong>Filius,</strong></span> <span class='ocrx_word' id='word_1_383' title='bbox 2956 5290 3125 5354; x_wconf 88' lang='lat' dir='ltr'><strong>alius</strong></span> <span class='ocrx_word' id='word_1_384' title='bbox 3161 5290 3450 5372; x_wconf 89' lang='lat' dir='ltr'><strong>Spiritus</strong></span> <span class='ocrx_word' id='word_1_385' title='bbox 3475 5250 3746 5366; x_wconf 40' lang='lat' dir='ltr'><strong>ffimssffi</strong></span> 
     </span>
    </p>
   </div>
  </div>
 </body>
</html>
