4359 6250
1285 490 1508 545 Qufflsr.
1556 490 1601 534 11
1644 489 1658 533 ε
1703 488 1788 533 AN
1832 488 1894 533 ιΝ
1937 488 2164 533 vivims
2208 486 2495 533 ransoms
2538 487 2629 533 su·
2669 488 2828 533 onno
3488 465 3600 529 121

113 668 428 713 amana.
491 658 734 718 asserit
779 658 1194 739 AugustinuS,
1243 659 1413 740 quod
1471 658 1668 719 Filius
1726 675 1853 719 non
1904 676 2005 737 ge-
2034 658 2085 719 A
2116 656 2508 739 principium
2556 657 2633 717 ad
2684 656 2843 718 illud
2894 657 3061 739 quod
3114 664 3207 717 est
3251 656 3327 717 de
3373 653 3605 735 princi-

492 756 671 828 nuit‚
715 774 845 819 non
889 757 1040 838 quia
1089 776 1216 820 non
1267 756 1496 839 potuit,
1539 756 1649 818 sed
1699 756 2000 838 quoniam

101 872 454 927 captiose.
495 873 638 917 non
689 855 972 936 oportuit
1015 875 1029 918 ι
1073 856 1242 937 quod
1285 864 1430 918 ante
1479 855 1837 937 exposit-um
1882 862 1995 916 est.

495 952 592 1013 De
639 953 926 1034 potentia
973 954 1231 1015 demum
1276 960 1338 1015 et
1379 951 1840 1035 omnipotentia
1889 952 1999 1013 Dei

495 1051 712 1113 multa
761 1050 1108 1114 conscribit
1155 1051 1508 1113 Alexander
1562 1070 1576 1115 ε
1631 1052 1708 1113 (16
1767 1049 2000 1133 quibus

493 1157 600 1210 est
649 1148 812 1210 infra
852 1149 1148 1231 specialis
1187 1147 1532 1211 distinctio.

583 1346 682 1407 Ad
713 1346 995 1427 primum
1039 1346 1232 1427 igitur
1261 1347 1796 1428 respondendum,
1831 1346 2000 1427 quod

497 1444 704 1505 Filius
743 1444 936 1506 etiam
982 1445 1334 1507 secundum
1379 1446 1662 1507 divinam
1708 1452 1998 1506 naturam

493 1542 742 1603 dicitur
770 1562 808 1605 a
837 1562 904 1604 se
947 1542 1085 1625 ipso
1129 1542 1336 1605 facere
1378 1543 1560 1617 nihil,
1597 1562 1714 1605 nec
1757 1543 1998 1625 aliquid

489 1660 581 1702 ex
626 1659 694 1702 se
735 1639 943 1702 facere
983 1658 1203 1722 posse3
1237 1658 1362 1703 non
1404 1649 1616 1703 tamen
1658 1641 1868 1703 minor
1906 1648 2001 1702 est

489 1740 682 1801 Patre
711 1740 776 1801 in
811 1746 1138 1821 potestate,
1153 1740 1456 1821 quoniam
1487 1740 1774 1802 eamdem
1806 1758 1996 1821 quam

2113 756 2238 837 pio.
2276 754 2438 818 Ordo
2479 756 2831 817 secundum
2874 755 3083 817 locum
3124 752 3470 816 attenditur
3508 772 3602 815 se-

2113 855 2395 916 cundum
2441 853 2837 916 differentias
2882 874 3021 937 quae
3067 861 3216 915 sunt
3252 870 3267 914 t
3310 852 3603 934 superius

2111 960 2174 1014 et
2207 952 2472 1014 inferius
2510 971 2583 1013 ac
2618 970 2832 1034 prope.
2870 951 3032 1014 Ordo
3066 952 3367 1033 temporis
3408 957 3605 1011 atten-

2114 1052 2285 1114 ditur
2327 1052 2679 1113 secundum
2733 1052 2909 1133 prius
2954 1058 3017 1111 et
3059 1051 3373 1131 posterius
3416 1058 3479 1111 et
3520 1050 3604 1111 si-

2113 1150 2265 1211 mul.
2315 1150 2479 1212 Ordo
2528 1150 2881 1212 secundum
2932 1168 3184 1211 causam
3237 1157 3333 1211 est
3380 1168 3602 1211 secun-

2112 1249 2263 1309 dum
2307 1248 2475 1328 quod
2518 1266 2706 1309 causa
2744 1256 2841 1309 est
2878 1247 3053 1328 prior
3083 1265 3198 1309 suo
3228 1245 3492 1307 ‘effect-u.
3529 1246 3606 1307 Et

2111 1346 2211 1407 his
2246 1347 2447 1408 modis
2479 1363 2606 1409 non
2636 1352 2731 1407 est
2762 1346 2915 1407 ordo
2946 1346 3012 1407 in
3044 1344 3297 1408 divinis,
3332 1380 3413 1389 ——
3440 1345 3604 1407 Ordo

2112 1446 2463 1507 secundum
2516 1445 2825 1507 rationem
2877 1452 2993 1517 est,
3043 1445 3209 1506 sicut
3260 1463 3459 1524 genus
3510 1451 3605 1505 est

2112 1543 2291 1624 prius
2332 1543 2545 1624 specie
2580 1542 2644 1605 in
2674 1543 2855 1605 -linea
2897 1551 3067 1605 recta
3111 1543 3463 1604 secundum
3503 1543 3605 1604 de-

2111 1660 2431 1715 scensum,
2466 1641 2567 1702 vel
2607 1640 2993 1703 differentiis
3033 1641 3165 1702 suis
3204 1660 3241 1701 a
3280 1641 3491 1702 latere.
3529 1639 3605 1700 Et

2110 1739 2264 1802 ordo
2310 1739 2427 1802 iste
2472 1758 2599 1802 non
2639 1748 2735 1801 est
2778 1740 2845 1801 in
2887 1739 3121 1801 divinis
3167 1746 3475 1821 quantum
3524 1739 3601 1800 ad

493 1836 700 1899 habet
745 1838 926 1900 Pater
974 1845 1370 1920 potestatem,
1421 1839 1670 1921 accepit
1720 1837 1996 1920 perfecte
2036 1840 2083 1901 B
2112 1837 2530 1911 differentias,
2583 1856 2854 1919 quarum
2914 1857 3040 1899 una
3086 1845 3183 1899 est
3232 1836 3605 1918 imperfecta

494 1942 568 1997 et
599 1936 788 2017 plene
828 1936 966 1997 sine
1000 1936 1190 1998 totius
1231 1936 1732 2019 imperfectionis
1762 1937 2000 1999 admix-

111 2046 370 2150 'loann-
401 2060 456 2096 v
499 2034 700 2097 tione.
735 2034 884 2095 Ideo
923 2052 1122 2115 quum
1163 2033 1447 2109 dixisset,
1481 2034 1618 2097 Non
1662 2042 1868 2115 potest
1907 2034 2000 2096 Fi-

499 2133 634 2193 lius
667 2151 704 2193 a
737 2151 806 2194 se
847 2131 1058 2194 facere
1099 2132 1484 2214 quidquam3
1518 2152 1663 2195 mox
1705 2132 1992 2195 addidit:

494 2231 934 2312 Quaecumque
976 2231 1156 2293 Pater
1194 2229 1367 2304 facit,
1403 2232 1536 2293 haec
1575 2238 1639 2293 et
1679 2230 1872 2293 Filius
1915 2231 1996 2293 si-

497 2329 746 2391 militer
787 2329 957 2391 facit.

596 2430 692 2490 Ad
759 2428 1113 2491 secundum
1184 2436 1353 2509 patet
1417 2447 1494 2491 ex
1559 2428 1835 2490 inductis
1897 2447 1996 2490 re-

491 2528 779 2610 sponsio.

951 2843 1426 2918 QUAESTIO
1497 2844 1561 2907 II

625 3116 884 3179 Ecundo
953 3116 1280 3198 quaeritur,
1347 3119 1474 3184 An
1541 3120 1628 3184 in
1696 3116 1998 3184 divinis

657 3219 1016 3296 personis
1055 3217 1164 3283 sit.
1204 3217 1418 3285 ordo.

581 3315 844 3378 Videtur
888 3316 1060 3397 quod
1109 3334 1255 3378 non.
1302 3316 1533 3391 Primo,
1578 3316 1880 3398 quoniam
1931 3316 1994 3376 in

491 3413 852 3477 aeternitate
897 3413 1179 3495 perfecta
1222 3432 1350 3476 non
1393 3422 1491 3476 est
1533 3416 1708 3488 ord0‚
1753 3414 1861 3477 sed
1907 3422 1994 3477 to-

489 3521 643 3574 tum
691 3512 881 3574 simul
922 3513 1184 3574 omnino
1228 3512 1526 3594 perfecte.
1561 3549 1642 3558 —
1681 3513 1992 3587 Secundo,

495 3612 566 3673 in
603 3609 902 3692 Symbolo
933 3609 1168 3672 dicitur
1203 3630 1214 3672 :
1250 3612 1320 3672 In
1352 3612 1468 3674 hac
1501 3612 1803 3674 Trinitate
1835 3612 1994 3675 nihil

495 3709 684 3792 prius
713 3716 822 3770 aut
853 3709 1188 3790 posterius,
1223 3710 1293 3772 In
1324 3710 1498 3772 omni
1532 3719 1742 3772 autem
1775 3711 1994 3774 ordine

491 3815 654 3870 sunt
684 3807 860 3889 prius
889 3814 1082 3888 atque
1113 3809 1445 3888 posterius.
1471 3843 1552 3853 —-
1581 3809 1810 3882 Tertio,
1843 3810 1997 3872 ordo

490 3913 596 3968 est
643 3906 930 3986 quaedam
977 3904 1220 3980 relati0,
1263 3915 1324 3968 et
1369 3914 1580 3970 tamen
1633 3908 1796 3970 inter
1845 3908 1998 3970 rela-

495 4005 708 4066 tiones
753 4003 818 4064 in
864 4003 1098 4065 divinis
1143 4022 1270 4066 non
1316 4006 1591 4086 ponitur.

579 4103 654 4164 In
695 4101 1060 4184 oppositum
1106 4110 1222 4176 est,
1265 4105 1433 4185 quod
1487 4104 1550 4166 in
1595 4103 1830 4166 divinis
1874 4124 1999 4166 una

2111 1945 2406 2019 respectu
2465 1937 2763 2015 alterius;
2815 1955 2931 1998 nec
2990 1944 3087 1998 est
3142 1935 3233 1997 ibi
3291 1954 3491 2016 genus
3540 1943 3601 1997 et

2109 2036 2380 2117 specieS,
2417 2044 2485 2097 ut
2530 2036 2753 2145 patuit:
2791 2035 2909 2097 Sed
2952 2036 3133 2116 juxta
3173 2034 3461 2096 ordinem
3505 2053 3599 2095 ra-

2109 2134 2300 2196 tionis
2348 2133 2456 2216 qui
2509 2142 2605 2196 est
2654 2134 2869 2216 primi,
2917 2134 3110 2195 medii
3159 2141 3223 2195 et
3270 2133 3595 2243 postremi,

2108 2232 2385 2294 sumitur
2414 2252 2527 2314 per
2565 2232 3053 2294 similitudinem
3084 2232 3283 2294 ordo
3268 2250 3333 2293 ln
3364 2231 3599 2295 divinis

2109 2330 2418 2411 personiS.
2456 2331 2998 2403 Quemadmodum
3030 2331 3203 2392 enim
3245 2331 3308 2391 in
3351 2330 3470 2392 hoc
3499 2347 3597 2392 or-

2106 2428 2257 2489 dine
2299 2427 2561 2491 rationis
2605 2437 2700 2491 est
2752 2448 2949 2490 unum
3002 2427 3598 2490 communissimum

2107 2547 2221 2589 seu
2263 2528 2838 2608 generalissimum,
2872 2528 3041 2609 quod
3073 2529 3150 2589 de
3182 2527 3408 2589 ceteris
3449 2546 3603 2607 prae-

2109 2626 2377 2699 dicatur,
2412 2634 2474 2687 et
2504 2626 2667 2688 nihil
2705 2627 2781 2688 de
2814 2627 2953 2708 ipso
2991 2627 3259 2688 univoce
3299 2633 3598 2707 tanquam

2108 2743 2309 2805 genus
2351 2723 2590 2805 ipsius3
2633 2731 2696 2786 et
2726 2743 2926 2786 unum
2959 2725 3036 2786 de
3066 2741 3194 2805 quo
3222 2722 3345 2785 alia
3379 2723 3599 2785 dicun-

2109 2832 2233 2894 tur,
2268 2830 2331 2883 et
2375 2822 2585 2904 ipsum
2628 2822 2705 2883 de
2747 2822 2925 2885 nullo
2969 2822 3316 2892 communi,
3350 2828 3419 2882 ut
3461 2841 3599 2903 spe-

2107 2921 2239 2983 eies
2299 2921 2795 3002 specialissima3
2846 2929 2908 2982 et
2957 2921 3129 2983 aliud
3178 2921 3255 2982 de
3306 2938 3432 3003 quo
3480 2921 3601 2983 alia

2033 3021 2077 3084 C
2109 3019 2553 3101 praedicantur,
2588 3028 2651 3081 et
2698 3020 2905 3101 ipsum
2950 3020 3027 3081 de
3071 3019 3393 3101 aliquibus
3434 3019 3598 3093 aliis,

2110 3127 2178 3180 ut
2219 3137 2419 3200 genus
2464 3118 2923 3192 subalternum,
2970 3119 3138 3201 quod
3185 3118 3465 3181 medium
3508 3127 3604 3181 est

2112 3218 2276 3278 inter
2308 3217 2415 3278 illa
2450 3237 2463 3280 :
2498 3218 2590 3278 sic
2623 3218 2687 3279 in
2719 3218 2941 3280 ordine
2973 3219 3082 3300 qui
3114 3227 3210 3280 est
3249 3218 3601 3280 secundum

2110 3316 2421 3378 rationem
2466 3316 2729 3396 originis
2779 3317 2843 3376 in
2885 3317 3119 3378 divinis
3165 3317 3474 3398 personis,
3508 3324 3604 3378 est

2110 3433 2382 3496 persona
2420 3433 2561 3494 quae
2592 3415 2669 3476 de
2710 3415 2908 3488 nulla,
2943 3423 3007 3476 et
3037 3414 3161 3476 alia
3190 3424 3282 3476 est
3314 3414 3395 3476 ab
3429 3415 3600 3495 ipsa3

2108 3520 2170 3574 et
2200 3521 2295 3575 est
2328 3513 2415 3574 ibi
2452 3531 2718 3594 persona
2748 3514 2826 3575 de
2857 3533 2981 3596 qua
3019 3513 3212 3584 nulla,
3248 3521 3310 3574 et
3341 3514 3479 3594 ipsa
3508 3521 3605 3574 est

2107 3611 2188 3674 ab
2238 3611 2383 3685 alia,
2428 3611 2671 3673 scilicet
2723 3612 2996 3693 Spiritus
3048 3613 3345 3688 Sanetus3
3396 3619 3459 3672 et
3508 3618 3603 3672 est

2110 3710 2199 3772 ibi
2246 3729 2514 3793 persona
2556 3711 2736 3792 quasi
2784 3710 3012 3784 media,
3056 3729 3197 3792 quae
3240 3709 3315 3771 de
3358 3708 3500 3783 alia,
3540 3718 3602 3771 et

2109 3811 2187 3872 de
2237 3829 2360 3891 qua
2420 3808 2563 3882 alia,
2618 3808 2915 3870 videlicet
2973 3808 3190 3870 Filius.
3246 3809 3473 3891 Sicque
3536 3809 3600 3871 in

2107 3908 2345 3970 divinis
2385 3915 2481 3969 est
2530 3907 2684 3969 ordo
2732 3907 2995 3987 originis
3036 3907 3146 3988 qui
3196 3907 3471 3968 sumitur
3512 3927 3603 3969 se-

2109 4007 2391 4068 cundum
2452 4006 2741 4069 ordinem
2802 4007 3084 4079 rationiS‚
3137 4014 3201 4067 et
3248 4005 3598 4068 secundum

2109 4106 2261 4168 istas
2321 4105 2499 4185 quasi
2562 4104 2981 4180 differentias,
3036 4123 3161 4167 non
3210 4105 3290 4166 ab
3340 4105 3485 4178 alie,
3538 4113 3601 4167 et

493 4218 774 4282 persona
822 4207 918 4262 est
959 4199 1040 4262 ab
1089 4200 1233 4274 alia,
1277 4209 1340 4262 et
1381 4202 1548 4283 quod
1601 4202 1690 4263 ibi
1739 4203 1999 4284 ponitur
2029 4205 2078 4266 D
2107 4204 2271 4266 alius
2323 4204 2403 4265 ab
2454 4205 2610 4285 ipso.
2644 4240 2726 4249 —
2769 4204 2843 4264 Et
2887 4204 2938 4266 si
2991 4211 3309 4285 quaeratur
3349 4224 3429 4267 an
3484 4204 3599 4267 iste

491 4300 658 4362 ordo
712 4299 978 4380 originis
1035 4318 1108 4360 ac
1157 4307 1417 4374 naturae,
1469 4301 1636 4363 sicut
1697 4302 1762 4363 in
1820 4310 1996 4364 textu

493 4417 576 4460 ex
616 4397 972 4478 Augustino
1012 4396 1334 4478 probatur.
1371 4398 1705 4461 Distinetio
1743 4416 1997 4481 quoque

495 4513 920 4577 personarum
969 4495 1022 4556 si
1074 4513 1200 4558 non
1254 4496 1336 4557 sit
1385 4496 1692 4570 ordinata,
1746 4498 1996 4560 videtur

491 4611 640 4654 esse
682 4592 968 4654 confusa.

578 4788 674 4851 Ad
717 4788 840 4850 hoc
881 4787 1233 4850 Alexander
1274 4790 1615 4871 respondet
1648 4808 1661 4852 :
1695 4790 1859 4854 Ordo
1901 4801 1997 4854 est

499 4886 861 4968 multiplex.
917 4886 1025 4948 Est
1073 4887 1245 4948 enim
1294 4889 1450 4950 ordo
1499 4890 1851 4951 secundum
1912 4891 1998 4954 lo-

497 5005 672 5057 cum,
715 4991 780 5046 et
824 4991 920 5046 est
963 4985 1115 5046 ordo
1164 4987 1516 5048 secundum
1568 4996 1857 5069 tempus3
1900 4999 1994 5052 est

495 5085 692 5147 etiam
743 5083 899 5146 ordo
949 5084 1298 5145 secundum
1351 5102 1629 5160 causam,
1671 5094 1735 5148 et
1777 5105 1996 5150 rursus

495 5191 596 5244 est
641 5183 794 5244 ordo
840 5182 1192 5243 secundum
1237 5183 1568 5258 rationem,
1602 5191 1664 5247 et
1703 5184 1856 5247 item
1903 5193 1998 5247 est

497 5281 662 5344 ordo
703 5279 1056 5343 seeundum
1101 5288 1340 5344 naturae
1380 5282 1714 5362 originem,
1750 5285 1860 5366 qui
1903 5292 2000 5347 est

2109 4303 2192 4364 sit
2224 4303 2379 4364 ordo
2418 4302 2820 4383 simpliciter,
2855 4302 3196 4365 dicendum
3238 4304 3405 4384 quod
3448 4321 3596 4376 non,

2108 4401 2218 4462 sed
2250 4408 2347 4462 est
2385 4401 2537 4462 ordo
2578 4401 2928 4463 secundum
2961 4401 3114 4482 quid
3157 4420 3269 4462 seu
3312 4421 3457 4463 cum
3499 4402 3601 4464 ad-

2107 4499 2682 4574 ditione,videlicet
2714 4500 2868 4562 ordo
2898 4498 3162 4580 originis
3194 4519 3304 4561 seu
3338 4508 3594 4563 naturae.

2105 4635 2185 4643 —
2216 4599 2279 4660 Si
2322 4617 2539 4659 rursus
2580 4605 2919 4680 quaeratur,
2954 4598 3108 4680 quid
3152 4599 3215 4660 in
3258 4598 3357 4660 his
3388 4598 3599 4661 verbis

2104 4696 2274 4758 dicat
2320 4696 2495 4770 ord0‚
2540 4716 2619 4758 an
2669 4696 3032 4770 essentiam,
3078 4697 3177 4758 vel
3229 4696 3598 4759 relationem

2104 4801 2213 4857 aut
2253 4795 2575 4856 notionem
2612 4811 2625 4855 :
2661 4794 3001 4856 dicendum
3038 4795 3206 4876 quod
3248 4794 3592 4856 notionem.

2105 4893 2227 4955 Sed
2266 4893 2440 4954 notio
2470 4893 2808 4973 aliquando
2848 4892 3247 4972 significatur
3277 4892 3595 4964 distincte,

2107 4999 2176 5050 ut
2225 5009 2425 5072 quum
2476 4990 2639 5063 dien,
2686 4991 3067 5067 Paternitas;
3118 4989 3456 5070 aliquando
3508 4989 3600 5051 in-

2105 5088 2425 5162 distincte,
2490 5096 2557 5149 ut
2618 5089 2683 5149 in
2744 5087 3089 5169 propositO,
3151 5096 3213 5149 et
3271 5095 3424 5148 tunc
3484 5105 3599 5168 per

2105 5187 2495 5250 addit-ionem
2528 5185 3001 5249 determinatur.
3029 5185 3253 5248 Primae
3282 5185 3596 5260 notioneS,

2115 5303 2257 5366 quae
2310 5285 2554 5348 scilicet
2601 5284 2899 5347 distincte
2956 5283 3422 5364 significantur,
3473 5285 3599 5348 dis-
