4359 6250
855 483 942 528 AN
983 483 1048 528 IN
1088 483 1208 528 DEO
1250 479 1386 528 stNT
1427 481 1652 529 PLURES
1696 482 1875 540 IDEAE,
1919 483 2025 531 mo
2065 483 2142 530 m·
2184 484 2421 530 omnum
2462 485 2597 540 01:AE
2640 484 2965 533 cotmoscn·

3340 465 3461 530 415

365 670 665 715 cocervus
695 660 760 715 et
788 654 1148 716 consimilia
1177 655 1412 718 habent
1444 655 1672 730 ideam,
1708 655 1858 737 quia
1883 654 1936 717 A
2048 655 2355 737 Denique,
2375 676 2573 737 quum
2607 657 2875 720 Thomas
2907 656 3138 738 saepius
3168 645 3461 730 fateatur,

365 751 507 812 licet
547 769 673 814 non
716 752 844 814 sint
882 752 1054 815 entia
1095 753 1161 814 in
1199 773 1412 815 rerum
1452 762 1697 828 natura,
1732 771 1858 816 non

365 857 572 912 tame-n
617 850 694 912 de
743 851 984 913 ratione
1029 869 1248 913 eorum
1293 859 1389 914 est
1435 851 1706 932 privatio
1754 871 1860 913 en-

363 947 442 1011 tis
475 966 490 1011 :
527 949 670 1011 ideo
703 949 1136 1030 imaginabilia
1171 957 1339 1024 sunt,
1373 959 1436 1012 et
1469 950 1704 1013 habent
1736 951 1859 1012 ide-

361 1066 481 1109 am.
499 1047 728 1110 Contra
757 1047 878 1110 hoc
909 1048 1102 1129 objici
1135 1050 1529 1131 potestz,quia
1559 1057 1628 1110 ut
1660 1049 1860 1111 fertur

364 1147 807 1221 communiter,
843 1147 1151 1210 Chimaera
1191 1156 1256 1210 et
1298 1149 1704 1210 hircocervus
1753 1150 1857 1210 de-

364 1246 610 1326 signant
642 1247 994 1328 composita
1023 1266 1102 1308 ex
1134 1247 1766 1330 incoinponibilibus,
1797 1248 1858 1308 id

364 1353 457 1405 est
505 1363 582 1406 ex
631 1345 732 1406 his
782 1365 922 1427 quae
974 1345 1372 1427 impossibile
1422 1355 1517 1408 est
1561 1347 1857 1429 componi

367 1461 475 1504 seu
520 1443 588 1504 in
626 1445 850 1505 eodem
897 1444 1261 1506 consistere.
1296 1445 1664 1526 Imaginatio
1704 1462 1857 1527 quo-

365 1559 486 1621 que
529 1549 626 1602 est
664 1541 1202 1623 impossibilium3
1244 1543 1321 1604 de
1361 1543 1601 1605 ratione
1643 1551 1857 1604 autem

367 1640 518 1702 ideae
555 1647 650 1702 est
682 1640 850 1720 quod
889 1640 974 1702 sit
1002 1640 1356 1734 similitudo
1397 1641 1487 1702 rei
1529 1641 1852 1703 factibilis.

444 1737 707 1819 Insuper
735 1738 825 1799 ait
857 1755 871 1799 :
907 1737 1163 1819 Oportet
1195 1756 1310 1800 nos
1342 1739 1555 1801 videre
1595 1756 1857 1821 quomo-

1967 754 2136 836 quod
2186 754 2395 834 omnis
2446 755 2723 837 cognitio
2771 755 2884 817 siat
2946 773 3059 836 per
3106 755 3468 816 similitudi-

1967 869 2115 912 nem
2166 851 2401 932 cogniti
2450 852 2859 914 exsistentem
2912 852 2977 913 in
3023 860 3463 932 cognoscente,

1965 950 2044 1011 ad
2093 951 2265 1031 quod
2313 949 2505 1011 etiam
2557 951 2930 1034 Dionysium
2981 960 3271 1014 sanctum
3321 951 3468 1013 alle-

1967 1057 2091 1129 gat,
2129 1049 2457 1110 fatendum
2490 1058 2785 1112 censetur
2815 1051 2984 1132 quod
3020 1051 3087 1113 in
3125 1051 3253 1113 Deo
3284 1051 3466 1113 intel-

1968 1148 2201 1228 ligente
2261 1155 2355 1209 est
2415 1148 2658 1229 aliquid
2724 1168 2839 1230 per
2904 1150 3162 1210 modum
3228 1149 3467 1232 speciei

1968 1245 2391 1326 intelligibilis
2436 1266 2501 1308 se
2544 1246 2807 1322 habens,
2843 1248 3010 1329 quod
3052 1248 3134 1309 sit
3170 1248 3467 1310 similitu-

1967 1343 2048 1405 do
2089 1344 2178 1405 rei
2226 1344 2584 1417 intellectae,
2619 1365 2732 1427 per
2771 1346 2940 1427 quod
2980 1365 3093 1408 seu
3132 1365 3259 1428 quo
3299 1346 3465 1408 Deus

1966 1442 2314 1523 intelligit:
2350 1451 2408 1504 et
2458 1445 2543 1506 ita
2594 1451 2919 1525 ponuntur
2963 1445 3029 1507 in
3078 1446 3205 1507 Deo
3248 1445 3465 1527 plures

1967 1541 2213 1622 species
2266 1541 2703 1622 intelligibiles
2763 1563 2877 1624 per
2927 1543 3463 1626 comparationem

1965 1639 2041 1701 ad
2086 1639 2428 1713 intellecta,
2464 1659 2589 1702 non
2627 1642 2797 1722 quod
2834 1642 3080 1723 species
3122 1642 3245 1704 illae
3286 1643 3464 1704 reali-

1970 1745 2063 1798 ter
2110 1757 2147 1799 a
2198 1738 2325 1800 Deo
2384 1738 2778 1818 intelligente
2832 1747 2941 1801 aut
2988 1759 3024 1801 a
3072 1760 3140 1802 se
3190 1740 3461 1802 invicem

368 1836 444 1898 do
469 1836 548 1898 ad
579 1837 1007 1917 cognitionem
1039 1838 1266 1899 habeat
1295 1857 1362 1899 se
1395 1839 1551 1900 idea.
1569 1839 1660 1900 Ad
1691 1839 1856 1920 quod
1894 1836 1942 1899 Β
1969 1836 2471 1917 distinguantur3
2504 1856 2621 1898 nec
2663 1837 2916 1900 realiter
2954 1857 3070 1900 nec
3114 1839 3466 1902 accidenta-

365 1934 558 2017 aliqui
597 1936 840 2010 dicunt,
873 1936 1042 2018 quod
1083 1935 1222 1998 idea
1260 1955 1384 1999 non
1425 1945 1521 1999 est
1551 1954 1677 2018 quo
1714 1938 1857 2019 quis

368 2034 684 2116 intelligit,
735 2035 846 2096 sed
903 2035 1114 2097 solum
1173 2035 1362 2097 habet
1409 2035 1715 2098 rationem
1768 2035 1857 2098 rei

369 2134 720 2197 intellectae.
772 2171 853 2179 -—
909 2134 1213 2207 Quocirca
1275 2135 1630 2209 sciendum,
1691 2137 1858 2217 quod

371 2233 428 2294 S.
453 2233 722 2296 Thomas
764 2234 882 2296 hoc
912 2233 1070 2295 dicit
1111 2233 1175 2295 in
1218 2234 1424 2315 prima
1462 2242 1638 2315 parte
1680 2233 1860 2296 Sum-

261 2345 294 2386 2.
371 2350 506 2404 mae,
530 2331 880 2413 quaestione
912 2333 1401 2414 quintadecima.
1429 2333 1656 2395 Contra
1691 2333 1860 2414 quod

367 2430 646 2510 AEgidius
677 2429 903 2510 objicit
939 2451 952 2494 ;
987 2430 1191 2504 Quum
1225 2431 1440 2493 divina
1470 2431 1744 2493 essentia
1772 2431 1862 2492 di-

371 2537 544 2590 catur
575 2528 668 2590 rei
701 2529 842 2591 idea
873 2535 1060 2609 prout
1091 2528 1421 2590 imitabilis
1451 2536 1549 2591 est
1577 2529 1657 2591 ab
1687 2536 1863 2602 ea,et

370 2627 453 2689 ita
498 2626 582 2690 sit
622 2627 980 2689 similitudo
1025 2627 1114 2688 rei
1161 2635 1406 2702 creatae,
1447 2635 1510 2690 et
1552 2628 1718 2690 Deus
1761 2645 1862 2690 co-

367 2734 623 2806 gnoscat
673 2733 881 2787 creata
939 2744 1052 2807 per
1109 2725 1564 2788 similitudines
1613 2744 1861 2789 eorum-

367 2824 510 2885 dem
559 2823 626 2884 in
679 2824 854 2906 ips03
906 2823 1146 2886 idcirco
1195 2842 1426 2904 negare
1485 2824 1864 2907 simpliciter

369 2923 534 3003 quod
580 2921 722 2984 idea
765 2921 848 2983 sit
890 2922 954 2983 id
993 2940 1121 3003 quo
1165 2921 1332 2984 Deus
1379 2922 1697 3004 intelligit,
1735 2941 1861 2985 non

1969 1933 2113 1996 liter
2171 1954 2287 2016 per
2344 1935 2757 1998 inhaesionem
2818 1936 3162 2000 informant
3210 1946 3319 1999 aut
3366 1957 3465 2000 ac-

1968 2039 2148 2093 tuant
2179 2033 2573 2096 intellectum
2602 2035 3280 2117 divinum,quum-sint
3312 2036 3469 2118 ipse·

1969 2139 2098 2191 met
2151 2130 2511 2194 intellectus
2562 2132 2817 2194 divinus
2868 2141 2933 2195 et
2980 2134 3169 2208 DeuS,
3224 2134 3289 2195 in
3340 2154 3467 2217 quo

1969 2229 2223 2290 realiter
2272 2231 2440 2292 idem
2492 2237 2639 2292 sunt
2687 2249 2878 2312 agens
2928 2239 2990 2293 et
3038 2233 3225 2308 actio,
3264 2233 3467 2296 virtus

1968 2328 2195 2399 activa,
2256 2327 2579 2408 objectum
2639 2339 2703 2391 et
2759 2329 2965 2392 forma
3023 2350 3148 2413 qua
3205 2332 3354 2412 agit,
3406 2340 3467 2394 et

1969 2427 2348 2506 generaliter
2391 2428 2559 2508 quod
2598 2435 2661 2488 et-
2704 2447 2849 2509 quo.
2893 2429 3021 2490 Nec
3062 2429 3206 2491 talis
3257 2431 3466 2512 plura-

1970 2524 2112 2586 litas
2153 2525 2513 2607 specierum
2556 2526 3059 2607 intelligibilium
3098 2528 3243 2609 plus
3284 2549 3468 2610 repu-

1969 2631 2118 2703 gnat
2161 2623 2558 2705 simplicitati
2602 2625 2856 2699 divinae,
2898 2645 3090 2707 quam
3137 2626 3467 2709 pluralitas

1970 2722 2281 2794 idearum,
2317 2741 2516 2803 quum
2562 2723 2807 2804 species
2853 2723 2977 2786 illae
3021 2724 3312 2786 dicantur
3356 2745 3469 2807 per

1972 2820 2345 2882 relationem
2376 2822 2453 2882 ad
2486 2821 2827 2896 intellecta,
2847 2822 3009 2884 sicut
3044 2823 3199 2886 ideae
3230 2825 3306 2885 ad
3340 2825 3467 2885 ide-

1971 2926 2090 2980 ata.
2138 2919 2201 2981 Si
2248 2938 2399 2982 vero
2438 2919 2577 2982 idea
2627 2920 2864 2981 idcirco
2904 2939 3030 2983 non
3069 2931 3165 2983 est
3203 2922 3470 2984 dicenda

367 3021 528 3102 sapit
559 3039 777 3082 sanam
811 3020 1184 3082 doctrinam.
1222 3021 1297 3082 Et
1325 3021 1498 3082 addit
1527 3021 1810 3101 AEgidius
1845 3039 1858 3084 :
1894 3015 1937 3076 C
1973 3017 2219 3098 species
2264 3037 2389 3098 qua
2434 3019 2598 3080 Deus
2646 3019 2963 3099 intelligit,
2999 3021 3298 3101 quoniam
3344 3039 3470 3082 non

368 3119 431 3182 ld
489 3139 619 3202 quo
677 3138 1062 3202 cognoscens
1123 3113 1467 3201 cognoscit,
1519 3121 1864 3203 dupliciter

365 3220 568 3301 accipi
616 3227 823 3302 potest
858 3239 872 3283 :
907 3218 1137 3301 prim0,
1172 3238 1286 3300 per
1325 3221 1861 3302 comparationem

369 3317 443 3378 ad
475 3316 858 3397 cognitionis
889 3326 1140 3395 actum;
1174 3318 1475 3392 secundO,
1510 3336 1624 3399 per
1655 3337 1862 3401 respe-

370 3422 540 3477 ctum
579 3415 658 3476 ad
700 3415 1044 3496 cognitum.
1080 3415 1290 3477 Primo
1329 3416 1519 3479 modo
1557 3416 1698 3479 idea
1737 3436 1862 3480 non

367 3520 460 3575 est
497 3531 627 3595 quo
672 3513 838 3575 Deus
882 3514 1228 3594 cognoscit,
1261 3514 1372 3575 sed
1417 3515 1604 3577 modo
1645 3534 1867 3577 secun-

367 3611 464 3684 do,
507 3611 662 3692 quia
706 3610 846 3673 idea
893 3611 1250 3674 similitudo
1292 3619 1389 3674 est
1431 3612 1688 3693 cogniti.
1722 3613 1864 3675 Haec

365 3710 665 3791 AEgidius.

444 3809 633 3872 Porro
665 3809 936 3872 Thomas
967 3808 1060 3872 sic
1091 3808 1314 3872 scribit
1346 3810 1484 3872 loco
1514 3817 1812 3892 praetacto
1846 3829 1860 3874 ε

369 3908 690 3981 Quomodo
737 3908 1067 3990 pluralitas
1113 3908 1398 3971 idearum
1444 3909 1676 3972 divina}
1715 3910 1865 3971 sim-

367 4007 635 4089 plicitati
682 4024 811 4069 non
854 4008 1134 4087 deroget,
1170 4006 1354 4069 facile
1399 4015 1494 4069 est
1537 4006 1774 4080 videre,
1810 4008 1864 4069 si

369 4106 508 4187 quis
539 4107 898 4169 consideret
929 4106 1134 4168 ideam
1165 4106 1404 4187 operati
1438 4124 1575 4168 esse
1609 4105 1672 4167 in
1705 4125 1870 4168 men·

1973 3124 2069 3179 est
2107 3116 2313 3180 forma
2357 3118 2611 3180 realiter
2654 3116 2893 3181 faciens
2942 3117 3339 3181 intellectum
3378 3119 3471 3181 di-

1973 3216 2197 3278 vinum
2241 3216 2305 3279 in
2349 3224 2516 3291 actu,
2550 3237 2667 3280 nec
2708 3218 3089 3283 inhaerenter
3128 3218 3339 3300 ipsum
3382 3219 3474 3280 in-

1974 3315 2279 3390 formanS,
2334 3316 2624 3397 sequitur
2676 3317 2842 3398 quod
2904 3334 3030 3378 non
3088 3317 3172 3378 sit
3223 3317 3291 3379 in
3344 3318 3473 3380 Deo

1975 3415 2269 3495 ponenda
2310 3415 2555 3496 species
2600 3433 2727 3496 qua
2770 3414 3091 3495 intelligit,
3134 3435 3335 3497 quum
3377 3416 3471 3477 in·-

1974 3512 2267 3575 tellectus
2313 3512 2568 3575 divinus
2613 3513 2695 3574 sit
2737 3532 2937 3593 purus
2986 3521 3186 3586 actuS‚
3228 3514 3296 3575 in
3345 3532 3473 3596 quo

1975 3628 2092 3671 nec
2133 3610 2409 3673 actuatio
2440 3629 2555 3672 nec
2596 3610 2966 3673 inhaerentia
3004 3630 3143 3673 esse
3173 3612 3358 3674 valet.
3392 3646 3473 3657 --

1974 3708 2149 3781 Quod
2199 3710 2391 3771 ctiam
2442 3709 2709 3771 Thomas
2755 3709 2866 3783 ait,
2920 3710 3191 3773 formam
3243 3712 3471 3774 domus

1976 3807 2040 3869 in
2093 3816 2305 3869 mente
2362 3808 2629 3870 artificis
2678 3827 2816 3870 esse
2866 3809 3021 3890 quid
3075 3809 3470 3871 intellectum

1975 3906 2055 3968 ab
2107 3907 2246 3988 ipso
2293 3904 2564 3982 artifice,
2608 3906 2661 3968 si
2709 3906 2801 3969 sic
2845 3906 3256 3987 intelligatur,
3300 3909 3470 3988 quod

1976 4023 2103 4067 non
2144 4006 2227 4067 sit
2267 4005 2510 4087 species
2554 4024 2679 4086 qua
2722 4004 3019 4085 intelligit
3059 4004 3308 4079 artifex,
3343 4024 3469 4068 non

1975 4103 2230 4165 videtur
2274 4103 2497 4165 idonee
2542 4102 2803 4165 dictum.
2838 4102 3052 4165 Nihilo
3096 4104 3309 4165 minus
3360 4122 3473 4185 per

370 4211 428 4265 >te
475 4204 800 4285 operantis
852 4204 1021 4265 sicut
1069 4204 1239 4285 quod
1291 4202 1688 4283 intelligitur,
1738 4222 1864 4265 non
1897 4208 1946 4270 D
1977 4200 2392 4262 reflexionem
2433 4200 2793 4262 intellectus
2833 4220 3025 4282 super
3063 4219 3129 4262 se
3166 4200 3377 4282 ipsum
3410 4208 3473 4263 et

369 4304 528 4365 sicut
558 4303 808 4385 species
838 4322 966 4384 qua
1007 4302 1403 4383 intelligitur,
1438 4322 1578 4383 quae
1618 4310 1712 4363 est
1745 4302 1868 4365 i'or-

371 4420 470 4463 ma
523 4402 768 4464 faciens
834 4401 1230 4463 intellectum
1291 4400 1356 4462 in
1415 4408 1578 4462 actu.
1643 4402 1866 4463 Forma

369 4502 534 4563 enim
567 4502 798 4563 domus
829 4500 897 4561 in
929 4507 1142 4561 mente
1171 4499 1323 4561 artis
1327 4500 1460 4573 icis,
1495 4508 1592 4561 est
1621 4499 1863 4581 aliquid

367 4598 446 4661 ab
474 4616 548 4661 eo
580 4597 1004 4671 intellectum,
1037 4598 1115 4659 ad
1147 4598 1331 4678 cujus
1374 4597 1864 4659 similitudinem

369 4697 626 4760 domum
677 4696 746 4757 in
795 4695 1059 4757 materia
1117 4694 1367 4757 format.
1421 4695 1560 4757 Non
1613 4702 1708 4757 est
1757 4714 1866 4757 au-

369 4804 494 4857 tem
541 4803 762 4857 contra
823 4793 1300 4874 simplicitatem
1359 4793 1560 4855 divini
1621 4793 1866 4856 intelle-

369 4900 504 4954 ctus
534 4894 706 4975 quod
737 4892 940 4954 multa
973 4890 1314 4970 intelligat;
1334 4892 1443 4952 sed
1475 4900 1692 4953 contra
1723 4892 1867 4953 sim-

369 4990 716 5072 plicitatem
762 4990 965 5072 ipsius
1005 4996 1191 5061 esset,
1227 4988 1280 5049 si
1323 4988 1680 5051 intellectus
1724 4990 1864 5070 ejus

371 5108 482 5170 per
518 5090 736 5172 plures
783 5089 1029 5171 species
1078 5087 1479 5151 formaretur.
1524 5088 1666 5149 Haec
1705 5088 1865 5151 Tho-

371 5188 906 5251 mas—Videtur
933 5194 1144 5249 autem
1177 5186 1243 5248 in
1275 5186 1390 5247 hac
1427 5192 1602 5266 parte
1635 5187 1865 5268 positio

373 5287 480 5351 illa
517 5286 750 5373 AEgidii
793 5286 1001 5349 verior
1042 5303 1201 5348 esse.

1976 4317 2168 4380 super
2211 4317 2285 4360 ea
2330 4317 2470 4379 quae
2516 4298 2580 4359 in
2626 4298 2764 4379 ipso
2807 4306 2976 4371 sunt,
3020 4306 3228 4380 potest
3270 4298 3474 4362 forma

1978 4396 2086 4458 illa
2116 4416 2255 4459 esse
2286 4396 2441 4477 quid
2483 4395 2899 4471 intellectum,
2934 4398 3473 4478 quemadmodum

1976 4505 2186 4557 cetera
2252 4512 2505 4577 quoque
2575 4514 2715 4576 quae
2783 4496 2848 4557 in
2918 4496 3247 4559 intellectu
3316 4516 3473 4559 con·

1977 4594 2229 4656 sistunt.

2054 4693 2341 4774 Denique
2372 4691 2423 4753 si
2467 4700 2722 4754 sanctus
2763 4692 2990 4754 Doctor
3018 4693 3229 4756 dicere
3270 4692 3473 4755 inten-

1975 4790 2185 4864 debat,
2239 4791 2407 4871 quod
2459 4790 2601 4852 idea
2659 4790 2897 4853 idcirco
2945 4790 3178 4852 dicitur
3229 4790 3294 4851 in
3345 4791 3473 4854 Deo

1977 4890 2040 4951 id
2080 4890 2251 4970 quod
2302 4889 2701 4969 intelligitur,
2746 4906 2872 4949 non
2922 4888 3166 4969 specie-s
3209 4908 3335 4969 qua
3382 4889 3475 4951 in-

1975 4988 2304 5069 telligitur,
2338 4987 2490 5068 quia
2530 4987 2671 5049 idea
2710 4986 2960 5048 realiter
3001 4986 3167 5047 idem
3198 4994 3293 5048 est
3324 5006 3471 5048 cum

1975 5087 2193 5148 divina
2239 5084 2533 5157 essentia,
2578 5103 2718 5165 quae
2762 5092 2857 5145 est
2901 5084 3183 5165 primum
3226 5092 3287 5145 et
3330 5104 3471 5166 pro-

1975 5186 2189 5267 prium
2231 5182 2432 5245 divini
2471 5181 2833 5244 intellectus
2871 5182 3217 5262 objectum,
3251 5190 3313 5243 et
3344 5201 3470 5245 non

1974 5290 2070 5347 est
2111 5281 2357 5365 species
2401 5280 2656 5343 aliunde
2700 5288 2982 5364 accepta,
3016 5280 3365 5343 informans
3408 5290 3473 5346 et
