4359 6250
782 457 903 522 306
1700 476 1875 522 LIBER
1916 477 1937 521 1
1980 476 2461 522 SENTENTIARUM.
2508 494 2589 503 —
2631 476 2781 521 DIST.
2829 476 2976 521 xxxl

488 664 760 740 affice-rri-
786 650 961 714 Satis
999 652 1099 713 θεῖ
1134 651 1355 714 videre
1400 650 1584 714 nullo
1628 650 1825 714 modo
1864 650 2107 714 Filium
2146 651 2469 732 aequalem
2509 667 2651 714 esse
2687 649 2890 730 Patri,
2924 650 2982 713 si
3023 650 3094 712 in
3131 649 3376 732 aliqu0,
3417 649 3667 712 scilicet
3705 647 3894 730 quod

487 726 756 842 ῗῗιιιξῗ“ο.“δ’
788 765 1110 848 pertineat
1150 765 1232 828 ad
1274 765 1779 846 significandum
1821 766 1965 847 ejus
2000 765 2462 845 substantiam,
2496 766 2842 846 inaequalis
2879 766 3230 829 invenitur.
3266 766 3343 828 In
3382 765 3689 828 omnibus
3731 781 3896 845 ergo

504 897 611 941 nna.
635 910 679 941 n.
702 901 741 942 ⁷.
790 883 1063 964 aequalis
1116 884 1215 946 est
1260 882 1441 964 Patri
1492 883 1725 962 Filius,
1768 885 1831 945 et
1883 884 1982 947 est
2036 883 2333 964 ejusdem
2390 876 2796 946 substantiae.
2838 883 3142 963 AEqualis
3193 882 3292 946 est
3348 881 3546 946 etiam
3601 881 3898 962 Spiritus

790 998 1067 1062 Sanctus
1116 1000 1179 1062 et
1215 998 1395 1061 Patri
1446 1001 1511 1061 et
1545 998 1741 1078 Filio,
1784 1000 1849 1062 et
1892 998 1962 1060 in
2011 998 2320 1062 omnibus
2367 998 2664 1078 aequalis,
2705 1000 2972 1079 propter
3015 1015 3348 1061 summam
3395 997 3898 1078 simplicitatem

788 1114 969 1178 illius
1014 1115 1421 1178 substantiae.
1466 1116 1566 1178 Ex
1617 1115 1723 1178 his
1773 1115 2194 1196 perspicuum
2243 1114 2340 1193 fit,
2390 1114 2569 1195 quod
2623 1114 2984 1177 secundum
3041 1113 3476 1178 substantiam
3531 1114 3741 1177 Filius
3789 1115 3900 1178 est

788 1232 1063 1313 aequalis
1097 1232 1303 1310 Patri,
1338 1232 1401 1294 et
1437 1232 1701 1311 utrique
1738 1231 2023 1312 Spiritus
2060 1232 2363 1310 SanctUS,
2397 1231 2460 1294 et
2497 1231 2848 1312 appellatio
2887 1232 3144 1294 tantum
3181 1231 3456 1294 relativa
3491 1233 3611 1294 est.
3636 1232 3900 1313 AEqua-

489 1365 665 1483 „3ssssss
682 1365 760 1472 ff
787 1347 939 1410 litas
982 1366 1134 1428 ergo
1164 1347 1380 1410 Patris
1420 1348 1485 1410 et
1512 1347 1668 1409 Filii
1703 1364 1836 1410 non
1874 1348 1974 1411 est
2002 1348 2232 1411 relatio
2271 1348 2376 1411 vel
2413 1347 2619 1426 noti0,
2651 1347 2765 1410 sed
2804 1347 3122 1410 naturalis
3157 1348 3379 1410 unitas
3421 1349 3486 1410 et
3511 1347 3824 1411 identitas
3841 1345 3892 1410 ².

488 1495 597 1534 turae
622 1492 760 1535 unita-

488 1553 756 1671 ζῗῖἥξζω
1168 1580 1246 1643 Β.
1297 1585 1431 1645 Hic
1478 1588 1834 1658 quomodo
1886 1584 2185 1646 dicatur
2229 1585 2525 1656 similae,
2577 1584 2650 1644 et
2693 1585 2870 1658 quid
2913 1583 3013 1645 sit
3062 1583 3495 1645 similitudo.

918 1793 1061 1857 Hoc
1102 1794 1281 1858 idem
1323 1794 1523 1857 etiam
1560 1794 1844 1858 dicimus
1882 1795 1961 1859 de
1998 1798 2235 1860 simili
2269 1796 2334 1858 et
2368 1798 2883 1859 similitudine.
2919 1793 3142 1866 Quum
3185 1793 3364 1858 enim
3403 1794 3643 1857 dicitur
3671 1793 3896 1857 Filius

783 1909 1023 1972 similis
1060 1910 1265 1990 Patri,
1297 1910 1568 1974 relative
1610 1910 1879 1991 quidem
1918 1911 2181 1990 dicitur,
2225 1911 2341 1974 sed
2377 1911 2619 1974 similis
2657 1911 2756 1974 est
2791 1910 2972 1973 Patri
3001 1910 3268 1991 propter
3303 1910 3623 1972 unitatem
3662 1927 3894 1973 essen-

784 2025 918 2088 tiae.
954 2027 1073 2089 Est
1109 2043 1261 2107 ergo
1302 2027 1655 2107 appellatio
1697 2028 1955 2090 tantum
1995 2028 2290 2107 relativa,
2331 2027 2696 2090 similitudo
2735 2044 2890 2090 vero
2937 2025 3314 2090 indifferens
3355 2026 3658 2089 essentia.
3695 2025 3894 2090 Unde

783 2141 1178 2223 quibusdam
1227 2159 1361 2206 non
1409 2143 1667 2205 indocte
1715 2143 1996 2223 videtur,
2038 2144 2306 2207 nomine
2356 2142 2752 2225 aequalitatis
2799 2142 2903 2206 vel
2949 2142 3408 2206 similitudinis
3454 2159 3587 2205 non
3633 2142 3892 2223 aliquid

783 2259 964 2338 poni,
1005 2259 1121 2322 sed
1163 2259 1508 2339 removeri,
1549 2261 1625 2323 ut
1672 2275 1748 2323 ea
1794 2261 2044 2324 ratione
2081 2261 2339 2324 dicatur
2373 2259 2584 2323 Filius
2631 2259 2905 2339 aequalis
2942 2258 3146 2338 Patri,
3179 2259 3335 2340 quia
3372 2276 3491 2323 nec
3530 2259 3741 2338 maj0r
3786 2259 3896 2322 θεῖ

784 2391 861 2438 θο
912 2391 1033 2439 nec
1081 2375 1319 2452 minor,
1355 2376 1419 2438 et
1465 2375 1615 2454 hoc,
1656 2375 1925 2456 propter
1972 2376 2295 2439 unitatem
2343 2375 2666 2438 essentiae.
2711 2374 2812 2436 Ita
2857 2376 2921 2438 et
2967 2373 3208 2437 similis
3258 2374 3522 2451 dicitur,
3564 2374 3720 2454 quia
3763 2391 3894 2437 nec

781 2489 1104 2567 diverSUS,
1136 2506 1255 2552 nec
1292 2489 1568 2568 aliermS,
1601 2507 1721 2553 nec
1769 2490 1838 2551 in
1877 2489 2099 2571 aliquo
2148 2489 2518 2567 dissimilis,
2555 2490 2618 2552 et
2662 2489 2811 2568 hoc,
2846 2488 3114 2569 propter
3155 2488 3454 2552 essentiae
3492 2488 3894 2569 simplicita-

781 2605 939 2668 tem.
972 2605 1122 2691 Non
1161 2622 1314 2686 ergo
1352 2604 1714 2668 secundum
1756 2605 1933 2686 quod
1962 2605 2175 2668 Filius
2214 2606 2314 2668 θεῖ
2349 2605 2611 2685 genitus
2639 2621 2678 2667 a
2705 2604 2922 2680 Patre,
2953 2603 3228 2684 aequalis
3264 2605 3370 2668 vel
3401 2605 3748 2686 inaequalis
3787 2606 3898 2668 est

781 2720 986 2801 Patri,
1020 2738 1140 2784 nec
1178 2721 1419 2784 similis
1456 2721 1561 2784 vel
1598 2721 1966 2801 dissimilis,
2002 2721 2118 2784 sed
2156 2721 2430 2801 aequalis
2469 2722 2534 2784 et
2573 2720 2813 2783 similis
2850 2719 3214 2783 secundum
3251 2720 3710 2784 substantiam.

1147 2962 1220 3028 C.
1273 2967 1374 3027 De
1419 2965 1785 3026 sententia
1834 2965 1904 3024 S.
1956 2965 2240 3026 Hilarii
2283 2978 2428 3038 qua
2479 2965 2558 3026 in
2610 2964 2976 3026 Trinitate
3015 2979 3518 3038 personarum

1978 3083 2300 3156 propria
2350 3081 2686 3145 ostendit.

918 3296 1066 3358 Non
1118 3296 1219 3358 est
1264 3295 1465 3377 igitur
1519 3294 1627 3357 hic
1681 3294 2344 3375 praetermittendum,
2400 3294 2578 3376 quod
2625 3293 2727 3355 vir
2771 3293 3049 3357 illustris
3103 3294 3398 3359 Hilarius
3452 3296 3896 3378 proprietates

532 3426 664 3503 [ιαμ.
704 3426 759 3470 do
784 3428 1211 3493 personarum
1250 3411 1616 3492 assignanS,
1657 3410 1818 3473 dicit
1854 3410 1922 3472 in
1966 3410 2157 3472 Patre
2208 3427 2349 3473 esse
2395 3410 2852 3489 aeternitatem,
2893 3411 3183 3490 speciem
3231 3412 3299 3473 in
3337 3412 3646 3493 imagine,
3685 3430 3894 3477 usum

488 3491 756 3604 {rmum
784 3528 855 3591 in
908 3545 1200 3591 munere.
1257 3527 1419 3600 Quae
1473 3527 1671 3589 tantae
1735 3524 2139 3589 difficultatis
2195 3526 2351 3588 sunt
2399 3525 2618 3603 verba,
2669 3526 2744 3588 ut
2795 3525 2861 3586 in
2916 3542 3146 3589 eorum
3201 3527 3636 3609 intelligentia
3689 3530 3894 3609 atque

786 3644 1243 3726 explanatione
1280 3643 1700 3707 vehementer
1735 3640 2127 3705 laboraverit
2166 3640 2601 3722 Augustinus,
2633 3642 2709 3703 ut
2744 3641 2886 3721 ipse
2933 3643 3218 3705 ostendit
3255 3643 3324 3707 in
3361 3646 3548 3707 sexto
3595 3644 3760 3707 libro
3807 3644 3896 3708 de

492 3786 658 3842 Augaia
670 3784 761 3828 rra-
784 3762 1125 3840 Trinitate,
1156 3761 1381 3825 dicens
1410 3780 1423 3820 ε
1459 3759 1743 3832 Quidam
1782 3775 1991 3839 quum
2021 3757 2220 3820 vellet
2253 3756 2642 3820 brevissime
2680 3756 3090 3837 singularum
3130 3758 3196 3821 in
3225 3759 3544 3823 Trinitate
3577 3777 3898 3841 persona-

492 3847 755 3963 „ffi‘h'Jb‘
786 3895 934 3941 rum
977 3878 1311 3940 insinuare
1354 3876 1641 3956 propria,
1682 3874 2040 3937 AEternitas
2078 3875 2200 3953 est,
2232 3873 2473 3953 inquit,
2507 3873 2574 3935 in
2611 3874 2828 3953 Patre,
2869 3875 3121 3954 species
3157 3875 3227 3938 in
3267 3876 3578 3957 imagine,
3617 3893 3780 3940 usus
3821 3878 3898 3941 in

788 4010 1081 4057 munere.
1114 3993 1198 4055 Et
1224 3992 1380 4072 quia
1415 4008 1548 4054 non
1579 3990 1928 4053 mediocris
1964 3988 2373 4052 auctoritatis
2409 3988 2478 4051 in
2508 3989 2892 4051 tractatione
2921 3989 3408 4070 Scripturarum
3437 3992 3504 4055 et
3529 3992 3899 4057 assertione

787 4110 938 4175 fidei
974 4110 1077 4172 vir
1112 4109 1366 4172 exstitit
1404 4108 1574 4188 (haec
1613 4108 1787 4170 enim
1832 4106 2129 4169 Hilarius
2170 4106 2239 4167 in
2280 4104 2465 4168 libris
2502 4105 2642 4168 suis
2683 4101 2954 4186 posuit),
2997 4105 3234 4169 horum
3275 4106 3650 4187 verborum,
3681 4108 3751 4170 id
3789 4112 3902 4171 est

787 4228 1004 4291 Patris
1052 4228 1117 4289 et
1167 4225 1475 4305 imaginis
1533 4225 1598 4287 et
1652 4224 1967 4303 muneris,
2021 4222 2406 4287 aeternitatis
2457 4224 2522 4285 et
2571 4222 2811 4303 speciei
2868 4223 2935 4286 et
2981 4240 3166 4303 usu8,
3215 4222 3506 4286 abditam
3561 4226 3902 4288 scrutatus

787 4341 1291 4422 intelligentiam
1342 4340 1662 4420 quantum
1712 4340 1922 4418 valeo,
1967 4356 2100 4401 non
2150 4354 2304 4401 eum
2349 4338 2650 4401 secutum
2703 4337 2982 4400 arbitror
3017 4337 3088 4400 in
3135 4339 3520 4401 aeternitatis
3569 4338 3900 4403 vocabulo

788 4459 917 4522 nisi
961 4458 1139 4538 quod
1193 4456 1388 4518 Pater
1433 4472 1567 4518 non
1620 4454 1817 4519 habet
1860 4455 2111 4535 patrem
2158 4454 2239 4517 de
2293 4470 2425 4534 quo
2478 4454 2588 4533 sit,
2628 4453 2841 4517 Filius
2891 4455 3111 4516 autem
3163 4453 3244 4517 de
3290 4454 3484 4518 Patre
3531 4456 3632 4519 est
3672 4458 3746 4519 ut
3801 4457 3904 4519 sit

788 4576 985 4655 atque
1029 4573 1103 4636 ut
1141 4571 1239 4634 illi
1277 4571 1641 4634 coaeternus
1690 4570 1798 4632 sit.
1838 4570 2065 4649 Imago
2116 4570 2295 4633 enim
2342 4569 2401 4632 si
2447 4568 2730 4649 perfecte
2781 4568 3014 4650 implet
3050 4568 3214 4631 illud
3266 4569 3458 4651 cujus
3493 4571 3712 4651 imago
3761 4574 3896 4652 est,

788 4690 935 4770 ipsa
989 4688 1367 4768 coaequatur
1420 4684 1503 4763 ei,
1555 4701 1688 4746 non
1734 4683 1901 4746 illud
1956 4684 2230 4764 imagini
2291 4701 2450 4747 suae.
2509 4684 2585 4745 In
2645 4700 2776 4763 qua
2828 4682 3115 4763 imagine
3179 4684 3466 4764 speciem
3522 4684 3906 4747 nominavit

790 4802 1039 4889 (credo)
1085 4803 1352 4885 propter
1387 4800 1947 4881 pulchritudinem
1992 4820 2005 4861 ε
2056 4800 2172 4864 ubi
2215 4801 2397 4863 tanta
2439 4800 2538 4863 est
2583 4800 3030 4881 congruentia,
3072 4801 3137 4863 et
3181 4800 3398 4881 prima
3437 4802 3778 4882 aequalitas
3827 4805 3906 4865 et

790 4924 1007 5005 prima
1042 4917 1435 4996 similitudO,
1480 4916 1661 4979 nulla
1700 4918 1767 4979 in
1804 4934 1875 4980 re
1917 4917 2244 4980 dissidens
2297 4918 2360 4979 et
2401 4915 2584 4979 nullo
2623 4916 2819 4979 modo
2862 4916 3209 4998 inaequalis
3259 4918 3326 4981 et
3360 4918 3542 4981 nulla
3588 4937 3670 4982 ex
3704 4921 3908 5001 parte

792 5037 1161 5116 dissimilis,
1202 5034 1319 5097 sed
1374 5032 1455 5095 ad
1503 5033 1912 5097 identitatem
1968 5032 2370 5113 respondens
2427 5032 2487 5095 ei
2539 5032 2732 5111 cujus
2777 5032 2995 5113 imago
3049 5034 3189 5113 θεῖς
3249 5033 3362 5096 ubi
3413 5036 3515 5098 est
3562 5036 3778 5116 prima
3829 5040 3910 5099 et

792 5171 1058 5220 summa
1094 5152 1253 5231 vita,
1295 5150 1401 5213 cui
1448 5165 1579 5211 non
1630 5150 1728 5212 est
1774 5149 1955 5212 aliud
1992 5149 2213 5212 vivere
2260 5149 2325 5212 et
2360 5147 2542 5211 aliud
2579 5165 2745 5226 esse,
2787 5149 2902 5211 sed
2939 5148 3151 5227 idem3
3194 5150 3259 5211 et
3304 5150 3560 5230 primus
3595 5168 3672 5214 ac
3705 5170 3912 5217 sum-

794 5290 946 5334 mus
993 5268 1387 5345 intellectuS,
1430 5266 1537 5329 cui
1587 5282 1721 5328 non
1776 5267 1873 5328 est
1924 5266 2105 5328 aliud
2158 5265 2382 5329 vivere
2432 5265 2497 5327 θῖ
2544 5264 2725 5327 aliud
2771 5264 3159 5345 intelligere,
3211 5266 3328 5330 sed
3373 5267 3574 5349 idem,
3621 5269 3744 5333 hoc
3793 5276 3911 5336 est
