4359 6250
663 494 891 548 QUAEST.
934 496 993 540 lv
1034 495 1047 539 :
1086 495 1171 540 AN
1210 495 1517 541 COMMUNIS
1556 494 1836 540 SPIRATlO
1879 494 1971 540 SIT
2006 495 2125 539 UNA
2167 494 2537 540 PROPROETAS
2578 495 2640 540 IN
2685 495 2880 540 PATRE
2918 495 2992 539 ΕΤ
3027 495 3187 541 rimo

3355 475 3470 539 291

384 663 633 724 rationis
678 681 693 724 :
736 665 961 744 sicque
1012 663 1169 725 ratio
1218 662 1517 744 principii
1568 661 1869 724 essentia·
1900 661 1951 722 Α
2060 663 2330 724 Thomas
2379 682 2632 745 quoque
2680 665 2784 726 hic
2835 665 3058 727 scribit
3111 682 3124 727 ε
3178 665 3309 726 Una
3359 684 3474 725 nu-

384 761 517 822 liter
556 763 801 844 sumpti
845 770 943 824 cst
986 761 1181 842 prior,
1215 762 1517 844 quoniam
1564 761 1725 822 ratio
1764 779 1871 822 na-

386 859 594 920 turalis
640 860 818 941 prius
858 859 1093 940 accipit
1139 859 1215 921 de
1260 860 1534 921 essentia
1576 860 1745 940 quod
1790 859 1872 920 sit

385 956 766 1038 principium
797 955 1106 1030 absolute,
1136 975 1325 1038 quam
1360 956 1671 1037 intelligat
1700 958 1869 1038 quod

382 1054 441 1114 in
486 1054 725 1116 divinis
770 1071 1039 1136 persona
1087 1053 1480 1134 principium
1530 1053 1614 1115 sit
1662 1071 1871 1135 perso-

382 1171 485 1214 nae.
521 1150 701 1213 Alius
730 1153 887 1214 ordo
925 1160 1021 1213 est
1060 1153 1413 1214 secundum
1451 1151 1605 1214 fidei
1646 1171 1869 1233 appre-

382 1249 745 1313 hensionem
782 1267 795 1310 :
830 1257 893 1311 et
924 1250 1015 1312 sic
1049 1250 1223 1332 prior
1250 1257 1347 1312 est
1376 1251 1536 1312 ratio
1567 1249 1867 1331 principii

382 1348 778 1410 notionalitcr
805 1348 979 1410 dicti.
1016 1348 1199 1410 Fides
1238 1349 1474 1410 etenim
1515 1348 1698 1410 docet
1730 1366 1868 1429 per-

380 1463 592 1508 sonam
626 1446 803 1527 prius
842 1465 981 1508 esse
1022 1447 1416 1528 principium
1456 1446 1688 1508 divinae
1730 1464 1868 1527 per-

380 1561 561 1616 sonae,
625 1562 817 1625 quam
885 1561 1220 1625 personam
1284 1563 1396 1605 seu
1460 1545 1661 1606 Deum
1730 1561 1868 1606 esse

383 1642 763 1724 principium
810 1650 1135 1705 creaturae.
1184 1643 1327 1705 Haec
1362 1643 1741 1731 ‘Alexanden

793 1963 1269 2039 QUAESTIO
1336 1965 1440 2028 IV

540 2326 843 2408 prietas
892 2329 1036 2392 aut
1084 2327 1309 2393 notio
1363 2329 1451 2394 in
1500 2328 1736 2395 Patre
1787 2331 1870 2394 et

432 2425 601 2505 110,
670 2427 1104 2492 secundum
1179 2441 1417 2507 quam
1490 2427 1868 2493 dicuntur

378 2523 859 2603 principium
912 2525 1265 2605 spu-itus
1308 2525 1604 2605 Sancti,
1648 2528 1869 2605 utpo-

378 2623 457 2686 te
496 2623 941 2688 communis
982 2623 1343 2702 spiratio.

452 2719 711 2781 Videtur
740 2720 909 2801 quod
952 2737 1097 2782 non.
1132 2719 1363 2794 Primo,
1399 2719 1700 2801 quoniam
1744 2740 1868 2783 una

512 2228 699 2290 Uarto
748 2227 1076 2309 quaeritur,
1128 2229 1259 2294 An
1323 2229 1434 2295 sit
1485 2244 1645 2296 una
1693 2245 1868 2312 pro-

376 2224 505 2489 „Q

378 2825 437 2878 et
462 2818 681 2880 eadem
714 2818 888 2880 notio
929 2835 1055 2880 non
1096 2824 1193 2880 est
1230 2818 1353 2880 nisi
1399 2819 1463 2880 in
1504 2837 1631 2880 uno
1667 2819 1869 2880 subsi-

378 2923 573 2978 stente
618 2934 633 2977 :
675 2917 855 2978 Pater
902 2924 1118 2978 autem
1165 2924 1230 2978 et
1278 2916 1475 2978 Filius
1530 2924 1680 2978 sunt
1727 2917 1867 2978 duae

1982 779 2156 822 mero
2208 762 2380 824 notio
2427 771 2522 824 est
2569 763 2764 825 Patris
2812 783 2886 825 ac
2932 763 3073 825 Filii
3124 764 3472 824 secundum

1980 877 2169 941 quam
2204 859 2505 921 dicuntur
2534 868 2597 922 et
2628 868 2775 922 sunt
2805 861 3220 942 principium,
3257 860 3383 922 imo
3414 867 3478 920 et

1980 975 2180 1018 unum
2214 957 2626 1038 principium,
2662 957 2935 1039 Spiritus
2977 958 3206 1020 Sancti.
3243 957 3476 1020 Distin-

1980 1055 2256 1116 ctionem
2312 1055 2484 1116 enim
2537 1073 2748 1117 rerum
2801 1058 3152 1118 secundum
3203 1055 3475 1118 formam

1980 1169 2105 1214 non
2140 1152 2503 1214 invenimus
2536 1153 2659 1214 nisi
2691 1154 3034 1235 dupliciter
3068 1172 3082 1216 ε
3118 1155 3349 1236 primo,
3385 1173 3477 1215 se-

1980 1250 2262 1342 cundum
2308 1251 2476 1331 quod
2522 1269 2860 1314 commune
2909 1252 3322 1334 distinguitur
3361 1270 3477 1334 per

1980 1349 2195 1429 plures
2239 1349 2512 1411 rationes
2555 1357 2665 1410 aut
2703 1349 3098 1412 differentias
3142 1351 3470 1432 specialeS‚

1978 1447 2518 1528 quemadmodum
2557 1467 2758 1528 genus
2787 1449 3094 1510 dividitur
3125 1449 3190 1510 in
3231 1449 3474 1530 species

1980 1545 2232 1626 plures3
2265 1545 2390 1608 alio
2423 1546 2632 1620 mod0,
2668 1547 3019 1608 secundum
3053 1548 3222 1628 quod
3253 1555 3476 1608 natura

1978 1642 2274 1724 specialis
2324 1644 2738 1724 distinguitur
2781 1645 2846 1705 in
2893 1645 3076 1725 plura
3123 1647 3474 1707 secundum

1976 1761 2333 1804 numerum.
2356 1743 2470 1804 Hic
2500 1751 2712 1805 autem
2746 1744 3062 1804 secundus
3093 1744 3317 1804 modus
3348 1761 3474 1805 non

1902 1844 2188 1922 Bpotest
2243 1860 2382 1904 esse
2443 1843 2508 1902 in
2567 1841 2820 1903 diviniS.
2885 1842 3114 1914 Primo,
3170 1841 3474 1922 quoniam

1980 1939 2428 2021 multiplicatio
2469 1939 2660 2002 unius
2701 1938 2937 2021 speciei
2979 1939 3331 2002 secundum
3363 1958 3476 2001 nu-

1978 2057 2228 2100 merum
2271 2055 2399 2099 non
2446 2045 2542 2100 est
2583 2057 2661 2100 ex
2699 2038 2915 2120 aliquo
2959 2037 3209 2100 formali
3249 2037 3474 2118 adjun-

1978 2145 2100 2210 cm,
2120 2137 2230 2198 sed
2261 2155 2338 2198 ex
2371 2136 2687 2218 principio
2719 2136 3024 2198 materiali
3055 2137 3260 2199 diviso
3281 2154 3294 2196 :
3315 2135 3474 2198 ratio

1978 2254 2254 2317 namque
2286 2234 2522 2316 speciei
2559 2235 3034 2316 specialissimae
3066 2235 3475 2297 constit-uitur

1979 2351 2091 2413 per
2140 2333 2484 2394 adventum
2534 2333 2776 2395 ultimae
2825 2332 3062 2396 formae.
3118 2335 3186 2394 ln
3237 2332 3472 2394 divinis

1977 2448 2127 2492 vero
2167 2449 2292 2492 non
2340 2429 2630 2492 consistit
2675 2430 2954 2492 materia.
2990 2431 3324 2511 Quumque
3367 2448 3474 2490 na-

1981 2535 2119 2589 tura
2157 2529 2516 2591 communis
2558 2545 2685 2591 non
2726 2528 3188 2609 multiplicetur
3217 2528 3339 2589 nisi
3379 2547 3474 2590 se-

1978 2626 2260 2687 cundum
2291 2645 2428 2688 esse
2460 2627 2628 2708 quod
2671 2626 2737 2687 in
2771 2626 3116 2687 individuis
3153 2626 3363 2699 habet,
3398 2645 3473 2688 eo

1978 2725 2143 2805 quod
2194 2732 2319 2786 tota
2359 2725 2677 2806 quidditas
2721 2725 2783 2786 in
2826 2724 3037 2806 specie
3079 2725 3162 2786 sit
3201 2725 3477 2805 comple-

1976 2831 2059 2896 ta,
2114 2822 2177 2885 in
2229 2823 2462 2885 divinis
2511 2831 2723 2885 autem
2777 2841 2902 2884 non
2953 2831 3047 2884 est
3097 2822 3218 2883 nisi
3273 2841 3469 2884 unum

1976 2939 2150 3000 esse3
2185 2939 2311 2984 non
2357 2929 2562 3004 potest
2603 2921 2843 3003 aliquid
2891 2921 3242 2983 secundum
3288 2921 3472 2983 ratio-

376 3014 789 3078 subsistentes
834 3033 1136 3097 personae.
1170 3016 1307 3078 Non
1332 3024 1444 3104 *est
1482 3032 1631 3096 ergo
1668 3015 1734 3077 in
1776 3015 1867 3077 eis
1898 3017 1943 3082 C
1978 3039 2125 3081 nem
2169 3021 2511 3101 specialem
2557 3020 2622 3082 in
2663 3021 2897 3081 divinis
2938 3027 3266 3100 sumptum
3316 3019 3477 3081 mul-

376 3113 545 3175 notio
594 3134 738 3177 una.
776 3150 859 3159 —
902 3113 1213 3187 Secund0,
1256 3132 1441 3195 agere
1490 3124 1587 3177 est
1635 3131 1867 3195 suppo-

376 3212 479 3273 siti
534 3230 645 3275 seu
697 3230 1005 3295 personae.
1060 3213 1125 3275 Si
1175 3229 1325 3292 ergo
1374 3212 1537 3275 Patri
1588 3232 1661 3274 ac
1710 3212 1868 3273 Filio

380 3328 499 3372 una
539 3318 603 3372 et
640 3312 866 3373 eadem
908 3311 1206 3373 convenit
1244 3311 1433 3386 actio,
1466 3318 1619 3392 puta
1662 3310 1867 3372 activa

376 3408 651 3489 spiratio,
698 3410 953 3472 videtur
1002 3410 1171 3491 quod
1222 3411 1345 3472 sint
1400 3429 1526 3471 una
1575 3426 1861 3490 persona.

452 3507 521 3569 ln
567 3508 957 3571 contrarium
1003 3515 1152 3569 sunt
1194 3528 1336 3591 quae
1385 3506 1756 3571 scribuntur
1800 3506 1865 3567 in

374 3605 577 3668 littera
620 3614 813 3689 atque
862 3608 1221 3670 communis
1272 3607 1707 3687 theologorum
1758 3605 1866 3667 do-

377 3704 591 3767 ctrina.

452 3900 547 3963 Ad
591 3902 710 3964 hoc
754 3900 1111 3963 Alexander
1159 3900 1499 3981 respondet
1534 3916 1547 3961 ε
1581 3900 1760 3962 Pater
1802 3904 1866 3959 et

378 3999 569 4061 Filius
624 4000 871 4081 spirant
920 3998 1227 4080 Spiritum
1278 3999 1579 4061 Sanctum
1640 4015 1865 4059 secun-

376 4096 527 4159 dum
563 4097 805 4179 aliquid
850 4116 1053 4159 unum
1099 4098 1164 4159 in
1204 4096 1319 4170 eis,
1356 4104 1424 4159 ut
1460 4097 1643 4159 docet
1672 4095 1864 4158 Isido-

1978 3117 2254 3199 tiplicari
2316 3137 2600 3181 numero.
2657 3118 3059 3200 Relinquitur
3107 3136 3256 3198 ergo
3303 3117 3475 3199 quod

1977 3216 2289 3298 quidquid
2334 3224 2430 3278 est
2470 3216 2534 3278 in
2575 3215 2832 3288 diviniS‚
2865 3225 2974 3278 aut
3013 3224 3334 3279 remaneat
3383 3217 3476 3277 in-

1976 3316 2352 3377 distinctum
2389 3322 2453 3377 et
2491 3332 2756 3377 numero
2796 3334 3020 3387 unum,
3054 3316 3219 3377 sicut
3259 3315 3476 3377 divina

1976 3414 2252 3475 essentia
2308 3413 2513 3474 'tribus
2573 3412 2862 3494 personis
2923 3414 3318 3491 communis3
3371 3413 3472 3473 vel

1976 3510 2206 3573 habeat
2252 3512 2560 3573 rationem
2612 3528 3019 3572 communem
3068 3509 3472 3589 distinguibi-

1978 3610 2102 3673 lem
2152 3609 2503 3670 secundum
2557 3607 2770 3688 plures
2818 3608 3092 3669 rationes
3138 3608 3470 3688 specialeS‚

1976 3707 2143 3768 sicut
2172 3705 2393 3768 relatio
2434 3706 2792 3768 communis
2829 3712 2926 3766 est
2967 3703 3194 3776 tribuS,
3229 3723 3356 3766 non
3389 3713 3474 3766 ta-

1979 3823 2123 3866 men
2155 3824 2282 3867 una
2309 3804 2809 3877 numero.Quum
2838 3820 2986 3883 ergo
3016 3802 3274 3883 spiratio
3305 3803 3474 3864 dicat

1974 3902 2319 3984 specialem
2383 3902 2689 3963 rationem
2753 3900 3054 3982 principii
3119 3901 3470 3963 secundum

1976 4001 2317 4083 specialem
2352 4001 2609 4063 modum
2639 3998 2925 4080 originiS,
2948 3998 3344 4079 impossibile
3375 4006 3472 4061 est

1975 4100 2145 4182 quod
2197 4099 2335 4182 ipsa
2377 4100 2458 4161 sit
2503 4098 2626 4160 nisi
2673 4117 2798 4159 una
2842 4096 2908 4159 in
2956 4097 3133 4159 Patre
3177 4105 3241 4159 et
3287 4096 3465 4162 Filio.

376 4213 482 4255 rus
531 4196 593 4258 in
644 4196 808 4259 libro
858 4213 974 4258 suo
1029 4197 1106 4259 de
1156 4195 1480 4269 Trinitate‚
1526 4194 1865 4257 Anselmus
1894 4195 1945 4258 D
1974 4199 2119 4261 Haec
2161 4199 2448 4260 ThomaS.

376 4310 623 4375 quoque
671 4295 739 4358 in
794 4294 959 4356 libro
1007 4295 1085 4357 de
1132 4294 1537 4357 Processione
1590 4291 1863 4374 Spiritus

378 4390 600 4454 Sancti.
634 4394 727 4456 Ad
756 4393 932 4475 quod
970 4392 1163 4455 etiam
1205 4392 1272 4454 in
1304 4392 1511 4454 littera
1542 4390 1867 4452 adducun-

378 4494 481 4549 tur
528 4490 884 4553 testimonia
932 4490 1288 4571 Augustini.
1343 4490 1521 4551 Pater
1572 4488 1747 4550 enim
1801 4495 1865 4549 et

378 4585 568 4649 Filius
612 4598 761 4651 sunt
804 4607 1009 4651 unum
1053 4589 1117 4650 in
1161 4597 1387 4650 natura
1428 4595 1493 4649 et
1535 4588 1601 4650 in
1642 4588 1864 4649 volun-

376 4690 501 4747 tate
546 4706 613 4748 ac
661 4687 727 4749 in
778 4686 1065 4770 potentia
1111 4687 1416 4769 spirativa
1459 4704 1473 4747 τ
1516 4686 1735 4768 sicque
1781 4684 1861 4747 ab

376 4783 467 4845 eis
513 4786 787 4865 procedit
826 4804 1007 4850 amor
1043 4785 1380 4848 amborum
1423 4784 1786 4873 immediate
1824 4803 1862 4846 a

378 4882 689 4948 voluntate
726 4904 951 4949 eorum
992 4903 1121 4949 non
1159 4883 1581 4947 essentialiter
1609 4884 1718 4946 sed
1750 4902 1859 4947 no-

376 4980 684 5045 tionaliter
720 4992 1002 5066 sumpta,
1036 4990 1107 5045 ut
1142 4983 1272 5065 jam
1314 4990 1461 5045 ante
1502 4982 1734 5064 saepius
1767 4982 1860 5045 di-

376 5088 551 5142 ctum
578 5090 669 5144 est
707 5083 959 5145 clarius,
996 5083 1246 5145 Etenim
1279 5081 1555 5165 Spiritus
1595 5082 1859 5143 Sanctus

376 5184 473 5239 est
500 5196 671 5242 amor
696 5189 761 5243 et
798 5182 1117 5245 emanatio
1145 5180 1511 5244 voluntatis.
1548 5180 1689 5243 Haec
1718 5179 1859 5242 Ale-

378 5276 627 5341 xander.

2054 4297 2289 4358 Verum
2335 4302 2552 4357 contra
2594 4294 2728 4357 haec
2768 4295 2953 4357 solito
2991 4292 3116 4355 sibi
3158 4311 3331 4357 more
3377 4293 3471 4355 in-

1976 4401 2099 4455 stat
2126 4394 2430 4475 AEgidius,
2463 4392 2615 4474 quia
2646 4392 2866 4455 relatio
2895 4393 3062 4455 sicut
3092 4400 3153 4455 et
3184 4391 3473 4454 acciden-

1975 4492 2062 4553 tia
2092 4490 2537 4565 communiter‚
2562 4491 2853 4573 quamvis
2884 4508 3011 4553 non
3043 4489 3316 4552 habeant
3347 4510 3474 4552 ma-

1973 4590 2200 4651 teriam
2259 4608 2336 4651 ex
2388 4607 2535 4670 qua,
2586 4587 2822 4650 habent
2869 4595 3082 4651 tamen
3137 4588 3469 4650 materiam

1974 4688 2041 4750 in
2078 4705 2244 4770 qua3
2276 4705 2596 4769 quumque
2628 4686 2982 4749 communis
3018 4686 3282 4768 spiratio
3322 4702 3470 4747 con-

1973 4786 2186 4850 veniat
2235 4785 2400 4849 Patri
2450 4792 2513 4847 et
2561 4783 2740 4858 Filio,
2784 4784 2896 4865 qui
2949 4792 3096 4845 sunt
3145 4784 3272 4845 duo
3322 4802 3469 4863 sup-

1972 4886 2198 4967 posita,
2251 4884 2320 4945 in
2378 4882 2612 4964 quibus
2671 4889 2769 4944 est
2821 4882 2957 4963 ipsa
3015 4881 3277 4962 spiratio
3335 4889 3467 4941 tan-

1971 5002 2163 5065 quam
2234 4982 2301 5044 in
2368 4980 2654 5053 materia,
2718 4979 3040 5042 videretur
3107 4978 3462 5041 secundum

1971 5083 2127 5155 haec,
2162 5080 2330 5163 quod
2363 5097 2557 5159 penes
2593 5077 2701 5139 illa
2735 5076 3063 5158 supposita
3097 5094 3464 5139 numerare-

1971 5188 2094 5242 tur.
2130 5179 2250 5241 Sed
2287 5178 2408 5240 ista
2445 5176 2722 5256 objectio
2759 5192 2886 5237 non
2927 5181 3023 5236 est
3058 5181 3225 5255 apta,
3256 5193 3461 5255 quum

1970 5280 2037 5341 in
2072 5278 2310 5341 divinis
2345 5275 2564 5337 relatio
2605 5291 2731 5337 non
2772 5274 2855 5335 sit
2893 5272 3212 5347 accidens,
3247 5290 3364 5335 nec
3395 5272 3463 5334 in
