4359 6250
845 470 925 534 20
1483 488 1546 532 lN
1587 487 1808 532 uanum
1851 487 1870 532 1
1913 485 2395 531 sarri-ammaum.
2441 503 2521 513 —
2562 473 2716 530 msr.
2764 487 2931 548 xv113
2976 489 3199 543 QUAEsr.
3247 488 3314 532 111

841 656 1276 739 perhibentur.
1329 657 1470 718 Haec
1522 656 1587 718 in
1635 656 1840 737 prima
1887 656 2200 718 secundae.
2252 691 2332 700 —
2366 656 2417 718 A
2440 655 2682 736 jectum
2714 663 2811 718 est
2839 657 2949 719 ibi.
2983 657 3159 720 Unde
3188 664 3252 718 et
3284 657 3555 720 Thomas
3596 657 3700 720 hic
3730 659 3941 740 aptius

842 755 1194 818 Concordat
1235 755 1606 817 RicharduS.

916 852 1199 932 AEgidius
1229 853 1444 926 etiam,
1479 852 1771 934 quamvis
1813 851 1918 913 hic
1959 851 2203 933 prolixe
2234 851 2338 912 de-

838 950 1076 1013 scribat
1113 970 1255 1032 quae
1298 951 1466 1013 vires
1511 951 1574 1012 in
1613 949 1861 1012 actibus
1904 951 2036 1012 suis
2079 950 2208 1012 sint
2247 969 2339 1011 re—

837 1049 1051 1112 ditivae
1085 1050 1163 1112 ad
1215 1068 1282 1111 se
1326 1057 1390 1110 et
1433 1048 1754 1112 reflexivae
1805 1067 1997 1130 supra
2047 1048 2336 1130 proprios

836 1153 1036 1220 actus,
1106 1147 1172 1208 in
1243 1147 1652 1210 conclusione
1721 1154 1930 1209 tamen
1999 1147 2340 1209 concordat

838 1245 1223 1326 praehabitiS.
1269 1245 1525 1308 Certum
1571 1252 1666 1306 est
1708 1253 1944 1318 autem,
1988 1245 2156 1326 quod
2199 1244 2339 1306 nul-

839 1343 897 1405 la
957 1344 1239 1424 potentia
1300 1343 1596 1424 organica
1656 1351 1767 1404 aut
1823 1343 2192 1414 materialis,
2254 1343 2337 1404 sit

837 1442 1210 1504 conversiva
1249 1448 1310 1502 et
1351 1441 1658 1503 reflexiva
1697 1460 1889 1523 supra
1929 1459 1995 1502 se
2036 1441 2242 1522 ipsam
2272 1448 2337 1501 et

835 1547 1014 1601 actus
1055 1557 1220 1602 suos,
1257 1539 1516 1622 Oportet
1554 1557 1830 1621 namque
1871 1537 2203 1620 quodlibet
2244 1557 2335 1600 re-

835 1638 970 1699 dire
999 1638 1077 1699 ad
1109 1637 1471 1719 quodlibet3
1503 1655 1832 1719 quumque
1864 1636 2241 1698 continuum
2271 1643 2335 1698 et

838 1736 1160 1797 materiale
1207 1736 1290 1796 sit
1337 1736 1403 1797 in
1453 1735 1782 1797 infinitum
1833 1734 2174 1808 divisibile,
2226 1753 2333 1796 ne-

2447 754 2670 815 scribit
2706 773 2719 818 :
2755 755 3011 817 Constat
3039 756 3209 837 quod
3248 762 3426 817 actus
3456 751 3814 818 dilectionis
3848 775 3943 818 se-

2450 853 2731 914 cundum
2774 855 2944 935 quod
2992 854 3195 916 tendit
3237 855 3303 915 in
3350 853 3644 928 alterum,
3688 854 3945 917 differat

2449 969 2717 1014 numero
2766 951 2847 1012 ab
2894 960 3038 1013 actu
3089 952 3446 1014 dilectionis
3494 953 3605 1034 qui
3659 953 3949 1033 diligitur

2450 1049 2513 1110 in
2561 1050 2707 1123 alio,
2760 1050 2895 1112 sive
2944 1050 3244 1131 diligatur
3293 1058 3363 1112 ut
3410 1050 3757 1130 objectum,
3809 1051 3945 1112 sive

2448 1156 2519 1209 ut
2548 1149 2706 1211 ratio
2744 1149 3070 1230 diligendi.
3106 1149 3227 1211 Sed
3266 1150 3547 1211 animam
3588 1169 3767 1211 suam
3800 1151 3945 1231 quis

2449 1254 2656 1328 potest
2683 1267 2760 1308 ex
2792 1247 3050 1308 caritate
3085 1247 3371 1328 diligere,
3404 1256 3468 1309 et
3496 1249 3689 1310 etiam
3728 1255 3941 1310 actum

2446 1363 2577 1407 suae
2638 1344 3019 1419 dilectioniS,
3079 1353 3143 1406 et
3204 1353 3357 1406 tunc
3420 1345 3941 1426 distinguendum

2444 1449 2543 1503 est
2594 1459 2607 1502 :
2658 1444 2809 1524 quia
2866 1443 2967 1504 vel
3025 1443 3281 1505 dilectio
3340 1441 3544 1505 fertur
3603 1444 3668 1505 in
3725 1452 3939 1505 actum

2445 1540 2803 1603 dilectionis
2844 1541 3175 1622 proprium
3215 1541 3383 1603 sicut
3411 1542 3475 1603 in
3517 1542 3825 1604 rationem
3856 1542 3943 1603 di-

2446 1639 2734 1702 lectionis
2783 1648 3053 1714 tantum,
3097 1641 3317 1722 sicque
3364 1641 3588 1703 eodem
3634 1649 3781 1702 actu
3828 1660 3944 1702 nu-

2446 1755 2621 1799 mero
2652 1739 2937 1819 diligitur
2966 1738 3237 1819 diligens
3266 1746 3332 1800 et
3361 1747 3538 1801 actus
3573 1739 3805 1821 ipsius;
3840 1738 3939 1800 vel

835 1851 1011 1895 cesse
1041 1842 1207 1895 esset
1247 1834 1310 1894 in
1353 1834 1461 1895 tali
1504 1833 1811 1895 reditione
1849 1834 1927 1895 ad
1967 1852 2034 1894 se
2075 1831 2331 1894 infinita
2366 1833 2414 1896 B
2444 1836 2731 1916 diligitur
2759 1844 2829 1897 ut
2856 1835 3181 1916 objectum
3222 1836 3603 1912 dilectioni3‚
3637 1844 3701 1899 et
3732 1837 3817 1898 ita
3846 1845 3943 1898 est

835 1931 1224 2013 pertransiri.
1262 1932 1420 1994 Hinc
1451 1932 1628 1993 nulla
1661 1932 1942 2014 potentia
1973 1931 2038 1992 in
2071 1931 2328 1993 homine

832 2037 928 2091 est
959 2029 1276 2110 cognitiva
1313 2036 1422 2090 aut
1451 2030 1801 2112 appetitiva
1843 2030 2082 2110 proprii
2123 2037 2325 2104 actus,
2372 2079 2385 2089 .

833 2129 1088 2210 proprie
1133 2129 1449 2210 loquendo
1493 2129 1570 2190 de
1613 2129 2025 2210 appetitione,
2068 2128 2192 2189 nisi
2239 2129 2328 2189 in-

831 2226 1121 2288 tellectus
1150 2234 1342 2308 atque
1372 2227 1681 2288 voluntaS.
1707 2227 1881 2299 Quod
1913 2226 2168 2288 Proclus
2199 2227 2328 2287 Pla-

831 2324 1080 2386 tonicus
1141 2325 1204 2385 in
1262 2324 1762 2386 Elementatione
1813 2343 1926 2386 sua
1974 2324 2328 2405 theologica

829 2422 1248 2484 subtilissime
1298 2423 1522 2504 probat
1557 2442 1570 2486 :
1606 2423 1825 2497 Omne,
1870 2424 2189 2504 inquienS,
2238 2424 2327 2484 in-

830 2538 1205 2603 corporeum
1253 2523 1332 2584 ad
1372 2540 1439 2583 se
1485 2522 1927 2584 conversivum
1972 2530 2101 2599 est3
2148 2522 2327 2583 item-

828 2639 974 2701 que,
1000 2620 1197 2683 Omne
1225 2620 1303 2682 ad
1334 2639 1402 2682 se
1433 2621 1900 2694 conversivam,
1935 2619 2325 2701 impertibile

825 2724 1014 2779 estet
1050 2717 1340 2799 simplex.
1376 2717 1550 2779 Idem
1589 2717 1893 2778 asseritur
1923 2724 1987 2777 et
2021 2717 2327 2799 probatur

828 2814 893 2875 in
937 2815 1100 2878 libro
1142 2815 1219 2877 de
1264 2815 1501 2878 CausiS.

2440 1933 2603 1994 alius
2642 1941 2819 1994 actus
2857 1932 3215 1996 dilectionis
3256 1934 3367 2016 qui
3406 1934 3695 2014 diligitur
3722 1941 3787 1996 et
3814 1950 3942 2015 quo

2440 2029 2747 2110 diligitur,
2799 2030 3101 2112 quoniam
3160 2038 3338 2092 actus
3388 2050 3501 2112 per
3546 2031 3799 2112 objecta
3850 2031 3943 2092 di-

2439 2128 2850 2208 stinguuntur
2896 2147 2969 2190 ac
3018 2129 3347 2191 differunt.
3401 2129 3529 2192 Nec
3578 2138 3675 2192 est
3723 2130 3942 2193 incon-

2440 2227 2700 2288 veniens
2744 2227 2912 2308 quod
2964 2227 3027 2288 in
3076 2226 3326 2290 actibus
3372 2228 3601 2290 animae
3648 2236 3828 2290 eatur
3870 2228 3937 2289 in

2439 2323 2766 2385 infinitum
2800 2325 2865 2386 in
2890 2325 3549 2406 potentia‚dummodo
3572 2334 3751 2388 actus
3781 2345 3939 2387 nun-

2436 2441 2629 2503 quam
2680 2423 2807 2484 sint
2850 2424 3042 2484 simul
3094 2423 3333 2486 infiniti
3376 2425 3443 2486 in
3492 2433 3657 2486 actu.
3704 2424 3935 2506 Sicque

2436 2520 2759 2582 Avicenna
2808 2520 3099 2583 concedit
3145 2522 3481 2584 relationes
3531 2542 3672 2604 quae
3720 2541 3936 2585 conse-

2437 2626 2723 2699 quuntur
2778 2627 2993 2680 actum
3050 2620 3753 2702 apprehensionemque
3802 2621 3935 2682 ani-

2438 2734 2577 2790 mae,
2632 2715 3047 2798 multiplicari
3106 2717 3171 2778 in
3232 2717 3579 2780 infinitum.
3632 2753 3713 2764 -—
3757 2718 3931 2780 Idem

2435 2814 2659 2876 dicunt
2699 2814 2804 2876 hic
2845 2815 3129 2896 AEgidius
3172 2822 3237 2878 et
3277 2816 3647 2880 RicharduS.

2500 2912 2594 2974 Ad
2624 2912 2883 2974 tertium
2912 2913 3352 2976 Bonaventura
3382 2915 3744 2996 respondet,
3761 2915 3932 2996 quod

906 3012 998 3074 Ad
1057 3013 1337 3094 primum
1398 3029 1547 3092 ergo
1604 3012 1942 3093 respondet
2001 3012 2319 3087 AlbertuS,
2360 3012 2404 3075 C
2435 3009 2598 3072 fides
2648 3018 2745 3072 est
2794 3011 2886 3072 rei
2946 3029 3073 3074 non
3122 3012 3295 3086 visae,
3346 3020 3410 3074 et
3456 3031 3603 3094 spes
3662 3015 3753 3074 rei
3804 3031 3929 3077 non

826 3110 994 3192 quod
1048 3117 1320 3192 quatuor
1367 3117 1516 3173 sunt
1563 3130 1641 3172 ex
1691 3110 1949 3172 caritate
2000 3110 2323 3191 diligenda

824 3216 1126 3290 tanquam
1170 3209 1420 3290 objecta
1461 3228 1604 3290 quae
1648 3209 1902 3290 proprie
1945 3210 2320 3290 diliguntur,

823 3325 901 3369 ex
943 3308 1179 3389 quibus
1227 3308 1466 3370 bonum
1511 3308 1728 3387 gratiae
1777 3326 1850 3369 ac
1899 3308 2114 3389 gloriae
2164 3308 2324 3369 desi-

824 3405 1096 3467 deratur.
1142 3407 1378 3469 Caritas
1423 3424 1574 3469 vero
1615 3414 1680 3467 et
1725 3413 1904 3469 actus
1947 3407 2088 3486 ejus
2129 3407 2325 3468 virtu-

823 3511 1044 3584 tesque
1088 3512 1312 3567 ceterae
1358 3504 1713 3585 diliguntur
1765 3512 2064 3586 tanquam
2114 3504 2324 3586 dispo-

823 3602 1084 3664 sitiones
1133 3602 1210 3664 ad
1259 3600 1651 3677 felicitatem,
1695 3610 1757 3665 et
1805 3610 2107 3684 tanquam
2155 3603 2322 3665 bona

823 3720 964 3781 quae
1018 3702 1304 3763 rationali
1365 3708 1668 3763 creaturae
1725 3706 2025 3782 optantur
2077 3719 2090 3763 :
2139 3701 2322 3782 juxta
2407 3728 2423 3735 -

820 3817 1013 3880 quem
1065 3800 1323 3863 modum
1365 3807 1428 3861 et
1471 3799 1795 3862 beatitudo
1843 3806 2051 3861 creata
2097 3817 2174 3861 ex
2226 3817 2322 3860 ca-

822 3897 1004 3960 ritate
1044 3899 1347 3979 diligitur.
1383 3898 1711 3960 Beatitudo
1749 3915 1899 3961 vero
1941 3897 2221 3959 increata
2258 3905 2321 3959 et

819 3995 1172 4076 objectaliS‚
1221 4016 1361 4077 quae
1411 3995 1576 4057 Deus
1629 4002 1745 4069 est,
1792 4002 1888 4057 est
1934 4014 2012 4057 ex
2061 3996 2319 4057 caritate

820 4112 1014 4175 super
1067 4094 1282 4155 omnia
1339 4093 1922 4174 incomparabiliter
1974 4093 2311 4173 diligenda.

2433 3102 2665 3171 habitae
2707 3127 2720 3171 :
2765 3109 2908 3172 ideo
2956 3130 3149 3193 super
3194 3117 3373 3173 actus
3414 3129 3633 3174 earum
3684 3111 3929 3175 reflecti
4046 3128 4053 3132 ·

2432 3206 2818 3269 diminueret
2860 3209 3169 3271 rationem
3211 3210 3347 3291 spei
3390 3228 3463 3271 ac
3506 3208 3685 3285 fidei,
3726 3230 3926 3292 quum

2433 3305 2525 3367 illi
2573 3314 2753 3369 actus
2802 3316 3144 3388 praesentes
3194 3308 3354 3387 sint;
3400 3309 3486 3370 ita
3532 3316 3747 3371 autem
3795 3325 3924 3371 non

2430 3412 2526 3465 est
2567 3406 2645 3466 de
2688 3406 2967 3467 caritate.

2840 3732 3313 3805 QUAESTIO
3386 3732 3511 3795 III

2428 3996 2465 4045 Γ
2556 3996 2727 4058 Ertio
2755 3997 3081 4078 quaeritur,
3116 3998 3243 4064 An
3266 3998 3501 4078 juxta
3532 4000 3923 4079 capacita-

2570 4096 2734 4162 tem
2774 4110 2864 4162 ao
2895 4096 3502 4176 dispositionem
3539 4096 3923 4163 naturali-

819 4226 900 4237 -
943 4191 1212 4253 Thomas
1264 4207 1415 4254 vero
1463 4190 1824 4271 respondet,
1865 4191 2033 4272 quod
2089 4192 2316 4253 caritas
2348 4195 2397 4256 D
2428 4208 2564 4259 um
2608 4196 2902 4260 caritas
2943 4192 3437 4262 infundatur.

819 4296 916 4351 est
977 4289 1444 4370 quodammodo
1504 4289 1714 4350 media
1775 4289 1940 4350 inter
1997 4291 2197 4351 Deum
2254 4297 2317 4351 et

820 4389 1204 4469 proximum,
1240 4406 1440 4469 quum
1475 4388 1557 4449 sit
1585 4387 1937 4450 similitudo
1966 4389 2098 4463 Dei,
2132 4397 2195 4451 et
2225 4408 2317 4450 ra-

818 4486 905 4549 tio
951 4487 1311 4568 proximum
1355 4486 1660 4566 diligendi
1707 4504 1720 4547 :
1765 4486 2002 4550 idcirco
2043 4486 2121 4548 ad
2163 4487 2317 4549 dile-

817 4584 1092 4648 ctionem
1136 4584 1546 4666 consequitur
1586 4585 1936 4666 utriusque.

894 4684 988 4746 Ad
1019 4684 1371 4745 secundum
1415 4681 1657 4763 praefati
1691 4683 1999 4758 doctoreS,
2031 4684 2313 4764 AEgidius

815 4800 1068 4864 quoque
1116 4789 1179 4843 et
1226 4781 1334 4843 alii
1397 4781 1581 4842 multi
1641 4782 2024 4862 respondent
2074 4782 2139 4844 in
2189 4784 2313 4847 alio

819 4882 975 4956 loct),
1018 4880 1187 4962 quod
1237 4880 1301 4941 in
1347 4879 1792 4959 hujuscemodi
1844 4881 2181 4945 dilectione
2225 4883 2315 4944 di-

817 4978 1108 5042 lectionis
1153 4996 1277 5040 non
1325 4978 1453 5039 itur
1496 4978 1562 5040 in
1606 4977 1936 5040 infinitum
1975 4998 1988 5042 :
2023 4981 2315 5061 quia-eo-

818 5081 964 5142 dem
1001 5085 1145 5140 actu
1184 5078 1542 5140 dilectionis
1580 5078 1867 5159 diligitur
1895 5078 2221 5158 objectum
2251 5088 2312 5143 et

525 5194 787 5249 dist.1.q.⁴,
822 5179 956 5259 ipsa
993 5176 1271 5251 dilectio,
1308 5184 1376 5237 ut
1414 5195 1626 5257 supra,
1660 5196 1860 5258 quum
1896 5176 1974 5239 de
2011 5177 2311 5241 fruitione

521 5254 787 5310 Wucm‘
818 5279 1212 5348 tractaretur,
1247 5280 1569 5335 narratum
1609 5281 1704 5334 est
1746 5281 1966 5335 contra
2005 5275 2171 5355 quod
2203 5276 2311 5337 ob-

2506 4291 2768 4353 Videtur
2796 4291 2965 4373 quod
2996 4292 3107 4353 sic.
3133 4292 3362 4365 Primo,
3395 4292 3695 4373 quoniam
3728 4311 3920 4374 super

2428 4389 2586 4450 illud
2625 4390 2919 4463 Matthaei,
2954 4389 3135 4451 Dedit
3179 4390 3525 4471 unicuique
3564 4390 3914 4452 secundum
3947 4412 4127 4462 Μαιυι
4130 4434 4261 4466 ιιιιι
4258 4459 4273 4477 ,

2426 4487 2750 4568 propriam
2781 4487 3105 4561 virtutem,
3139 4486 3365 4549 scribit
3402 4488 3821 4569 Hieronymus
3854 4496 3917 4550 et-
3948 4479 4016 4520 ¹⁵·

2427 4584 2696 4646 habetur
2736 4585 2801 4646 in
2843 4584 3062 4648 Glossa
3095 4604 3109 4648 ε
3142 4585 3277 4647 Non
3324 4602 3437 4667 pro
3482 4584 3765 4665 largitate
3807 4594 3918 4648 aut

2426 4684 2729 4765 parcitate
2778 4683 3007 4759 dantiS,
3050 4684 3159 4745 alii
3210 4684 3354 4765 plus
3395 4683 3504 4746 alii
3556 4684 3768 4745 minus
3809 4686 3916 4747 tri-

2426 4782 2650 4858 buenS,
2684 4784 2791 4845 sed
2832 4801 2946 4866 pro
2974 4783 3427 4865 accipientium
3459 4782 3723 4844 viribus.
3757 4783 3917 4845 Hinc

2424 4888 2487 4942 et
2533 4882 2893 4963 philosophi
2953 4882 3194 4956 dicunt,
3246 4881 3415 4962 quod
3464 4899 3653 4943 causa
3712 4881 3917 4963 prima

2426 4980 2640 5041 influit
2673 4980 2918 5041 cunctis
2948 4979 3131 5059 juxta
3160 4980 3575 5061 capacitatem
3606 4980 3909 5061 ipsorum.

2421 5114 2502 5123 —
2532 5078 2841 5152 Secundo,
2875 5078 3026 5160 quia
3065 5078 3251 5151 infra,
3287 5077 3449 5140 libro
3479 5078 3778 5152 secundo,
3811 5077 3915 5139 ha-

2422 5178 2609 5240 betur
2649 5179 2815 5259 quod
2854 5179 3062 5259 angeli
3101 5178 3355 5240 altiores
3399 5177 3465 5239 in
3504 5184 3729 5239 natura
3766 5185 3914 5239 sunt

2418 5278 2675 5339 altiores
2717 5276 2782 5337 in
2811 5277 3028 5356 gloria.
3064 5277 3197 5349 Quo
3228 5284 3493 5351 constat,
3526 5276 3697 5357 quod
3734 5276 3915 5356 juxta
