4359 6250
894 491 1015 557 428
1778 507 1952 554 mann
1995 509 2014 554 1
2057 507 2539 554 sam-umnam.
2585 525 2665 535 —
2704 506 2858 553 msr.
2906 507 3117 552 xxxvu

895 684 1332 766 AugustinuS‚
1367 685 1700 767 quomodo
1729 685 1911 750 Deus
1939 683 2191 748 habitet
2220 683 2288 747 in
2318 684 2564 764 aliqu0‚
2599 683 2667 746 id
2705 684 2804 746 est
2832 682 3172 765 habeatur,
3206 701 3413 765 quum
3443 683 3750 748 videlicet
3781 684 3873 768 ita
3898 686 3991 748 est

897 803 966 866 in
1005 803 1250 886 aliquo,
1292 803 1367 866 ut
1403 803 1485 866 ab
1523 821 1600 866 eo
1639 803 2070 883 cognoscatur
2107 801 2171 864 et
2209 800 2541 882 diligatur.

1027 1045 1103 1109 F.
1153 1048 1516 1114 Quomodo
1558 1047 1747 1108 Deus
1782 1046 1976 1109 totus
2011 1048 2277 1122 ubique
2312 1045 2411 1108 sit
2440 1061 2582 1119 per·
2619 1047 3043 1120 essentiam,
3086 1061 3236 1110 non
3268 1046 3505 1120 potest
3546 1048 3865 1122 intellioi

2077 1165 2168 1226 ab
2208 1167 2529 1226 humano
2569 1177 2809 1227 sensu.

1029 1381 1131 1442 Ex
1186 1379 1517 1460 praedictis
1563 1379 1764 1460 patet,
1808 1377 1985 1458 quod
2034 1377 2216 1439 Deus
2264 1376 2508 1458 ubique
2556 1377 2737 1442 totus
2786 1379 2887 1441 est
2933 1396 3049 1460 per
3098 1377 3475 1458 essentiam,
3523 1379 3588 1440 et
3628 1378 3697 1440 in
3750 1381 3989 1444 sanctis

894 1496 1146 1560 habitat
1194 1513 1311 1577 per
1347 1495 1648 1576 gratiam.
1692 1493 2044 1574 Quumque
2095 1495 2399 1574 superius
2452 1493 2629 1575 (licet
2682 1495 2990 1577 tenuiter)
3031 1496 3371 1558 ostensum
3412 1495 3522 1575 sit,
3569 1513 3702 1576 qua
3740 1497 3989 1560 ratione

895 1615 1149 1676 dicatur
1198 1612 1492 1676 habitare
1541 1612 1609 1675 in
1655 1610 2095 1692 quibusdam3
2130 1629 2305 1674 nunc
2352 1611 2733 1692 efflagitaret
2770 1612 3020 1675 ordinis
3068 1613 3234 1675 ratio
3284 1612 3352 1674 id
3401 1612 3600 1674 etiam
3643 1613 3983 1693 assignari,

897 1729 1229 1813 quomodo
1276 1727 1522 1808 ubique
1566 1745 1683 1808 per
1724 1727 2076 1790 essentiam
2120 1729 2187 1790 et
2224 1728 2403 1791 totus
2453 1727 2562 1807 sit,
2604 1729 2731 1789 nisi
2783 1728 2985 1809 huJus
3034 1728 3575 1791 considerationis
3616 1728 3988 1792 sublimitas

897 1848 1091 1926 atque
1130 1843 1542 1908 immensitas
1584 1843 1892 1907 humanae
1930 1844 2171 1906 mentis
2212 1861 2481 1907 sensum
2528 1845 2798 1906 omnino
2848 1845 3207 1908 excederet.
3244 1844 3332 1907 Ut
3368 1844 3545 1907 enirn
3584 1845 3677 1906 ait
3713 1845 3990 1926 Chryso-

647 1977 868 2032 chrysost.
898 1964 1154 2026 stomus
1197 1980 1395 2043 super
1421 1960 1788 2044 Epistolam
1837 1960 1918 2022 ad
1955 1960 2272 2024 Hebraeos
2315 1981 2329 2021 :
2372 1961 2555 2024 Sicut
2594 1961 2802 2024 multa
2839 1961 2919 2024 de
2958 1963 3096 2026 Deo
3146 1962 3577 2043 intelligimus
3616 1981 3767 2044 quae
3808 1965 3987 2046 loqui

603 2039 648 2081 in
663 2039 799 2094 Epist.
816 2041 869 2083 ad

603 2101 736 2144 nem.
777 2102 868 2146 Ho-
898 2079 1161 2163 penitus
1201 2096 1336 2142 non
1372 2079 1691 2159 valemuS,
1727 2077 1819 2140 ita
1855 2077 2064 2140 multa
2105 2075 2442 2157 loquimur
2470 2095 2617 2158 quae
2658 2078 3023 2160 intelligere
3060 2096 3192 2142 non
3233 2097 3467 2142 sumus
3508 2079 3753 2144 idonei.
3788 2081 3987 2145 Verbi

895 2197 1127 2279 gratia,
1161 2193 1339 2278 quod
1376 2194 1621 2276 ubique
1672 2195 1852 2258 Deus
1893 2194 2014 2271 est,
2060 2194 2310 2256 scimus
2348 2194 2414 2257 et
2458 2195 2779 2276 dicimus3
2826 2197 3158 2276 quomodo
3198 2197 3418 2260 autem
3462 2195 3707 2277 ubique
3748 2197 3858 2278 sit,
3892 2199 3987 2260 in-

896 2314 1157 2378 tellectu
1205 2329 1337 2376 non
1386 2311 1705 2392 capimus.
1741 2311 1934 2390 Item,
1967 2310 2146 2390 quod
2190 2311 2291 2373 est
2336 2311 2717 2392 incorporea
2762 2312 3061 2393 quaedam
3104 2311 3315 2376 virtus
3355 2329 3504 2392 quae
3552 2314 3853 2377 omnium
3892 2317 3989 2378 est

895 2447 1091 2494 causa
1127 2429 1474 2509 bonorum,
1509 2426 1756 2490 scimus
1786 2447 1802 2508 ;
1836 2427 2168 2508 quomodo
2209 2427 2429 2490 autem
2466 2427 2572 2491 vel
2610 2445 2756 2509 quae
2796 2427 2921 2490 ista
2956 2429 3066 2509 sit,
3106 2428 3371 2510 penitus
3403 2428 3805 2510 ignoramus,

989 2673 1068 2739 G.
1109 2678 1607 2745 Quorumdam
1647 2679 1895 2750 opinio
1936 2678 2063 2753 qui
2089 2677 2556 2750 praesumunt
2593 2677 2973 2740 ostendere
3010 2682 3368 2753 quomodo
3400 2680 3593 2742 Deus
3628 2682 3892 2757 ubique

1559 2796 1658 2857 stt
1686 2810 1830 2868 per
1858 2794 2282 2868 essentiam,
2318 2794 2759 2869 potentiam,
2795 2794 3301 2868 praesentiam.

1029 3008 1312 3082 Quidam
1360 3009 1580 3072 tamen
1622 3008 1946 3072 immensa
1982 3008 2245 3090 ingenio
2285 3025 2405 3070 suo
2452 3008 2672 3072 metiri
2720 3009 3215 3089 praesumentes,
3248 3009 3375 3072 hoc
3420 3011 3514 3073 ita
3558 3010 3699 3074 fore
3740 3011 3987 3076 intelli-

893 3126 1180 3207 gendum
1222 3126 1651 3205 tradiderunt,
1692 3125 1871 3205 quod
1920 3126 2101 3188 Deus
2150 3125 2396 3206 ubique
2439 3143 2555 3206 per
2596 3119 2953 3189 essentiam'
2992 3142 3135 3189 esse
3175 3127 3437 3207 dicitur,
3476 3144 3608 3191 non
3646 3129 3827 3209 quod
3864 3130 3989 3193 Dei

893 3242 1175 3306 essentia
1207 3242 1468 3322 proprie
1498 3241 1586 3304 sit
1622 3241 1689 3303 in
1729 3242 1910 3303 omni
1948 3241 2092 3304 loco
2132 3242 2198 3305 et
2234 3242 2302 3303 in
2343 3242 2522 3305 omni
2566 3243 2879 3322 creatura,
2923 3242 3037 3305 sed
3074 3242 3232 3322 quia
3268 3244 3485 3305 omnis
3522 3246 3751 3307 natura
3792 3245 3987 3326 atque

893 3376 1088 3421 omne
1126 3356 1303 3438 quod
1351 3358 1733 3420 naturaliter
1781 3359 1901 3436 est,
1943 3359 2010 3420 in
2049 3375 2467 3439 quocumque
2505 3360 2649 3421 loco
2696 3358 2805 3438 sit,
2858 3376 2973 3439 per
3012 3376 3163 3422 eum
3207 3358 3404 3422 habet
3453 3377 3617 3439 esse,
3660 3364 3725 3424 et
3768 3364 3987 3427 omnis

891 3476 1077 3539 locus
1116 3474 1184 3536 in
1223 3491 1352 3555 quo
1387 3473 1552 3537 illud
1589 3475 1709 3537 est.
1736 3475 1943 3537 Iidem
1976 3475 2174 3537 etiam
2212 3475 2463 3555 dicunt,
2498 3475 2642 3538 ideo
2673 3475 2887 3538 Deum
2928 3474 3171 3555 ubique
3210 3475 3339 3538 dici
3371 3493 3513 3539 esse
3549 3494 3667 3557 per
3702 3495 3995 3558 praesen-

892 3593 1054 3655 tiam
1088 3592 1192 3655 vel
1222 3609 1340 3673 per
1367 3592 1752 3672 potentiam,
1795 3593 1951 3671 quia
1980 3592 2215 3654 cuncta
2243 3591 2385 3654 loca
2424 3593 2579 3654 sunt
2607 3592 2667 3655 ei
2698 3592 3046 3673 praesentia
3074 3593 3138 3655 et
3166 3610 3314 3672 quae
3348 3592 3415 3655 in
3444 3593 3539 3656 eis
3568 3594 3747 3673 sunt,
3774 3611 3895 3658 nec
3924 3595 3991 3657 in

895 3710 991 3773 eis
1020 3708 1271 3789 aliquid
1303 3708 1554 3790 operari
1587 3709 1816 3772 cessat.
1849 3708 2021 3770 Nam
2047 3710 2110 3771 et
2141 3708 2284 3789 ipsa
2313 3709 2455 3772 loca
2486 3710 2550 3773 et
2579 3708 2899 3789 quidquid
2926 3709 2993 3771 in
3025 3708 3120 3771 eis
3149 3710 3269 3789 est,
3298 3710 3426 3772 nisi
3458 3709 3597 3790 ipse
3622 3714 3990 3792 conservet,

894 3844 1158 3889 manere
1197 3842 1328 3888 non
1367 3825 1665 3906 possunt.
1700 3826 1776 3888 In
1815 3825 1911 3887 eis
1942 3842 2094 3906 ergo
2134 3842 2251 3907 per
2288 3825 2719 3888 substantiam
2761 3826 2941 3889 Deus
2980 3842 3121 3889 esse
3165 3825 3428 3906 dic-itur,
3470 3828 3544 3888 ut
3585 3826 3793 3907 aiunt,
3836 3830 3997 3909 quia

894 3962 1010 4025 per
1039 3943 1352 4006 virtutem
1389 3942 1670 4024 propriae
1713 3941 2096 4005 substantiae
2136 3959 2273 4005 suae
2320 3941 2474 4004 facit
2503 3942 2577 4004 ut
2613 3941 2812 4004 etiam
2853 3941 2997 4004 loca
3040 3941 3194 4022 sint,
3229 3942 3295 4004 et
3331 3942 3553 4005 omnia
3594 3960 3743 4023 quae
3782 3942 3853 4005 in
3899 3945 3997 4007 eis

895 4061 1069 4123 sunt.
1113 4059 1240 4123 Sed
1278 4058 1433 4122 licet
1467 4060 1609 4122 haec
1647 4077 1800 4122 vera
1837 4058 1992 4138 sint,
2031 4076 2177 4139 quae
2220 4060 2522 4122 asserunt
2559 4058 2626 4121 in
2670 4058 3097 4139 explanandis
3149 4058 3599 4139 intelligentiis
3646 4060 3997 4140 praedicto-

895 4193 1067 4254 rum,
1101 4175 1170 4237 in
1225 4174 1358 4237 illis
1408 4175 1627 4237 tamen
1677 4175 1894 4238 verbis
1943 4175 2185 4256 quibus
2241 4175 2480 4237 dicitur
2524 4175 2706 4238 Deus
2755 4175 3000 4256 ubique
3049 4193 3191 4239 esse
3246 4193 3365 4257 per
3422 4176 3796 4257 essentiam,
3840 4177 3995 4258 plus

893 4291 1212 4354 contineri
1259 4291 1654 4353 credendum
1703 4292 1802 4355 est
1848 4292 2026 4373 quod
2073 4292 2273 4355 homo
2322 4292 2552 4355 vivens
2600 4309 2828 4373 capere
2874 4309 3007 4355 non
3054 4292 3251 4355 valet.

1017 4530 1101 4594 H.
1144 4534 1339 4600 Quod
1376 4536 1564 4597 Deus
1600 4550 1822 4611 quum
1857 4537 1956 4599 stt
1995 4540 2071 4599 in
2110 4539 2446 4599 omnibu-s·
2481 4538 2724 4610 rebus,
2758 4552 2907 4601 non
2943 4540 3195 4601 tamen
3228 4539 3567 4600 sordibus
3602 4552 3864 4600 rerum.

2203 4655 2668 4729 inquinatur.

1026 4864 1208 4929 Solet
1236 4864 1434 4927 etiarn
1467 4863 1550 4925 ab
1586 4863 1833 4927 eisdem
1863 4864 2094 4944 quaeri,
2122 4864 2456 4945 quomodo
2488 4866 2669 4928 Deus
2698 4866 3213 4931 substantialiter
3237 4867 3394 4931 insit
3422 4867 3731 4931 omnibus
3764 4868 3993 4950 rebu8‚

893 4982 958 5044 et
995 4979 1434 5061 corporalium
1467 4978 1763 5042 sordium
1793 4980 2361 5061 inquinationibus
2391 4998 2522 5043 non
2553 4984 2988 5064 contingatur.
3022 4982 3215 5057 Quod
3244 4984 3379 5045 tam
3418 4983 3733 5047 frivolum
3756 4986 3878 5065 est,
3912 4988 4001 5048 ut

891 5114 1010 5159 nec
1041 5098 1464 5177 responsione
1501 5096 1589 5159 sit
1628 5096 1928 5177 dignum,
1971 5114 2176 5177 quum
2218 5098 2417 5161 etiam
2460 5098 2734 5178 spiritus
2772 5100 3026 5163 creatus
3064 5099 3369 5163 sordibus
3418 5101 3749 5181 corporeis
3785 5101 3999 5165 etiam

891 5212 1136 5293 leprosi
1180 5213 1284 5275 vel
1322 5214 1929 5294 quantumcumque
1980 5213 2241 5296 polluti,
2284 5214 2613 5296 inquinari
2652 5232 2782 5279 non
2826 5215 3057 5297 possit.
3105 5215 3217 5279 Sol
3267 5233 3529 5297 quoque
3572 5217 3792 5281 radios
3826 5234 4001 5283 suos

894 5326 1036 5391 sine
1082 5326 1190 5390 sui
1233 5327 1599 5407 pollutione
1651 5328 1930 5392 effundit
1977 5346 2175 5411 super
2214 5328 2356 5392 loca
2402 5331 2468 5394 et
2504 5346 2778 5412 corpora
2832 5347 2964 5393 non
3020 5332 3235 5396 solum
3296 5332 3565 5413 munda,
3616 5332 3733 5396 sed
3784 5332 3996 5399 etiam
