4359 6250
159 4312 174 4353 Ι
195 4310 310 4353 Cor.
331 4320 442 4359 xm,

1129 478 1214 524 AN
1255 479 1512 525 CAm'rAs
1555 479 1900 536 Avonam,
1943 479 2016 524 ET
2058 479 2357 534 QUALI'rmt
2398 478 2690 534 QUIBUsvr:
2733 478 2982 524 Annuus

3524 454 3605 519 43

503 647 650 708 dam
697 646 1068 728 perfectius,
1099 649 1386 730 quaedam
1429 647 1866 731 imperfectius
1910 648 2002 709 lu-
2032 649 2083 710 A
2113 667 2239 730 que
2287 666 2547 711 suorum
2592 667 2605 712 :
2649 657 2711 710 et
2760 665 2888 729 quo
2934 647 3072 729 ipsa
3119 656 3215 708 est
3264 646 3486 727 maj0r,
3529 664 3606 710 eo

505 763 654 806 men
722 745 876 808 solis
946 746 1350 828 participant,
1414 748 1767 809 secundum
1834 747 2002 827 quod

504 843 934 906 diversimode
974 846 1230 926 capacia
1267 853 1417 906 sunt
1444 853 1633 927 atque
1673 845 1996 927 disposita.

500 940 740 1004 Natura
779 960 930 1024 ergo
976 943 1436 1026 dispositioque
1488 943 1761 1024 subjecti
1811 945 2001 1005 inter-

501 1039 662 1100 dum
705 1049 1081 1122 cooperatur
1109 1042 1188 1104 ad
1227 1041 1446 1105 formae
1485 1043 1906 1105 intensionem
1940 1050 2001 1104 et

501 1139 974 1214 remissionem,
1009 1159 1375 1223 quanquam
1413 1149 1476 1202 et
1514 1141 1734 1204 formae
1773 1160 1850 1202 ex
1889 1161 2003 1203 sua

499 1244 732 1298 natura
774 1238 1015 1300 intendi
1059 1239 1396 1302 conveniat
1433 1258 1508 1301 ac
1553 1239 1808 1301 remitti.

587 1337 853 1418 insuper
898 1338 976 1399 de
1025 1337 1126 1399 his
1184 1336 1406 1399 scribit
1456 1338 1522 1398 in
1570 1337 1832 1400 Summa
1889 1357 2002 1398 sua

495 1435 1060 1508 AntisiodorensiS,
1118 1435 1282 1498 libro
1335 1436 1519 1498 tertio
1569 1453 1584 1497 z
1638 1435 1999 1498 Secundum

497 1535 814 1614 majorem
853 1543 914 1596 et
959 1534 1270 1597 minorem
1315 1533 1662 1608 caritatem,
1701 1534 1903 1615 major
1938 1541 2002 1595 et

499 1633 716 1694 minor
745 1641 840 1694 est
870 1632 1141 1695 effectus
1170 1641 1233 1693 et
1261 1641 1439 1694 actus
1479 1632 1776 1694 caritatis,
1812 1633 2000 1695 Porro

499 1732 880 1812 proprietas,
913 1732 1118 1794 virtus
1148 1751 1259 1793 seu
1295 1730 1572 1805 hahituS,
1605 1731 1840 1793 dicitur
1870 1750 1998 1793 ma-

2115 746 2421 827 maj0rem
2468 754 2671 828 potest
2711 746 3059 828 producere
3100 753 3331 807 actum.
3376 745 3605 827 Sicque

2113 847 2389 910 intensio
2426 855 2603 909 actus
2642 866 2719 908 ex
2758 846 2980 909 habitu
3022 846 3301 908 caritatis
3339 847 3608 907 attendi-

2115 952 2235 1006 tur.
2270 945 2391 1006 Alii
2424 962 2575 1007 vero
2605 945 2848 1018 dicunt,
2882 944 3049 1026 quod
3090 945 3441 1006 secundum
3479 963 3607 1006 ma-

2109 1043 2314 1123 jorem
2345 1053 2453 1105 aut
2486 1045 2797 1107 minorem
2839 1043 3326 1124 permixtionem
3363 1051 3607 1105 contra-

2114 1142 2192 1203 rii
2236 1143 2334 1204 sui
2382 1143 2658 1205 intensio
2704 1142 2982 1204 caritatis
3030 1149 3333 1222 pensatur
3374 1159 3387 1203 :
3437 1143 3605 1224 quod

2113 1241 2178 1302 in
2226 1240 2550 1322 aliquibus
2600 1241 2686 1302 ita
2736 1248 2849 1302 est.
2906 1240 3025 1302 Sed
3076 1240 3401 1322 quaeritur‚
3452 1241 3605 1322 quid

2112 1339 2195 1400 sit
2224 1339 2361 1420 ipsa
2392 1339 2666 1401 intensio
2696 1358 2808 1400 seu
2843 1339 3274 1420 augmentatio
3303 1338 3601 1402 caritatis.

2111 1436 2204 1498 Ad
2233 1437 2403 1516 quod
2433 1436 2559 1498 dici
2592 1443 2817 1517 potest,
2842 1438 3011 1518 quod
3042 1455 3333 1499 accessus
3363 1437 3440 1498 ad
3472 1437 3605 1498 veri

2112 1535 2389 1598 nominis
2440 1535 2935 1616 impositionem,
2978 1536 3077 1597 vel
3129 1542 3405 1617 potestas
3454 1535 3605 1596 resi-

2110 1633 2317 1694 stendi
2357 1652 2433 1694 ex
2477 1635 2735 1695 caritate
2788 1633 3264 1703 tentationibus,
3307 1633 3394 1695 ita
3435 1633 3604 1715 quod

2110 1750 2251 1812 quae
2286 1731 2483 1812 magis
2514 1739 2742 1813 potest,
2778 1732 2977 1813 magis
3011 1733 3259 1794 intensa
3290 1739 3406 1805 est,
3440 1732 3607 1794 sicut

490 1829 607 1908 jor
637 1829 920 1911 quinque
953 1830 1180 1892 modis,
1215 1830 1444 1904 Primo,
1479 1830 1829 1891 secundum
1867 1849 1996 1890 ma·
2034 1832 2081 1894 B
2110 1829 2200 1890 ait
2247 1829 2519 1903 Boetius,
2568 1830 2736 1911 quod
2785 1831 3139 1893 dominium
3186 1837 3282 1891 est
3329 1837 3605 1911 potestas

489 1927 822 2006 joritatem
889 1926 1166 2007 subjecti
1235 1947 1250 1990 ε
1322 1927 1490 1989 sicut
1555 1925 1782 1989 albedo
1848 1925 1996 2007 equi

495 2024 708 2105 maior
754 2033 850 2086 est
899 2024 1194 2086 albedine
1257 2025 1628 2105 margaritae.
1683 2025 1994 2098 Secundo,

495 2123 860 2203 majoritate
900 2123 1252 2185 durationis
1286 2140 1300 2185 ε
1335 2123 1501 2184 sicut
1541 2123 1745 2203 maj0r
1771 2131 1868 2184 est
1898 2139 1998 2184 co-

495 2221 600 2283 lor
640 2221 954 2302 phoenicis
996 2239 1190 2302 quam
1233 2221 1435 2303 cycni.
1470 2220 1699 2294 Tertio,
1739 2220 1998 2282 intensi-

489 2339 577 2382 ve
612 2337 626 2381 :
661 2327 730 2380 ut
768 2320 973 2401 major
1005 2328 1102 2381 est
1138 2319 1365 2382 albedo
1402 2319 1568 2381 nivis
1608 2338 1800 2401 quam
1839 2319 1991 2380 saxi.

487 2421 750 2492 Quart0,
773 2418 1130 2481 secundum
1159 2417 1516 2480 efficaciam
1548 2417 1950 2499 promerendi
1978 2434 1991 2478 :

487 2517 592 2579 sic
639 2516 844 2598 major
901 2524 997 2578 est
1053 2516 1280 2578 caritas
1331 2516 1448 2578 viri
1507 2515 1744 2577 heroici
1803 2534 1994 2596 quam

488 2614 736 2698 pusilli.
801 2615 1052 2689 Quinto,
1115 2614 1423 2695 dignitate
1487 2632 1500 2675 :
1563 2614 1730 2675 sicut
1791 2613 1994 2675 virtus

489 2714 854 2794 theologica
881 2721 979 2776 est
1010 2713 1214 2794 maior
1244 2713 1478 2775 virtute
1513 2712 1754 2774 morali.
1787 2712 1994 2775 Primo

488 2813 687 2875 modo
718 2833 846 2874 una
875 2811 1104 2874 caritas
1143 2830 1270 2875 non
1299 2820 1396 2873 est
1424 2811 1549 2873 alia
1589 2811 1812 2892 major,
1844 2811 1996 2893 quia

485 2912 704 2975 omnis
751 2911 980 2974 caritas
1031 2909 1408 2972 indivisibili
1466 2910 1631 2972 inest
1681 2909 1989 2990 subjecto.

2111 1927 2441 1989 coercendi
2486 1927 2827 2008 subjectos,
2864 1929 2941 1990 Et
2979 1928 3071 1990 sic
3102 1928 3327 1990 caritas
3365 1928 3431 1990 in
3470 1928 3603 1989 ani-

2111 2044 2213 2087 ma
2254 2025 2639 2088 melioratur.
2676 2061 2757 2071 —
2784 2028 2871 2089 De
2902 2027 3019 2089 hac
3052 2045 3119 2088 re
3151 2026 3351 2088 multa
3380 2025 3605 2088 scribit

2109 2123 2213 2184 hic
2270 2124 2523 2204 doctor3
2574 2125 2683 2186 sed
2734 2125 2883 2207 quia
2940 2125 3399 2187 sententialiter
3456 2132 3606 2186 sunt

2109 2222 2389 2296 inducta,
2422 2231 2806 2306 pertranseo

2188 2319 2479 2402 Amplius
2520 2320 2897 2392 Guillelmus
2946 2321 3315 2383 parisiensis
3360 2322 3423 2384 in
3473 2321 3601 2404 pri—

2109 2436 2212 2478 ma
2253 2425 2427 2498 parte
2476 2426 2777 2480 tractatus
2822 2419 2917 2480 sui
2965 2420 3041 2480 de
3081 2419 3265 2482 vitiis
3307 2428 3371 2482 et
3409 2421 3603 2482 virtu-

2106 2515 2279 2576 tibus
2306 2535 2319 2578 :
2344 2516 2643 2590 lntensio,
2678 2516 2909 2597 inquit,
2944 2516 3010 2578 in
3042 2516 3408 2592 virtutibuS‚
3432 2517 3602 2580 elon-

2105 2613 2276 2693 gatio
2314 2621 2410 2675 est
2439 2633 2476 2675 a
2504 2613 2837 2676 contrario,
2874 2615 3047 2676 Unde
3078 2622 3138 2676 et
3171 2635 3312 2696 quae
3348 2622 3499 2677 sunt
3535 2615 3598 2677 in

2106 2709 2335 2773 ultimo
2382 2711 2797 2793 elongationis
2840 2732 2877 2774 a
2916 2712 3112 2786 vitiis,
3148 2713 3213 2773 in
3260 2713 3600 2775 ultimitate

2105 2817 2255 2870 sunt
2305 2810 2702 2885 intensioniS,
2747 2811 2809 2872 id
2853 2818 2949 2873 est
2999 2811 3463 2876 intensissimae.
3509 2812 3599 2874 Si-

2107 2908 2344 2969 militer
2403 2908 2677 2971 intensio
2734 2909 3045 2972 virtutum
3102 2918 3197 2972 est
3251 2911 3600 2993 appropin-

484 3013 590 3074 An
636 3019 850 3073 autem
910 3011 1190 3072 secundo
1250 3009 1457 3083 modo,
1509 3015 1604 3070 est
1654 3008 1922 3070 dubium
1977 3027 1990 3070 :
2030 3006 2074 3068 C
2105 3007 2321 3087 quatio
2352 3007 2429 3067 ad
2462 3007 2734 3088 primam
2770 3009 3241 3091 maximamque
3271 3009 3595 3084 virtutem,

485 3111 647 3193 quia
677 3110 931 3172 videtur
960 3109 1128 3191 quod
1161 3108 1312 3182 imo,
1347 3127 1547 3190 quum
1585 3127 1711 3170 una
1740 3106 1996 3170 dilectio

484 3211 574 3272 sit
607 3208 968 3271 diuturnior
995 3207 1138 3269 alia.
1175 3208 1296 3269 Sed
1335 3206 1658 3287 objicitur,
1693 3206 1994 3288 quoniam

482 3317 672 3370 actus
709 3314 774 3368 et
813 3312 1022 3367 motus
1072 3305 1351 3367 caritatis
1391 3304 1646 3367 videtur
1693 3304 1992 3366 instanta-

483 3424 652 3469 neus
701 3424 858 3467 esse.
915 3404 990 3465 Et
1049 3404 1586 3486 respondendum,
1640 3404 1811 3486 quod
1859 3404 1995 3465 diu-

485 3504 742 3566 turnior
778 3510 896 3577 est,
939 3502 1090 3585 quia
1128 3503 1207 3564 ad
1247 3502 1458 3565 minus
1502 3503 1773 3584 tempori
1816 3520 1994 3564 coex-

483 3602 680 3665 sistit.
717 3600 972 3664 Constat
1014 3618 1269 3683 quoque
1313 3600 1480 3681 quod
1526 3600 1732 3674 tertio,
1768 3608 1992 3682 quarto

482 3709 553 3762 et
614 3699 839 3782 quinto
897 3699 1104 3763 modis
1164 3698 1392 3760 caritas
1454 3716 1579 3759 una
1641 3698 1724 3760 sit
1790 3698 1992 3779 maj0r

481 3818 686 3881 quam
733 3798 879 3870 alia,
922 3816 1122 3879 quum
1173 3815 1299 3857 una
1347 3796 1430 3858 sit
1481 3795 1807 3870 intensior,
1849 3796 1990 3858 effi-

481 3896 703 3959 cacior
739 3901 929 3976 atque
973 3893 1316 3975 perfectior
1361 3894 1504 3956 alia.
1536 3930 1616 3937 —
1655 3895 1742 3955 De
1788 3894 1989 3956 inteu-

479 3995 670 4057 sione
719 4000 931 4055 autem
991 3991 1270 4054 caritatis
1322 4000 1416 4054 est
1465 3992 1700 4075 duplex
1750 3992 1985 4075 opinio.

479 4094 646 4160 Una,
709 4092 876 4173 quod
941 4108 1068 4153 nou
1131 4098 1378 4152 maneat
1437 4091 1659 4153 eadem
1723 4110 1991 4155 numero

2105 3123 2246 3186 quae
2289 3104 2454 3167 Deus
2497 3115 2613 3180 est,
2657 3105 2823 3168 sicut
2873 3106 3146 3170 intensio
3192 3107 3477 3188 justitiis,
3520 3109 3597 3171 ad

2105 3204 2387 3265 divinam
2430 3212 2493 3265 et
2536 3204 2881 3267 increatam
2929 3206 3263 3287 justitiam.
3308 3207 3479 3270 Idem
3520 3208 3597 3269 de

2105 3302 2337 3383 pietate
2384 3310 2449 3364 et
2496 3303 2753 3365 caritate
2802 3303 3164 3367 dicendum.
3217 3305 3392 3378 Quod
3451 3306 3597 3368 inde

2103 3400 2432 3462 evidenter
2460 3400 2835 3476 declaratur,
2869 3402 3019 3484 quia
3049 3422 3191 3485 quae
3230 3404 3357 3466 Deo
3398 3403 3600 3485 magis

2102 3498 2559 3569 assimilantur,
2611 3499 2737 3563 illa».
2788 3500 3059 3582 majores
3110 3510 3173 3563 et
3223 3502 3598 3565 intensiores

2103 3596 2369 3659 virtutes
2412 3606 2579 3659 sunt.
2628 3598 2691 3659 Si
2736 3617 2887 3661 vero
2929 3608 3247 3679 quaeratur
3288 3620 3403 3682 per
3443 3601 3597 3682 quid

2102 3702 2401 3758 noscatur
2427 3704 2537 3758 aut
2570 3704 2971 3758 mensuretur
3002 3697 3144 3759 talis
3176 3698 3471 3772 intensio,
3506 3719 3599 3761 re-

2101 3794 2490 3878 spondemus
2534 3794 2704 3875 quod
2744 3792 2991 3855 actibus
3030 3803 3094 3856 et
3134 3796 3412 3859 motibus
3457 3796 3595 3859 istis

2101 3894 2211 3975 qui
2252 3902 2401 3955 sunt
2442 3892 2641 3973 magis
2678 3892 2877 3965 odire,
2914 3893 3112 3974 magis
3156 3893 3432 3968 horrere,
3466 3913 3595 3956 ma—

2101 3991 2197 4072 gis
2254 3990 2550 4053 detestari
2611 3999 2674 4053 et
2732 3990 2931 4053 vitare
2991 3997 3266 4072 peccata.
3318 4027 3400 4036 —
3453 3992 3596 4055 Haec

2103 4089 2499 4152 Guillelmus.
2574 4090 2768 4170 Cujus
2834 4089 3278 4153 determinatio
3346 4091 3412 4152 in
3479 4091 3597 4153 hac

480 4189 747 4274 quando
783 4198 1052 4270 augetur
1085 4208 1099 4252 :
1133 4190 1302 4270 quod
1344 4188 1577 4250 falsum
1618 4198 1713 4251 est
1742 4197 1804 4252 et
1844 4208 1989 4252 con·
2021 4195 2071 4255 D
2101 4195 2279 4269 parte
2329 4188 2756 4269 superficialis
2797 4196 2858 4249 et
2910 4188 3283 4269 imperfecta
3320 4188 3593 4261 videtur,

479 4299 586 4351 tra
629 4288 786 4350 illud
817 4286 1101 4369 Apostoli
1134 4306 1149 4350 ε
1185 4288 1424 4349 Caritas
1464 4306 1792 4369 nunquam
1827 4288 1992 4349 exci-

479 4389 604 4451 dit.
640 4386 952 4460 Quaeritur
993 4402 1164 4466 erg0,
1199 4386 1552 4447 secundum
1597 4386 1752 4467 quid
1793 4394 1991 4447 atten-

477 4488 678 4549 datur
723 4491 1136 4565 augmentum
1187 4502 1302 4545 seu
1361 4484 1637 4546 intensio
1685 4483 1983 4546 caritatis.

477 4584 578 4647 Ad
618 4583 788 4664 quod
826 4582 1252 4644 communiter
1281 4582 1536 4656 dicitur,
1565 4583 1734 4663 quod
1769 4601 1990 4645 secun-

477 4683 644 4745 dum
685 4680 1038 4742 maximum
1079 4688 1322 4742 motum
1354 4680 1656 4754 caritatiS‚
1693 4680 1990 4742 videlicet

477 4778 845 4843 secundum
893 4776 1062 4859 quod
1115 4777 1392 4839 maximo
1437 4777 1580 4858 ejus
1628 4778 1799 4839 actui
1851 4796 1990 4859 pro-

479 4878 859 4960 pinquatur,
900 4874 1003 4936 vel
1053 4874 1404 4937 secundum
1453 4876 1620 4956 quod
1673 4875 1737 4937 in
1793 4875 1987 4956 majo-

477 4994 624 5039 rem
665 4980 876 5056 potest
907 4981 1152 5034 motum
1194 4974 1555 5053 procedere.
1589 4973 1762 5046 Quod
1805 4974 1988 5035 intel-

477 5072 814 5155 ligendum
863 5077 963 5131 est
1003 5070 1082 5131 de
1128 5070 1474 5131 attentione
1526 5088 1638 5151 per
1679 5070 1984 5133 effectum

473 5182 544 5236 et
576 5171 859 5252 signum,
893 5185 1022 5230 non
1060 5167 1138 5229 de
1174 5167 1522 5247 attentione
1561 5186 1673 5249 per
1705 5186 1982 5243 causam,

473 5287 686 5352 quum
728 5265 956 5329 caritas
1008 5283 1198 5326 causa
1235 5264 1317 5325 sit
1357 5272 1617 5326 actuum
1670 5272 1986 5327 motuum-

2102 4304 2303 4367 quum
2362 4285 2491 4347 sint
2540 4286 2756 4348 multae
2804 4286 3070 4347 virtutes
3128 4308 3269 4368 quae
3323 4289 3451 4350 Deo
3504 4308 3598 4350 se-

2101 4384 2383 4445 cundum
2427 4384 2726 4446 deitatem
2776 4402 2904 4446 non
2948 4395 3339 4466 competunt,
3384 4394 3454 4448 ut
3492 4407 3597 4469 pa—
3661 4369 3684 4387 ⁶

2101 4482 2344 4554 tientia‚
2380 4481 2730 4555 humilitaS,
2766 4490 2990 4545 ceterae
3029 4501 3284 4565 quoque
3329 4486 3596 4548 virtutes

2102 4580 2371 4642 morales
2404 4600 2545 4661 quae
2577 4580 2746 4641 circa
2776 4580 3102 4662 passiones
3133 4592 3484 4645 versantur.
3511 4585 3599 4646 Si-

2101 4677 2337 4740 militer
2376 4678 2537 4740 fides
2574 4686 2637 4741 et
2666 4698 2810 4760 spes
2849 4698 2977 4743 non
3018 4681 3405 4743 conveniunt
3444 4683 3590 4745 Deo.

2098 4777 2379 4850 Qualiter
2416 4794 2568 4857 ergo
2608 4776 2673 4838 in
2718 4777 2819 4839 his
2864 4778 3139 4842 intensio
3178 4798 3319 4860 quae
3358 4780 3451 4841 eis
3494 4782 3599 4843 ad-

2099 4873 2421 4949 scribitur,
2465 4882 2561 4936 est
2604 4875 3137 4957 appropinquatio
3175 4878 3252 4939 ad
3291 4877 3594 4939 virtutem

2098 4991 2241 5054 quae
2290 4972 2455 5034 Deus
2504 4976 2639 5034 est?
2680 4973 2965 5054 Denique
3012 4974 3329 5055 elongatio
3371 4993 3409 5036 a
3451 4993 3593 5037 con-

2098 5071 2292 5133 trario
2322 5088 2450 5133 non
2482 5070 2736 5132 videtur
2764 5071 2917 5151 quid
2959 5071 3342 5151 positivum3
3375 5091 3493 5134 nec
3524 5072 3591 5134 in

2098 5168 2466 5249 praehabitis
2498 5167 2709 5230 verbis
2739 5168 3001 5230 docetur
3026 5168 3299 5249 qualiter
3327 5169 3356 5231 f
3359 5169 3444 5231 iat
3473 5170 3594 5233 vir-

2098 5272 2306 5326 tutum
2353 5265 2643 5327 intensio.
