4359 6250
869 475 988 539 374

1495 492 1559 537 IN
1601 490 1820 536 Limum
1864 491 1882 534 1
1927 487 2410 534 SENTENUARUM.
2457 503 2538 514 --
2578 485 2731 530 Dls‘r.
2777 484 3006 546 xxxlv;
3052 484 3274 540 QUAEST.
3321 482 3506 530 111⁸(ch

870 663 1105 726 divinis
1149 660 1626 742 distinguimuS,
1664 657 1932 731 scilicet,
1964 674 2140 730 voce,
2185 654 2364 716 intel·
2392 654 2445 715 A
2475 671 2601 716 non
2633 652 2960 716 differunt.
2997 653 3170 716 Unde
3199 651 3279 714 ad
3308 650 3766 714 insinuandum
3797 649 3976 712 iden-

871 762 1061 836 lectu‚
1095 759 1481 842 proprietate
1516 778 1529 822 :
1564 775 1743 832 voce,
1778 763 1847 817 ut
1889 774 2032 836 quae
2074 753 2210 817 solo
2253 771 2362 817 no-

871 861 1045 922 mine
1093 859 1609 939 distinguuntur3
1653 854 2001 927 intellectu,
2042 861 2113 914 ut
2160 871 2362 933 quum

870 958 1131 1021 omnino
1163 957 1331 1018 idem
1362 956 1444 1016 sit
1476 954 1543 1016 in
1574 972 1639 1016 re
1671 952 1945 1016 essentia
1974 957 2039 1012 et
2068 967 2360 1032 persona,

870 1055 1198 1118 intellectu
1247 1063 1461 1116 'tamen
1511 1053 1675 1115 inter
1717 1069 1821 1113 eas
1871 1049 2362 1131 distinguimus3

872 1155 1279 1238 proprietate,
1333 1161 1403 1214 ut
1462 1153 1626 1214 inter
1682 1151 1927 1213 Patrem
1986 1157 2049 1210 et
2108 1147 2358 1209 Filium.

871 1255 1075 1335 Atque
1106 1260 1178 1314 ut
1214 1252 1324 1314 alii
1363 1252 1605 1324 dicunt,
1639 1248 1815 1311 velut
1854 1247 2171 1330 principia
2210 1245 2363 1307 fidei

872 1359 1042 1424 sunt,
1076 1351 1245 1431 quod
1277 1367 1476 1430 quum
1509 1349 1672 1409 Deus
1712 1347 1794 1408 sit
1823 1344 2362 1426 simplicissimuS‚

872 1457 1121 1530 oportet
1169 1447 1515 1511 concedere
1573 1445 1741 1526 quod
1804 1462 2073 1526 persona
2132 1450 2228 1504 est
2274 1461 2369 1503 es-

872 1547 1097 1620 sentia,
1131 1554 1193 1608 et
1223 1545 1395 1626 quod
1436 1546 1600 1606 Deus
1630 1552 1727 1605 est
1754 1543 1990 1620 deitas3
2031 1541 2123 1602 sic
2152 1549 2363 1602 tamen

873 1646 1042 1727 quod
1072 1643 1313 1726 aliquid
1356 1642 1653 1705 convenit
1683 1641 1973 1703 essentiae
2002 1639 2171 1722 quod
2205 1636 2364 1699 nulli

874 1743 1172 1806 convenit
1210 1742 1441 1804 divinae
1487 1757 1771 1822 personae
1806 1759 1819 1801 :
1856 1738 2093 1800 idcirco
2136 1753 2366 1819 suppo-

2475 752 2719 814 titatem
2766 752 2832 813 in
2872 752 2987 825 eis,
3021 750 3304 832 loquitur
3344 749 3738 829 Augustinus
3779 749 3978 830 septi-

2477 868 2582 912 mo
2625 851 2702 912 de
2741 850 3044 912 Trinitate
3078 869 3093 913 ε
3127 849 3262 912 Non
3305 855 3402 912 est
3441 848 3617 910 aliud
3659 849 3790 910 Deo
3829 865 3976 910 esse

2477 958 2540 1012 et
2569 967 2706 1012 esse
2746 965 3120 1030 personam3
3160 955 3226 1010 et
3262 948 3472 1011 denuo
3505 965 3518 1009 :
3554 947 3975 1021 Quemadmo-

2478 1049 2631 1110 dum
2662 1047 2782 1109 hoc
2819 1054 2916 1110 est
2948 1046 3040 1108 illi
3071 1065 3210 1108 esse
3250 1047 3419 1128 quod
3459 1047 3658 1108 Deum
3687 1064 3852 1120 esse,
3883 1045 3978 1106 ita

2476 1147 2596 1209 hoc
2630 1152 2724 1207 est
2763 1144 2857 1207 illi
2897 1162 3036 1207 esse
3068 1145 3236 1227 quod
3276 1162 3612 1227 personam
3642 1162 3802 1206 esse.
3832 1143 3978 1206 Alia

2475 1252 2572 1307 est
2601 1243 2968 1306 differentia
3005 1244 3357 1306 secundum
3401 1243 3837 1324 intelligentiae
3875 1263 3976 1304 ra-

2475 1344 2737 1415 tionem,
2769 1350 2835 1404 et
2871 1341 3079 1404 taliter
3117 1341 3428 1404 differunt
3461 1361 3476 1405 :
3509 1342 3661 1423 quia
3696 1342 3980 1404 essentia

2475 1451 2571 1504 est
2629 1460 2828 1504 unum
2893 1441 3048 1524 quid
3113 1441 3578 1516 indistinctum,
3640 1442 3704 1503 in
3766 1441 3978 1503 tribus

2477 1541 2829 1603 consistens
2873 1540 3180 1621 personiS.
3221 1575 3303 1584 —
3339 1540 3599 1615 Iterum,
3641 1541 3694 1602 si
3735 1558 3982 1621 quaera-

2477 1647 2601 1712 tur,
2636 1658 2714 1700 an
2747 1638 3229 1701 convenientius
3267 1638 3536 1712 dicatur,
3570 1639 3840 1701 Persona
3875 1647 3980 1700 est

2479 1736 2773 1809 essentia,
2827 1735 2952 1809 vel,
3005 1735 3274 1798 Persona
3325 1743 3422 1797 est
3469 1737 3760 1798 essentiae
3813 1754 3828 1797 ε
3879 1755 3982 1797 re-

873 1842 993 1904 sita
1022 1859 1313 1923 persona,
1347 1857 1474 1902 non
1505 1838 1887 1920 supponitur
1918 1835 2214 1908 essentia,
2247 1853 2364 1896 nec
2404 1835 2450 1897 B
2480 1834 2946 1915 spondendum,
2996 1834 3166 1914 quod
3225 1834 3624 1915 respiciendo
3681 1835 3760 1896 ad
3817 1833 3981 1896 divi-

874 1947 1147 2002 econtra.
1181 1974 1261 1984 —
1302 1939 1366 2000 Si
1410 1954 1559 2018 ergo
1602 1934 1963 2017 objiciatur,
2005 1933 2173 2015 quod
2226 1951 2366 2014 per-

875 2056 1029 2101 sona
1073 2043 1331 2118 generat
1378 2043 1442 2097 et
1487 2041 1846 2115 generatur,
1892 2050 2019 2095 non
2066 2031 2362 2104 essentia,

874 2154 1003 2199 non
1042 2153 1191 2216 ergo
1230 2143 1378 2196 sunt
1417 2133 1622 2210 idem;
1655 2132 2018 2205 dicendum,
2051 2131 2221 2212 quod
2264 2147 2369 2210 ge-

875 2253 1097 2298 nerare
1155 2233 1254 2296 vel
1314 2230 1600 2312 generari
1667 2247 1793 2292 non
1852 2237 1947 2290 est
2003 2227 2370 2291 differentia

875 2349 1161 2416 personae
1217 2331 1295 2393 ad
1352 2329 1717 2402 essentiam,
1778 2328 1888 2389 sed
1946 2344 2232 2409 personae
2291 2326 2369 2387 ad

875 2449 1230 2516 personam.
1265 2430 1509 2492 Idcirco
1550 2448 1627 2490 ex
1672 2429 1790 2490 hoc
1836 2429 2003 2509 quod
2046 2427 2227 2489 Pater
2266 2444 2372 2506 ge-

873 2538 1073 2605 nerat,
1094 2547 1221 2592 non
1252 2529 1548 2602 essentia,
1574 2527 1735 2589 bene
1768 2525 2370 2605 concluditur-quod

872 2630 1053 2692 Pater
1094 2645 1222 2691 non
1262 2635 1357 2690 est
1396 2627 1504 2689 ille
1544 2644 1736 2708 quem
1778 2633 2057 2704 generat,
2092 2640 2220 2684 non
2262 2641 2373 2684 au-

875 2736 1002 2790 tem
1043 2728 1213 2808 quod
1251 2743 1381 2789 non
1422 2725 1505 2787 sit
1534 2721 1828 2786 essentia.
1862 2721 2019 2784 Nam
2060 2729 2123 2782 et
2154 2719 2220 2782 in
2261 2719 2370 2781 ho-

878 2826 1051 2887 mine
1080 2825 1443 2886 humanitas
1483 2841 1610 2885 non
1639 2829 1919 2903 generat,
1953 2820 2062 2881 sed
2101 2836 2372 2900 persona

878 2924 943 2985 in
974 2941 1101 3004 qua
1130 2929 1333 2984 exstat
1364 2921 1743 2983 humanitas,
1774 2954 1849 2966 —
1880 2918 1945 2982 Si
1979 2937 2197 2979 rursus
2228 2916 2372 2998 quis

2479 1951 2626 1994 nam
2657 1932 3154 2013 simplicitatem,
3185 1933 3396 2014 aptius
3424 1932 3679 2007 dicitur,
3702 1933 3982 1995 Persona

2478 2038 2576 2092 est
2613 2031 2922 2108 essentia3
2962 2030 3364 2111 respiciendo
3404 2039 3618 2093 autem
3664 2031 3744 2092 ad
3789 2031 3980 2093 intel-

2481 2129 2756 2209 ligentiae
2804 2129 3135 2203 rationem,
3183 2129 3666 2191 convenientius
3713 2129 3976 2202 dicitur,

2479 2228 2748 2290 Persona
2804 2235 2899 2289 est
2943 2227 3235 2290 essentiae
3291 2247 3404 2289 seu
3463 2236 3704 2290 naturae
3756 2248 3771 2292 ε
3821 2229 3982 2310 quia

2482 2342 2751 2406 persona
2789 2343 2866 2386 ex
2907 2343 3021 2386 sua
3064 2325 3306 2387 ratione
3336 2325 3493 2387 dicit
3527 2343 3662 2388 rem
3706 2325 3981 2389 rationa-

2483 2424 2560 2485 lis
2598 2431 2838 2486 naturae
2879 2424 3012 2485 sive
3053 2423 3466 2506 hypostasim,
3500 2424 3721 2505 sicque
3766 2424 3828 2507 ly
3865 2444 3981 2486 na-

2481 2529 2638 2584 turae
2677 2522 2846 2584 cadit
2882 2521 3140 2604 oblique
3183 2523 3247 2584 in
3276 2523 3520 2585 ratione
3557 2541 3866 2604 personae.
3895 2559 3986 2570 -—

2481 2620 2624 2682 Haec
2667 2621 3037 2682 Alexander.

2564 2719 2912 2781 Concor-dat
2949 2718 3244 2781 Albertus
3281 2739 3293 2783 :
3328 2720 3816 2784 Concedendum
3855 2731 3980 2796 est,

2485 2817 2803 2898 inquienS‚
2827 2819 2998 2898 quod
3028 2825 3288 2900 propter
3316 2818 3514 2880 finem
3545 2819 3985 2901 simplicitatis

2486 2916 2596 2977 Dei
2627 2916 2727 2996 (id,
2751 2925 2849 2977 est
2877 2925 3227 2978 extremam
3257 2925 3321 2979 et
3352 2918 3694 2980 maximam
3735 2919 3992 3001 simpli-

880 3023 1092 3094 instet,
1145 3019 1297 3102 quia
1356 3019 1421 3079 in
1480 3019 1873 3080 naturalibus
1934 3015 2246 3098 sequitur,
2309 3015 2372 3076 Si
2412 3015 2456 3079 C
2487 3015 2740 3076 citatem
2786 3015 2946 3094 Dei),
2989 3033 3113 3077 non
3165 3014 3476 3077 differunt
3524 3017 3588 3078 in
3632 3035 3708 3079 eo
3759 3035 3992 3108 secun-

878 3121 1013 3183 haec
1064 3137 1163 3181 res
1206 3125 1301 3179 est
1340 3116 1470 3191 illa,
1512 3115 1841 3198 supposita
1890 3117 2029 3189 ista,
2073 3112 2376 3196 supponi-

878 3227 984 3280 tur
1025 3217 1132 3279 illa
1164 3234 1179 3278 ε
1213 3233 1363 3297 ergo
1404 3223 1465 3277 θῖ
1496 3216 1561 3277 in
1600 3214 1834 3276 divinis
1874 3215 1965 3275 sic
2002 3222 2117 3276 est.
2154 3214 2376 3275 Dicen-

878 3317 1056 3390 dum,
1098 3314 1267 3397 quod
1318 3331 1443 3375 non
1493 3320 1589 3375 est
1636 3312 1868 3385 simile,
1912 3320 2170 3394 propter
2219 3311 2375 3373 duas

881 3433 1101 3476 causas
1148 3411 1342 3475 simul
1393 3418 1704 3493 acceptas
1758 3410 1892 3473 Una
1938 3419 2055 3483 est,
2110 3410 2263 3492 quia
2311 3410 2374 3472 in

880 3511 1277 3574 naturalibus
1318 3510 1592 3572 essentia
1633 3508 2039 3571 commetitur
2073 3528 2139 3571 se
2176 3528 2380 3591 perso-

882 3630 1000 3685 nae,
1044 3611 1130 3672 ita
1174 3609 1344 3691 quod
1394 3608 1582 3670 unica
1630 3608 1905 3669 essentia
1946 3626 2074 3670 non
2118 3616 2214 3669 est
2254 3606 2376 3669 nisi

884 3711 1073 3772 unius
1134 3726 1441 3792 personae,
1496 3716 1560 3769 et
1620 3706 1901 3789 plurium
1960 3724 2377 3788 personarum

883 3817 1033 3871 sunt
1080 3807 1296 3890 plures
1340 3805 1754 3869 essentiae.1n
1804 3805 2040 3867 divinis
2088 3822 2241 3867 vero
2288 3824 2382 3867 es-

884 3907 1089 3970 sentia
1132 3924 1400 3968 numero
1445 3904 1654 3978 unica,
1687 3910 1783 3965 est
1828 3904 2043 3986 plures
2094 3921 2380 3986 personae

884 4014 948 4069 et
1006 4006 1289 4089 plurium
1351 4021 1785 4087 personarum.
1843 4002 2133 4066 Secunda
2192 4021 2382 4064 causa

886 4113 1003 4178 θεῖ,
1045 4104 1351 4186 quoniam
1400 4103 1465 4164 in
1516 4101 1911 4163 naturalibus
1961 4120 2382 4183 quaecumque

2487 3113 2639 3175 dum
2682 3133 2816 3175 rem
2849 3135 2979 3174 esse
3006 3121 3069 3176 et
3103 3117 3276 3195 quod
3304 3125 3420 3187 est,
3451 3135 3568 3178 nec
3607 3115 3889 3178 essentia
3927 3124 3990 3179 et

2489 3230 2758 3295 persona
2791 3230 2806 3274 ε
2842 3233 2983 3295 quae
3024 3222 3233 3276 tamen
3279 3213 3760 3295 distinguuntur
3802 3216 3874 3277 in
3914 3234 3996 3277 co

2490 3313 2845 3374 secundum
2908 3313 3168 3375 modum
3231 3314 3632 3396 supponendi
3691 3321 3754 3376 et.
3811 3316 3998 3377 attri-

2490 3410 2746 3472 buendi.
2793 3411 2856 3473 Si
2904 3418 3118 3473 autem
3166 3431 3432 3493 quaeraS‚
3474 3432 3674 3495 quum
3722 3414 3996 3477 omnino

2491 3508 2659 3571 idem
2705 3509 2834 3571 sint
2873 3510 2937 3571 in
2984 3530 3072 3583 re,
3107 3510 3274 3573 unde
3315 3512 3638 3592 contingat
3677 3512 3850 3594 quod
3893 3514 3996 3575 eis

2490 3615 2618 3669 tam
2669 3608 2919 3671 diversa
2967 3608 3402 3671 attribuuntur
3449 3618 3638 3692 atque
3687 3613 3996 3674 conveni-

2493 3715 2648 3785 unt3
2699 3706 3064 3781 dicendum,
3117 3709 3285 3789 quod
3334 3709 3553 3771 divina
3607 3708 4000 3791 simplicitas

2492 3805 2701 3888 privat
2732 3806 3258 3888 compositionem
3301 3825 3416 3888 per
3453 3807 3576 3871 hoc
3614 3808 3785 3890 quod
3822 3809 3999 3871 tollit

2493 3902 2924 3967 diversitatem
2985 3904 3066 3967 ab
3113 3905 3213 3967 his
3263 3925 3406 3987 quae
3465 3905 3588 3968 sibi
3649 3907 3714 3968 in
3763 3908 3998 3970 eodem

2493 4003 2805 4065 uniuntur
2837 4023 2852 4067 t
2886 4004 3036 4085 quia
3079 4004 3133 4065 si
3185 4003 3294 4066 illa
3344 4013 3672 4067 manerent
3711 4006 3998 4079 diversa,

2495 4101 2871 4163 inducerent
2901 4102 3452 4185 compositionem,
3487 4103 3652 4165 sicut
3688 4104 3902 4167 forma
3931 4114 4000 4167 et

888 4202 1241 4284 proprietas
1300 4210 1395 4263 est
1450 4218 1755 4281 personia,
1806 4208 1901 4262 est
1949 4208 2011 4261 et
2068 4201 2377 4263 essentiae.
2413 4203 2462 4265 D
2493 4201 2758 4262 materia
2788 4200 2854 4261 in
2885 4200 3256 4282 composito.
3277 4202 4004 4285 Verumtamen,quam-

889 4300 1008 4363 Sed
1054 4300 1140 4362 ita
1181 4316 1308 4361 non
1352 4306 1447 4359 est
1490 4298 1554 4359 in
1593 4298 1829 4360 divinis
1866 4317 1879 4361 :
1914 4299 2065 4379 quia
2107 4299 2383 4380 paterni-

889 4405 1005 4470 tas,
1028 4416 1171 4477 quae
1200 4402 1297 4457 est
1325 4395 1523 4457 Patris
1555 4396 1929 4477 proprietaS,
1967 4414 2090 4458 non
2121 4406 2218 4458 est
2249 4416 2388 4477 pro-

890 4494 1124 4576 prietas
1167 4494 1475 4556 essentiae.
1510 4530 1591 4537 —
1627 4494 1888 4566 RursuS‚
1932 4494 1985 4556 si
2029 4494 2117 4555 ita
2164 4513 2384 4576 argua-

890 4602 1014 4667 tur,
1050 4591 1337 4655 Essentia
1364 4598 1463 4653 est
1494 4591 1557 4653 in
1591 4591 1882 4673 pluribus
1912 4594 2223 4673 personiS,
2257 4611 2385 4656 non

890 4710 1181 4774 persona,
1224 4708 1374 4771 ergo
1422 4706 1549 4752 non
1598 4698 1746 4752 sunt
1797 4690 2002 4769 idem;
2055 4690 2230 4765 item,
2277 4692 2388 4754 Es-

890 4790 1095 4852 sentia
1150 4795 1249 4851 est
1306 4788 1694 4860 indistincta,
1746 4806 2015 4869 persona
2062 4807 2212 4852 vero
2265 4790 2386 4853 dis-

890 4889 1087 4950 tincta
1134 4904 1148 4949 :
1193 4888 1270 4949 ad
1323 4886 1442 4948 ista
1489 4893 1553 4948 et
1602 4885 1961 4947 consimilia
2007 4906 2387 4968 responsum

890 4994 986 5049 est
1028 5006 1238 5068 supra.

970 5085 1295 5159 Praeterea,
1349 5084 1403 5146 si
1452 5090 1791 5165 quaeratur,
1844 5091 2059 5144 utrum
2120 5102 2388 5165 persona

893 5183 1149 5246 differat
1191 5183 1272 5245 ab
1320 5181 1631 5261 essentia3
1672 5182 2037 5257 dicendum,
2079 5183 2250 5264 quod
2292 5192 2388 5245 est

895 5281 1185 5363 quaedam
1223 5280 1587 5343 differentia
1624 5280 1976 5342 secundum
2019 5298 2176 5354 rem,
2210 5288 2270 5342 et
2302 5282 2390 5344 ita

2494 4299 2589 4360 vis
2640 4297 3015 4379 simplicitas
3064 4298 3173 4361 illa
3231 4299 3322 4361 sic
3369 4298 3547 4362 tollat
3589 4301 4008 4382 compositio-

2493 4416 2662 4471 nem,
2697 4414 2822 4458 non
2864 4405 3075 4458 tamen
3107 4398 3439 4459 veritatem
3481 4397 4006 4481 uniuscujusque

2493 4496 2620 4558 Deo
2661 4495 3115 4557 convenientis
3149 4494 3306 4557 Nam
3346 4495 3640 4576 quamvis
3680 4496 4010 4577 sapientia

2494 4594 2604 4656 Dei
2637 4594 2719 4655 sit
2749 4592 2890 4672 ejus
2920 4593 3215 4667 essentia,
3249 4600 3461 4655 tamen
3493 4594 3824 4656 verissime
3861 4613 4006 4657 ma—

2496 4701 2601 4754 net
2641 4691 2953 4772 sapientia
2987 4708 3000 4752 :
3038 4691 3123 4753 ita
3157 4699 3222 4753 et
3251 4691 3386 4754 haec
3425 4710 3710 4773 personae
3747 4692 4010 4775 simpli-

2495 4790 2651 4851 citas
2693 4808 2820 4852 non
2866 4788 3029 4852 tollit
3074 4790 3406 4851 veritatem
3457 4790 3836 4874 hypostasis»,
3873 4810 4006 4855 nec

2494 4889 2825 4952 veritatem
2887 4895 3146 4950 naturae.
3200 4888 3360 4949 Hinc
3419 4906 3689 4969 persona
3745 4896 3842 4951 est
3908 4891 4010 4953 in-

2497 4986 3073 5061 communicabiliS,
3106 4994 3332 5048 natura
3369 5004 3520 5049 vero
3563 4988 4012 5051 communica-

2496 5083 2645 5146 bilis
2681 5102 2695 5146 z
2732 5084 2900 5145 unde
2931 5093 2993 5146 et
3023 5083 3352 5164 quodlibet
3390 5084 3456 5146 in
3488 5084 3723 5146 divinis
3761 5086 4012 5149 retinet

2496 5182 2665 5265 quod
2707 5201 2838 5245 suae
2881 5188 2976 5243 est
3017 5180 3297 5244 rationis.

2579 5281 2881 5343 Praeterea
2919 5296 3195 5359 congrue
3235 5278 3361 5341 dici
3402 5288 3628 5361 potest,
3661 5281 3828 5362 quod
3865 5289 4008 5345 tres
