4359 6250
680 496 883 543 uranx
924 495 1078 546 nnus
1120 495 1366 541 mmm
1407 455 1761 540 murac-ru
1805 491 2131 540 SGIRNTIAM
2172 490 2296 538 Non
2339 491 2532 538 soum
2575 494 2670 539 sui
2713 493 2925 550 msms,
2967 491 3094 538 arc.
3317 472 3439 537 385

430 664 487 726 Si
514 672 727 728 autem
769 665 1131 748 objiciatur,
1166 666 1335 749 quod
1375 667 1542 728 Deus
1582 683 1710 728 non
1740 681 1839 726 co·
1866 660 1919 725 A
1950 681 2065 744 per
2094 662 2586 725 innumerabilia
2623 663 2925 746 praeclara
2964 662 3291 734 miracula,
3323 679 3440 743 per

360 763 585 842 gnoscit
620 762 865 846 aliquid
904 771 1082 826 extra
1122 784 1190 827 se
1225 783 1239 829 :
1275 764 1383 826 sed
1426 771 1655 834 creata,
1690 769 1837 824 sunt

362 867 516 922 extra
557 879 643 923 se.
681 861 758 922 Et
806 863 1061 937 iterum,
1104 863 1273 944 quod
1320 863 1501 942 juxta
1548 861 1835 924 ordinem

362 958 690 1021 nobilitatis
729 960 1128 1041 objectorum
1166 968 1263 1022 est
1292 961 1446 1022 ordo
1485 958 1835 1022 nobilitatis

360 1058 765 1138 potentiarum
811 1078 825 1123 :
871 1059 1091 1141 sicque
1139 1060 1468 1140 derogaret
1518 1057 1835 1120 nobilitati

362 1155 699 1218 intellectus
730 1157 933 1220 divini
974 1158 1329 1239 intelligere
1361 1158 1480 1220 ista
1511 1157 1831 1228 inferiora,

362 1252 509 1316 foeda
556 1263 619 1317 et
669 1255 839 1318 vilia.
874 1293 957 1301 —
996 1257 1348 1319 Dicendum
1398 1257 1475 1319 ad
1526 1257 1832 1339 primum,

364 1353 510 1434 quod
560 1353 701 1416 ideo
750 1355 985 1416 dicitur
1042 1356 1209 1417 Deus
1268 1355 1431 1417 nihil
1482 1355 1835 1442 intelligere

364 1457 519 1513 extra
560 1471 649 1525 sc,
682 1453 986 1534 quoniam
1031 1453 1313 1536 speciem
1364 1453 1835 1534 intelligibilem

365 1567 461 1610 scu
498 1550 706 1613 media
736 1551 1158 1633 cognoscendi
1199 1570 1327 1615 non
1365 1551 1599 1633 accipit
1635 1552 1837 1613 aliun-

364 1647 449 1719 de,
488 1650 596 1711 sed
648 1650 863 1712 omnia
914 1650 979 1712 in
1026 1669 1095 1712 se
1146 1650 1286 1733 ipso
1336 1669 1449 1732 per
1495 1650 1835 1712 essentiam

364 1764 523 1808 suam
564 1747 881 1830 intelligit.
918 1749 1011 1811 Ad
1041 1749 1417 1822 secundum,
1451 1749 1619 1830 quod
1657 1747 1837 1828 juxta

1946 759 2316 822 admiranda
2346 762 2692 842 gratiarum
2723 761 3124 834 charismata,
3159 779 3272 842 per
3302 760 3442 821 hor·

1947 858 2165 921 ribiles
2217 859 2604 939 punitioneS,
2658 879 2770 942 per
2817 861 3120 942 gloriosas
3171 858 3440 921 retribu-

1945 958 2172 1030 tioneS,
2241 976 2354 1041 per
2415 959 2716 1022 vaticinia
2781 960 3258 1042 Prophetarum,
3326 965 3460 1039 per'

1946 1057 2362 1119 revelationes
2403 1066 2792 1120 secretorum
2834 1058 3144 1131 cordium,
3178 1075 3292 1139 per
3333 1056 3439 1117 ad-

1948 1155 2354 1237 impletiones
2415 1157 2914 1238 prophetiarum,
2975 1155 3439 1238 providentiam

1944 1262 2133 1336 atque
2165 1254 2496 1316 scientiam
2528 1274 2708 1317 suam
2735 1254 3245 1336 plenissimam,a
3275 1272 3454 1336 sum-U

1946 1371 2050 1415 mo
2081 1372 2282 1434 usque
2311 1353 2389 1414 ad
2419 1352 2714 1415 infimum
2749 1352 3446 1435 pertingentem,mani-

1945 1451 2219 1514 festavit.
2245 1452 2504 1534 Propter
2532 1453 2701 1534 quod
2735 1469 2993 1533 prorsus
3025 1449 3440 1514 intolerabilis

1946 1556 2009 1611 et
2034 1549 2289 1630 penitus
2318 1550 2768 1612 inexcusabilis
2794 1549 2917 1611 fuit
2939 1569 3129 1624 error,
3147 1549 3444 1630 insipien-

1947 1647 2055 1720 tia,
2090 1646 2382 1730 perfidia‚
2416 1649 2830 1731 praesumptio
2862 1647 3443 1728 incorrigibilisque

1949 1745 2294 1808 obstinatio
2349 1747 2824 1829 sceleratissimi
2878 1748 3070 1827 hujUs
3125 1747 3439 1817 AverroiS,

363 1845 629 1908 ordinem
674 1847 1125 1927 primariorum
1164 1854 1227 1908 et
1267 1845 1720 1928 principalium
1762 1864 1836 1908 ac
1872 1844 1919 1908 B
1952 1845 2137 1924 cujus
2188 1852 2470 1926 tempore
2530 1845 2812 1907 Ecclesia
2872 1845 3101 1908 Christi
3162 1844 3443 1925 undique

364 1961 462 2022 per
490 1963 555 2006 se
588 1944 985 2026 objectorum
1018 1945 1367 2008 attenditur
1398 1945 1695 2008 nobilitas
1733 1963 1837 2026 po-

360 2040 685 2104 tentiarum
730 2051 795 2105 et
841 2023 1185 2106 actionum.
1241 2043 1572 2125 Proprium
1622 2050 1836 2105 autem

364 2145 418 2198 et
454 2157 561 2220 per
598 2158 687 2213 se,
721 2141 1073 2224 principale
1117 2141 1624 2224 primariumque
1667 2141 1841 2222 obje-

365 2245 521 2298 ctum
552 2238 916 2301 intellectus
946 2240 1171 2315 divini,
1190 2248 1287 2302 est
1317 2240 1535 2302 divina
1565 2238 1841 2302 essentia

366 2342 420 2396 et
446 2336 671 2399 veritas
703 2337 1019 2416 increata;
1053 2347 1341 2400 creatura
1377 2345 1593 2400 autem
1624 2357 1843 2401 secun-

366 2435 598 2498 darium
644 2443 743 2499 est
788 2437 1023 2500 divinae
1074 2438 1305 2499 mentis
1363 2437 1709 2517 objectum.
1764 2472 1843 2482 -

366 2531 493 2596 Haec
534 2535 885 2598 DuranduS.

434 2631 667 2704 Quibus
708 2632 901 2714 adjici
952 2641 1179 2715 potest,
1223 2633 1393 2715 quod
1437 2633 1653 2695 omnia
1701 2649 1843 2693 cau-

366 2728 564 2792 saliter
598 2738 662 2792 et
690 2731 1141 2813 exemplariter
1177 2741 1325 2794 sunt
1366 2732 1430 2793 in
1472 2732 1620 2805 Deo,
1654 2731 1842 2812 atque

365 2827 517 2907 quod
560 2829 853 2911 opposita
896 2830 1081 2910 juxta
1130 2849 1197 2892 sc
1243 2829 1468 2912 posita,
1514 2828 1843 2910 limpidius

364 2922 716 2988 elucescunt
768 2946 784 2990 z
838 2927 1077 2990 idcirco
1134 2928 1212 2989 ad
1270 2928 1391 2990 hoc
1448 2928 1618 3009 quod
1679 2926 1843 2988 Deus

1952 1941 2206 2024 copiose
2265 1942 2523 2016 diffusa,
2576 1939 2668 2005 tot
2715 1943 2897 2005 fulsit
2953 1943 3298 2016 miraculis,
3353 1947 3442 2003 tot

1951 2041 2325 2103 Sanctorum
2362 2040 2701 2125 martyriiS‚
2737 2042 2801 2103 in
2833 2059 3104 2123 quorum
3142 2039 3445 2122 passioni-

1952 2138 2071 2200 bus
2104 2157 2218 2220 per
2243 2147 2370 2201 tam
2407 2139 2895 2202 innumerabilia
2925 2141 3119 2221 signa,
3136 2145 3441 2221 portenta,

1953 2237 2260 2299 miracula
2302 2237 2416 2299 soli
2463 2237 2882 2319 omnipotenti
2923 2239 3051 2300 Deo
3092 2236 3443 2319 possibilia,

1954 2335 2320 2416 unigenitus
2361 2336 2558 2397 Filius
2589 2335 2696 2397 Dei
2728 2337 2908 2398 Jesus
2949 2336 3233 2399 Christus
3264 2356 3444 2398 suam

1953 2434 2502 2515 omnipotentiam,
2547 2434 3033 2515 providentiam,
3076 2454 3331 2517 suaeque
3372 2433 3448 2496 fi-

1953 2532 2054 2593 dei
2100 2532 2432 2594 veritatem
2475 2540 2537 2594 et
2579 2551 2800 2595 eorum
2845 2553 2987 2615 quae
3037 2534 3329 2616 praedixit
3374 2553 3447 2596 ac

1956 2629 2251 2711 promisit
2307 2630 2640 2693 veritatem
2701 2633 3095 2694 monstravit.
3161 2632 3236 2694 Et
3293 2651 3448 2715 quo-

1954 2729 2127 2791 niam
2178 2729 2416 2811 impius
2467 2729 2572 2791 ille
2612 2730 2918 2792 Avcrroes
2969 2731 3330 2794 chris'tianae
3375 2731 3452 2793 fi-

1953 2828 2054 2889 dei
2086 2836 2216 2889 tam
2255 2827 2626 2890 irrefrenate
2657 2829 3059 2903 contradixit,
3095 2829 3270 2892 dedit
3298 2848 3448 2891 eum
3478 2846 3652 2896 nomn,
3672 2849 3740 2889 28.

1955 2926 2119 2988 Deus
2169 2925 2235 2988 in
2297 2927 2638 3008 reprobum
2697 2946 2978 3004 sensum,
3033 2928 3120 2992 ita
3165 2929 3334 3012 quod
3385 2929 3450 2991 in

365 3021 647 3085 sublimis
683 3033 747 3087 et
776 3024 1151 3087 benedictus
1190 3043 1447 3088 omnem
1489 3044 1671 3087 suam
1718 3043 1845 3086 ma·
1880 3028 1923 3091 C
1953 3043 2196 3087 errores
2227 3025 2706 3088 enormissimos
2737 3034 2799 3088 et
2828 3027 3002 3089 omni
3034 3047 3289 3110 quoque
3318 3029 3454 3110 phi-

362 3118 663 3199 jestatem‚
707 3121 1167 3205 perfectionem
1214 3132 1276 3186 et
1325 3124 1593 3205 gloriam
1642 3123 1846 3185 excel-

366 3218 736 3302 lentiamque
796 3222 1052 3303 penitus
1114 3221 1435 3285 infinitam
1494 3222 1845 3284 clarissime

368 3314 693 3393 intueatur,
728 3327 977 3402 oportet
1015 3320 1199 3383 fateri
1240 3323 1409 3404 quod
1450 3321 1746 3384 universa
1784 3326 1847 3381 et

366 3414 605 3496 singula
641 3426 1233 3501 quantumcumque
1272 3419 1639 3482 defectuosa
1667 3426 1729 3481 et
1760 3418 1847 3481 vi-

367 3511 462 3587 lia,
491 3515 973 3579 distinctissime
1004 3517 1180 3579 sciat.
1216 3518 1391 3580 Unde
1420 3526 1483 3579 et
1512 3517 1845 3580 Beatorum

364 3611 619 3691 gloriam
674 3622 863 3696 auget
910 3634 985 3677 ac
1035 3614 1311 3697 perficit,
1364 3616 1533 3698 quod
1590 3634 1846 3678 omnem

365 3709 795 3775 damnatorum
830 3713 1255 3776 calamitatem
1287 3721 1350 3775 et
1380 3732 1633 3795 poenam
1662 3730 1847 3794 agno-

364 3818 557 3871 scunt.
592 3810 969 3892 —Insuper
1001 3812 1224 3875 modus
1257 3812 1677 3892 cognoscendi
1719 3829 1847 3873 non

364 3908 739 3971 assimilatur
778 3908 971 3971 modo
1002 3910 1253 3971 essendi
1293 3909 1384 3971 rei
1418 3910 1704 3991 cognitae,
1737 3910 1847 3971 sed

366 4008 793 4085 cognoscentis
847 4025 861 4068 ε
916 4008 1086 4070 unde
1132 4009 1422 4071 eamdem
1481 4027 1617 4071 rem
1665 4008 1849 4089 aliter

364 4107 773 4186 apprehendit
813 4125 1038 4169 sensus
1077 4106 1370 4181 exterior,
1404 4106 1587 4169 aliter
1629 4106 1849 4188 imagi-

1956 3125 2259 3206 losophiae
2305 3125 2654 3189 contrarios
2702 3126 3019 3209 collapsus
3063 3136 3179 3203 est,
3215 3147 3450 3209 negans

1952 3224 2181 3287 animae
2221 3223 2544 3285 rationalis
2587 3224 3149 3301 immortalitatem,
3182 3235 3246 3288 et
3274 3246 3452 3289 eum—

1953 3322 2099 3383 dem
2142 3340 2412 3385 numero
2461 3322 2859 3387 intellectum
2904 3342 3147 3407 ponens
3193 3326 3258 3387 in
3301 3345 3452 3388 cun-

1955 3420 2073 3482 ctis
2122 3419 2516 3495 hominibUS,
2565 3441 2640 3484 ac
2690 3424 3157 3505 providentiam
3213 3443 3450 3505 negans

1955 3518 2421 3601 Omnipo'tentis
2463 3539 2478 3583 ε
2523 3538 2637 3601 per
2678 3522 2871 3603 quod,
2915 3530 3225 3603 quantum
3272 3522 3337 3584 in
3383 3542 3449 3584 se

1954 3615 2099 3691 fuit,
2147 3617 2442 3699 praestitit
2488 3618 2788 3681 omnibus
2836 3638 3092 3683 omnem
3142 3620 3448 3701 peccandi

1954 3715 2286 3777 audaciam
2328 3722 2392 3777 et
2431 3716 2829 3779 occasionem
2867 3717 3027 3779 nihil
3069 3718 3330 3779 curandi
3372 3712 3450 3779 de

1957 3814 2105 3889 Deo,
2138 3813 2323 3893 cujus
2361 3813 2678 3893 judicium
2717 3821 2781 3876 et
2818 3815 3301 3878 retributionem
3347 3834 3452 3877 ne-

1955 3912 2146 3993 gavit.
3337 3936 3342 3941 ’

2036 4012 2302 4093 Insuper
2338 4012 2416 4073 de
2455 4011 2554 4073 his
2594 4011 2818 4073 scribit
2854 4011 3092 4074 diffuse
3122 4012 3450 4075 Udalricus

1959 4110 2024 4171 in
2085 4104 2347 4172 Summ'a
2404 4128 2538 4183 sua,
2591 4109 2755 4172 libro
2803 4111 3083 4174 secundo
3133 4131 3146 4174 ε
3200 4112 3448 4175 Intelle-

366 4203 549 4277 natio,
611 4205 793 4267 aliter
851 4206 1030 4268 ratio.
1093 4206 1636 4280 Quemadmodum
1698 4222 1849 4286 ergo
1878 4214 1928 4276 D
1959 4215 2155 4281 ctum,
2208 4207 2526 4289 inquienS,
2581 4214 2826 4271 constat
2871 4227 3009 4271 esse
3058 4209 3126 4271 in
3175 4211 3323 4284 De0,
3374 4229 3450 4274 eo

366 4299 611 4366 Creator
639 4303 1471 4386 omnipotenS,invariabilis
1498 4310 1562 4365 et
1591 4303 1852 4365 immen-

368 4417 489 4473 sus,
522 4402 889 4484 corporalia,
916 4410 979 4464 et
1022 4394 1564 4485 dependentia'ac
1608 4401 1850 4463 contin—

367 4498 591 4576 gentia,
637 4500 1073 4583 spiritualiter,
1117 4499 1617 4581 independenter
1666 4498 1848 4561 infal-

370 4592 747 4682 libiliterque
797 4599 1132 4679 intelligit3
1173 4598 1265 4661 sic
1307 4596 1498 4673 foeda,
1542 4617 1734 4681 prava
1774 4617 1849 4660 ac

366 4693 531 4769 vilia,
565 4697 1004 4772 mundissime,
1038 4696 1437 4760 nobilissime
1481 4704 1670 4778 atque
1712 4716 1852 4759 san-

366 4792 637 4857 ctissime
678 4796 995 4878 conspicit
1035 4803 1098 4858 et
1140 4795 1483 4877 cognoscit.

434 4894 744 4976 Amplius,
795 4894 932 4977 ipse
980 4894 1590 4977 superdignissimus
1639 4902 1703 4957 et
1750 4913 1850 4957 su—

364 4992 980 5072 pet-sapientissimus
1036 4993 1223 5068 DeuS,
1285 4993 1365 5055 ab
1422 4993 1681 5056 exordio
1739 5014 1849 5057 εω-

366 5088 671 5165 culorum,
724 5090 933 5173 primo
993 5091 1057 5152 in
1120 5092 1253 5171 lege
1309 5099 1570 5166 naturae,
1622 5091 1850 5154 deinde

368 5187 680 5268 copiosius
709 5208 783 5251 ac
812 5188 1173 5251 evidentius
1212 5188 1278 5250 in
1319 5188 1456 5270 lege
1488 5190 1745 5272 scripta,
1777 5209 1850 5251 ac

368 5286 618 5361 tandem
667 5286 1106 5370 copiosissime
1156 5287 1223 5349 in
1283 5286 1417 5367 lege
1466 5288 1849 5369 evangelica,

616 5420 677 5471 T.
713 5421 793 5472 20.

1958 4305 2128 4387 quod
2176 4305 2314 4387 ipse
2361 4313 2458 4367 est
2504 4305 2795 4368 omnium
2854 4307 3061 4388 prima
3119 4327 3329 4383 causa,
3385 4308 3451 4371 in

1959 4422 2085 4485 qua
2131 4421 2391 4465 necesse
2439 4411 2536 4465 est
2583 4422 2721 4467 esse
2773 4406 3196 4469 universalem
3247 4409 3454 4490 provi—

1958 4501 2240 4563 dentiam
2276 4519 2290 4563 :
2324 4521 2466 4584 quae
2495 4520 2622 4567 non
2653 4512 2859 4585 potest
2887 4504 2968 4566 ab
2998 4505 3123 4568 alio
3155 4506 3309 4586 regi,
3343 4507 3452 4568 sed

1956 4599 2037 4661 ab
2075 4618 2149 4661 ea
2187 4608 2284 4663 est
2324 4602 2536 4663 omnis
2576 4601 2696 4675 lex,
2733 4602 2956 4664 modus
2997 4610 3060 4664 et
3098 4605 3264 4687 ordod
3296 4605 3454 4685 regi-

1960 4697 2172 4759 minis,
2207 4699 2357 4772 Quae
2395 4716 2596 4780 quum
2625 4717 2662 4759 a
2699 4698 2831 4760 suis
2871 4698 3212 4762 effectibus
3253 4702 3454 4763 nomi-

1958 4802 2166 4869 netur,
2201 4796 2554 4858 rectissime
2592 4795 2951 4857 intellectus
2989 4806 3270 4872 vocatur,
3303 4816 3455 4880 quo-

1960 4894 2132 4956 niam
2185 4893 2509 4956 intellectu
2558 4912 2685 4955 non
2734 4900 2830 4954 est
2875 4892 3061 4955 altior
3113 4903 3338 4957 natura
3387 4896 3490 4957 in·

1962 4993 2278 5056 universo.
2313 4992 2631 5083 Magisque
2673 4989 2930 5073 proprie
2975 5000 3198 5054 natura
3240 4993 3456 5056 divina

1959 5092 2196 5154 dicitur
2244 5091 2602 5153 intellectus
2651 5108 2842 5171 quam
2895 5090 3186 5153 voluntas
3235 5111 3457 5154 secun-

1958 5191 2113 5252 dum
2144 5189 2478 5252 nominum
2509 5188 2818 5249 rationem
2845 5206 2858 5251 :
2885 5188 3187 5269 quoniam
3218 5190 3459 5253 intelle·

1962 5297 2102 5351 ctus
2139 5286 2559 5369 propinquior
2598 5293 2695 5348 est
2729 5293 2971 5350 natura}
3011 5306 3204 5369 quam
3235 5290 3455 5351 volun-
3553 5346 3572 5363 ,

3141 5422 3206 5473 25
